  <div class='ocr_page' id='page_1' title='image "/cluster/home/n/w/nwhite01/storage/ocr_20150623/47/hvd.32044025239690/394.png"; bbox 0 0 4532 6708; ppageno 0'>
   <div class='ocr_carea' id='block_1_1' title="bbox 466 587 569 643">
    <p class='ocr_par' dir='ltr' id='par_1_1' title="bbox 466 587 569 643">
     <span class='ocr_line' id='line_1_1' title="bbox 466 587 569 643; baseline -0.019 0"><span class='ocrx_word' id='word_1_1' title='bbox 466 587 569 643; x_wconf 63' lang='grc'><strong>035</strong></span> 
     </span>
    </p>
   </div>
   <div class='ocr_carea' id='block_1_2' title="bbox 460 688 2040 765">
    <p class='ocr_par' dir='ltr' id='par_1_2' title="bbox 460 688 2040 765">
     <span class='ocr_line' id='line_1_2' title="bbox 460 688 2040 765; baseline -0.008 -11"><span class='ocrx_word' id='word_1_2' title='bbox 460 714 515 754; x_wconf 77' lang='lat' dir='ltr'><strong>et</strong></span> <span class='ocrx_word' id='word_1_3' title='bbox 543 712 793 752; x_wconf 75' lang='lat' dir='ltr'><strong>:erumna:</strong></span> <span class='ocrx_word' id='word_1_4' title='bbox 818 698 987 754; x_wconf 80' lang='lat' dir='ltr'><strong>otium</strong></span> <span class='ocrx_word' id='word_1_5' title='bbox 1012 697 1333 765; x_wconf 90' lang='lat' dir='ltr'><strong>deliciasque</strong></span> <span class='ocrx_word' id='word_1_6' title='bbox 1362 690 1754 761; x_wconf 73' lang='lat' dir='ltr'><strong>prazferenlem,</strong></span> <span class='ocrx_word' id='word_1_7' title='bbox 1788 688 2040 743; x_wconf 83' lang='lat' dir='ltr'><strong>adversa-</strong></span> 
     </span>
    </p>
   </div>
   <div class='ocr_carea' id='block_1_3' title="bbox 460 782 2044 855">
    <p class='ocr_par' dir='ltr' id='par_1_3' title="bbox 460 782 2044 855">
     <span class='ocr_line' id='line_1_3' title="bbox 460 782 2044 855; baseline -0.006 -9"><span class='ocrx_word' id='word_1_8' title='bbox 460 793 540 846; x_wconf 93' lang='lat' dir='ltr'><strong>rio</strong></span> <span class='ocrx_word' id='word_1_9' title='bbox 568 791 635 847; x_wconf 90' lang='lat' dir='ltr'><strong>de</strong></span> <span class='ocrx_word' id='word_1_10' title='bbox 662 792 839 848; x_wconf 87' lang='lat' dir='ltr'><strong>medio</strong></span> <span class='ocrx_word' id='word_1_11' title='bbox 879 794 1088 848; x_wconf 89' lang='lat' dir='ltr'><strong>sublato</strong></span> <span class='ocrx_word' id='word_1_12' title='bbox 1106 834 1120 855; x_wconf 84' lang='lat'><strong>,</strong></span> <span class='ocrx_word' id='word_1_13' title='bbox 1148 790 1334 845; x_wconf 92' lang='lat' dir='ltr'><strong>ambos</strong></span> <span class='ocrx_word' id='word_1_14' title='bbox 1362 801 1421 839; x_wconf 89' lang='lat' dir='ltr'><strong>re</strong></span> <span class='ocrx_word' id='word_1_15' title='bbox 1457 783 1646 839; x_wconf 85' lang='lat' dir='ltr'><strong>infecta</strong></span> <span class='ocrx_word' id='word_1_16' title='bbox 1678 784 1928 839; x_wconf 90' lang='lat' dir='ltr'><strong>dimittat.</strong></span> <span class='ocrx_word' id='word_1_17' title='bbox 1955 782 2044 837; x_wconf 86' lang='lat' dir='ltr'><strong>Sic</strong></span> 
     </span>
    </p>
   </div>
   <div class='ocr_carea' id='block_1_4' title="bbox 459 872 2042 950">
    <p class='ocr_par' dir='ltr' id='par_1_4' title="bbox 459 872 2042 950">
     <span class='ocr_line' id='line_1_4' title="bbox 459 872 2042 950; baseline -0.008 -15"><span class='ocrx_word' id='word_1_18' title='bbox 459 882 601 935; x_wconf 83' lang='lat' dir='ltr'><strong>enim</strong></span> <span class='ocrx_word' id='word_1_19' title='bbox 647 893 897 939; x_wconf 89' lang='lat' dir='ltr'><strong>strenuus</strong></span> <span class='ocrx_word' id='word_1_20' title='bbox 944 885 1031 937; x_wconf 90' lang='lat' dir='ltr'><strong>ille</strong></span> <span class='ocrx_word' id='word_1_21' title='bbox 1074 889 1289 950; x_wconf 82' lang='lat' dir='ltr'><strong>propter</strong></span> <span class='ocrx_word' id='word_1_22' title='bbox 1331 875 1551 930; x_wconf 80' lang='lat' dir='ltr'><strong>alterius</strong></span> <span class='ocrx_word' id='word_1_23' title='bbox 1593 876 1853 945; x_wconf 79' lang='lat' dir='ltr'><strong>ignaviam</strong></span> <span class='ocrx_word' id='word_1_24' title='bbox 1898 872 2042 942; x_wconf 82' lang='lat' dir='ltr'><strong>gravi</strong></span> 
     </span>
    </p>
   </div>
   <div class='ocr_carea' id='block_1_5' title="bbox 459 964 2042 1040">
    <p class='ocr_par' dir='ltr' id='par_1_5' title="bbox 459 964 2042 1040">
     <span class='ocr_line' id='line_1_5' title="bbox 459 964 2042 1040; baseline -0.007 -12"><span class='ocrx_word' id='word_1_25' title='bbox 459 974 656 1029; x_wconf 89' lang='lat' dir='ltr'><strong>damno</strong></span> <span class='ocrx_word' id='word_1_26' title='bbox 695 977 914 1033; x_wconf 80' lang='lat' dir='ltr'><strong>affectus</strong></span> <span class='ocrx_word' id='word_1_27' title='bbox 940 984 1115 1037; x_wconf 88' lang='lat' dir='ltr'><strong>esset;</strong></span> <span class='ocrx_word' id='word_1_28' title='bbox 1161 972 1380 1040; x_wconf 81' lang='lat' dir='ltr'><strong>ignavus</strong></span> <span class='ocrx_word' id='word_1_29' title='bbox 1422 978 1595 1023; x_wconf 89' lang='lat' dir='ltr'><strong>autem</strong></span> <span class='ocrx_word' id='word_1_30' title='bbox 1627 985 1732 1022; x_wconf 90' lang='lat' dir='ltr'><strong>non</strong></span> <span class='ocrx_word' id='word_1_31' title='bbox 1770 964 2042 1020; x_wconf 78' lang='lat' dir='ltr'><strong>fortissimi</strong></span> 
     </span>
    </p>
   </div>
   <div class='ocr_carea' id='block_1_6' title="bbox 459 1060 2038 1127">
    <p class='ocr_par' dir='ltr' id='par_1_6' title="bbox 459 1060 2038 1127">
     <span class='ocr_line' id='line_1_6' title="bbox 459 1060 2038 1127; baseline -0.007 -8"><span class='ocrx_word' id='word_1_32' title='bbox 459 1068 589 1122; x_wconf 80' lang='lat' dir='ltr'><strong>socii</strong></span> <span class='ocrx_word' id='word_1_33' title='bbox 619 1084 777 1123; x_wconf 84' lang='lat' dir='ltr'><strong>causa</strong></span> <span class='ocrx_word' id='word_1_34' title='bbox 809 1069 980 1122; x_wconf 91' lang='lat' dir='ltr'><strong>malus</strong></span> <span class='ocrx_word' id='word_1_35' title='bbox 1008 1071 1182 1127; x_wconf 82' lang='lat' dir='ltr'><strong>esset,</strong></span> <span class='ocrx_word' id='word_1_36' title='bbox 1222 1076 1404 1115; x_wconf 88' lang='lat' dir='ltr'><strong>verum</strong></span> <span class='ocrx_word' id='word_1_37' title='bbox 1444 1063 1512 1116; x_wconf 93' lang='lat' dir='ltr'><strong>ob</strong></span> <span class='ocrx_word' id='word_1_38' title='bbox 1541 1060 1836 1115; x_wconf 83' lang='lat' dir='ltr'><strong>socordiam</strong></span> <span class='ocrx_word' id='word_1_39' title='bbox 1868 1073 2038 1112; x_wconf 88' lang='lat' dir='ltr'><strong>suam.</strong></span> 
     </span>
    </p>
   </div>
   <div class='ocr_carea' id='block_1_7' title="bbox 459 1150 2039 1225">
    <p class='ocr_par' dir='ltr' id='par_1_7' title="bbox 459 1150 2039 1225">
     <span class='ocr_line' id='line_1_7' title="bbox 459 1150 2039 1225; baseline -0.009 -10"><span class='ocrx_word' id='word_1_40' title='bbox 459 1161 559 1215; x_wconf 85' lang='lat' dir='ltr'><strong>Sed</strong></span> <span class='ocrx_word' id='word_1_41' title='bbox 599 1164 739 1217; x_wconf 90' lang='lat' dir='ltr'><strong>enim</strong></span> <span class='ocrx_word' id='word_1_42' title='bbox 781 1162 891 1213; x_wconf 76' lang='lat' dir='ltr'><strong>lnec</strong></span> <span class='ocrx_word' id='word_1_43' title='bbox 919 1159 1136 1210; x_wconf 87' lang='lat' dir='ltr'><strong>istorum</strong></span> <span class='ocrx_word' id='word_1_44' title='bbox 1174 1156 1415 1225; x_wconf 65' lang='lat' dir='ltr'><strong>quaestio,</strong></span> <span class='ocrx_word' id='word_1_45' title='bbox 1447 1171 1566 1209; x_wconf 91' lang='lat' dir='ltr'><strong>cum</strong></span> <span class='ocrx_word' id='word_1_46' title='bbox 1592 1154 1657 1208; x_wconf 91' lang='lat' dir='ltr'><strong>de</strong></span> <span class='ocrx_word' id='word_1_47' title='bbox 1685 1152 1893 1206; x_wconf 86' lang='lat' dir='ltr'><strong>diabolo</strong></span> <span class='ocrx_word' id='word_1_48' title='bbox 1926 1150 2039 1218; x_wconf 88' lang='lat' dir='ltr'><strong>agi-</strong></span> 
     </span>
    </p>
   </div>
   <div class='ocr_carea' id='block_1_8' title="bbox 462 1242 2043 1316">
    <p class='ocr_par' dir='ltr' id='par_1_8' title="bbox 462 1242 2043 1316">
     <span class='ocr_line' id='line_1_8' title="bbox 462 1242 2043 1316; baseline -0.009 -10"><span class='ocrx_word' id='word_1_49' title='bbox 462 1254 561 1307; x_wconf 92' lang='lat' dir='ltr'><strong>tari</strong></span> <span class='ocrx_word' id='word_1_50' title='bbox 592 1254 853 1313; x_wconf 78' lang='lat' dir='ltr'><strong>videatur,</strong></span> <span class='ocrx_word' id='word_1_51' title='bbox 884 1248 925 1300; x_wconf 87' lang='lat' dir='ltr'><strong>si</strong></span> <span class='ocrx_word' id='word_1_52' title='bbox 956 1261 1054 1299; x_wconf 84' lang='lat' dir='ltr'><strong>suo</strong></span> <span class='ocrx_word' id='word_1_53' title='bbox 1082 1245 1267 1301; x_wconf 82' lang='lat' dir='ltr'><strong>ordine</strong></span> <span class='ocrx_word' id='word_1_54' title='bbox 1296 1246 1581 1316; x_wconf 89' lang='lat' dir='ltr'><strong>procedat,</strong></span> <span class='ocrx_word' id='word_1_55' title='bbox 1614 1243 1852 1313; x_wconf 83' lang='lat' dir='ltr'><strong>plurimis</strong></span> <span class='ocrx_word' id='word_1_56' title='bbox 1878 1242 1930 1293; x_wconf 93' lang='lat' dir='ltr'><strong>in</strong></span> <span class='ocrx_word' id='word_1_57' title='bbox 1959 1255 2043 1292; x_wconf 91' lang='lat' dir='ltr'><strong>rc-</strong></span> 
     </span>
    </p>
   </div>
   <div class='ocr_carea' id='block_1_9' title="bbox 460 1328 2042 1409">
    <p class='ocr_par' dir='ltr' id='par_1_9' title="bbox 460 1328 2042 1409">
     <span class='ocr_line' id='line_1_9' title="bbox 460 1328 2042 1409; baseline -0.011 -10"><span class='ocrx_word' id='word_1_58' title='bbox 460 1346 559 1399; x_wconf 91' lang='lat' dir='ltr'><strong>bus</strong></span> <span class='ocrx_word' id='word_1_59' title='bbox 588 1344 677 1397; x_wconf 86' lang='lat' dir='ltr'><strong>Dei</strong></span> <span class='ocrx_word' id='word_1_60' title='bbox 720 1335 1101 1409; x_wconf 76' lang='lat' dir='ltr'><strong>providentiam</strong></span> <span class='ocrx_word' id='word_1_61' title='bbox 1147 1337 1451 1401; x_wconf 73' lang='lat' dir='ltr'><strong>insimulat,</strong></span> <span class='ocrx_word' id='word_1_62' title='bbox 1497 1344 1847 1401; x_wconf 81' lang='lat' dir='ltr'><strong>cunctamque</strong></span> <span class='ocrx_word' id='word_1_63' title='bbox 1885 1328 2042 1382; x_wconf 87' lang='lat' dir='ltr'><strong>simul</strong></span> 
     </span>
    </p>
   </div>
   <div class='ocr_carea' id='block_1_10' title="bbox 460 1423 2040 1499">
    <p class='ocr_par' dir='ltr' id='par_1_10' title="bbox 460 1423 2040 1499">
     <span class='ocr_line' id='line_1_10' title="bbox 460 1423 2040 1499; baseline -0.009 -8"><span class='ocrx_word' id='word_1_64' title='bbox 460 1444 756 1491; x_wconf 88' lang='lat' dir='ltr'><strong>creaturam</strong></span> <span class='ocrx_word' id='word_1_65' title='bbox 814 1429 1059 1484; x_wconf 82' lang='lat' dir='ltr'><strong>traducit.</strong></span> <span class='ocrx_word' id='word_1_66' title='bbox 1108 1429 1349 1499; x_wconf 86' lang='lat' dir='ltr'><strong>Namque</strong></span> <span class='ocrx_word' id='word_1_67' title='bbox 1400 1429 1508 1483; x_wconf 90' lang='lat' dir='ltr'><strong>oris</strong></span> <span class='ocrx_word' id='word_1_68' title='bbox 1556 1440 1714 1496; x_wconf 87' lang='lat' dir='ltr'><strong>atque</strong></span> <span class='ocrx_word' id='word_1_69' title='bbox 1765 1423 2040 1478; x_wconf 91' lang='lat' dir='ltr'><strong>oculorum</strong></span> 
     </span>
    </p>
   </div>
   <div class='ocr_carea' id='block_1_11' title="bbox 458 1518 2042 1593">
    <p class='ocr_par' dir='ltr' id='par_1_11' title="bbox 458 1518 2042 1593">
     <span class='ocr_line' id='line_1_11' title="bbox 458 1518 2042 1593; baseline -0.006 -14"><span class='ocrx_word' id='word_1_70' title='bbox 458 1526 780 1579; x_wconf 76' lang='lat' dir='ltr'><strong>creationem</strong></span> <span class='ocrx_word' id='word_1_71' title='bbox 820 1522 1117 1577; x_wconf 88' lang='lat' dir='ltr'><strong>incusabit:</strong></span> <span class='ocrx_word' id='word_1_72' title='bbox 1149 1524 1344 1593; x_wconf 82' lang='lat' dir='ltr'><strong>quippe</strong></span> <span class='ocrx_word' id='word_1_73' title='bbox 1370 1536 1490 1575; x_wconf 89' lang='lat' dir='ltr'><strong>cum</strong></span> <span class='ocrx_word' id='word_1_74' title='bbox 1534 1534 1629 1587; x_wconf 88' lang='lat' dir='ltr'><strong>per</strong></span> <span class='ocrx_word' id='word_1_75' title='bbox 1666 1518 1779 1570; x_wconf 67' lang='lat' dir='ltr'><strong>hare</strong></span> <span class='ocrx_word' id='word_1_76' title='bbox 1818 1529 2042 1585; x_wconf 66' lang='lat' dir='ltr'><strong>quaeque</strong></span> 
     </span>
    </p>
   </div>
   <div class='ocr_carea' id='block_1_12' title="bbox 460 1606 2043 1682">
    <p class='ocr_par' dir='ltr' id='par_1_12' title="bbox 460 1606 2043 1682">
     <span class='ocr_line' id='line_1_12' title="bbox 460 1606 2043 1682; baseline -0.005 -14"><span class='ocrx_word' id='word_1_77' title='bbox 460 1616 640 1668; x_wconf 90' lang='lat' dir='ltr'><strong>illicita</strong></span> <span class='ocrx_word' id='word_1_78' title='bbox 670 1612 1077 1681; x_wconf 80' lang='lat' dir='ltr'><strong>concupiscant,</strong></span> <span class='ocrx_word' id='word_1_79' title='bbox 1128 1624 1285 1682; x_wconf 91' lang='lat' dir='ltr'><strong>atque</strong></span> <span class='ocrx_word' id='word_1_80' title='bbox 1327 1611 1379 1665; x_wconf 91' lang='lat' dir='ltr'><strong>in</strong></span> <span class='ocrx_word' id='word_1_81' title='bbox 1426 1606 1748 1663; x_wconf 87' lang='lat' dir='ltr'><strong>adulterium</strong></span> <span class='ocrx_word' id='word_1_82' title='bbox 1793 1613 2043 1660; x_wconf 88' lang='lat' dir='ltr'><strong>corruant</strong></span> 
     </span>
    </p>
   </div>
   <div class='ocr_carea' id='block_1_13' title="bbox 459 1698 2039 1775">
    <p class='ocr_par' dir='ltr' id='par_1_13' title="bbox 459 1698 2039 1775">
     <span class='ocr_line' id='line_1_13' title="bbox 459 1698 2039 1775; baseline -0.005 -17"><span class='ocrx_word' id='word_1_83' title='bbox 459 1704 702 1775; x_wconf 89' lang='lat' dir='ltr'><strong>plurimi;</strong></span> <span class='ocrx_word' id='word_1_84' title='bbox 734 1720 827 1772; x_wconf 90' lang='lat' dir='ltr'><strong>per</strong></span> <span class='ocrx_word' id='word_1_85' title='bbox 856 1705 955 1760; x_wconf 94' lang='lat' dir='ltr'><strong>hoc</strong></span> <span class='ocrx_word' id='word_1_86' title='bbox 979 1714 1154 1760; x_wconf 90' lang='lat' dir='ltr'><strong>autem</strong></span> <span class='ocrx_word' id='word_1_87' title='bbox 1182 1703 1555 1773; x_wconf 85' lang='lat' dir='ltr'><strong>blaspheluent</strong></span> <span class='ocrx_word' id='word_1_88' title='bbox 1579 1698 1701 1761; x_wconf 89' lang='lat' dir='ltr'><strong>alii,</strong></span> <span class='ocrx_word' id='word_1_89' title='bbox 1732 1706 1889 1767; x_wconf 87' lang='lat' dir='ltr'><strong>atque</strong></span> <span class='ocrx_word' id='word_1_90' title='bbox 1918 1712 2039 1766; x_wconf 85' lang='lat' dir='ltr'><strong>per-</strong></span> 
     </span>
    </p>
   </div>
   <div class='ocr_carea' id='block_1_14' title="bbox 459 1791 2042 1868">
    <p class='ocr_par' dir='ltr' id='par_1_14' title="bbox 459 1791 2042 1868">
     <span class='ocr_line' id='line_1_14' title="bbox 459 1791 2042 1868; baseline -0.004 -17"><span class='ocrx_word' id='word_1_91' title='bbox 459 1797 657 1851; x_wconf 86' lang='lat' dir='ltr'><strong>niciosa</strong></span> <span class='ocrx_word' id='word_1_92' title='bbox 687 1797 930 1867; x_wconf 75' lang='lat' dir='ltr'><strong>dogmata</strong></span> <span class='ocrx_word' id='word_1_93' title='bbox 964 1797 1254 1868; x_wconf 77' lang='lat' dir='ltr'><strong>proferant.</strong></span> <span class='ocrx_word' id='word_1_94' title='bbox 1302 1795 1435 1849; x_wconf 87' lang='lat' dir='ltr'><strong>Num</strong></span> <span class='ocrx_word' id='word_1_95' title='bbox 1466 1806 1594 1860; x_wconf 85' lang='lat' dir='ltr'><strong>ergo</strong></span> <span class='ocrx_word' id='word_1_96' title='bbox 1639 1792 1752 1845; x_wconf 90' lang='lat' dir='ltr'><strong>sine</strong></span> <span class='ocrx_word' id='word_1_97' title='bbox 1793 1791 1960 1845; x_wconf 86' lang='lat' dir='ltr'><strong>oculis</strong></span> <span class='ocrx_word' id='word_1_98' title='bbox 1988 1798 2042 1844; x_wconf 89' lang='lat' dir='ltr'><strong>et</strong></span> 
     </span>
    </p>
   </div>
   <div class='ocr_carea' id='block_1_15' title="bbox 461 1884 2040 1961">
    <p class='ocr_par' dir='ltr' id='par_1_15' title="bbox 461 1884 2040 1961">
     <span class='ocr_line' id='line_1_15' title="bbox 461 1884 2040 1961; baseline -0.003 -18"><span class='ocrx_word' id='word_1_99' title='bbox 461 1891 634 1961; x_wconf 85' lang='lat' dir='ltr'><strong>lingua</strong></span> <span class='ocrx_word' id='word_1_100' title='bbox 662 1891 779 1947; x_wconf 91' lang='lat' dir='ltr'><strong>ideo</strong></span> <span class='ocrx_word' id='word_1_101' title='bbox 819 1892 1113 1947; x_wconf 89' lang='lat' dir='ltr'><strong>debuerunt</strong></span> <span class='ocrx_word' id='word_1_102' title='bbox 1155 1888 1401 1943; x_wconf 83' lang='lat' dir='ltr'><strong>homines</strong></span> <span class='ocrx_word' id='word_1_103' title='bbox 1448 1884 1599 1939; x_wconf 82' lang='lat' dir='ltr'><strong>ﬁeri?</strong></span> <span class='ocrx_word' id='word_1_104' title='bbox 1630 1884 1794 1937; x_wconf 77' lang='lat' dir='ltr'><strong>Pedes</strong></span> <span class='ocrx_word' id='word_1_105' title='bbox 1831 1898 2040 1952; x_wconf 87' lang='lat' dir='ltr'><strong>quoque</strong></span> 
     </span>
    </p>
   </div>
   <div class='ocr_carea' id='block_1_16' title="bbox 460 1975 2039 2053">
    <p class='ocr_par' dir='ltr' id='par_1_16' title="bbox 460 1975 2039 2053">
     <span class='ocr_line' id='line_1_16' title="bbox 460 1975 2039 2053; baseline -0.005 -17"><span class='ocrx_word' id='word_1_106' title='bbox 460 1984 790 2049; x_wconf 85' lang='lat' dir='ltr'><strong>abscindere,</strong></span> <span class='ocrx_word' id='word_1_107' title='bbox 814 1993 867 2038; x_wconf 92' lang='lat' dir='ltr'><strong>et</strong></span> <span class='ocrx_word' id='word_1_108' title='bbox 888 1992 1158 2053; x_wconf 85' lang='lat' dir='ltr'><strong>amputare</strong></span> <span class='ocrx_word' id='word_1_109' title='bbox 1182 1994 1371 2035; x_wconf 89' lang='lat' dir='ltr'><strong>manus</strong></span> <span class='ocrx_word' id='word_1_110' title='bbox 1395 1990 1613 2030; x_wconf 86' lang='lat' dir='ltr'><strong>necesse</strong></span> <span class='ocrx_word' id='word_1_111' title='bbox 1638 1975 1759 2040; x_wconf 87' lang='lat' dir='ltr'><strong>erit,</strong></span> <span class='ocrx_word' id='word_1_112' title='bbox 1784 1991 1901 2028; x_wconf 90' lang='lat' dir='ltr'><strong>cum</strong></span> <span class='ocrx_word' id='word_1_113' title='bbox 1926 1976 2039 2028; x_wconf 76' lang='lat' dir='ltr'><strong>istze</strong></span> 
     </span>
    </p>
   </div>
   <div class='ocr_carea' id='block_1_17' title="bbox 460 2066 2040 2145">
    <p class='ocr_par' dir='ltr' id='par_1_17' title="bbox 460 2066 2040 2145">
     <span class='ocr_line' id='line_1_17' title="bbox 460 2066 2040 2145; baseline -0.005 -17"><span class='ocrx_word' id='word_1_114' title='bbox 460 2076 629 2144; x_wconf 66' lang='lat' dir='ltr'><strong>plena:</strong></span> <span class='ocrx_word' id='word_1_115' title='bbox 654 2078 758 2130; x_wconf 87' lang='lat' dir='ltr'><strong>sint</strong></span> <span class='ocrx_word' id='word_1_116' title='bbox 786 2074 1061 2145; x_wconf 81' lang='lat' dir='ltr'><strong>sanguine,</strong></span> <span class='ocrx_word' id='word_1_117' title='bbox 1096 2073 1168 2125; x_wconf 90' lang='lat' dir='ltr'><strong>illi</strong></span> <span class='ocrx_word' id='word_1_118' title='bbox 1197 2084 1323 2123; x_wconf 77' lang='lat' dir='ltr'><strong>vero</strong></span> <span class='ocrx_word' id='word_1_119' title='bbox 1346 2068 1412 2122; x_wconf 90' lang='lat' dir='ltr'><strong>ad</strong></span> <span class='ocrx_word' id='word_1_120' title='bbox 1445 2068 1638 2121; x_wconf 90' lang='lat' dir='ltr'><strong>malum</strong></span> <span class='ocrx_word' id='word_1_121' title='bbox 1668 2076 1901 2121; x_wconf 89' lang='lat' dir='ltr'><strong>currant.</strong></span> <span class='ocrx_word' id='word_1_122' title='bbox 1928 2066 2040 2120; x_wconf 86' lang='lat' dir='ltr'><strong>Nec</strong></span> 
     </span>
    </p>
   </div>
   <div class='ocr_carea' id='block_1_18' title="bbox 461 2157 2036 2236">
    <p class='ocr_par' dir='ltr' id='par_1_18' title="bbox 461 2157 2036 2236">
     <span class='ocr_line' id='line_1_18' title="bbox 461 2157 2036 2236; baseline -0.006 -17"><span class='ocrx_word' id='word_1_123' title='bbox 461 2167 587 2233; x_wconf 77' lang='lat' dir='ltr'><strong>ipsa:</strong></span> <span class='ocrx_word' id='word_1_124' title='bbox 616 2167 827 2236; x_wconf 89' lang='lat' dir='ltr'><strong>quidem</strong></span> <span class='ocrx_word' id='word_1_125' title='bbox 856 2180 1013 2220; x_wconf 92' lang='lat' dir='ltr'><strong>aures</strong></span> <span class='ocrx_word' id='word_1_126' title='bbox 1048 2160 1429 2217; x_wconf 90' lang='lat' dir='ltr'><strong>immanitatem</strong></span> <span class='ocrx_word' id='word_1_127' title='bbox 1463 2158 1600 2211; x_wconf 89' lang='lat' dir='ltr'><strong>hanc</strong></span> <span class='ocrx_word' id='word_1_128' title='bbox 1627 2157 1858 2227; x_wconf 83' lang='lat' dir='ltr'><strong>eﬂ’ugere</strong></span> <span class='ocrx_word' id='word_1_129' title='bbox 1888 2165 2036 2224; x_wconf 86' lang='lat' dir='ltr'><strong>pote-</strong></span> 
     </span>
    </p>
   </div>
   <div class='ocr_carea' id='block_1_19' title="bbox 460 2248 2039 2323">
    <p class='ocr_par' dir='ltr' id='par_1_19' title="bbox 460 2248 2039 2323">
     <span class='ocr_line' id='line_1_19' title="bbox 460 2248 2039 2323; baseline -0.008 -13"><span class='ocrx_word' id='word_1_130' title='bbox 460 2266 616 2310; x_wconf 90' lang='lat' dir='ltr'><strong>runt:</strong></span> <span class='ocrx_word' id='word_1_131' title='bbox 647 2274 765 2309; x_wconf 92' lang='lat' dir='ltr'><strong>nam</strong></span> <span class='ocrx_word' id='word_1_132' title='bbox 794 2257 963 2310; x_wconf 83' lang='lat' dir='ltr'><strong>inania</strong></span> <span class='ocrx_word' id='word_1_133' title='bbox 992 2252 1305 2323; x_wconf 85' lang='lat' dir='ltr'><strong>percipiunt,</strong></span> <span class='ocrx_word' id='word_1_134' title='bbox 1330 2260 1383 2303; x_wconf 90' lang='lat' dir='ltr'><strong>et</strong></span> <span class='ocrx_word' id='word_1_135' title='bbox 1408 2250 1799 2317; x_wconf 76' lang='lat' dir='ltr'><strong>corruptionem</strong></span> <span class='ocrx_word' id='word_1_136' title='bbox 1822 2248 2039 2317; x_wconf 90' lang='lat' dir='ltr'><strong>dogma-</strong></span> 
     </span>
    </p>
   </div>
   <div class='ocr_carea' id='block_1_20' title="bbox 460 2341 2039 2410">
    <p class='ocr_par' dir='ltr' id='par_1_20' title="bbox 460 2341 2039 2410">
     <span class='ocr_line' id='line_1_20' title="bbox 460 2341 2039 2410; baseline -0.003 -11"><span class='ocrx_word' id='word_1_137' title='bbox 460 2358 567 2401; x_wconf 87' lang='lat' dir='ltr'><strong>tnm</strong></span> <span class='ocrx_word' id='word_1_138' title='bbox 606 2349 672 2403; x_wconf 90' lang='lat' dir='ltr'><strong>ad</strong></span> <span class='ocrx_word' id='word_1_139' title='bbox 715 2350 945 2401; x_wconf 89' lang='lat' dir='ltr'><strong>animam</strong></span> <span class='ocrx_word' id='word_1_140' title='bbox 984 2346 1196 2398; x_wconf 90' lang='lat' dir='ltr'><strong>mittunt</strong></span> <span class='ocrx_word' id='word_1_141' title='bbox 1230 2360 1242 2393; x_wconf 87' lang='lat'>:</span> <span class='ocrx_word' id='word_1_142' title='bbox 1278 2344 1453 2410; x_wconf 89' lang='lat' dir='ltr'><strong>itaque</strong></span> <span class='ocrx_word' id='word_1_143' title='bbox 1494 2351 1548 2396; x_wconf 92' lang='lat' dir='ltr'><strong>et</strong></span> <span class='ocrx_word' id='word_1_144' title='bbox 1594 2342 1707 2395; x_wconf 71' lang='lat' dir='ltr'><strong>istte</strong></span> <span class='ocrx_word' id='word_1_145' title='bbox 1736 2341 2039 2396; x_wconf 69' lang='lat' dir='ltr'><strong>auferenda:</strong></span> 
     </span>
    </p>
   </div>
   <div class='ocr_carea' id='block_1_21' title="bbox 456 2435 2038 2506">
    <p class='ocr_par' dir='ltr' id='par_1_21' title="bbox 456 2435 2038 2506">
     <span class='ocr_line' id='line_1_21' title="bbox 456 2435 2038 2506; baseline -0.005 -12"><span class='ocrx_word' id='word_1_146' title='bbox 456 2450 631 2495; x_wconf 90' lang='lat' dir='ltr'><strong>erunt.</strong></span> <span class='ocrx_word' id='word_1_147' title='bbox 663 2439 812 2506; x_wconf 83' lang='lat' dir='ltr'><strong>Quod</strong></span> <span class='ocrx_word' id='word_1_148' title='bbox 840 2439 885 2492; x_wconf 90' lang='lat' dir='ltr'><strong>si</strong></span> <span class='ocrx_word' id='word_1_149' title='bbox 920 2437 1193 2499; x_wconf 87' lang='lat' dir='ltr'><strong>dabimus,</strong></span> <span class='ocrx_word' id='word_1_150' title='bbox 1222 2435 1369 2488; x_wconf 90' lang='lat' dir='ltr'><strong>cibos</strong></span> <span class='ocrx_word' id='word_1_151' title='bbox 1398 2449 1609 2503; x_wconf 89' lang='lat' dir='ltr'><strong>quoque</strong></span> <span class='ocrx_word' id='word_1_152' title='bbox 1634 2447 1695 2486; x_wconf 91' lang='lat' dir='ltr'><strong>ac</strong></span> <span class='ocrx_word' id='word_1_153' title='bbox 1722 2444 1878 2503; x_wconf 89' lang='lat' dir='ltr'><strong>potus</strong></span> <span class='ocrx_word' id='word_1_154' title='bbox 1898 2474 1910 2495; x_wconf 83' lang='lat'><em>.</em></span> <span class='ocrx_word' id='word_1_155' title='bbox 1935 2447 2038 2486; x_wconf 80' lang='lat' dir='ltr'><strong>ca:-</strong></span> 
     </span>
    </p>
   </div>
   <div class='ocr_carea' id='block_1_22' title="bbox 456 2521 2040 2595">
    <p class='ocr_par' dir='ltr' id='par_1_22' title="bbox 456 2521 2040 2595">
     <span class='ocr_line' id='line_1_22' title="bbox 456 2521 2040 2595; baseline -0.008 -10"><span class='ocrx_word' id='word_1_156' title='bbox 456 2530 563 2585; x_wconf 89' lang='lat' dir='ltr'><strong>lum</strong></span> <span class='ocrx_word' id='word_1_157' title='bbox 584 2571 599 2595; x_wconf 95' lang='lat'><strong>,</strong></span> <span class='ocrx_word' id='word_1_158' title='bbox 632 2540 860 2589; x_wconf 87' lang='lat' dir='ltr'><strong>terram,</strong></span> <span class='ocrx_word' id='word_1_159' title='bbox 905 2541 1080 2589; x_wconf 88' lang='lat' dir='ltr'><strong>mare,</strong></span> <span class='ocrx_word' id='word_1_160' title='bbox 1128 2524 1326 2587; x_wconf 91' lang='lat' dir='ltr'><strong>solem,</strong></span> <span class='ocrx_word' id='word_1_161' title='bbox 1360 2524 1567 2587; x_wconf 90' lang='lat' dir='ltr'><strong>lucem,</strong></span> <span class='ocrx_word' id='word_1_162' title='bbox 1614 2522 1788 2575; x_wconf 89' lang='lat' dir='ltr'><strong>lunam</strong></span> <span class='ocrx_word' id='word_1_163' title='bbox 1810 2563 1825 2586; x_wconf 95' lang='lat'><strong>,</strong></span> <span class='ocrx_word' id='word_1_164' title='bbox 1860 2521 2040 2575; x_wconf 88' lang='lat' dir='ltr'><strong>stella-</strong></span> 
     </span>
    </p>
   </div>
   <div class='ocr_carea' id='block_1_23' title="bbox 456 2612 2036 2690">
    <p class='ocr_par' dir='ltr' id='par_1_23' title="bbox 456 2612 2036 2690">
     <span class='ocr_line' id='line_1_23' title="bbox 456 2612 2036 2690; baseline -0.008 -15"><span class='ocrx_word' id='word_1_165' title='bbox 456 2636 680 2690; x_wconf 90' lang='lat' dir='ltr'><strong>rumque</strong></span> <span class='ocrx_word' id='word_1_166' title='bbox 718 2623 972 2682; x_wconf 88' lang='lat' dir='ltr'><strong>chormn,</strong></span> <span class='ocrx_word' id='word_1_167' title='bbox 1004 2627 1160 2685; x_wconf 81' lang='lat' dir='ltr'><strong>atque</strong></span> <span class='ocrx_word' id='word_1_168' title='bbox 1190 2614 1426 2667; x_wconf 90' lang='lat' dir='ltr'><strong>omnium</strong></span> <span class='ocrx_word' id='word_1_169' title='bbox 1468 2612 1813 2666; x_wconf 87' lang='lat' dir='ltr'><strong>animantium</strong></span> <span class='ocrx_word' id='word_1_170' title='bbox 1844 2625 2036 2682; x_wconf 84' lang='lat' dir='ltr'><strong>genera</strong></span> 
     </span>
    </p>
   </div>
   <div class='ocr_carea' id='block_1_24' title="bbox 456 2703 2037 2775">
    <p class='ocr_par' dir='ltr' id='par_1_24' title="bbox 456 2703 2037 2775">
     <span class='ocr_line' id='line_1_24' title="bbox 456 2703 2037 2775; baseline -0.008 -8"><span class='ocrx_word' id='word_1_171' title='bbox 456 2714 703 2767; x_wconf 90' lang='lat' dir='ltr'><strong>tollamus</strong></span> <span class='ocrx_word' id='word_1_172' title='bbox 734 2726 953 2765; x_wconf 89' lang='lat' dir='ltr'><strong>necesse</strong></span> <span class='ocrx_word' id='word_1_173' title='bbox 978 2709 1098 2763; x_wconf 89' lang='lat' dir='ltr'><strong>erit.</strong></span> <span class='ocrx_word' id='word_1_174' title='bbox 1131 2708 1211 2762; x_wconf 77' lang='lat' dir='ltr'><strong>Ad</strong></span> <span class='ocrx_word' id='word_1_175' title='bbox 1242 2706 1366 2775; x_wconf 91' lang='lat' dir='ltr'><strong>quid</strong></span> <span class='ocrx_word' id='word_1_176' title='bbox 1391 2706 1487 2759; x_wconf 84' lang='lat' dir='ltr'><strong>ista</strong></span> <span class='ocrx_word' id='word_1_177' title='bbox 1514 2704 1655 2759; x_wconf 88' lang='lat' dir='ltr'><strong>enim</strong></span> <span class='ocrx_word' id='word_1_178' title='bbox 1680 2703 1855 2758; x_wconf 89' lang='lat' dir='ltr'><strong>omnia</strong></span> <span class='ocrx_word' id='word_1_179' title='bbox 1879 2712 2037 2758; x_wconf 89' lang='lat' dir='ltr'><strong>erunt</strong></span> 
     </span>
    </p>
   </div>
   <div class='ocr_carea' id='block_1_25' title="bbox 454 2793 2038 2867">
    <p class='ocr_par' dir='ltr' id='par_1_25' title="bbox 454 2793 2038 2867">
     <span class='ocr_line' id='line_1_25' title="bbox 454 2793 2038 2867; baseline -0.008 -8"><span class='ocrx_word' id='word_1_180' title='bbox 454 2804 753 2859; x_wconf 85' lang='lat' dir='ltr'><strong>necessaria</strong></span> <span class='ocrx_word' id='word_1_181' title='bbox 772 2843 787 2866; x_wconf 93' lang='lat'><strong>,</strong></span> <span class='ocrx_word' id='word_1_182' title='bbox 815 2818 935 2855; x_wconf 93' lang='lat' dir='ltr'><strong>cum</strong></span> <span class='ocrx_word' id='word_1_183' title='bbox 968 2800 1014 2854; x_wconf 94' lang='lat' dir='ltr'><strong>is</strong></span> <span class='ocrx_word' id='word_1_184' title='bbox 1038 2798 1191 2867; x_wconf 91' lang='lat' dir='ltr'><strong>cujus</strong></span> <span class='ocrx_word' id='word_1_185' title='bbox 1214 2811 1373 2852; x_wconf 90' lang='lat' dir='ltr'><strong>causa</strong></span> <span class='ocrx_word' id='word_1_186' title='bbox 1404 2796 1536 2850; x_wconf 89' lang='lat' dir='ltr'><strong>facta</strong></span> <span class='ocrx_word' id='word_1_187' title='bbox 1566 2802 1689 2849; x_wconf 89' lang='lat' dir='ltr'><strong>sunt</strong></span> <span class='ocrx_word' id='word_1_188' title='bbox 1716 2793 1851 2847; x_wconf 90' lang='lat' dir='ltr'><strong>adeo</strong></span> <span class='ocrx_word' id='word_1_189' title='bbox 1877 2793 2038 2847; x_wconf 88' lang='lat' dir='ltr'><strong>mise-</strong></span> 
     </span>
    </p>
   </div>
   <div class='ocr_carea' id='block_1_26' title="bbox 454 2882 2037 2960">
    <p class='ocr_par' dir='ltr' id='par_1_26' title="bbox 454 2882 2037 2960">
     <span class='ocr_line' id='line_1_26' title="bbox 454 2882 2037 2960; baseline -0.008 -12"><span class='ocrx_word' id='word_1_190' title='bbox 454 2895 692 2949; x_wconf 85' lang='lat' dir='ltr'><strong>rabiliter</strong></span> <span class='ocrx_word' id='word_1_191' title='bbox 722 2904 940 2947; x_wconf 86' lang='lat' dir='ltr'><strong>truncus</strong></span> <span class='ocrx_word' id='word_1_192' title='bbox 960 2890 1168 2960; x_wconf 86' lang='lat' dir='ltr'><strong>jaceat?</strong></span> <span class='ocrx_word' id='word_1_193' title='bbox 1196 2887 1425 2942; x_wconf 78' lang='lat' dir='ltr'><strong>Videsne</strong></span> <span class='ocrx_word' id='word_1_194' title='bbox 1451 2886 1540 2956; x_wconf 89' lang='lat' dir='ltr'><strong>qui</strong></span> <span class='ocrx_word' id='word_1_195' title='bbox 1571 2886 1729 2949; x_wconf 90' lang='lat' dir='ltr'><strong>risus,</strong></span> <span class='ocrx_word' id='word_1_196' title='bbox 1760 2898 1879 2953; x_wconf 73' lang='lat' dir='ltr'><strong>qua:</strong></span> <span class='ocrx_word' id='word_1_197' title='bbox 1901 2882 2037 2936; x_wconf 89' lang='lat' dir='ltr'><strong>deli-</strong></span> 
     </span>
    </p>
   </div>
   <div class='ocr_carea' id='block_1_27' title="bbox 452 2974 2032 3047">
    <p class='ocr_par' dir='ltr' id='par_1_27' title="bbox 452 2974 2032 3047">
     <span class='ocr_line' id='line_1_27' title="bbox 452 2974 2032 3047; baseline -0.008 -8"><span class='ocrx_word' id='word_1_198' title='bbox 452 2993 689 3039; x_wconf 88' lang='lat' dir='ltr'><strong>ramenta</strong></span> <span class='ocrx_word' id='word_1_199' title='bbox 732 2984 993 3037; x_wconf 89' lang='lat' dir='ltr'><strong>rationem</strong></span> <span class='ocrx_word' id='word_1_200' title='bbox 1024 2981 1178 3035; x_wconf 91' lang='lat' dir='ltr'><strong>istam</strong></span> <span class='ocrx_word' id='word_1_201' title='bbox 1227 2978 1527 3031; x_wconf 89' lang='lat' dir='ltr'><strong>necessario</strong></span> <span class='ocrx_word' id='word_1_202' title='bbox 1556 2974 1882 3047; x_wconf 77' lang='lat' dir='ltr'><strong>sequantur?</strong></span> <span class='ocrx_word' id='word_1_203' title='bbox 1909 2974 2032 3028; x_wconf 84' lang='lat' dir='ltr'><strong>Dia-</strong></span> 
     </span>
    </p>
   </div>
   <div class='ocr_carea' id='block_1_28' title="bbox 452 3065 2032 3143">
    <p class='ocr_par' dir='ltr' id='par_1_28' title="bbox 452 3065 2032 3143">
     <span class='ocr_line' id='line_1_28' title="bbox 452 3065 2032 3143; baseline -0.008 -12"><span class='ocrx_word' id='word_1_204' title='bbox 452 3076 604 3131; x_wconf 82' lang='lat' dir='ltr'><strong>bolos</strong></span> <span class='ocrx_word' id='word_1_205' title='bbox 631 3090 819 3143; x_wconf 87' lang='lat' dir='ltr'><strong>nempe</strong></span> <span class='ocrx_word' id='word_1_206' title='bbox 848 3073 947 3127; x_wconf 90' lang='lat' dir='ltr'><strong>sibi</strong></span> <span class='ocrx_word' id='word_1_207' title='bbox 974 3072 1093 3140; x_wconf 85' lang='lat' dir='ltr'><strong>ipsi,</strong></span> <span class='ocrx_word' id='word_1_208' title='bbox 1127 3086 1230 3125; x_wconf 91' lang='lat' dir='ltr'><strong>non</strong></span> <span class='ocrx_word' id='word_1_209' title='bbox 1260 3069 1413 3123; x_wconf 91' lang='lat' dir='ltr'><strong>nobis</strong></span> <span class='ocrx_word' id='word_1_210' title='bbox 1441 3078 1523 3122; x_wconf 87' lang='lat' dir='ltr'><strong>est</strong></span> <span class='ocrx_word' id='word_1_211' title='bbox 1546 3068 1735 3121; x_wconf 81' lang='lat' dir='ltr'><strong>malus.</strong></span> <span class='ocrx_word' id='word_1_212' title='bbox 1764 3065 1870 3121; x_wconf 85' lang='lat' dir='ltr'><strong>Nos</strong></span> <span class='ocrx_word' id='word_1_213' title='bbox 1890 3066 2032 3120; x_wconf 91' lang='lat' dir='ltr'><strong>enim</strong></span> 
     </span>
    </p>
   </div>
   <div class='ocr_carea' id='block_1_29' title="bbox 451 3159 2034 3232">
    <p class='ocr_par' dir='ltr' id='par_1_29' title="bbox 451 3159 2034 3232">
     <span class='ocr_line' id='line_1_29' title="bbox 451 3159 2034 3232; baseline -0.005 -13"><span class='ocrx_word' id='word_1_214' title='bbox 451 3165 495 3219; x_wconf 87' lang='lat' dir='ltr'><strong>si</strong></span> <span class='ocrx_word' id='word_1_215' title='bbox 519 3166 762 3229; x_wconf 85' lang='lat' dir='ltr'><strong>velimus,</strong></span> <span class='ocrx_word' id='word_1_216' title='bbox 793 3163 941 3232; x_wconf 73' lang='lat' dir='ltr'><strong>plura</strong></span> <span class='ocrx_word' id='word_1_217' title='bbox 968 3162 1126 3215; x_wconf 91' lang='lat' dir='ltr'><strong>etiam</strong></span> <span class='ocrx_word' id='word_1_218' title='bbox 1147 3159 1426 3216; x_wconf 85' lang='lat' dir='ltr'><strong>commoda</strong></span> <span class='ocrx_word' id='word_1_219' title='bbox 1446 3160 1546 3229; x_wconf 72' lang='lat' dir='ltr'><strong>‘per</strong></span> <span class='ocrx_word' id='word_1_220' title='bbox 1570 3159 1714 3212; x_wconf 91' lang='lat' dir='ltr'><strong>illum</strong></span> <span class='ocrx_word' id='word_1_221' title='bbox 1741 3170 2034 3226; x_wconf 63' lang='lat' dir='ltr'><strong>conseque.</strong></span> 
     </span>
    </p>
   </div>
   <div class='ocr_carea' id='block_1_30' title="bbox 452 3247 2032 3319">
    <p class='ocr_par' dir='ltr' id='par_1_30' title="bbox 452 3247 2032 3319">
     <span class='ocr_line' id='line_1_30' title="bbox 452 3247 2032 3319; baseline -0.004 -10"><span class='ocrx_word' id='word_1_222' title='bbox 452 3272 588 3317; x_wconf 83' lang='lat' dir='ltr'><strong>mur,</strong></span> <span class='ocrx_word' id='word_1_223' title='bbox 618 3256 707 3310; x_wconf 88' lang='lat' dir='ltr'><strong>illo</strong></span> <span class='ocrx_word' id='word_1_224' title='bbox 736 3256 894 3309; x_wconf 88' lang='lat' dir='ltr'><strong>etiam</strong></span> <span class='ocrx_word' id='word_1_225' title='bbox 923 3253 1086 3307; x_wconf 77' lang='lat' dir='ltr'><strong>invito</strong></span> <span class='ocrx_word' id='word_1_226' title='bbox 1109 3267 1171 3305; x_wconf 88' lang='lat' dir='ltr'><strong>ac</strong></span> <span class='ocrx_word' id='word_1_227' title='bbox 1196 3260 1454 3307; x_wconf 90' lang='lat' dir='ltr'><strong>renuente</strong></span> <span class='ocrx_word' id='word_1_228' title='bbox 1478 3266 1492 3302; x_wconf 75' lang='grc' dir='ltr'>ε</span> <span class='ocrx_word' id='word_1_229' title='bbox 1522 3248 1661 3319; x_wconf 91' lang='lat' dir='ltr'><strong>quod</strong></span> <span class='ocrx_word' id='word_1_230' title='bbox 1686 3256 1769 3303; x_wconf 88' lang='lat' dir='ltr'><strong>est</strong></span> <span class='ocrx_word' id='word_1_231' title='bbox 1794 3247 2032 3317; x_wconf 90' lang='lat' dir='ltr'><strong>profecto</strong></span> 
     </span>
    </p>
   </div>
   <div class='ocr_carea' id='block_1_31' title="bbox 452 3338 2031 3412">
    <p class='ocr_par' dir='ltr' id='par_1_31' title="bbox 452 3338 2031 3412">
     <span class='ocr_line' id='line_1_31' title="bbox 452 3338 2031 3412; baseline -0.006 -12"><span class='ocrx_word' id='word_1_232' title='bbox 452 3348 691 3401; x_wconf 88' lang='lat' dir='ltr'><strong>mirabile</strong></span> <span class='ocrx_word' id='word_1_233' title='bbox 710 3388 726 3412; x_wconf 95' lang='lat'><strong>,</strong></span> <span class='ocrx_word' id='word_1_234' title='bbox 758 3353 813 3399; x_wconf 88' lang='lat' dir='ltr'><strong>et</strong></span> <span class='ocrx_word' id='word_1_235' title='bbox 841 3347 892 3398; x_wconf 93' lang='lat' dir='ltr'><strong>in</strong></span> <span class='ocrx_word' id='word_1_236' title='bbox 932 3345 1032 3398; x_wconf 87' lang='lat' dir='ltr'><strong>hoc</strong></span> <span class='ocrx_word' id='word_1_237' title='bbox 1058 3343 1252 3398; x_wconf 71' lang='lat' dir='ltr'><strong>divina:</strong></span> <span class='ocrx_word' id='word_1_238' title='bbox 1282 3341 1534 3397; x_wconf 80' lang='lat' dir='ltr'><strong>bonitatis</strong></span> <span class='ocrx_word' id='word_1_239' title='bbox 1565 3338 1871 3410; x_wconf 81' lang='lat' dir='ltr'><strong>magnitudo</strong></span> <span class='ocrx_word' id='word_1_240' title='bbox 1900 3354 2031 3393; x_wconf 88' lang='lat' dir='ltr'><strong>con-</strong></span> 
     </span>
    </p>
   </div>
   <div class='ocr_carea' id='block_1_32' title="bbox 450 3430 2031 3505">
    <p class='ocr_par' dir='ltr' id='par_1_32' title="bbox 450 3430 2031 3505">
     <span class='ocr_line' id='line_1_32' title="bbox 450 3430 2031 3505; baseline -0.003 -15"><span class='ocrx_word' id='word_1_241' title='bbox 450 3437 687 3505; x_wconf 80' lang='lat' dir='ltr'><strong>spicitur.</strong></span> <span class='ocrx_word' id='word_1_242' title='bbox 723 3434 856 3489; x_wconf 85' lang='lat' dir='ltr'><strong>Nam</strong></span> <span class='ocrx_word' id='word_1_243' title='bbox 883 3437 927 3489; x_wconf 92' lang='lat' dir='ltr'><strong>si</strong></span> <span class='ocrx_word' id='word_1_244' title='bbox 972 3450 1091 3489; x_wconf 90' lang='lat' dir='ltr'><strong>cum</strong></span> <span class='ocrx_word' id='word_1_245' title='bbox 1140 3434 1389 3489; x_wconf 90' lang='lat' dir='ltr'><strong>meliores</strong></span> <span class='ocrx_word' id='word_1_246' title='bbox 1418 3432 1698 3492; x_wconf 84' lang='lat' dir='ltr'><strong>efticimur,</strong></span> <span class='ocrx_word' id='word_1_247' title='bbox 1729 3430 1937 3485; x_wconf 88' lang='lat' dir='ltr'><strong>mordet</strong></span> <span class='ocrx_word' id='word_1_248' title='bbox 1978 3430 2031 3485; x_wconf 88' lang='lat' dir='ltr'><strong>id</strong></span> 
     </span>
    </p>
   </div>
   <div class='ocr_carea' id='block_1_33' title="bbox 449 3523 2031 3595">
    <p class='ocr_par' dir='ltr' id='par_1_33' title="bbox 449 3523 2031 3595">
     <span class='ocr_line' id='line_1_33' title="bbox 449 3523 2031 3595; baseline -0.003 -14"><span class='ocrx_word' id='word_1_249' title='bbox 449 3528 663 3595; x_wconf 89' lang='lat' dir='ltr'><strong>quidem</strong></span> <span class='ocrx_word' id='word_1_250' title='bbox 686 3543 748 3581; x_wconf 90' lang='lat' dir='ltr'><strong>ac</strong></span> <span class='ocrx_word' id='word_1_251' title='bbox 776 3543 869 3595; x_wconf 86' lang='lat' dir='ltr'><strong>per</strong></span> <span class='ocrx_word' id='word_1_252' title='bbox 898 3542 955 3581; x_wconf 86' lang='lat' dir='ltr'><strong>se</strong></span> <span class='ocrx_word' id='word_1_253' title='bbox 983 3527 1155 3580; x_wconf 92' lang='lat' dir='ltr'><strong>solum</strong></span> <span class='ocrx_word' id='word_1_254' title='bbox 1184 3526 1454 3580; x_wconf 81' lang='lat' dir='ltr'><strong>excruciat</strong></span> <span class='ocrx_word' id='word_1_255' title='bbox 1478 3524 1745 3578; x_wconf 89' lang='lat' dir='ltr'><strong>diabolum</strong></span> <span class='ocrx_word' id='word_1_256' title='bbox 1773 3542 1785 3577; x_wconf 91' lang='lat'><strong>:</strong></span> <span class='ocrx_word' id='word_1_257' title='bbox 1818 3523 2031 3593; x_wconf 87' lang='lat' dir='ltr'><strong>quando</strong></span> 
     </span>
    </p>
   </div>
   <div class='ocr_carea' id='block_1_34' title="bbox 452 3613 2030 3686">
    <p class='ocr_par' dir='ltr' id='par_1_34' title="bbox 452 3613 2030 3686">
     <span class='ocr_line' id='line_1_34' title="bbox 452 3613 2030 3686; baseline -0.002 -16"><span class='ocrx_word' id='word_1_258' title='bbox 452 3616 552 3671; x_wconf 90' lang='lat' dir='ltr'><strong>hoc</strong></span> <span class='ocrx_word' id='word_1_259' title='bbox 592 3618 762 3686; x_wconf 90' lang='lat' dir='ltr'><strong>ipsum</strong></span> <span class='ocrx_word' id='word_1_260' title='bbox 796 3632 891 3686; x_wconf 91' lang='lat' dir='ltr'><strong>per</strong></span> <span class='ocrx_word' id='word_1_261' title='bbox 929 3633 1050 3671; x_wconf 90' lang='lat' dir='ltr'><strong>eum</strong></span> <span class='ocrx_word' id='word_1_262' title='bbox 1097 3616 1248 3669; x_wconf 91' lang='lat' dir='ltr'><strong>nobis</strong></span> <span class='ocrx_word' id='word_1_263' title='bbox 1293 3614 1680 3684; x_wconf 88' lang='lat' dir='ltr'><strong>suppeditatur,</strong></span> <span class='ocrx_word' id='word_1_264' title='bbox 1723 3613 1825 3669; x_wconf 89' lang='lat' dir='ltr'><strong>hoc</strong></span> <span class='ocrx_word' id='word_1_265' title='bbox 1862 3614 2030 3669; x_wconf 83' lang='lat' dir='ltr'><strong>detri-</strong></span> 
     </span>
    </p>
   </div>
   <div class='ocr_carea' id='block_1_35' title="bbox 450 3704 2031 3775">
    <p class='ocr_par' dir='ltr' id='par_1_35' title="bbox 450 3704 2031 3775">
     <span class='ocr_line' id='line_1_35' title="bbox 450 3704 2031 3775; baseline -0.002 -13"><span class='ocrx_word' id='word_1_266' title='bbox 450 3719 685 3763; x_wconf 86' lang='lat' dir='ltr'><strong>mentum</strong></span> <span class='ocrx_word' id='word_1_267' title='bbox 727 3709 865 3761; x_wconf 88' lang='lat' dir='ltr'><strong>ferre</strong></span> <span class='ocrx_word' id='word_1_268' title='bbox 907 3722 1010 3761; x_wconf 92' lang='lat' dir='ltr'><strong>non</strong></span> <span class='ocrx_word' id='word_1_269' title='bbox 1050 3714 1243 3775; x_wconf 92' lang='lat' dir='ltr'><strong>potest.</strong></span> <span class='ocrx_word' id='word_1_270' title='bbox 1286 3704 1565 3771; x_wconf 83' lang='lat' dir='ltr'><strong>Quomodo</strong></span> <span class='ocrx_word' id='word_1_271' title='bbox 1608 3715 1785 3759; x_wconf 88' lang='lat' dir='ltr'><strong>autem</strong></span> <span class='ocrx_word' id='word_1_272' title='bbox 1830 3721 1895 3760; x_wconf 80' lang='lat' dir='ltr'><strong>ex</strong></span> <span class='ocrx_word' id='word_1_273' title='bbox 1940 3705 2031 3759; x_wconf 87' lang='lat' dir='ltr'><strong>illo</strong></span> 
     </span>
    </p>
   </div>
   <div class='ocr_carea' id='block_1_36' title="bbox 450 3796 2029 3867">
    <p class='ocr_par' dir='ltr' id='par_1_36' title="bbox 450 3796 2029 3867">
     <span class='ocr_line' id='line_1_36' title="bbox 450 3796 2029 3867; baseline 0 -15"><span class='ocrx_word' id='word_1_274' title='bbox 450 3798 795 3867; x_wconf 81' lang='lat' dir='ltr'><strong>proficimus?</strong></span> <span class='ocrx_word' id='word_1_275' title='bbox 838 3799 967 3852; x_wconf 89' lang='lat' dir='ltr'><strong>Dum</strong></span> <span class='ocrx_word' id='word_1_276' title='bbox 1020 3796 1157 3851; x_wconf 89' lang='lat' dir='ltr'><strong>illius</strong></span> <span class='ocrx_word' id='word_1_277' title='bbox 1209 3796 1594 3850; x_wconf 90' lang='lat' dir='ltr'><strong>immanitatem</strong></span> <span class='ocrx_word' id='word_1_278' title='bbox 1644 3807 2029 3867; x_wconf 79' lang='lat' dir='ltr'><strong>perpetuasquc</strong></span> 
     </span>
    </p>
   </div>
   <div class='ocr_carea' id='block_1_37' title="bbox 450 3888 2029 3953">
    <p class='ocr_par' dir='ltr' id='par_1_37' title="bbox 450 3888 2029 3953">
     <span class='ocr_line' id='line_1_37' title="bbox 450 3888 2029 3953; baseline 0 -10"><span class='ocrx_word' id='word_1_279' title='bbox 450 3891 667 3944; x_wconf 90' lang='lat' dir='ltr'><strong>insidias</strong></span> <span class='ocrx_word' id='word_1_280' title='bbox 692 3906 755 3944; x_wconf 93' lang='lat' dir='ltr'><strong>ac</strong></span> <span class='ocrx_word' id='word_1_281' title='bbox 783 3890 992 3944; x_wconf 83' lang='lat' dir='ltr'><strong>fraudes</strong></span> <span class='ocrx_word' id='word_1_282' title='bbox 1014 3890 1187 3942; x_wconf 77' lang='lat' dir='ltr'><strong>varias</strong></span> <span class='ocrx_word' id='word_1_283' title='bbox 1208 3888 1417 3943; x_wconf 91' lang='lat' dir='ltr'><strong>solliciti</strong></span> <span class='ocrx_word' id='word_1_284' title='bbox 1450 3888 1755 3953; x_wconf 89' lang='lat' dir='ltr'><strong>metuimus,</strong></span> <span class='ocrx_word' id='word_1_285' title='bbox 1781 3905 2029 3943; x_wconf 89' lang='lat' dir='ltr'><strong>somnum</strong></span> 
     </span>
    </p>
   </div>
   <div class='ocr_carea' id='block_1_38' title="bbox 450 3979 2028 4050">
    <p class='ocr_par' dir='ltr' id='par_1_38' title="bbox 450 3979 2028 4050">
     <span class='ocr_line' id='line_1_38' title="bbox 450 3979 2028 4050; baseline 0 -14"><span class='ocrx_word' id='word_1_286' title='bbox 450 3981 789 4036; x_wconf 90' lang='lat' dir='ltr'><strong>immodicum</strong></span> <span class='ocrx_word' id='word_1_287' title='bbox 834 3982 1196 4048; x_wconf 78' lang='lat' dir='ltr'><strong>excludimus,</strong></span> <span class='ocrx_word' id='word_1_288' title='bbox 1221 3979 1531 4049; x_wconf 72' lang='lat' dir='ltr'><strong>vigilamus,</strong></span> <span class='ocrx_word' id='word_1_289' title='bbox 1574 3993 1892 4050; x_wconf 88' lang='lat' dir='ltr'><strong>semperque</strong></span> <span class='ocrx_word' id='word_1_290' title='bbox 1924 3982 2028 4036; x_wconf 91' lang='lat' dir='ltr'><strong>Do-</strong></span> 
     </span>
    </p>
   </div>
   <div class='ocr_carea' id='block_1_39' title="bbox 448 4070 2024 4140">
    <p class='ocr_par' dir='ltr' id='par_1_39' title="bbox 448 4070 2024 4140">
     <span class='ocr_line' id='line_1_39' title="bbox 448 4070 2024 4140; baseline -0.002 -13"><span class='ocrx_word' id='word_1_291' title='bbox 448 4074 576 4127; x_wconf 88' lang='lat' dir='ltr'><strong>mini</strong></span> <span class='ocrx_word' id='word_1_292' title='bbox 605 4074 1017 4127; x_wconf 86' lang='lat' dir='ltr'><strong>reminiscimur.</strong></span> <span class='ocrx_word' id='word_1_293' title='bbox 1056 4071 1206 4140; x_wconf 87' lang='lat' dir='ltr'><strong>Quod</strong></span> <span class='ocrx_word' id='word_1_294' title='bbox 1236 4079 1411 4125; x_wconf 89' lang='lat' dir='ltr'><strong>autem</strong></span> <span class='ocrx_word' id='word_1_295' title='bbox 1443 4070 1555 4123; x_wconf 60' lang='lat' dir='ltr'><strong>hate</strong></span> <span class='ocrx_word' id='word_1_296' title='bbox 1593 4086 1709 4123; x_wconf 88' lang='lat' dir='ltr'><strong>mea</strong></span> <span class='ocrx_word' id='word_1_297' title='bbox 1740 4085 1844 4125; x_wconf 88' lang='lat' dir='ltr'><strong>non</strong></span> <span class='ocrx_word' id='word_1_298' title='bbox 1888 4071 2024 4135; x_wconf 90' lang='lat' dir='ltr'><strong>sint,</strong></span> 
     </span>
    </p>
   </div>
   <div class='ocr_carea' id='block_1_40' title="bbox 447 4162 2024 4234">
    <p class='ocr_par' dir='ltr' id='par_1_40' title="bbox 447 4162 2024 4234">
     <span class='ocr_line' id='line_1_40' title="bbox 447 4162 2024 4234; baseline 0 -14"><span class='ocrx_word' id='word_1_299' title='bbox 447 4167 539 4220; x_wconf 88' lang='lat' dir='ltr'><strong>sed</strong></span> <span class='ocrx_word' id='word_1_300' title='bbox 573 4166 712 4220; x_wconf 84' lang='lat' dir='ltr'><strong>beati</strong></span> <span class='ocrx_word' id='word_1_301' title='bbox 743 4166 921 4228; x_wconf 88' lang='lat' dir='ltr'><strong>Pauli,</strong></span> <span class='ocrx_word' id='word_1_302' title='bbox 954 4167 1123 4234; x_wconf 91' lang='lat' dir='ltr'><strong>ipsum</strong></span> <span class='ocrx_word' id='word_1_303' title='bbox 1150 4164 1294 4225; x_wconf 87' lang='lat' dir='ltr'><strong>audi,</strong></span> <span class='ocrx_word' id='word_1_304' title='bbox 1325 4163 1525 4219; x_wconf 85' lang='lat' dir='ltr'><strong>eisdem</strong></span> <span class='ocrx_word' id='word_1_305' title='bbox 1557 4162 1667 4218; x_wconf 87' lang='lat' dir='ltr'><strong>fere</strong></span> <span class='ocrx_word' id='word_1_306' title='bbox 1688 4165 1867 4219; x_wconf 88' lang='lat' dir='ltr'><strong>verbis</strong></span> <span class='ocrx_word' id='word_1_307' title='bbox 1893 4166 2024 4220; x_wconf 84' lang='lat' dir='ltr'><strong>lide-</strong></span> 
     </span>
    </p>
   </div>
   <div class='ocr_carea' id='block_1_41' title="bbox 447 4256 2024 4326">
    <p class='ocr_par' dir='ltr' id='par_1_41' title="bbox 447 4256 2024 4326">
     <span class='ocr_line' id='line_1_41' title="bbox 447 4256 2024 4326; baseline -0.001 -14"><span class='ocrx_word' id='word_1_308' title='bbox 447 4259 525 4313; x_wconf 81' lang='lat' dir='ltr'><strong>les</strong></span> <span class='ocrx_word' id='word_1_309' title='bbox 541 4259 870 4314; x_wconf 90' lang='lat' dir='ltr'><strong>dormientes</strong></span> <span class='ocrx_word' id='word_1_310' title='bbox 886 4260 1225 4313; x_wconf 77' lang='lat' dir='ltr'><strong>excitantem.</strong></span> <span class='ocrx_word' id='word_1_311' title='bbox 1244 4256 1373 4312; x_wconf 85' lang='lat' dir='ltr'><strong>Nam</strong></span> <span class='ocrx_word' id='word_1_312' title='bbox 1404 4256 1648 4326; x_wconf 82' lang='lat' dir='ltr'><strong>Ephesiis</strong></span> <span class='ocrx_word' id='word_1_313' title='bbox 1674 4273 1794 4312; x_wconf 91' lang='lat' dir='ltr'><strong>cum</strong></span> <span class='ocrx_word' id='word_1_314' title='bbox 1819 4257 2024 4311; x_wconf 86' lang='lat' dir='ltr'><strong>scribe-</strong></span> 
     </span>
    </p>
   </div>
   <div class='ocr_carea' id='block_1_42' title="bbox 446 4348 2026 4415">
    <p class='ocr_par' dir='ltr' id='par_1_42' title="bbox 446 4348 2026 4415">
     <span class='ocr_line' id='line_1_42' title="bbox 446 4348 2026 4415; baseline -0.002 -11"><span class='ocrx_word' id='word_1_315' title='bbox 446 4360 548 4415; x_wconf 88' lang='lat' dir='ltr'><strong>ret,</strong></span> <span class='ocrx_word' id='word_1_316' title='bbox 578 4351 654 4404; x_wconf 92' lang='lat' dir='ltr'><strong>sic</strong></span> <span class='ocrx_word' id='word_1_317' title='bbox 683 4352 789 4404; x_wconf 87' lang='lat' dir='ltr'><strong>ait:</strong></span> <span class='ocrx_word' id='word_1_318' title='bbox 824 4348 945 4402; x_wconf 85' lang='lat' dir='ltr'><strong>Non</strong></span> <span class='ocrx_word' id='word_1_319' title='bbox 974 4359 1044 4403; x_wconf 80' lang='lat' dir='ltr'><strong>est</strong></span> <span class='ocrx_word' id='word_1_320' title='bbox 1073 4351 1214 4403; x_wconf 85' lang='lat' dir='ltr'><strong>nobis</strong></span> <span class='ocrx_word' id='word_1_321' title='bbox 1243 4349 1529 4403; x_wconf 80' lang='lat' dir='ltr'><strong>colluctatio</strong></span> <span class='ocrx_word' id='word_1_322' title='bbox 1559 4350 1793 4402; x_wconf 85' lang='lat' dir='ltr'><strong>adversus</strong></span> <span class='ocrx_word' id='word_1_323' title='bbox 1823 4364 2026 4401; x_wconf 86' lang='lat' dir='ltr'><strong>carnem</strong></span> 
     </span>
    </p>
   </div>
   <div class='ocr_carea' id='block_1_43' title="bbox 446 4442 2021 4511">
    <p class='ocr_par' dir='ltr' id='par_1_43' title="bbox 446 4442 2021 4511">
     <span class='ocr_line' id='line_1_43' title="bbox 446 4442 2021 4511; baseline 0 -18"><span class='ocrx_word' id='word_1_324' title='bbox 446 4450 490 4493; x_wconf 82' lang='lat' dir='ltr'><strong>et</strong></span> <span class='ocrx_word' id='word_1_325' title='bbox 530 4442 858 4510; x_wconf 83' lang='lat' dir='ltr'><strong>sanguinem,</strong></span> <span class='ocrx_word' id='word_1_326' title='bbox 904 4442 992 4494; x_wconf 87' lang='lat' dir='ltr'><strong>sed</strong></span> <span class='ocrx_word' id='word_1_327' title='bbox 1034 4442 1273 4496; x_wconf 84' lang='lat' dir='ltr'><strong>adversus</strong></span> <span class='ocrx_word' id='word_1_328' title='bbox 1318 4442 1627 4511; x_wconf 77' lang='lat' dir='ltr'><strong>principatus</strong></span> <span class='ocrx_word' id='word_1_329' title='bbox 1651 4449 1697 4493; x_wconf 84' lang='lat' dir='ltr'><strong>et</strong></span> <span class='ocrx_word' id='word_1_330' title='bbox 1726 4449 2021 4509; x_wconf 73' lang='lat' dir='ltr'><strong>potestates,</strong></span> 
     </span>
    </p>
   </div>
   <div class='ocr_carea' id='block_1_44' title="bbox 446 4531 2025 4601">
    <p class='ocr_par' dir='ltr' id='par_1_44' title="bbox 446 4531 2025 4601">
     <span class='ocr_line' id='line_1_44' title="bbox 446 4531 2025 4601; baseline 0 -18"><span class='ocrx_word' id='word_1_331' title='bbox 446 4532 684 4585; x_wconf 75' lang='lat' dir='ltr'><strong>adversm</strong></span> <span class='ocrx_word' id='word_1_332' title='bbox 712 4534 885 4585; x_wconf 86' lang='lat' dir='ltr'><strong>mundi</strong></span> <span class='ocrx_word' id='word_1_333' title='bbox 910 4543 1123 4586; x_wconf 86' lang='lat' dir='ltr'><strong>rectores</strong></span> <span class='ocrx_word' id='word_1_334' title='bbox 1154 4533 1464 4585; x_wconf 79' lang='lat' dir='ltr'><strong>tenebrarum</strong></span> <span class='ocrx_word' id='word_1_335' title='bbox 1496 4532 1648 4601; x_wconf 84' lang='lat' dir='ltr'><strong>hujus</strong></span> <span class='ocrx_word' id='word_1_336' title='bbox 1684 4531 1854 4585; x_wconf 67' lang='lat' dir='ltr'><strong>saeculi</strong></span> <span class='ocrx_word' id='word_1_337' title='bbox 1875 4572 1889 4594; x_wconf 95' lang='lat'><strong>,</strong></span> <span class='ocrx_word' id='word_1_338' title='bbox 1932 4531 2025 4583; x_wconf 87' lang='lat' dir='ltr'><strong>ad-</strong></span> 
     </span>
    </p>
   </div>
   <div class='ocr_carea' id='block_1_45' title="bbox 448 4621 2021 4692">
    <p class='ocr_par' dir='ltr' id='par_1_45' title="bbox 448 4621 2021 4692">
     <span class='ocr_line' id='line_1_45' title="bbox 448 4621 2021 4692; baseline 0 -17"><span class='ocrx_word' id='word_1_339' title='bbox 448 4638 617 4677; x_wconf 71' lang='lat' dir='ltr'><strong>versus</strong></span> <span class='ocrx_word' id='word_1_340' title='bbox 644 4624 931 4689; x_wconf 67' lang='lat' dir='ltr'><strong>spiﬁtualia</strong></span> <span class='ocrx_word' id='word_1_341' title='bbox 960 4625 1189 4692; x_wconf 79' lang='lat' dir='ltr'><strong>nequitia:</strong></span> <span class='ocrx_word' id='word_1_342' title='bbox 1215 4625 1265 4677; x_wconf 84' lang='lat' dir='ltr'><strong>in</strong></span> <span class='ocrx_word' id='word_1_343' title='bbox 1293 4624 1567 4677; x_wconf 64' lang='lat' dir='ltr'><strong>caelestibus</strong></span> <span class='ocrx_word' id='word_1_344' title='bbox 1595 4622 1810 4691; x_wconf 78' lang='lat' dir='ltr'><strong>(Ep/tes.</strong></span> <span class='ocrx_word' id='word_1_345' title='bbox 1834 4622 1885 4677; x_wconf 88' lang='lat'><strong>6.</strong></span> <span class='ocrx_word' id='word_1_346' title='bbox 1912 4621 2021 4691; x_wconf 71' lang='grc'><strong>12).</strong></span> 
     </span>
    </p>
   </div>
   <div class='ocr_carea' id='block_1_46' title="bbox 447 4716 2025 4785">
    <p class='ocr_par' dir='ltr' id='par_1_46' title="bbox 447 4716 2025 4785">
     <span class='ocr_line' id='line_1_46' title="bbox 447 4716 2025 4785; baseline -0.001 -15"><span class='ocrx_word' id='word_1_347' title='bbox 447 4716 571 4775; x_wconf 73' lang='lat' dir='ltr'><strong>ll;ec</strong></span> <span class='ocrx_word' id='word_1_348' title='bbox 595 4725 771 4768; x_wconf 89' lang='lat' dir='ltr'><strong>autem</strong></span> <span class='ocrx_word' id='word_1_349' title='bbox 801 4730 919 4767; x_wconf 89' lang='lat' dir='ltr'><strong>cum</strong></span> <span class='ocrx_word' id='word_1_350' title='bbox 951 4716 1185 4778; x_wconf 88' lang='lat' dir='ltr'><strong>diceret,</strong></span> <span class='ocrx_word' id='word_1_351' title='bbox 1219 4732 1323 4767; x_wconf 92' lang='lat' dir='ltr'><strong>non</strong></span> <span class='ocrx_word' id='word_1_352' title='bbox 1345 4716 1576 4785; x_wconf 85' lang='lat' dir='ltr'><strong>dejicere</strong></span> <span class='ocrx_word' id='word_1_353' title='bbox 1606 4716 1852 4770; x_wconf 89' lang='lat' dir='ltr'><strong>studebat</strong></span> <span class='ocrx_word' id='word_1_354' title='bbox 1876 4717 2025 4770; x_wconf 88' lang='lat' dir='ltr'><strong>audi-</strong></span> 
     </span>
    </p>
   </div>
   <div class='ocr_carea' id='block_1_47' title="bbox 452 4806 2026 4875">
    <p class='ocr_par' dir='ltr' id='par_1_47' title="bbox 452 4806 2026 4875">
     <span class='ocr_line' id='line_1_47' title="bbox 452 4806 2026 4875; baseline -0.002 -13"><span class='ocrx_word' id='word_1_355' title='bbox 452 4821 623 4862; x_wconf 90' lang='lat' dir='ltr'><strong>torum</strong></span> <span class='ocrx_word' id='word_1_356' title='bbox 663 4808 899 4870; x_wconf 85' lang='lat' dir='ltr'><strong>animos,</strong></span> <span class='ocrx_word' id='word_1_357' title='bbox 929 4806 1020 4859; x_wconf 86' lang='lat' dir='ltr'><strong>scd</strong></span> <span class='ocrx_word' id='word_1_358' title='bbox 1051 4807 1223 4873; x_wconf 88' lang='lat' dir='ltr'><strong>potius</strong></span> <span class='ocrx_word' id='word_1_359' title='bbox 1252 4807 1476 4875; x_wconf 84' lang='lat' dir='ltr'><strong>erigere.</strong></span> <span class='ocrx_word' id='word_1_360' title='bbox 1513 4808 1695 4861; x_wconf 65' lang='lat' dir='ltr'><strong>Petrus</strong></span> <span class='ocrx_word' id='word_1_361' title='bbox 1720 4809 1842 4861; x_wconf 88' lang='lat' dir='ltr'><strong>item</strong></span> <span class='ocrx_word' id='word_1_362' title='bbox 1874 4827 1886 4860; x_wconf 90' lang='lat'>:</span> <span class='ocrx_word' id='word_1_363' title='bbox 1922 4810 2026 4861; x_wconf 80' lang='lat' dir='ltr'><strong>So-</strong></span> 
     </span>
    </p>
   </div>
   <div class='ocr_carea' id='block_1_48' title="bbox 446 4896 2027 4966">
    <p class='ocr_par' dir='ltr' id='par_1_48' title="bbox 446 4896 2027 4966">
     <span class='ocr_line' id='line_1_48' title="bbox 446 4896 2027 4966; baseline -0.001 -13"><span class='ocrx_word' id='word_1_364' title='bbox 446 4900 543 4953; x_wconf 78' lang='lat' dir='ltr'><strong>brii</strong></span> <span class='ocrx_word' id='word_1_365' title='bbox 585 4906 736 4952; x_wconf 85' lang='lat' dir='ltr'><strong>estote</strong></span> <span class='ocrx_word' id='word_1_366' title='bbox 762 4907 806 4949; x_wconf 90' lang='lat' dir='ltr'><strong>et</strong></span> <span class='ocrx_word' id='word_1_367' title='bbox 834 4896 1061 4966; x_wconf 80' lang='lat' dir='ltr'><strong>vigilate,</strong></span> <span class='ocrx_word' id='word_1_368' title='bbox 1107 4898 1226 4965; x_wconf 85' lang='lat' dir='ltr'><strong>quia</strong></span> <span class='ocrx_word' id='word_1_369' title='bbox 1256 4896 1570 4949; x_wconf 84' lang='lat' dir='ltr'><strong>adversarius</strong></span> <span class='ocrx_word' id='word_1_370' title='bbox 1611 4908 1768 4950; x_wconf 86' lang='lat' dir='ltr'><strong>vester</strong></span> <span class='ocrx_word' id='word_1_371' title='bbox 1796 4898 2027 4952; x_wconf 83' lang='lat' dir='ltr'><strong>diabolus</strong></span> 
     </span>
    </p>
   </div>
   <div class='ocr_carea' id='block_1_49' title="bbox 447 4990 2026 5062">
    <p class='ocr_par' dir='ltr' id='par_1_49' title="bbox 447 4990 2026 5062">
     <span class='ocr_line' id='line_1_49' title="bbox 447 4990 2026 5062; baseline 0 -18"><span class='ocrx_word' id='word_1_372' title='bbox 447 5002 701 5062; x_wconf 86' lang='lat' dir='ltr'><strong>tamquam</strong></span> <span class='ocrx_word' id='word_1_373' title='bbox 742 4993 819 5044; x_wconf 87' lang='lat' dir='ltr'><strong>leo</strong></span> <span class='ocrx_word' id='word_1_374' title='bbox 848 4991 1048 5058; x_wconf 71' lang='lat' dir='ltr'><strong>rugiens</strong></span> <span class='ocrx_word' id='word_1_375' title='bbox 1093 4990 1267 5042; x_wconf 85' lang='lat' dir='ltr'><strong>circuit</strong></span> <span class='ocrx_word' id='word_1_376' title='bbox 1311 5006 1539 5059; x_wconf 76' lang='lat' dir='ltr'><strong>quterens</strong></span> <span class='ocrx_word' id='word_1_377' title='bbox 1585 5007 1732 5060; x_wconf 86' lang='lat' dir='ltr'><strong>quem</strong></span> <span class='ocrx_word' id='word_1_378' title='bbox 1781 4991 2026 5045; x_wconf 84' lang='lat' dir='ltr'><strong>deraret:</strong></span> 
     </span>
    </p>
   </div>
   <div class='ocr_carea' id='block_1_50' title="bbox 446 5079 2024 5152">
    <p class='ocr_par' dir='ltr' id='par_1_50' title="bbox 446 5079 2024 5152">
     <span class='ocr_line' id='line_1_50' title="bbox 446 5079 2024 5152; baseline -0.001 -16"><span class='ocrx_word' id='word_1_379' title='bbox 446 5087 527 5137; x_wconf 86' lang='lat' dir='ltr'><strong>cui</strong></span> <span class='ocrx_word' id='word_1_380' title='bbox 565 5085 774 5139; x_wconf 82' lang='lat' dir='ltr'><strong>resistite</strong></span> <span class='ocrx_word' id='word_1_381' title='bbox 815 5088 965 5152; x_wconf 77' lang='lat' dir='ltr'><strong>[ortos</strong></span> <span class='ocrx_word' id='word_1_382' title='bbox 994 5082 1046 5133; x_wconf 88' lang='lat' dir='ltr'><strong>in</strong></span> <span class='ocrx_word' id='word_1_383' title='bbox 1084 5081 1185 5141; x_wconf 79' lang='lat' dir='ltr'><strong>[ide</strong></span> <span class='ocrx_word' id='word_1_384' title='bbox 1227 5082 1300 5148; x_wconf 82' lang='lat' dir='ltr'><strong>(l.</strong></span> <span class='ocrx_word' id='word_1_385' title='bbox 1330 5079 1472 5134; x_wconf 86' lang='lat' dir='ltr'><strong>Pctr.</strong></span> <span class='ocrx_word' id='word_1_386' title='bbox 1515 5082 1566 5133; x_wconf 85' lang='lat'><strong>5.</strong></span> <span class='ocrx_word' id='word_1_387' title='bbox 1599 5081 1677 5149; x_wconf 88' lang='lat'><strong>8).</strong></span> <span class='ocrx_word' id='word_1_388' title='bbox 1709 5080 1819 5134; x_wconf 87' lang='lat' dir='ltr'><strong>Hoc</strong></span> <span class='ocrx_word' id='word_1_389' title='bbox 1847 5090 2024 5134; x_wconf 80' lang='lat' dir='ltr'><strong>autem</strong></span> 
     </span>
    </p>
   </div>
   <div class='ocr_carea' id='block_1_51' title="bbox 446 5171 2024 5238">
    <p class='ocr_par' dir='ltr' id='par_1_51' title="bbox 446 5171 2024 5238">
     <span class='ocr_line' id='line_1_51' title="bbox 446 5171 2024 5238; baseline -0.001 -11"><span class='ocrx_word' id='word_1_390' title='bbox 446 5178 579 5229; x_wconf 79' lang='lat' dir='ltr'><strong>dixit</strong></span> <span class='ocrx_word' id='word_1_391' title='bbox 607 5186 662 5229; x_wconf 91' lang='lat' dir='ltr'><strong>ut</strong></span> <span class='ocrx_word' id='word_1_392' title='bbox 704 5191 799 5229; x_wconf 83' lang='lat' dir='ltr'><strong>nos</strong></span> <span class='ocrx_word' id='word_1_393' title='bbox 840 5174 1083 5227; x_wconf 73' lang='lat' dir='ltr'><strong>fortiores</strong></span> <span class='ocrx_word' id='word_1_394' title='bbox 1110 5172 1380 5237; x_wconf 72' lang='lat' dir='ltr'><strong>efficeret,</strong></span> <span class='ocrx_word' id='word_1_395' title='bbox 1428 5181 1478 5225; x_wconf 89' lang='lat' dir='ltr'><strong>et</strong></span> <span class='ocrx_word' id='word_1_396' title='bbox 1521 5171 1584 5225; x_wconf 89' lang='lat' dir='ltr'><strong>ad</strong></span> <span class='ocrx_word' id='word_1_397' title='bbox 1617 5174 1872 5238; x_wconf 76' lang='lat' dir='ltr'><strong>majorem</strong></span> <span class='ocrx_word' id='word_1_398' title='bbox 1904 5187 2024 5225; x_wconf 90' lang='lat' dir='ltr'><strong>cum</strong></span> 
     </span>
    </p>
   </div>
   <div class='ocr_carea' id='block_1_52' title="bbox 450 5264 2026 5331">
    <p class='ocr_par' dir='ltr' id='par_1_52' title="bbox 450 5264 2026 5331">
     <span class='ocr_line' id='line_1_52' title="bbox 450 5264 2026 5331; baseline -0.001 -11"><span class='ocrx_word' id='word_1_399' title='bbox 450 5268 557 5320; x_wconf 86' lang='lat' dir='ltr'><strong>Deo</strong></span> <span class='ocrx_word' id='word_1_400' title='bbox 583 5268 993 5325; x_wconf 90' lang='lat' dir='ltr'><strong>familiaritatem</strong></span> <span class='ocrx_word' id='word_1_401' title='bbox 1024 5264 1315 5318; x_wconf 80' lang='lat' dir='ltr'><strong>induceret.</strong></span> <span class='ocrx_word' id='word_1_402' title='bbox 1339 5265 1436 5331; x_wconf 87' lang='lat' dir='ltr'><strong>Qui</strong></span> <span class='ocrx_word' id='word_1_403' title='bbox 1464 5266 1603 5317; x_wconf 88' lang='lat' dir='ltr'><strong>enim</strong></span> <span class='ocrx_word' id='word_1_404' title='bbox 1626 5264 1902 5318; x_wconf 90' lang='lat' dir='ltr'><strong>imminere</strong></span> <span class='ocrx_word' id='word_1_405' title='bbox 1925 5264 2026 5319; x_wconf 89' lang='lat' dir='ltr'><strong>sibi</strong></span> 
     </span>
    </p>
   </div>
   <div class='ocr_carea' id='block_1_53' title="bbox 449 5356 2026 5425">
    <p class='ocr_par' dir='ltr' id='par_1_53' title="bbox 449 5356 2026 5425">
     <span class='ocr_line' id='line_1_53' title="bbox 449 5356 2026 5425; baseline -0.001 -13"><span class='ocrx_word' id='word_1_406' title='bbox 449 5371 617 5412; x_wconf 78' lang='lat' dir='ltr'><strong>cernit</strong></span> <span class='ocrx_word' id='word_1_407' title='bbox 650 5361 949 5424; x_wconf 87' lang='lat' dir='ltr'><strong>inimicum,</strong></span> <span class='ocrx_word' id='word_1_408' title='bbox 983 5356 1170 5425; x_wconf 86' lang='lat' dir='ltr'><strong>majori</strong></span> <span class='ocrx_word' id='word_1_409' title='bbox 1216 5358 1279 5409; x_wconf 88' lang='lat' dir='ltr'><strong>ad</strong></span> <span class='ocrx_word' id='word_1_410' title='bbox 1312 5358 1460 5410; x_wconf 91' lang='lat' dir='ltr'><strong>illum</strong></span> <span class='ocrx_word' id='word_1_411' title='bbox 1489 5358 1653 5411; x_wconf 89' lang='lat' dir='ltr'><strong>currit</strong></span> <span class='ocrx_word' id='word_1_412' title='bbox 1681 5356 1968 5421; x_wconf 86' lang='lat' dir='ltr'><strong>desiderio,</strong></span> <span class='ocrx_word' id='word_1_413' title='bbox 1997 5373 2026 5411; x_wconf 91' lang='lat' dir='ltr'><strong>a</strong></span> 
     </span>
    </p>
   </div>
   <div class='ocr_carea' id='block_1_54' title="bbox 450 5447 2029 5521">
    <p class='ocr_par' dir='ltr' id='par_1_54' title="bbox 450 5447 2029 5521">
     <span class='ocr_line' id='line_1_54' title="bbox 450 5447 2029 5521; baseline 0.001 -20"><span class='ocrx_word' id='word_1_414' title='bbox 450 5467 555 5519; x_wconf 89' lang='lat' dir='ltr'><strong>quo</strong></span> <span class='ocrx_word' id='word_1_415' title='bbox 580 5451 790 5507; x_wconf 88' lang='lat' dir='ltr'><strong>defendi</strong></span> <span class='ocrx_word' id='word_1_416' title='bbox 819 5451 1003 5521; x_wconf 74' lang='lat' dir='ltr'><strong>possit.</strong></span> <span class='ocrx_word' id='word_1_417' title='bbox 1039 5449 1110 5502; x_wconf 88' lang='lat' dir='ltr'><strong>Ita</strong></span> <span class='ocrx_word' id='word_1_418' title='bbox 1145 5447 1254 5501; x_wconf 88' lang='lat' dir='ltr'><strong>fere</strong></span> <span class='ocrx_word' id='word_1_419' title='bbox 1285 5448 1511 5503; x_wconf 85' lang='lat' dir='ltr'><strong>infantes</strong></span> <span class='ocrx_word' id='word_1_420' title='bbox 1541 5449 1723 5518; x_wconf 85' lang='lat' dir='ltr'><strong>pueri,</strong></span> <span class='ocrx_word' id='word_1_421' title='bbox 1754 5464 1873 5502; x_wconf 90' lang='lat' dir='ltr'><strong>cum</strong></span> <span class='ocrx_word' id='word_1_422' title='bbox 1901 5448 2029 5518; x_wconf 90' lang='lat' dir='ltr'><strong>quid</strong></span> 
     </span>
    </p>
   </div>
   <div class='ocr_carea' id='block_1_55' title="bbox 452 5543 2032 5615">
    <p class='ocr_par' dir='ltr' id='par_1_55' title="bbox 452 5543 2032 5615">
     <span class='ocr_line' id='line_1_55' title="bbox 452 5543 2032 5615; baseline 0.001 -18"><span class='ocrx_word' id='word_1_423' title='bbox 452 5544 776 5599; x_wconf 79' lang='lat' dir='ltr'><strong>horrendum</strong></span> <span class='ocrx_word' id='word_1_424' title='bbox 804 5546 1064 5609; x_wconf 90' lang='lat' dir='ltr'><strong>viderint,</strong></span> <span class='ocrx_word' id='word_1_425' title='bbox 1110 5543 1175 5597; x_wconf 91' lang='lat' dir='ltr'><strong>ad</strong></span> <span class='ocrx_word' id='word_1_426' title='bbox 1221 5552 1447 5597; x_wconf 89' lang='lat' dir='ltr'><strong>matrum</strong></span> <span class='ocrx_word' id='word_1_427' title='bbox 1491 5546 1638 5599; x_wconf 88' lang='lat' dir='ltr'><strong>sinus</strong></span> <span class='ocrx_word' id='word_1_428' title='bbox 1678 5545 1919 5615; x_wconf 85' lang='lat' dir='ltr'><strong>protinus</strong></span> <span class='ocrx_word' id='word_1_429' title='bbox 1950 5546 2032 5599; x_wconf 90' lang='lat' dir='ltr'><strong>fu-</strong></span> 
     </span>
    </p>
   </div>
   <div class='ocr_carea' id='block_1_56' title="bbox 451 5635 2033 5707">
    <p class='ocr_par' dir='ltr' id='par_1_56' title="bbox 451 5635 2033 5707">
     <span class='ocr_line' id='line_1_56' title="bbox 451 5635 2033 5707; baseline 0.001 -19"><span class='ocrx_word' id='word_1_430' title='bbox 451 5635 597 5705; x_wconf 90' lang='lat' dir='ltr'><strong>giunt</strong></span> <span class='ocrx_word' id='word_1_431' title='bbox 620 5674 634 5698; x_wconf 96' lang='lat'><strong>,</strong></span> <span class='ocrx_word' id='word_1_432' title='bbox 682 5635 997 5707; x_wconf 89' lang='lat' dir='ltr'><strong>illarumque</strong></span> <span class='ocrx_word' id='word_1_433' title='bbox 1027 5636 1317 5707; x_wconf 69' lang='lat' dir='ltr'><strong>pendentes</strong></span> <span class='ocrx_word' id='word_1_434' title='bbox 1352 5636 1586 5689; x_wconf 73' lang='lat' dir='ltr'><strong>Vestibus</strong></span> <span class='ocrx_word' id='word_1_435' title='bbox 1612 5636 1690 5690; x_wconf 91' lang='lat' dir='ltr'><strong>eis</strong></span> <span class='ocrx_word' id='word_1_436' title='bbox 1716 5652 1775 5691; x_wconf 89' lang='lat' dir='ltr'><strong>se</strong></span> <span class='ocrx_word' id='word_1_437' title='bbox 1820 5647 2033 5691; x_wconf 82' lang='lat' dir='ltr'><strong>tuentur</strong></span> 
     </span>
    </p>
   </div>
   <div class='ocr_carea' id='block_1_57' title="bbox 451 5728 2033 5799">
    <p class='ocr_par' dir='ltr' id='par_1_57' title="bbox 451 5728 2033 5799">
     <span class='ocr_line' id='line_1_57' title="bbox 451 5728 2033 5799; baseline -0.002 -16"><span class='ocrx_word' id='word_1_438' title='bbox 451 5744 513 5783; x_wconf 89' lang='lat' dir='ltr'><strong>ac</strong></span> <span class='ocrx_word' id='word_1_439' title='bbox 541 5736 836 5797; x_wconf 77' lang='lat' dir='ltr'><strong>protegunt.</strong></span> <span class='ocrx_word' id='word_1_440' title='bbox 867 5740 1025 5799; x_wconf 87' lang='lat' dir='ltr'><strong>atque</strong></span> <span class='ocrx_word' id='word_1_441' title='bbox 1053 5732 1119 5784; x_wconf 88' lang='lat' dir='ltr'><strong>ita</strong></span> <span class='ocrx_word' id='word_1_442' title='bbox 1149 5739 1204 5783; x_wconf 92' lang='lat' dir='ltr'><strong>ut</strong></span> <span class='ocrx_word' id='word_1_443' title='bbox 1230 5728 1425 5796; x_wconf 68' lang='lat' dir='ltr'><strong>stopius</strong></span> <span class='ocrx_word' id='word_1_444' title='bbox 1449 5730 1841 5783; x_wconf 85' lang='lat' dir='ltr'><strong>retrahemibus</strong></span> <span class='ocrx_word' id='word_1_445' title='bbox 1870 5730 2033 5797; x_wconf 90' lang='lat' dir='ltr'><strong>pluri-</strong></span> 
     </span>
    </p>
   </div>
   <div class='ocr_carea' id='block_1_58' title="bbox 453 5819 2029 5892">
    <p class='ocr_par' dir='ltr' id='par_1_58' title="bbox 453 5819 2029 5892">
     <span class='ocr_line' id='line_1_58' title="bbox 453 5819 2029 5892; baseline -0.002 -17"><span class='ocrx_word' id='word_1_446' title='bbox 453 5822 553 5875; x_wconf 91' lang='lat' dir='ltr'><strong>mis</strong></span> <span class='ocrx_word' id='word_1_447' title='bbox 596 5820 717 5874; x_wconf 84' lang='lat' dir='ltr'><strong>inde</strong></span> <span class='ocrx_word' id='word_1_448' title='bbox 762 5820 916 5874; x_wconf 87' lang='lat' dir='ltr'><strong>avelli</strong></span> <span class='ocrx_word' id='word_1_449' title='bbox 964 5838 1067 5875; x_wconf 88' lang='lat' dir='ltr'><strong>non</strong></span> <span class='ocrx_word' id='word_1_450' title='bbox 1112 5822 1337 5892; x_wconf 64' lang='lat' dir='ltr'><strong>possint.</strong></span> <span class='ocrx_word' id='word_1_451' title='bbox 1381 5821 1448 5873; x_wconf 80' lang='lat' dir='ltr'><strong>At</strong></span> <span class='ocrx_word' id='word_1_452' title='bbox 1490 5834 1616 5873; x_wconf 92' lang='lat' dir='ltr'><strong>vero</strong></span> <span class='ocrx_word' id='word_1_453' title='bbox 1643 5819 1855 5888; x_wconf 87' lang='lat' dir='ltr'><strong>quando</strong></span> <span class='ocrx_word' id='word_1_454' title='bbox 1900 5819 2029 5873; x_wconf 86' lang='lat' dir='ltr'><strong>nihil</strong></span> 
     </span>
    </p>
   </div>
   <div class='ocr_carea' id='block_1_59' title="bbox 452 5909 2031 5984">
    <p class='ocr_par' dir='ltr' id='par_1_59' title="bbox 452 5909 2031 5984">
     <span class='ocr_line' id='line_1_59' title="bbox 452 5909 2031 5984; baseline -0.002 -16"><span class='ocrx_word' id='word_1_455' title='bbox 452 5912 713 5984; x_wconf 77' lang='lat' dir='ltr'><strong>ejusmodi</strong></span> <span class='ocrx_word' id='word_1_456' title='bbox 750 5911 1055 5983; x_wconf 83' lang='lat' dir='ltr'><strong>perturbat,</strong></span> <span class='ocrx_word' id='word_1_457' title='bbox 1086 5930 1151 5965; x_wconf 92' lang='lat' dir='ltr'><strong>ne</strong></span> <span class='ocrx_word' id='word_1_458' title='bbox 1176 5922 1428 5968; x_wconf 85' lang='lat' dir='ltr'><strong>vocantes</strong></span> <span class='ocrx_word' id='word_1_459' title='bbox 1456 5910 1667 5982; x_wconf 88' lang='lat' dir='ltr'><strong>quidem</strong></span> <span class='ocrx_word' id='word_1_460' title='bbox 1709 5909 1826 5965; x_wconf 90' lang='lat' dir='ltr'><strong>illas</strong></span> <span class='ocrx_word' id='word_1_461' title='bbox 1861 5925 2031 5965; x_wconf 83' lang='lat' dir='ltr'><strong>exau-</strong></span> 
     </span>
    </p>
   </div>
   <div class='ocr_carea' id='block_1_60' title="bbox 454 6001 2030 6075">
    <p class='ocr_par' dir='ltr' id='par_1_60' title="bbox 454 6001 2030 6075">
     <span class='ocr_line' id='line_1_60' title="bbox 454 6001 2030 6075; baseline -0.002 -12"><span class='ocrx_word' id='word_1_462' title='bbox 454 6008 637 6073; x_wconf 85' lang='lat' dir='ltr'><strong>diunt,</strong></span> <span class='ocrx_word' id='word_1_463' title='bbox 681 6018 852 6071; x_wconf 87' lang='lat' dir='ltr'><strong>neque</strong></span> <span class='ocrx_word' id='word_1_464' title='bbox 896 6001 1031 6057; x_wconf 83' lang='lat' dir='ltr'><strong>trahi</strong></span> <span class='ocrx_word' id='word_1_465' title='bbox 1057 6004 1329 6059; x_wconf 75' lang='lat' dir='ltr'><strong>patiuntur</strong></span> <span class='ocrx_word' id='word_1_466' title='bbox 1367 6021 1382 6058; x_wconf 90' lang='lat'><strong>:</strong></span> <span class='ocrx_word' id='word_1_467' title='bbox 1429 6006 1538 6061; x_wconf 92' lang='lat' dir='ltr'><strong>imo</strong></span> <span class='ocrx_word' id='word_1_468' title='bbox 1577 6004 1906 6075; x_wconf 84' lang='lat' dir='ltr'><strong>appellantes</strong></span> <span class='ocrx_word' id='word_1_469' title='bbox 1944 6020 2030 6060; x_wconf 80' lang='lat' dir='ltr'><strong>re-</strong></span> 
     </span>
    </p>
   </div>
   <div class='ocr_carea' id='block_1_61' title="bbox 778 6091 1512 6157">
    <p class='ocr_par' dir='ltr' id='par_1_61' title="bbox 778 6091 1512 6157">
     <span class='ocr_line' id='line_1_61' title="bbox 778 6091 1512 6157; baseline 0.012 -9"><span class='ocrx_word' id='word_1_470' title='bbox 778 6091 1047 6156; x_wconf 66' lang='grc' dir='ltr'><strong>Ριτιιοι..</strong></span> <span class='ocrx_word' id='word_1_471' title='bbox 1097 6093 1211 6157; x_wconf 80' lang='lat' dir='ltr'><strong>Gn.</strong></span> <span class='ocrx_word' id='word_1_472' title='bbox 1264 6097 1406 6154; x_wconf 76' lang='lat' dir='ltr'><strong>XLl</strong></span> <span class='ocrx_word' id='word_1_473' title='bbox 1437 6100 1512 6156; x_wconf 84' lang='lat' dir='ltr'><strong>ll.</strong></span> 
     </span>
    </p>
   </div>
   <div class='ocr_carea' id='block_1_62' title="bbox 1348 569 2908 637">
    <p class='ocr_par' dir='ltr' id='par_1_62' title="bbox 1348 569 2908 637">
     <span class='ocr_line' id='line_1_62' title="bbox 1348 569 2908 637; baseline -0.004 0"><span class='ocrx_word' id='word_1_474' title='bbox 1348 582 1438 637; x_wconf 81' lang='lat' dir='ltr'><strong>AD</strong></span> <span class='ocrx_word' id='word_1_475' title='bbox 1474 572 1847 635; x_wconf 77' lang='lat' dir='ltr'><strong>STAGlRlUM</strong></span> <span class='ocrx_word' id='word_1_476' title='bbox 1888 575 1928 628; x_wconf 77' lang='grc' dir='ltr'><strong>Α</strong></span> <span class='ocrx_word' id='word_1_477' title='bbox 1970 569 2270 629; x_wconf 54' lang='grc' dir='ltr'><strong>ΒΑΕΜΟΝΕ</strong></span> <span class='ocrx_word' id='word_1_478' title='bbox 2308 571 2665 629; x_wconf 73' lang='lat' dir='ltr'><strong>VEXATUM.</strong></span> <span class='ocrx_word' id='word_1_479' title='bbox 2706 572 2835 629; x_wconf 83' lang='lat' dir='ltr'><strong>LIB.</strong></span> <span class='ocrx_word' id='word_1_480' title='bbox 2868 576 2908 631; x_wconf 83' lang='grc' dir='ltr'><strong>ι.</strong></span> 
     </span>
    </p>
   </div>
   <div class='ocr_carea' id='block_1_63' title="bbox 3621 582 3730 638">
    <p class='ocr_par' dir='ltr' id='par_1_63' title="bbox 3621 582 3730 638">
     <span class='ocr_line' id='line_1_63' title="bbox 3621 582 3730 638; baseline 0 -1"><span class='ocrx_word' id='word_1_481' title='bbox 3621 582 3730 638; x_wconf 66' lang='grc'><strong>438</strong></span> 
     </span>
    </p>
   </div>
   <div class='ocr_carea' id='block_1_64' title="bbox 2149 686 3731 758">
    <p class='ocr_par' dir='ltr' id='par_1_64' title="bbox 2149 686 3731 758">
     <span class='ocr_line' id='line_1_64' title="bbox 2149 686 3731 758; baseline 0.007 -19"><span class='ocrx_word' id='word_1_482' title='bbox 2149 694 2366 756; x_wconf 88' lang='lat' dir='ltr'><strong>spuunt,</strong></span> <span class='ocrx_word' id='word_1_483' title='bbox 2399 694 2454 741; x_wconf 90' lang='lat' dir='ltr'><strong>et</strong></span> <span class='ocrx_word' id='word_1_484' title='bbox 2480 701 2602 742; x_wconf 93' lang='lat' dir='ltr'><strong>cum</strong></span> <span class='ocrx_word' id='word_1_485' title='bbox 2646 686 2871 758; x_wconf 88' lang='lat' dir='ltr'><strong>plurima</strong></span> <span class='ocrx_word' id='word_1_486' title='bbox 2897 687 3003 745; x_wconf 68' lang='lat' dir='ltr'><strong>illas</strong></span> <span class='ocrx_word' id='word_1_487' title='bbox 3030 690 3335 758; x_wconf 84' lang='lat' dir='ltr'><strong>moliantur,</strong></span> <span class='ocrx_word' id='word_1_488' title='bbox 3367 700 3424 747; x_wconf 92' lang='lat' dir='ltr'><strong>ut</strong></span> <span class='ocrx_word' id='word_1_489' title='bbox 3464 694 3530 748; x_wconf 82' lang='lat' dir='ltr'><strong>ad</strong></span> <span class='ocrx_word' id='word_1_490' title='bbox 3554 710 3613 750; x_wconf 88' lang='lat' dir='ltr'><strong>se</strong></span> <span class='ocrx_word' id='word_1_491' title='bbox 3636 711 3731 750; x_wconf 89' lang='lat' dir='ltr'><strong>eos</strong></span> 
     </span>
    </p>
   </div>
   <div class='ocr_carea' id='block_1_65' title="bbox 2148 777 3734 858">
    <p class='ocr_par' dir='ltr' id='par_1_65' title="bbox 2148 777 3734 858">
     <span class='ocr_line' id='line_1_65' title="bbox 2148 777 3734 858; baseline 0.007 -26"><span class='ocrx_word' id='word_1_492' title='bbox 2148 777 2493 847; x_wconf 87' lang='lat' dir='ltr'><strong>pertrahant,</strong></span> <span class='ocrx_word' id='word_1_493' title='bbox 2551 794 2765 850; x_wconf 87' lang='lat' dir='ltr'><strong>semper</strong></span> <span class='ocrx_word' id='word_1_494' title='bbox 2813 795 2905 835; x_wconf 90' lang='lat' dir='ltr'><strong>eas</strong></span> <span class='ocrx_word' id='word_1_495' title='bbox 2952 792 3286 850; x_wconf 87' lang='lat' dir='ltr'><strong>aversantur,</strong></span> <span class='ocrx_word' id='word_1_496' title='bbox 3331 786 3734 858; x_wconf 89' lang='lat' dir='ltr'><strong>appositamqne</strong></span> 
     </span>
    </p>
   </div>
   <div class='ocr_carea' id='block_1_66' title="bbox 2152 870 3731 945">
    <p class='ocr_par' dir='ltr' id='par_1_66' title="bbox 2152 870 3731 945">
     <span class='ocr_line' id='line_1_66' title="bbox 2152 870 3731 945; baseline 0.007 -22"><span class='ocrx_word' id='word_1_497' title='bbox 2152 886 2393 923; x_wconf 77' lang='lat' dir='ltr'><strong>mensam</strong></span> <span class='ocrx_word' id='word_1_498' title='bbox 2420 870 2740 940; x_wconf 89' lang='lat' dir='ltr'><strong>despiciunt.</strong></span> <span class='ocrx_word' id='word_1_499' title='bbox 2769 873 3029 939; x_wconf 86' lang='lat' dir='ltr'><strong>Quocirca</strong></span> <span class='ocrx_word' id='word_1_500' title='bbox 3057 884 3286 929; x_wconf 86' lang='lat' dir='ltr'><strong>matrum</strong></span> <span class='ocrx_word' id='word_1_501' title='bbox 3319 876 3581 945; x_wconf 69' lang='lat' dir='ltr'><strong>plurimae,</strong></span> <span class='ocrx_word' id='word_1_502' title='bbox 3611 894 3731 934; x_wconf 90' lang='lat' dir='ltr'><strong>cum</strong></span> 
     </span>
    </p>
   </div>
   <div class='ocr_carea' id='block_1_67' title="bbox 2151 960 3731 1040">
    <p class='ocr_par' dir='ltr' id='par_1_67' title="bbox 2151 960 3731 1040">
     <span class='ocr_line' id='line_1_67' title="bbox 2151 960 3731 1040; baseline 0.008 -27"><span class='ocrx_word' id='word_1_503' title='bbox 2151 961 2280 1015; x_wconf 85' lang='lat' dir='ltr'><strong>nihil</strong></span> <span class='ocrx_word' id='word_1_504' title='bbox 2301 960 2631 1017; x_wconf 87' lang='lat' dir='ltr'><strong>obsecrando</strong></span> <span class='ocrx_word' id='word_1_505' title='bbox 2653 967 2911 1034; x_wconf 88' lang='lat' dir='ltr'><strong>prolicere</strong></span> <span class='ocrx_word' id='word_1_506' title='bbox 2932 980 2990 1019; x_wconf 91' lang='lat' dir='ltr'><strong>se</strong></span> <span class='ocrx_word' id='word_1_507' title='bbox 3011 965 3259 1031; x_wconf 90' lang='lat' dir='ltr'><strong>viderint,</strong></span> <span class='ocrx_word' id='word_1_508' title='bbox 3286 967 3455 1021; x_wconf 86' lang='lat' dir='ltr'><strong>larvas</strong></span> <span class='ocrx_word' id='word_1_509' title='bbox 3475 973 3731 1040; x_wconf 80' lang='lat' dir='ltr'><strong>quasdam</strong></span> 
     </span>
    </p>
   </div>
   <div class='ocr_carea' id='block_1_68' title="bbox 2152 1054 3733 1129">
    <p class='ocr_par' dir='ltr' id='par_1_68' title="bbox 2152 1054 3733 1129">
     <span class='ocr_line' id='line_1_68' title="bbox 2152 1054 3733 1129; baseline 0.007 -23"><span class='ocrx_word' id='word_1_510' title='bbox 2152 1054 2493 1125; x_wconf 88' lang='lat' dir='ltr'><strong>horrorisque</strong></span> <span class='ocrx_word' id='word_1_511' title='bbox 2520 1056 2767 1126; x_wconf 87' lang='lat' dir='ltr'><strong>figmenta</strong></span> <span class='ocrx_word' id='word_1_512' title='bbox 2800 1068 3016 1128; x_wconf 88' lang='lat' dir='ltr'><strong>parant,</strong></span> <span class='ocrx_word' id='word_1_513' title='bbox 3059 1068 3218 1129; x_wconf 88' lang='lat' dir='ltr'><strong>atque</strong></span> <span class='ocrx_word' id='word_1_514' title='bbox 3246 1061 3364 1116; x_wconf 88' lang='lat' dir='ltr'><strong>illos</strong></span> <span class='ocrx_word' id='word_1_515' title='bbox 3404 1062 3620 1116; x_wconf 82' lang='lat' dir='ltr'><strong>demum</strong></span> <span class='ocrx_word' id='word_1_516' title='bbox 3666 1065 3733 1117; x_wconf 91' lang='lat' dir='ltr'><strong>ad</strong></span> 
     </span>
    </p>
   </div>
   <div class='ocr_carea' id='block_1_69' title="bbox 2150 1146 3735 1221">
    <p class='ocr_par' dir='ltr' id='par_1_69' title="bbox 2150 1146 3735 1221">
     <span class='ocr_line' id='line_1_69' title="bbox 2150 1146 3735 1221; baseline 0.008 -23"><span class='ocrx_word' id='word_1_517' title='bbox 2150 1146 2377 1201; x_wconf 92' lang='lat' dir='ltr'><strong>reditum</strong></span> <span class='ocrx_word' id='word_1_518' title='bbox 2423 1147 2735 1217; x_wconf 90' lang='lat' dir='ltr'><strong>impellunt,</strong></span> <span class='ocrx_word' id='word_1_519' title='bbox 2774 1150 3200 1221; x_wconf 84' lang='lat' dir='ltr'><strong>persuadeutque</strong></span> <span class='ocrx_word' id='word_1_520' title='bbox 3224 1152 3289 1206; x_wconf 88' lang='lat' dir='ltr'><strong>ad</strong></span> <span class='ocrx_word' id='word_1_521' title='bbox 3328 1168 3388 1208; x_wconf 89' lang='lat' dir='ltr'><strong>se</strong></span> <span class='ocrx_word' id='word_1_522' title='bbox 3433 1154 3623 1209; x_wconf 87' lang='lat' dir='ltr'><strong>iterum</strong></span> <span class='ocrx_word' id='word_1_523' title='bbox 3651 1173 3735 1210; x_wconf 83' lang='lat' dir='ltr'><strong>re-</strong></span> 
     </span>
    </p>
   </div>
   <div class='ocr_carea' id='block_1_70' title="bbox 2149 1238 3735 1315">
    <p class='ocr_par' dir='ltr' id='par_1_70' title="bbox 2149 1238 3735 1315">
     <span class='ocr_line' id='line_1_70' title="bbox 2149 1238 3735 1315; baseline 0.008 -28"><span class='ocrx_word' id='word_1_524' title='bbox 2149 1250 2385 1290; x_wconf 89' lang='lat' dir='ltr'><strong>currere.</strong></span> <span class='ocrx_word' id='word_1_525' title='bbox 2416 1238 2527 1292; x_wconf 86' lang='lat' dir='ltr'><strong>lloc</strong></span> <span class='ocrx_word' id='word_1_526' title='bbox 2549 1247 2726 1293; x_wconf 90' lang='lat' dir='ltr'><strong>autem</strong></span> <span class='ocrx_word' id='word_1_527' title='bbox 2756 1256 2860 1294; x_wconf 88' lang='lat' dir='ltr'><strong>non</strong></span> <span class='ocrx_word' id='word_1_528' title='bbox 2892 1241 2943 1293; x_wconf 91' lang='lat' dir='ltr'><strong>in</strong></span> <span class='ocrx_word' id='word_1_529' title='bbox 2970 1241 3099 1295; x_wconf 88' lang='lat' dir='ltr'><strong>solis</strong></span> <span class='ocrx_word' id='word_1_530' title='bbox 3128 1244 3307 1312; x_wconf 92' lang='lat' dir='ltr'><strong>pueris</strong></span> <span class='ocrx_word' id='word_1_531' title='bbox 3334 1245 3613 1315; x_wconf 89' lang='lat' dir='ltr'><strong>contingit,</strong></span> <span class='ocrx_word' id='word_1_532' title='bbox 3639 1246 3735 1299; x_wconf 88' lang='lat' dir='ltr'><strong>sed</strong></span> 
     </span>
    </p>
   </div>
   <div class='ocr_carea' id='block_1_71' title="bbox 2148 1325 3735 1402">
    <p class='ocr_par' dir='ltr' id='par_1_71' title="bbox 2148 1325 3735 1402">
     <span class='ocr_line' id='line_1_71' title="bbox 2148 1325 3735 1402; baseline 0.008 -25"><span class='ocrx_word' id='word_1_533' title='bbox 2148 1325 2306 1379; x_wconf 86' lang='lat' dir='ltr'><strong>etiam</strong></span> <span class='ocrx_word' id='word_1_534' title='bbox 2348 1326 2399 1379; x_wconf 89' lang='lat' dir='ltr'><strong>in</strong></span> <span class='ocrx_word' id='word_1_535' title='bbox 2427 1327 2599 1380; x_wconf 89' lang='lat' dir='ltr'><strong>nobis.</strong></span> <span class='ocrx_word' id='word_1_536' title='bbox 2628 1327 2853 1393; x_wconf 87' lang='lat' dir='ltr'><strong>Quando</strong></span> <span class='ocrx_word' id='word_1_537' title='bbox 2890 1330 3031 1383; x_wconf 92' lang='lat' dir='ltr'><strong>enim</strong></span> <span class='ocrx_word' id='word_1_538' title='bbox 3072 1331 3335 1402; x_wconf 86' lang='lat' dir='ltr'><strong>malignus</strong></span> <span class='ocrx_word' id='word_1_539' title='bbox 3359 1333 3446 1387; x_wconf 90' lang='lat' dir='ltr'><strong>ille</strong></span> <span class='ocrx_word' id='word_1_540' title='bbox 3472 1342 3735 1402; x_wconf 83' lang='lat' dir='ltr'><strong>perterret</strong></span> 
     </span>
    </p>
   </div>
   <div class='ocr_carea' id='block_1_72' title="bbox 2148 1416 3734 1493">
    <p class='ocr_par' dir='ltr' id='par_1_72' title="bbox 2148 1416 3734 1493">
     <span class='ocr_line' id='line_1_72' title="bbox 2148 1416 3734 1493; baseline 0.009 -27"><span class='ocrx_word' id='word_1_541' title='bbox 2148 1429 2245 1468; x_wconf 92' lang='lat' dir='ltr'><strong>nos</strong></span> <span class='ocrx_word' id='word_1_542' title='bbox 2257 1425 2416 1482; x_wconf 89' lang='lat' dir='ltr'><strong>atque</strong></span> <span class='ocrx_word' id='word_1_543' title='bbox 2434 1416 2725 1484; x_wconf 85' lang='lat' dir='ltr'><strong>perturbat,</strong></span> <span class='ocrx_word' id='word_1_544' title='bbox 2747 1428 2869 1473; x_wconf 91' lang='lat' dir='ltr'><strong>tunc</strong></span> <span class='ocrx_word' id='word_1_545' title='bbox 2888 1418 3019 1489; x_wconf 87' lang='lat' dir='ltr'><strong>frugi</strong></span> <span class='ocrx_word' id='word_1_546' title='bbox 3038 1420 3317 1487; x_wconf 87' lang='lat' dir='ltr'><strong>efficimur,</strong></span> <span class='ocrx_word' id='word_1_547' title='bbox 3337 1431 3462 1477; x_wconf 91' lang='lat' dir='ltr'><strong>tunc</strong></span> <span class='ocrx_word' id='word_1_548' title='bbox 3478 1438 3576 1478; x_wconf 92' lang='lat' dir='ltr'><strong>nos</strong></span> <span class='ocrx_word' id='word_1_549' title='bbox 3590 1425 3734 1493; x_wconf 81' lang='lat' dir='ltr'><strong>ipsos</strong></span> 
     </span>
    </p>
   </div>
   <div class='ocr_carea' id='block_1_73' title="bbox 2149 1509 3731 1576">
    <p class='ocr_par' dir='ltr' id='par_1_73' title="bbox 2149 1509 3731 1576">
     <span class='ocr_line' id='line_1_73' title="bbox 2149 1509 3731 1576; baseline 0.005 -17"><span class='ocrx_word' id='word_1_550' title='bbox 2149 1509 2487 1576; x_wconf 86' lang='lat' dir='ltr'><strong>agnoscimus</strong></span> <span class='ocrx_word' id='word_1_551' title='bbox 2508 1551 2524 1575; x_wconf 94' lang='lat'><strong>,</strong></span> <span class='ocrx_word' id='word_1_552' title='bbox 2559 1520 2682 1563; x_wconf 92' lang='lat' dir='ltr'><strong>tunc</strong></span> <span class='ocrx_word' id='word_1_553' title='bbox 2713 1510 2779 1565; x_wconf 94' lang='lat' dir='ltr'><strong>ad</strong></span> <span class='ocrx_word' id='word_1_554' title='bbox 2814 1511 2977 1566; x_wconf 93' lang='lat' dir='ltr'><strong>Deum</strong></span> <span class='ocrx_word' id='word_1_555' title='bbox 3005 1512 3149 1566; x_wconf 89' lang='lat' dir='ltr'><strong>onmi</strong></span> <span class='ocrx_word' id='word_1_556' title='bbox 3178 1515 3355 1568; x_wconf 91' lang='lat' dir='ltr'><strong>studio</strong></span> <span class='ocrx_word' id='word_1_557' title='bbox 3383 1515 3731 1569; x_wconf 89' lang='lat' dir='ltr'><strong>recurrimus.</strong></span> 
     </span>
    </p>
   </div>
   <div class='ocr_carea' id='block_1_74' title="bbox 2146 1596 3733 1675">
    <p class='ocr_par' dir='ltr' id='par_1_74' title="bbox 2146 1596 3733 1675">
     <span class='ocr_line' id='line_1_74' title="bbox 2146 1596 3733 1675; baseline 0.006 -24"><span class='ocrx_word' id='word_1_558' title='bbox 2146 1596 2298 1665; x_wconf 84' lang='lat' dir='ltr'><strong>Quod</strong></span> <span class='ocrx_word' id='word_1_559' title='bbox 2310 1598 2353 1652; x_wconf 93' lang='lat' dir='ltr'><strong>si</strong></span> <span class='ocrx_word' id='word_1_560' title='bbox 2370 1599 2581 1655; x_wconf 84' lang='lat' dir='ltr'><strong>deletus</strong></span> <span class='ocrx_word' id='word_1_561' title='bbox 2593 1601 2660 1654; x_wconf 90' lang='lat' dir='ltr'><strong>ah</strong></span> <span class='ocrx_word' id='word_1_562' title='bbox 2683 1602 2831 1655; x_wconf 89' lang='lat' dir='ltr'><strong>initio</strong></span> <span class='ocrx_word' id='word_1_563' title='bbox 2848 1618 3072 1671; x_wconf 82' lang='lat' dir='ltr'><strong>nequam</strong></span> <span class='ocrx_word' id='word_1_564' title='bbox 3090 1604 3176 1658; x_wconf 92' lang='lat' dir='ltr'><strong>ille</strong></span> <span class='ocrx_word' id='word_1_565' title='bbox 3190 1603 3376 1659; x_wconf 90' lang='lat' dir='ltr'><strong>fuisset</strong></span> <span class='ocrx_word' id='word_1_566' title='bbox 3391 1614 3551 1675; x_wconf 89' lang='lat' dir='ltr'><strong>atque</strong></span> <span class='ocrx_word' id='word_1_567' title='bbox 3565 1608 3733 1661; x_wconf 85' lang='lat' dir='ltr'><strong>subla-</strong></span> 
     </span>
    </p>
   </div>
   <div class='ocr_carea' id='block_1_75' title="bbox 2149 1691 3727 1765">
    <p class='ocr_par' dir='ltr' id='par_1_75' title="bbox 2149 1691 3727 1765">
     <span class='ocr_line' id='line_1_75' title="bbox 2149 1691 3727 1765; baseline 0.005 -22"><span class='ocrx_word' id='word_1_568' title='bbox 2149 1691 2480 1756; x_wconf 89' lang='lat' dir='ltr'><strong>tusemedio,</strong></span> <span class='ocrx_word' id='word_1_569' title='bbox 2498 1692 2721 1748; x_wconf 88' lang='lat' dir='ltr'><strong>fortasse</strong></span> <span class='ocrx_word' id='word_1_570' title='bbox 2734 1709 2831 1749; x_wconf 90' lang='lat' dir='ltr'><strong>nec</strong></span> <span class='ocrx_word' id='word_1_571' title='bbox 2846 1695 3111 1763; x_wconf 74' lang='lat' dir='ltr'><strong>prmterita</strong></span> <span class='ocrx_word' id='word_1_572' title='bbox 3122 1696 3471 1751; x_wconf 92' lang='lat' dir='ltr'><strong>credidissent</strong></span> <span class='ocrx_word' id='word_1_573' title='bbox 3485 1697 3694 1765; x_wconf 88' lang='lat' dir='ltr'><strong>plurimi</strong></span> <span class='ocrx_word' id='word_1_574' title='bbox 3713 1716 3727 1750; x_wconf 87' lang='lat'><strong>:</strong></span> 
     </span>
    </p>
   </div>
   <div class='ocr_carea' id='block_1_76' title="bbox 2148 1782 3734 1855">
    <p class='ocr_par' dir='ltr' id='par_1_76' title="bbox 2148 1782 3734 1855">
     <span class='ocr_line' id='line_1_76' title="bbox 2148 1782 3734 1855; baseline 0.004 -20"><span class='ocrx_word' id='word_1_575' title='bbox 2148 1791 2273 1851; x_wconf 89' lang='lat' dir='ltr'><strong>puta</strong></span> <span class='ocrx_word' id='word_1_576' title='bbox 2305 1782 2445 1851; x_wconf 88' lang='lat' dir='ltr'><strong>quod</strong></span> <span class='ocrx_word' id='word_1_577' title='bbox 2475 1783 2744 1839; x_wconf 82' lang='lat' dir='ltr'><strong>hominem</strong></span> <span class='ocrx_word' id='word_1_578' title='bbox 2771 1783 3072 1852; x_wconf 90' lang='lat' dir='ltr'><strong>fefellisset,</strong></span> <span class='ocrx_word' id='word_1_579' title='bbox 3099 1785 3241 1855; x_wconf 88' lang='lat' dir='ltr'><strong>quod</strong></span> <span class='ocrx_word' id='word_1_580' title='bbox 3269 1787 3423 1841; x_wconf 92' lang='lat' dir='ltr'><strong>bonis</strong></span> <span class='ocrx_word' id='word_1_581' title='bbox 3448 1788 3552 1842; x_wconf 90' lang='lat' dir='ltr'><strong>illis</strong></span> <span class='ocrx_word' id='word_1_582' title='bbox 3576 1788 3734 1841; x_wconf 75' lang='lat' dir='ltr'><strong>innu—</strong></span> 
     </span>
    </p>
   </div>
   <div class='ocr_carea' id='block_1_77' title="bbox 2148 1875 3731 1948">
    <p class='ocr_par' dir='ltr' id='par_1_77' title="bbox 2148 1875 3731 1948">
     <span class='ocr_line' id='line_1_77' title="bbox 2148 1875 3731 1948; baseline 0.005 -21"><span class='ocrx_word' id='word_1_583' title='bbox 2148 1875 2311 1929; x_wconf 90' lang='lat' dir='ltr'><strong>meris</strong></span> <span class='ocrx_word' id='word_1_584' title='bbox 2342 1890 2463 1929; x_wconf 90' lang='lat' dir='ltr'><strong>cum</strong></span> <span class='ocrx_word' id='word_1_585' title='bbox 2492 1875 2738 1944; x_wconf 89' lang='lat' dir='ltr'><strong>ejecisset</strong></span> <span class='ocrx_word' id='word_1_586' title='bbox 2758 1918 2772 1943; x_wconf 93' lang='lat'><strong>,</strong></span> <span class='ocrx_word' id='word_1_587' title='bbox 2822 1877 3095 1948; x_wconf 91' lang='lat' dir='ltr'><strong>Deumque</strong></span> <span class='ocrx_word' id='word_1_588' title='bbox 3123 1879 3225 1934; x_wconf 90' lang='lat' dir='ltr'><strong>hoc</strong></span> <span class='ocrx_word' id='word_1_589' title='bbox 3262 1879 3456 1934; x_wconf 80' lang='lat' dir='ltr'><strong>invidia</strong></span> <span class='ocrx_word' id='word_1_590' title='bbox 3487 1889 3542 1935; x_wconf 91' lang='lat' dir='ltr'><strong>et</strong></span> <span class='ocrx_word' id='word_1_591' title='bbox 3566 1881 3731 1935; x_wconf 87' lang='lat' dir='ltr'><strong>livore</strong></span> 
     </span>
    </p>
   </div>
   <div class='ocr_carea' id='block_1_78' title="bbox 2144 1966 3733 2035">
    <p class='ocr_par' dir='ltr' id='par_1_78' title="bbox 2144 1966 3733 2035">
     <span class='ocr_line' id='line_1_78' title="bbox 2144 1966 3733 2035; baseline 0.003 -16"><span class='ocrx_word' id='word_1_592' title='bbox 2144 1974 2472 2019; x_wconf 91' lang='lat' dir='ltr'><strong>commotum</strong></span> <span class='ocrx_word' id='word_1_593' title='bbox 2522 1966 2712 2021; x_wconf 90' lang='lat' dir='ltr'><strong>fecisse</strong></span> <span class='ocrx_word' id='word_1_594' title='bbox 2753 1966 3163 2023; x_wconf 84' lang='lat' dir='ltr'><strong>arbitrarentur.</strong></span> <span class='ocrx_word' id='word_1_595' title='bbox 3214 1968 3439 2035; x_wconf 88' lang='lat' dir='ltr'><strong>Quando</strong></span> <span class='ocrx_word' id='word_1_596' title='bbox 3479 1970 3622 2023; x_wconf 89' lang='lat' dir='ltr'><strong>enim</strong></span> <span class='ocrx_word' id='word_1_597' title='bbox 3664 1985 3733 2023; x_wconf 88' lang='lat' dir='ltr'><strong>ne</strong></span> 
     </span>
    </p>
   </div>
   <div class='ocr_carea' id='block_1_79' title="bbox 2147 2057 3732 2129">
    <p class='ocr_par' dir='ltr' id='par_1_79' title="bbox 2147 2057 3732 2129">
     <span class='ocr_line' id='line_1_79' title="bbox 2147 2057 3732 2129; baseline 0.004 -19"><span class='ocrx_word' id='word_1_598' title='bbox 2147 2057 2307 2111; x_wconf 91' lang='lat' dir='ltr'><strong>modo</strong></span> <span class='ocrx_word' id='word_1_599' title='bbox 2334 2058 2549 2127; x_wconf 90' lang='lat' dir='ltr'><strong>quidem</strong></span> <span class='ocrx_word' id='word_1_600' title='bbox 2575 2057 2790 2123; x_wconf 89' lang='lat' dir='ltr'><strong>desunt,</strong></span> <span class='ocrx_word' id='word_1_601' title='bbox 2816 2060 2905 2128; x_wconf 88' lang='lat' dir='ltr'><strong>qui</strong></span> <span class='ocrx_word' id='word_1_602' title='bbox 2928 2068 3048 2129; x_wconf 90' lang='lat' dir='ltr'><strong>post</strong></span> <span class='ocrx_word' id='word_1_603' title='bbox 3076 2069 3217 2113; x_wconf 91' lang='lat' dir='ltr'><strong>tanta</strong></span> <span class='ocrx_word' id='word_1_604' title='bbox 3242 2060 3383 2115; x_wconf 90' lang='lat' dir='ltr'><strong>illius</strong></span> <span class='ocrx_word' id='word_1_605' title='bbox 3407 2060 3732 2116; x_wconf 87' lang='lat' dir='ltr'><strong>seductionis</strong></span> 
     </span>
    </p>
   </div>
   <div class='ocr_carea' id='block_1_80' title="bbox 2148 2140 3734 2220">
    <p class='ocr_par' dir='ltr' id='par_1_80' title="bbox 2148 2140 3734 2220">
     <span class='ocr_line' id='line_1_80' title="bbox 2148 2140 3734 2220; baseline 0.004 -19"><span class='ocrx_word' id='word_1_606' title='bbox 2148 2148 2341 2202; x_wconf 91' lang='lat' dir='ltr'><strong>indicia</strong></span> <span class='ocrx_word' id='word_1_607' title='bbox 2375 2140 2441 2202; x_wconf 45' lang='lat' dir='ltr'><strong>&#39;id</strong></span> <span class='ocrx_word' id='word_1_608' title='bbox 2489 2148 2690 2203; x_wconf 90' lang='lat' dir='ltr'><strong>audent</strong></span> <span class='ocrx_word' id='word_1_609' title='bbox 2733 2149 2951 2205; x_wconf 90' lang='lat' dir='ltr'><strong>dicere:</strong></span> <span class='ocrx_word' id='word_1_610' title='bbox 2984 2152 3029 2205; x_wconf 90' lang='lat' dir='ltr'><strong>si</strong></span> <span class='ocrx_word' id='word_1_611' title='bbox 3062 2165 3167 2206; x_wconf 92' lang='lat' dir='ltr'><strong>non</strong></span> <span class='ocrx_word' id='word_1_612' title='bbox 3212 2151 3355 2205; x_wconf 90' lang='lat' dir='ltr'><strong>illius</strong></span> <span class='ocrx_word' id='word_1_613' title='bbox 3385 2152 3636 2220; x_wconf 74' lang='lat' dir='ltr'><strong>nequitiae</strong></span> <span class='ocrx_word' id='word_1_614' title='bbox 3676 2165 3734 2207; x_wconf 85' lang='lat' dir='ltr'><strong>et</strong></span> 
     </span>
    </p>
   </div>
   <div class='ocr_carea' id='block_1_81' title="bbox 2145 2242 3727 2313">
    <p class='ocr_par' dir='ltr' id='par_1_81' title="bbox 2145 2242 3727 2313">
     <span class='ocr_line' id='line_1_81' title="bbox 2145 2242 3727 2313; baseline 0.003 -20"><span class='ocrx_word' id='word_1_615' title='bbox 2145 2252 2293 2293; x_wconf 83' lang='lat' dir='ltr'><strong>astus</strong></span> <span class='ocrx_word' id='word_1_616' title='bbox 2337 2242 2705 2311; x_wconf 81' lang='lat' dir='ltr'><strong>experimenta</strong></span> <span class='ocrx_word' id='word_1_617' title='bbox 2761 2243 3062 2312; x_wconf 84' lang='lat' dir='ltr'><strong>cepissent,</strong></span> <span class='ocrx_word' id='word_1_618' title='bbox 3111 2243 3238 2313; x_wconf 92' lang='lat' dir='ltr'><strong>quid</strong></span> <span class='ocrx_word' id='word_1_619' title='bbox 3290 2260 3395 2299; x_wconf 91' lang='lat' dir='ltr'><strong>non</strong></span> <span class='ocrx_word' id='word_1_620' title='bbox 3435 2243 3727 2307; x_wconf 77' lang='lat' dir='ltr'><strong>dixissent.</strong></span> 
     </span>
    </p>
   </div>
   <div class='ocr_carea' id='block_1_82' title="bbox 2146 2332 3733 2406">
    <p class='ocr_par' dir='ltr' id='par_1_82' title="bbox 2146 2332 3733 2406">
     <span class='ocr_line' id='line_1_82' title="bbox 2146 2332 3733 2406; baseline 0.005 -22"><span class='ocrx_word' id='word_1_621' title='bbox 2146 2332 2275 2401; x_wconf 92' lang='lat' dir='ltr'><strong>quid</strong></span> <span class='ocrx_word' id='word_1_622' title='bbox 2306 2347 2409 2386; x_wconf 92' lang='lat' dir='ltr'><strong>non</strong></span> <span class='ocrx_word' id='word_1_623' title='bbox 2450 2333 2726 2403; x_wconf 90' lang='lat' dir='ltr'><strong>obloquuti</strong></span> <span class='ocrx_word' id='word_1_624' title='bbox 2772 2332 3036 2389; x_wconf 78' lang='lat' dir='ltr'><strong>fuissent?</strong></span> <span class='ocrx_word' id='word_1_625' title='bbox 3072 2333 3225 2403; x_wconf 87' lang='lat' dir='ltr'><strong>Quod</strong></span> <span class='ocrx_word' id='word_1_626' title='bbox 3252 2334 3298 2389; x_wconf 88' lang='lat' dir='ltr'><strong>si</strong></span> <span class='ocrx_word' id='word_1_627' title='bbox 3339 2335 3621 2406; x_wconf 87' lang='lat' dir='ltr'><strong>diligenter</strong></span> <span class='ocrx_word' id='word_1_628' title='bbox 3648 2334 3733 2392; x_wconf 80' lang='lat' dir='ltr'><strong>his</strong></span> 
     </span>
    </p>
   </div>
   <div class='ocr_carea' id='block_1_83' title="bbox 2144 2425 3732 2492">
    <p class='ocr_par' dir='ltr' id='par_1_83' title="bbox 2144 2425 3732 2492">
     <span class='ocr_line' id='line_1_83' title="bbox 2144 2425 3732 2492; baseline 0.003 -17"><span class='ocrx_word' id='word_1_629' title='bbox 2144 2440 2263 2492; x_wconf 70' lang='lat' dir='ltr'><strong>qua:</strong></span> <span class='ocrx_word' id='word_1_630' title='bbox 2288 2425 2420 2478; x_wconf 79' lang='lat' dir='ltr'><strong>finiit</strong></span> <span class='ocrx_word' id='word_1_631' title='bbox 2438 2426 2672 2480; x_wconf 92' lang='lat' dir='ltr'><strong>animum</strong></span> <span class='ocrx_word' id='word_1_632' title='bbox 2700 2427 2980 2482; x_wconf 89' lang='lat' dir='ltr'><strong>intendere</strong></span> <span class='ocrx_word' id='word_1_633' title='bbox 3002 2427 3249 2491; x_wconf 83' lang='lat' dir='ltr'><strong>velimus,</strong></span> <span class='ocrx_word' id='word_1_634' title='bbox 3278 2428 3609 2483; x_wconf 86' lang='lat' dir='ltr'><strong>inveniemus</strong></span> <span class='ocrx_word' id='word_1_635' title='bbox 3629 2428 3732 2482; x_wconf 84' lang='lat' dir='ltr'><strong>mi-</strong></span> 
     </span>
    </p>
   </div>
   <div class='ocr_carea' id='block_1_84' title="bbox 2145 2515 3729 2587">
    <p class='ocr_par' dir='ltr' id='par_1_84' title="bbox 2145 2515 3729 2587">
     <span class='ocr_line' id='line_1_84' title="bbox 2145 2515 3729 2587; baseline 0.003 -20"><span class='ocrx_word' id='word_1_636' title='bbox 2145 2515 2289 2569; x_wconf 88' lang='lat' dir='ltr'><strong>nime</strong></span> <span class='ocrx_word' id='word_1_637' title='bbox 2332 2515 2399 2569; x_wconf 90' lang='lat' dir='ltr'><strong>ad</strong></span> <span class='ocrx_word' id='word_1_638' title='bbox 2426 2517 2604 2570; x_wconf 90' lang='lat' dir='ltr'><strong>omnia</strong></span> <span class='ocrx_word' id='word_1_639' title='bbox 2652 2532 2751 2571; x_wconf 92' lang='lat' dir='ltr'><strong>nos</strong></span> <span class='ocrx_word' id='word_1_640' title='bbox 2789 2517 3061 2572; x_wconf 87' lang='lat' dir='ltr'><strong>diabolum</strong></span> <span class='ocrx_word' id='word_1_641' title='bbox 3109 2518 3418 2587; x_wconf 86' lang='lat' dir='ltr'><strong>impellere,</strong></span> <span class='ocrx_word' id='word_1_642' title='bbox 3470 2518 3564 2574; x_wconf 90' lang='lat' dir='ltr'><strong>sed</strong></span> <span class='ocrx_word' id='word_1_643' title='bbox 3608 2534 3729 2574; x_wconf 91' lang='lat' dir='ltr'><strong>cum</strong></span> 
     </span>
    </p>
   </div>
   <div class='ocr_carea' id='block_1_85' title="bbox 2145 2610 3729 2683">
    <p class='ocr_par' dir='ltr' id='par_1_85' title="bbox 2145 2610 3729 2683">
     <span class='ocr_line' id='line_1_85' title="bbox 2145 2610 3729 2683; baseline 0.004 -21"><span class='ocrx_word' id='word_1_644' title='bbox 2145 2610 2493 2678; x_wconf 91' lang='lat' dir='ltr'><strong>plurimorum</strong></span> <span class='ocrx_word' id='word_1_645' title='bbox 2542 2612 2630 2666; x_wconf 91' lang='lat' dir='ltr'><strong>ille</strong></span> <span class='ocrx_word' id='word_1_646' title='bbox 2668 2612 2825 2667; x_wconf 88' lang='lat' dir='ltr'><strong>nobis</strong></span> <span class='ocrx_word' id='word_1_647' title='bbox 2861 2612 3104 2683; x_wconf 89' lang='lat' dir='ltr'><strong>lapsuum</strong></span> <span class='ocrx_word' id='word_1_648' title='bbox 3149 2612 3222 2667; x_wconf 80' lang='lat' dir='ltr'><strong>sit</strong></span> <span class='ocrx_word' id='word_1_649' title='bbox 3262 2622 3468 2679; x_wconf 84' lang='lat' dir='ltr'><strong>auctor,</strong></span> <span class='ocrx_word' id='word_1_650' title='bbox 3500 2613 3729 2683; x_wconf 83' lang='lat' dir='ltr'><strong>plurima</strong></span> 
     </span>
    </p>
   </div>
   <div class='ocr_carea' id='block_1_86' title="bbox 2144 2702 3730 2773">
    <p class='ocr_par' dir='ltr' id='par_1_86' title="bbox 2144 2702 3730 2773">
     <span class='ocr_line' id='line_1_86' title="bbox 2144 2702 3730 2773; baseline 0.003 -19"><span class='ocrx_word' id='word_1_651' title='bbox 2144 2702 2269 2755; x_wconf 92' lang='lat' dir='ltr'><strong>item</strong></span> <span class='ocrx_word' id='word_1_652' title='bbox 2313 2704 2669 2771; x_wconf 87' lang='lat' dir='ltr'><strong>nosmetipsos</strong></span> <span class='ocrx_word' id='word_1_653' title='bbox 2715 2719 2811 2773; x_wconf 88' lang='lat' dir='ltr'><strong>per</strong></span> <span class='ocrx_word' id='word_1_654' title='bbox 2848 2716 3086 2759; x_wconf 87' lang='lat' dir='ltr'><strong>nostram</strong></span> <span class='ocrx_word' id='word_1_655' title='bbox 3116 2704 3285 2758; x_wconf 90' lang='lat' dir='ltr'><strong>solam</strong></span> <span class='ocrx_word' id='word_1_656' title='bbox 3330 2703 3628 2759; x_wconf 88' lang='lat' dir='ltr'><strong>socordiam</strong></span> <span class='ocrx_word' id='word_1_657' title='bbox 3668 2720 3730 2759; x_wconf 87' lang='lat' dir='ltr'><strong>ac</strong></span> 
     </span>
    </p>
   </div>
   <div class='ocr_carea' id='block_1_87' title="bbox 2144 2792 3730 2863">
    <p class='ocr_par' dir='ltr' id='par_1_87' title="bbox 2144 2792 3730 2863">
     <span class='ocr_line' id='line_1_87' title="bbox 2144 2792 3730 2863; baseline 0.002 -18"><span class='ocrx_word' id='word_1_658' title='bbox 2144 2792 2518 2862; x_wconf 84' lang='lat' dir='ltr'><strong>negligentiam</strong></span> <span class='ocrx_word' id='word_1_659' title='bbox 2564 2794 2693 2862; x_wconf 89' lang='lat' dir='ltr'><strong>pati.</strong></span> <span class='ocrx_word' id='word_1_660' title='bbox 2722 2793 2821 2849; x_wconf 87' lang='lat' dir='ltr'><strong>Ubi</strong></span> <span class='ocrx_word' id='word_1_661' title='bbox 2866 2795 3048 2860; x_wconf 91' lang='lat' dir='ltr'><strong>enim,</strong></span> <span class='ocrx_word' id='word_1_662' title='bbox 3092 2802 3149 2849; x_wconf 89' lang='lat' dir='ltr'><strong>ut</strong></span> <span class='ocrx_word' id='word_1_663' title='bbox 3191 2793 3259 2849; x_wconf 86' lang='lat' dir='ltr'><strong>ad</strong></span> <span class='ocrx_word' id='word_1_664' title='bbox 3290 2794 3465 2863; x_wconf 85' lang='lat' dir='ltr'><strong>priora</strong></span> <span class='ocrx_word' id='word_1_665' title='bbox 3492 2804 3730 2850; x_wconf 77' lang='lat' dir='ltr'><strong>reverta-</strong></span> 
     </span>
    </p>
   </div>
   <div class='ocr_carea' id='block_1_88' title="bbox 2142 2883 3725 2957">
    <p class='ocr_par' dir='ltr' id='par_1_88' title="bbox 2142 2883 3725 2957">
     <span class='ocr_line' id='line_1_88' title="bbox 2142 2883 3725 2957; baseline 0.001 -21"><span class='ocrx_word' id='word_1_666' title='bbox 2142 2898 2282 2948; x_wconf 92' lang='lat' dir='ltr'><strong>mur,</strong></span> <span class='ocrx_word' id='word_1_667' title='bbox 2311 2883 2375 2937; x_wconf 83' lang='lat' dir='ltr'><strong>ad</strong></span> <span class='ocrx_word' id='word_1_668' title='bbox 2403 2884 2529 2937; x_wconf 86' lang='lat' dir='ltr'><strong>Cain</strong></span> <span class='ocrx_word' id='word_1_669' title='bbox 2556 2883 2826 2939; x_wconf 90' lang='lat' dir='ltr'><strong>diabolum</strong></span> <span class='ocrx_word' id='word_1_670' title='bbox 2854 2885 3170 2950; x_wconf 86' lang='lat' dir='ltr'><strong>accessisse,</strong></span> <span class='ocrx_word' id='word_1_671' title='bbox 3197 2885 3593 2957; x_wconf 89' lang='lat' dir='ltr'><strong>fraternamque</strong></span> <span class='ocrx_word' id='word_1_672' title='bbox 3618 2899 3725 2938; x_wconf 76' lang='lat' dir='ltr'><strong>ca:-</strong></span> 
     </span>
    </p>
   </div>
   <div class='ocr_carea' id='block_1_89' title="bbox 2140 2972 3730 3045">
    <p class='ocr_par' dir='ltr' id='par_1_89' title="bbox 2140 2972 3730 3045">
     <span class='ocr_line' id='line_1_89' title="bbox 2140 2972 3730 3045; baseline 0.003 -19"><span class='ocrx_word' id='word_1_673' title='bbox 2140 2972 2263 3027; x_wconf 91' lang='lat' dir='ltr'><strong>dem</strong></span> <span class='ocrx_word' id='word_1_674' title='bbox 2303 2974 2633 3044; x_wconf 82' lang='lat' dir='ltr'><strong>suggessisse</strong></span> <span class='ocrx_word' id='word_1_675' title='bbox 2682 2974 2942 3044; x_wconf 89' lang='lat' dir='ltr'><strong>legimus?</strong></span> <span class='ocrx_word' id='word_1_676' title='bbox 2969 2973 3101 3029; x_wconf 87' lang='lat' dir='ltr'><strong>Nam</strong></span> <span class='ocrx_word' id='word_1_677' title='bbox 3142 2975 3298 3028; x_wconf 89' lang='lat' dir='ltr'><strong>matri</strong></span> <span class='ocrx_word' id='word_1_678' title='bbox 3328 2973 3544 3045; x_wconf 88' lang='lat' dir='ltr'><strong>quidem</strong></span> <span class='ocrx_word' id='word_1_679' title='bbox 3584 2974 3730 3030; x_wconf 73' lang='lat' dir='ltr'><strong>illius</strong></span> 
     </span>
    </p>
   </div>
   <div class='ocr_carea' id='block_1_90' title="bbox 2142 3064 3729 3136">
    <p class='ocr_par' dir='ltr' id='par_1_90' title="bbox 2142 3064 3729 3136">
     <span class='ocr_line' id='line_1_90' title="bbox 2142 3064 3729 3136; baseline 0.001 -19"><span class='ocrx_word' id='word_1_680' title='bbox 2142 3066 2287 3118; x_wconf 84' lang='lat' dir='ltr'><strong>visus</strong></span> <span class='ocrx_word' id='word_1_681' title='bbox 2315 3074 2399 3119; x_wconf 91' lang='lat' dir='ltr'><strong>est</strong></span> <span class='ocrx_word' id='word_1_682' title='bbox 2419 3065 2644 3135; x_wconf 90' lang='lat' dir='ltr'><strong>loquens</strong></span> <span class='ocrx_word' id='word_1_683' title='bbox 2666 3064 3013 3136; x_wconf 88' lang='lat' dir='ltr'><strong>fraudemque</strong></span> <span class='ocrx_word' id='word_1_684' title='bbox 3032 3064 3382 3131; x_wconf 72' lang='lat' dir='ltr'><strong>concinnatis,</strong></span> <span class='ocrx_word' id='word_1_685' title='bbox 3410 3064 3533 3119; x_wconf 86' lang='lat' dir='ltr'><strong>huic</strong></span> <span class='ocrx_word' id='word_1_686' title='bbox 3550 3076 3729 3120; x_wconf 82' lang='lat' dir='ltr'><strong>autem</strong></span> 
     </span>
    </p>
   </div>
   <div class='ocr_carea' id='block_1_91' title="bbox 2141 3157 3730 3229">
    <p class='ocr_par' dir='ltr' id='par_1_91' title="bbox 2141 3157 3730 3229">
     <span class='ocr_line' id='line_1_91' title="bbox 2141 3157 3730 3229; baseline 0.002 -18"><span class='ocrx_word' id='word_1_687' title='bbox 2141 3158 2380 3221; x_wconf 91' lang='lat' dir='ltr'><strong>minime,</strong></span> <span class='ocrx_word' id='word_1_688' title='bbox 2411 3157 2511 3210; x_wconf 91' lang='lat' dir='ltr'><strong>nisi</strong></span> <span class='ocrx_word' id='word_1_689' title='bbox 2542 3158 2675 3211; x_wconf 91' lang='lat' dir='ltr'><strong>forte</strong></span> <span class='ocrx_word' id='word_1_690' title='bbox 2700 3158 2963 3229; x_wconf 89' lang='lat' dir='ltr'><strong>quispiam</strong></span> <span class='ocrx_word' id='word_1_691' title='bbox 3008 3157 3178 3211; x_wconf 86' lang='lat' dir='ltr'><strong>malas</strong></span> <span class='ocrx_word' id='word_1_692' title='bbox 3207 3157 3352 3212; x_wconf 90' lang='lat' dir='ltr'><strong>illum</strong></span> <span class='ocrx_word' id='word_1_693' title='bbox 3382 3158 3730 3229; x_wconf 78' lang='lat' dir='ltr'><strong>c0gitationcs</strong></span> 
     </span>
    </p>
   </div>
   <div class='ocr_carea' id='block_1_92' title="bbox 2139 3250 3726 3322">
    <p class='ocr_par' dir='ltr' id='par_1_92' title="bbox 2139 3250 3726 3322">
     <span class='ocr_line' id='line_1_92' title="bbox 2139 3250 3726 3322; baseline -0.001 -16"><span class='ocrx_word' id='word_1_694' title='bbox 2139 3250 2285 3306; x_wconf 88' lang='lat' dir='ltr'><strong>dicat</strong></span> <span class='ocrx_word' id='word_1_695' title='bbox 2312 3252 2631 3314; x_wconf 85' lang='lat' dir='ltr'><strong>immisisse;</strong></span> <span class='ocrx_word' id='word_1_696' title='bbox 2660 3251 2713 3305; x_wconf 92' lang='lat' dir='ltr'><strong>id</strong></span> <span class='ocrx_word' id='word_1_697' title='bbox 2740 3261 2917 3306; x_wconf 89' lang='lat' dir='ltr'><strong>tamen</strong></span> <span class='ocrx_word' id='word_1_698' title='bbox 2941 3259 3109 3306; x_wconf 91' lang='lat' dir='ltr'><strong>totum</strong></span> <span class='ocrx_word' id='word_1_699' title='bbox 3138 3250 3282 3305; x_wconf 90' lang='lat' dir='ltr'><strong>illius</strong></span> <span class='ocrx_word' id='word_1_700' title='bbox 3301 3252 3458 3321; x_wconf 85' lang='lat' dir='ltr'><strong>culpa</strong></span> <span class='ocrx_word' id='word_1_701' title='bbox 3482 3250 3726 3322; x_wconf 81' lang='lat' dir='ltr'><strong>contigit,</strong></span> 
     </span>
    </p>
   </div>
   <div class='ocr_carea' id='block_1_93' title="bbox 2138 3341 3726 3413">
    <p class='ocr_par' dir='ltr' id='par_1_93' title="bbox 2138 3341 3726 3413">
     <span class='ocr_line' id='line_1_93' title="bbox 2138 3341 3726 3413; baseline 0.002 -18"><span class='ocrx_word' id='word_1_702' title='bbox 2138 3341 2229 3411; x_wconf 89' lang='lat' dir='ltr'><strong>qui</strong></span> <span class='ocrx_word' id='word_1_703' title='bbox 2260 3350 2631 3412; x_wconf 82' lang='lat' dir='ltr'><strong>suggerentem</strong></span> <span class='ocrx_word' id='word_1_704' title='bbox 2660 3341 2911 3406; x_wconf 87' lang='lat' dir='ltr'><strong>admisit,</strong></span> <span class='ocrx_word' id='word_1_705' title='bbox 2954 3342 3133 3412; x_wconf 91' lang='lat' dir='ltr'><strong>illique</strong></span> <span class='ocrx_word' id='word_1_706' title='bbox 3159 3341 3363 3412; x_wconf 89' lang='lat' dir='ltr'><strong>paruit,</strong></span> <span class='ocrx_word' id='word_1_707' title='bbox 3393 3350 3553 3413; x_wconf 86' lang='lat' dir='ltr'><strong>atque</strong></span> <span class='ocrx_word' id='word_1_708' title='bbox 3580 3343 3726 3413; x_wconf 69' lang='lat' dir='ltr'><strong>prino</strong></span> 
     </span>
    </p>
   </div>
   <div class='ocr_carea' id='block_1_94' title="bbox 2139 3432 3727 3503">
    <p class='ocr_par' dir='ltr' id='par_1_94' title="bbox 2139 3432 3727 3503">
     <span class='ocr_line' id='line_1_94' title="bbox 2139 3432 3727 3503; baseline 0.004 -20"><span class='ocrx_word' id='word_1_709' title='bbox 2139 3434 2334 3501; x_wconf 87' lang='lat' dir='ltr'><strong>cipium</strong></span> <span class='ocrx_word' id='word_1_710' title='bbox 2388 3434 2471 3486; x_wconf 86' lang='lat' dir='ltr'><strong>sui</strong></span> <span class='ocrx_word' id='word_1_711' title='bbox 2528 3432 2812 3487; x_wconf 90' lang='lat' dir='ltr'><strong>invadendi</strong></span> <span class='ocrx_word' id='word_1_712' title='bbox 2882 3433 3146 3503; x_wconf 68' lang='lat' dir='ltr'><strong>praestitit.</strong></span> <span class='ocrx_word' id='word_1_713' title='bbox 3199 3432 3450 3488; x_wconf 84' lang='lat' dir='ltr'><strong>Attamen</strong></span> <span class='ocrx_word' id='word_1_714' title='bbox 3503 3448 3602 3490; x_wconf 92' lang='lat' dir='ltr'><strong>nec</strong></span> <span class='ocrx_word' id='word_1_715' title='bbox 3646 3434 3727 3489; x_wconf 82' lang='lat' dir='ltr'><strong>sic</strong></span> 
     </span>
    </p>
   </div>
   <div class='ocr_carea' id='block_1_95' title="bbox 2138 3522 3726 3596">
    <p class='ocr_par' dir='ltr' id='par_1_95' title="bbox 2138 3522 3726 3596">
     <span class='ocr_line' id='line_1_95' title="bbox 2138 3522 3726 3596; baseline 0.004 -20"><span class='ocrx_word' id='word_1_716' title='bbox 2138 3522 2285 3577; x_wconf 89' lang='lat' dir='ltr'><strong>illum</strong></span> <span class='ocrx_word' id='word_1_717' title='bbox 2325 3522 2529 3578; x_wconf 90' lang='lat' dir='ltr'><strong>dimisit</strong></span> <span class='ocrx_word' id='word_1_718' title='bbox 2567 3524 2738 3590; x_wconf 90' lang='lat' dir='ltr'><strong>Deus,</strong></span> <span class='ocrx_word' id='word_1_719' title='bbox 2775 3540 2962 3580; x_wconf 80' lang='lat' dir='ltr'><strong>verum</strong></span> <span class='ocrx_word' id='word_1_720' title='bbox 3003 3540 3067 3581; x_wconf 79' lang='lat' dir='ltr'><strong>es</strong></span> <span class='ocrx_word' id='word_1_721' title='bbox 3105 3524 3203 3591; x_wconf 85' lang='lat' dir='ltr'><strong>iis,</strong></span> <span class='ocrx_word' id='word_1_722' title='bbox 3243 3539 3340 3595; x_wconf 89' lang='lat' dir='ltr'><strong>per</strong></span> <span class='ocrx_word' id='word_1_723' title='bbox 3372 3540 3493 3596; x_wconf 65' lang='lat' dir='ltr'><strong>qua:</strong></span> <span class='ocrx_word' id='word_1_724' title='bbox 3535 3526 3726 3595; x_wconf 86' lang='lat' dir='ltr'><strong>punire</strong></span> 
     </span>
    </p>
   </div>
   <div class='ocr_carea' id='block_1_96' title="bbox 2136 3613 3722 3686">
    <p class='ocr_par' dir='ltr' id='par_1_96' title="bbox 2136 3613 3722 3686">
     <span class='ocr_line' id='line_1_96' title="bbox 2136 3613 3722 3686; baseline 0.004 -21"><span class='ocrx_word' id='word_1_725' title='bbox 2136 3613 2433 3679; x_wconf 86' lang='lat' dir='ltr'><strong>videbatur,</strong></span> <span class='ocrx_word' id='word_1_726' title='bbox 2452 3614 2742 3669; x_wconf 90' lang='lat' dir='ltr'><strong>admouere</strong></span> <span class='ocrx_word' id='word_1_727' title='bbox 2770 3614 2943 3685; x_wconf 90' lang='lat' dir='ltr'><strong>potius</strong></span> <span class='ocrx_word' id='word_1_728' title='bbox 2958 3624 3116 3685; x_wconf 89' lang='lat' dir='ltr'><strong>atque</strong></span> <span class='ocrx_word' id='word_1_729' title='bbox 3136 3616 3409 3686; x_wconf 87' lang='lat' dir='ltr'><strong>corripere</strong></span> <span class='ocrx_word' id='word_1_730' title='bbox 3423 3631 3529 3672; x_wconf 92' lang='lat' dir='ltr'><strong>non</strong></span> <span class='ocrx_word' id='word_1_731' title='bbox 3542 3618 3722 3673; x_wconf 91' lang='lat' dir='ltr'><strong>desiit.</strong></span> 
     </span>
    </p>
   </div>
   <div class='ocr_carea' id='block_1_97' title="bbox 2209 3704 3724 3779">
    <p class='ocr_par' dir='ltr' id='par_1_97' title="bbox 2209 3704 3724 3779">
     <span class='ocr_line' id='line_1_97' title="bbox 2209 3704 3724 3779; baseline 0.003 -20"><span class='ocrx_word' id='word_1_732' title='bbox 2209 3704 2294 3759; x_wconf 78' lang='lat' dir='ltr'><strong>Ea:</strong></span> <span class='ocrx_word' id='word_1_733' title='bbox 2312 3707 2523 3760; x_wconf 81' lang='lat' dir='ltr'><strong>historia</strong></span> <span class='ocrx_word' id='word_1_734' title='bbox 2543 3706 2719 3760; x_wconf 78' lang='lat' dir='ltr'><strong>diluvii</strong></span> <span class='ocrx_word' id='word_1_735' title='bbox 2741 3706 3104 3776; x_wconf 83' lang='lat' dir='ltr'><strong>providentiam</strong></span> <span class='ocrx_word' id='word_1_736' title='bbox 3130 3705 3229 3761; x_wconf 85' lang='lat' dir='ltr'><strong>Dei</strong></span> <span class='ocrx_word' id='word_1_737' title='bbox 3248 3710 3487 3767; x_wconf 80' lang='lat' dir='ltr'><strong>ostendit.</strong></span> <span class='ocrx_word' id='word_1_738' title='bbox 3503 3738 3575 3751; x_wconf 92' lang='lat'><strong>—</strong></span> <span class='ocrx_word' id='word_1_739' title='bbox 3588 3708 3724 3779; x_wconf 92' lang='lat' dir='ltr'><strong>Quid</strong></span> 
     </span>
    </p>
   </div>
   <div class='ocr_carea' id='block_1_98' title="bbox 2137 3796 3721 3869">
    <p class='ocr_par' dir='ltr' id='par_1_98' title="bbox 2137 3796 3721 3869">
     <span class='ocr_line' id='line_1_98' title="bbox 2137 3796 3721 3869; baseline 0.003 -19"><span class='ocrx_word' id='word_1_740' title='bbox 2137 3806 2311 3852; x_wconf 90' lang='lat' dir='ltr'><strong>autem</strong></span> <span class='ocrx_word' id='word_1_741' title='bbox 2335 3798 2465 3851; x_wconf 89' lang='lat' dir='ltr'><strong>Cain</strong></span> <span class='ocrx_word' id='word_1_742' title='bbox 2492 3798 2588 3851; x_wconf 92' lang='lat' dir='ltr'><strong>viri</strong></span> <span class='ocrx_word' id='word_1_743' title='bbox 2611 3798 2766 3851; x_wconf 91' lang='lat' dir='ltr'><strong>unius</strong></span> <span class='ocrx_word' id='word_1_744' title='bbox 2791 3797 3106 3866; x_wconf 87' lang='lat' dir='ltr'><strong>supplicium</strong></span> <span class='ocrx_word' id='word_1_745' title='bbox 3126 3796 3269 3864; x_wconf 84' lang='lat' dir='ltr'><strong>dico,</strong></span> <span class='ocrx_word' id='word_1_746' title='bbox 3292 3799 3721 3869; x_wconf 86' lang='lat' dir='ltr'><strong>quandoquidem</strong></span> 
     </span>
    </p>
   </div>
   <div class='ocr_carea' id='block_1_99' title="bbox 2137 3889 3727 3960">
    <p class='ocr_par' dir='ltr' id='par_1_99' title="bbox 2137 3889 3727 3960">
     <span class='ocr_line' id='line_1_99' title="bbox 2137 3889 3727 3960; baseline 0.001 -17"><span class='ocrx_word' id='word_1_747' title='bbox 2137 3890 2296 3943; x_wconf 88' lang='lat' dir='ltr'><strong>etiam</strong></span> <span class='ocrx_word' id='word_1_748' title='bbox 2320 3889 2599 3953; x_wconf 88' lang='lat' dir='ltr'><strong>diluvium,</strong></span> <span class='ocrx_word' id='word_1_749' title='bbox 2626 3890 2677 3943; x_wconf 90' lang='lat' dir='ltr'><strong>in</strong></span> <span class='ocrx_word' id='word_1_750' title='bbox 2700 3904 2803 3959; x_wconf 92' lang='lat' dir='ltr'><strong>quo</strong></span> <span class='ocrx_word' id='word_1_751' title='bbox 2828 3898 2904 3943; x_wconf 92' lang='lat' dir='ltr'><strong>tot</strong></span> <span class='ocrx_word' id='word_1_752' title='bbox 2931 3889 3143 3957; x_wconf 90' lang='lat' dir='ltr'><strong>periere</strong></span> <span class='ocrx_word' id='word_1_753' title='bbox 3164 3890 3284 3954; x_wconf 87' lang='lat' dir='ltr'><strong>viri,</strong></span> <span class='ocrx_word' id='word_1_754' title='bbox 3312 3889 3407 3946; x_wconf 89' lang='lat' dir='ltr'><strong>Dei</strong></span> <span class='ocrx_word' id='word_1_755' title='bbox 3428 3890 3582 3947; x_wconf 81' lang='lat' dir='ltr'><strong>nobis</strong></span> <span class='ocrx_word' id='word_1_756' title='bbox 3603 3907 3727 3960; x_wconf 91' lang='lat' dir='ltr'><strong>pro-</strong></span> 
     </span>
    </p>
   </div>
   <div class='ocr_carea' id='block_1_100' title="bbox 2138 3980 3725 4051">
    <p class='ocr_par' dir='ltr' id='par_1_100' title="bbox 2138 3980 3725 4051">
     <span class='ocr_line' id='line_1_100' title="bbox 2138 3980 3725 4051; baseline 0.003 -18"><span class='ocrx_word' id='word_1_757' title='bbox 2138 3981 2425 4035; x_wconf 80' lang='lat' dir='ltr'><strong>videntiam</strong></span> <span class='ocrx_word' id='word_1_758' title='bbox 2454 3982 2793 4049; x_wconf 85' lang='lat' dir='ltr'><strong>apertissime</strong></span> <span class='ocrx_word' id='word_1_759' title='bbox 2818 3990 2992 4051; x_wconf 86' lang='lat' dir='ltr'><strong>potest</strong></span> <span class='ocrx_word' id='word_1_760' title='bbox 3012 3994 3253 4036; x_wconf 87' lang='lat' dir='ltr'><strong>asserere</strong></span> <span class='ocrx_word' id='word_1_761' title='bbox 3272 3980 3297 4035; x_wconf 69' lang='grc' dir='ltr'><em>ἲ</em></span> <span class='ocrx_word' id='word_1_762' title='bbox 3316 3980 3551 4036; x_wconf 86' lang='lat' dir='ltr'><strong>Primum</strong></span> <span class='ocrx_word' id='word_1_763' title='bbox 3580 3984 3725 4038; x_wconf 85' lang='lat' dir='ltr'><strong>enim</strong></span> 
     </span>
    </p>
   </div>
   <div class='ocr_carea' id='block_1_101' title="bbox 2137 4071 3719 4141">
    <p class='ocr_par' dir='ltr' id='par_1_101' title="bbox 2137 4071 3719 4141">
     <span class='ocr_line' id='line_1_101' title="bbox 2137 4071 3719 4141; baseline 0 -14"><span class='ocrx_word' id='word_1_764' title='bbox 2137 4088 2242 4127; x_wconf 92' lang='lat' dir='ltr'><strong>non</strong></span> <span class='ocrx_word' id='word_1_765' title='bbox 2275 4082 2475 4126; x_wconf 83' lang='lat' dir='ltr'><strong>temere</strong></span> <span class='ocrx_word' id='word_1_766' title='bbox 2506 4088 2676 4141; x_wconf 89' lang='lat' dir='ltr'><strong>neque</strong></span> <span class='ocrx_word' id='word_1_767' title='bbox 2698 4073 2966 4140; x_wconf 88' lang='lat' dir='ltr'><strong>insperate</strong></span> <span class='ocrx_word' id='word_1_768' title='bbox 2992 4071 3294 4141; x_wconf 91' lang='lat' dir='ltr'><strong>lmjusmodi</strong></span> <span class='ocrx_word' id='word_1_769' title='bbox 3319 4072 3457 4127; x_wconf 85' lang='lat' dir='ltr'><strong>mala</strong></span> <span class='ocrx_word' id='word_1_770' title='bbox 3485 4072 3719 4138; x_wconf 77' lang='lat' dir='ltr'><strong>induxit,</strong></span> 
     </span>
    </p>
   </div>
   <div class='ocr_carea' id='block_1_102' title="bbox 2137 4162 3721 4233">
    <p class='ocr_par' dir='ltr' id='par_1_102' title="bbox 2137 4162 3721 4233">
     <span class='ocr_line' id='line_1_102' title="bbox 2137 4162 3721 4233; baseline 0.001 -15"><span class='ocrx_word' id='word_1_771' title='bbox 2137 4164 2231 4219; x_wconf 89' lang='lat' dir='ltr'><strong>sed</strong></span> <span class='ocrx_word' id='word_1_772' title='bbox 2260 4164 2371 4218; x_wconf 90' lang='lat' dir='ltr'><strong>fore</strong></span> <span class='ocrx_word' id='word_1_773' title='bbox 2398 4163 2676 4232; x_wconf 70' lang='lat' dir='ltr'><strong>prmdixit:</strong></span> <span class='ocrx_word' id='word_1_774' title='bbox 2710 4163 2870 4233; x_wconf 92' lang='lat' dir='ltr'><strong>idque</strong></span> <span class='ocrx_word' id='word_1_775' title='bbox 2896 4178 3001 4217; x_wconf 93' lang='lat' dir='ltr'><strong>non</strong></span> <span class='ocrx_word' id='word_1_776' title='bbox 3023 4173 3148 4217; x_wconf 88' lang='lat' dir='ltr'><strong>ante</strong></span> <span class='ocrx_word' id='word_1_777' title='bbox 3175 4162 3335 4218; x_wconf 84' lang='lat' dir='ltr'><strong>breve</strong></span> <span class='ocrx_word' id='word_1_778' title='bbox 3363 4174 3593 4232; x_wconf 86' lang='lat' dir='ltr'><strong>tempus.</strong></span> <span class='ocrx_word' id='word_1_779' title='bbox 3627 4164 3721 4221; x_wconf 88' lang='lat' dir='ltr'><strong>sed</strong></span> 
     </span>
    </p>
   </div>
   <div class='ocr_carea' id='block_1_103' title="bbox 2134 4254 3721 4323">
    <p class='ocr_par' dir='ltr' id='par_1_103' title="bbox 2134 4254 3721 4323">
     <span class='ocr_line' id='line_1_103' title="bbox 2134 4254 3721 4323; baseline -0.001 -14"><span class='ocrx_word' id='word_1_780' title='bbox 2134 4266 2260 4309; x_wconf 90' lang='lat' dir='ltr'><strong>ante</strong></span> <span class='ocrx_word' id='word_1_781' title='bbox 2286 4266 2505 4310; x_wconf 87' lang='lat' dir='ltr'><strong>centum</strong></span> <span class='ocrx_word' id='word_1_782' title='bbox 2535 4265 2589 4309; x_wconf 88' lang='lat' dir='ltr'><strong>et</strong></span> <span class='ocrx_word' id='word_1_783' title='bbox 2617 4254 2798 4323; x_wconf 84' lang='lat' dir='ltr'><strong>viginti</strong></span> <span class='ocrx_word' id='word_1_784' title='bbox 2830 4268 3018 4309; x_wconf 92' lang='lat' dir='ltr'><strong>annos.</strong></span> <span class='ocrx_word' id='word_1_785' title='bbox 3065 4254 3199 4309; x_wconf 90' lang='lat' dir='ltr'><strong>Tum</strong></span> <span class='ocrx_word' id='word_1_786' title='bbox 3226 4269 3374 4319; x_wconf 91' lang='lat' dir='ltr'><strong>vero,</strong></span> <span class='ocrx_word' id='word_1_787' title='bbox 3416 4270 3485 4309; x_wconf 89' lang='lat' dir='ltr'><strong>ne</strong></span> <span class='ocrx_word' id='word_1_788' title='bbox 3506 4270 3571 4309; x_wconf 80' lang='lat' dir='ltr'><strong>ex</strong></span> <span class='ocrx_word' id='word_1_789' title='bbox 3603 4254 3721 4309; x_wconf 75' lang='grc' dir='ltr'><strong>ιο..-</strong></span> 
     </span>
    </p>
   </div>
   <div class='ocr_carea' id='block_1_104' title="bbox 2132 4346 3719 4418">
    <p class='ocr_par' dir='ltr' id='par_1_104' title="bbox 2132 4346 3719 4418">
     <span class='ocr_line' id='line_1_104' title="bbox 2132 4346 3719 4418; baseline -0.001 -16"><span class='ocrx_word' id='word_1_790' title='bbox 2132 4348 2371 4418; x_wconf 89' lang='lat' dir='ltr'><strong>gitudine</strong></span> <span class='ocrx_word' id='word_1_791' title='bbox 2403 4347 2761 4415; x_wconf 67' lang='lat' dir='ltr'><strong>prmdictionis</strong></span> <span class='ocrx_word' id='word_1_792' title='bbox 2801 4347 2854 4401; x_wconf 92' lang='lat' dir='ltr'><strong>in</strong></span> <span class='ocrx_word' id='word_1_793' title='bbox 2883 4346 3205 4401; x_wconf 87' lang='lat' dir='ltr'><strong>oblivionem</strong></span> <span class='ocrx_word' id='word_1_794' title='bbox 3236 4362 3300 4402; x_wconf 91' lang='lat' dir='ltr'><strong>ac</strong></span> <span class='ocrx_word' id='word_1_795' title='bbox 3343 4347 3719 4417; x_wconf 84' lang='lat' dir='ltr'><strong>negligentiam</strong></span> 
     </span>
    </p>
   </div>
   <div class='ocr_carea' id='block_1_105' title="bbox 2132 4438 3722 4507">
    <p class='ocr_par' dir='ltr' id='par_1_105' title="bbox 2132 4438 3722 4507">
     <span class='ocr_line' id='line_1_105' title="bbox 2132 4438 3722 4507; baseline -0.001 -13"><span class='ocrx_word' id='word_1_796' title='bbox 2132 4441 2474 4502; x_wconf 82' lang='lat' dir='ltr'><strong>inciderent,</strong></span> <span class='ocrx_word' id='word_1_797' title='bbox 2518 4438 2767 4493; x_wconf 74' lang='lat' dir='ltr'><strong>a&#39;dificari</strong></span> <span class='ocrx_word' id='word_1_798' title='bbox 2798 4452 2975 4492; x_wconf 90' lang='lat' dir='ltr'><strong>arcam</strong></span> <span class='ocrx_word' id='word_1_799' title='bbox 3011 4438 3062 4490; x_wconf 92' lang='lat' dir='ltr'><strong>in</strong></span> <span class='ocrx_word' id='word_1_800' title='bbox 3091 4438 3261 4492; x_wconf 90' lang='lat' dir='ltr'><strong>oculis</strong></span> <span class='ocrx_word' id='word_1_801' title='bbox 3297 4439 3536 4491; x_wconf 91' lang='lat' dir='ltr'><strong>omnium</strong></span> <span class='ocrx_word' id='word_1_802' title='bbox 3581 4454 3722 4507; x_wconf 71' lang='lat' dir='ltr'><strong>prte-</strong></span> 
     </span>
    </p>
   </div>
   <div class='ocr_carea' id='block_1_106' title="bbox 2130 4527 3715 4600">
    <p class='ocr_par' dir='ltr' id='par_1_106' title="bbox 2130 4527 3715 4600">
     <span class='ocr_line' id='line_1_106' title="bbox 2130 4527 3715 4600; baseline -0.001 -14"><span class='ocrx_word' id='word_1_803' title='bbox 2130 4532 2306 4600; x_wconf 86' lang='lat' dir='ltr'><strong>cepit,</strong></span> <span class='ocrx_word' id='word_1_804' title='bbox 2349 4545 2481 4584; x_wconf 91' lang='lat' dir='ltr'><strong>voce</strong></span> <span class='ocrx_word' id='word_1_805' title='bbox 2511 4530 2655 4583; x_wconf 92' lang='lat' dir='ltr'><strong>omni</strong></span> <span class='ocrx_word' id='word_1_806' title='bbox 2682 4527 2880 4583; x_wconf 88' lang='lat' dir='ltr'><strong>clarius</strong></span> <span class='ocrx_word' id='word_1_807' title='bbox 2916 4528 3270 4595; x_wconf 91' lang='lat' dir='ltr'><strong>clamantem,</strong></span> <span class='ocrx_word' id='word_1_808' title='bbox 3307 4528 3511 4599; x_wconf 89' lang='lat' dir='ltr'><strong>Deique</strong></span> <span class='ocrx_word' id='word_1_809' title='bbox 3540 4528 3715 4584; x_wconf 77' lang='lat' dir='ltr'><strong>minas</strong></span> 
     </span>
    </p>
   </div>
   <div class='ocr_carea' id='block_1_107' title="bbox 2131 4618 3715 4690">
    <p class='ocr_par' dir='ltr' id='par_1_107' title="bbox 2131 4618 3715 4690">
     <span class='ocr_line' id='line_1_107' title="bbox 2131 4618 3715 4690; baseline -0.001 -14"><span class='ocrx_word' id='word_1_810' title='bbox 2131 4623 2381 4676; x_wconf 90' lang='lat' dir='ltr'><strong>omnibus</strong></span> <span class='ocrx_word' id='word_1_811' title='bbox 2412 4620 2836 4674; x_wconf 90' lang='lat' dir='ltr'><strong>anuuntiantem.</strong></span> <span class='ocrx_word' id='word_1_812' title='bbox 2869 4618 3001 4674; x_wconf 85' lang='lat' dir='ltr'><strong>Cain</strong></span> <span class='ocrx_word' id='word_1_813' title='bbox 3027 4620 3225 4690; x_wconf 89' lang='lat' dir='ltr'><strong>quippe</strong></span> <span class='ocrx_word' id='word_1_814' title='bbox 3255 4620 3528 4674; x_wconf 90' lang='lat' dir='ltr'><strong>hominum</strong></span> <span class='ocrx_word' id='word_1_815' title='bbox 3560 4636 3715 4675; x_wconf 48' lang='lat' dir='ltr'><strong>men-</strong></span> 
     </span>
    </p>
   </div>
   <div class='ocr_carea' id='block_1_108' title="bbox 2136 4712 3714 4782">
    <p class='ocr_par' dir='ltr' id='par_1_108' title="bbox 2136 4712 3714 4782">
     <span class='ocr_line' id='line_1_108' title="bbox 2136 4712 3714 4782; baseline -0.001 -14"><span class='ocrx_word' id='word_1_816' title='bbox 2136 4716 2273 4769; x_wconf 90' lang='lat' dir='ltr'><strong>tibus</strong></span> <span class='ocrx_word' id='word_1_817' title='bbox 2301 4715 2613 4776; x_wconf 81' lang='lat' dir='ltr'><strong>exciderat;</strong></span> <span class='ocrx_word' id='word_1_818' title='bbox 2648 4714 2732 4767; x_wconf 92' lang='lat' dir='ltr'><strong>illa</strong></span> <span class='ocrx_word' id='word_1_819' title='bbox 2768 4728 2891 4767; x_wconf 90' lang='lat' dir='ltr'><strong>vero</strong></span> <span class='ocrx_word' id='word_1_820' title='bbox 2913 4722 3034 4767; x_wconf 88' lang='lat' dir='ltr'><strong>ante</strong></span> <span class='ocrx_word' id='word_1_821' title='bbox 3062 4714 3300 4767; x_wconf 90' lang='lat' dir='ltr'><strong>omnium</strong></span> <span class='ocrx_word' id='word_1_822' title='bbox 3326 4712 3512 4767; x_wconf 91' lang='lat' dir='ltr'><strong>oculos</strong></span> <span class='ocrx_word' id='word_1_823' title='bbox 3543 4713 3714 4782; x_wconf 88' lang='lat' dir='ltr'><strong>posita</strong></span> 
     </span>
    </p>
   </div>
   <div class='ocr_carea' id='block_1_109' title="bbox 2132 4804 3708 4880">
    <p class='ocr_par' dir='ltr' id='par_1_109' title="bbox 2132 4804 3708 4880">
     <span class='ocr_line' id='line_1_109' title="bbox 2132 4804 3708 4880; baseline 0 -19"><span class='ocrx_word' id='word_1_824' title='bbox 2132 4811 2327 4880; x_wconf 82' lang='lat' dir='ltr'><strong>jugiter</strong></span> <span class='ocrx_word' id='word_1_825' title='bbox 2368 4809 2760 4863; x_wconf 83' lang='lat' dir='ltr'><strong>imminentium</strong></span> <span class='ocrx_word' id='word_1_826' title='bbox 2788 4807 2885 4860; x_wconf 90' lang='lat' dir='ltr'><strong>sibi</strong></span> <span class='ocrx_word' id='word_1_827' title='bbox 2920 4807 3176 4860; x_wconf 90' lang='lat' dir='ltr'><strong>malorum</strong></span> <span class='ocrx_word' id='word_1_828' title='bbox 3203 4805 3323 4859; x_wconf 87' lang='lat' dir='ltr'><strong>illos</strong></span> <span class='ocrx_word' id='word_1_829' title='bbox 3350 4804 3708 4861; x_wconf 86' lang='lat' dir='ltr'><strong>admonebat:</strong></span> 
     </span>
    </p>
   </div>
   <div class='ocr_carea' id='block_1_110' title="bbox 2135 4898 3711 4970">
    <p class='ocr_par' dir='ltr' id='par_1_110' title="bbox 2135 4898 3711 4970">
     <span class='ocr_line' id='line_1_110' title="bbox 2135 4898 3711 4970; baseline -0.001 -13"><span class='ocrx_word' id='word_1_830' title='bbox 2135 4919 2232 4958; x_wconf 90' lang='lat' dir='ltr'><strong>nec</strong></span> <span class='ocrx_word' id='word_1_831' title='bbox 2263 4904 2339 4957; x_wconf 73' lang='lat' dir='ltr'><strong>sic</strong></span> <span class='ocrx_word' id='word_1_832' title='bbox 2378 4913 2551 4957; x_wconf 88' lang='lat' dir='ltr'><strong>tamen</strong></span> <span class='ocrx_word' id='word_1_833' title='bbox 2580 4902 2653 4955; x_wconf 91' lang='lat' dir='ltr'><strong>illi</strong></span> <span class='ocrx_word' id='word_1_834' title='bbox 2684 4900 2947 4954; x_wconf 86' lang='lat' dir='ltr'><strong>emendati</strong></span> <span class='ocrx_word' id='word_1_835' title='bbox 2989 4909 3130 4962; x_wconf 91' lang='lat' dir='ltr'><strong>sunt,</strong></span> <span class='ocrx_word' id='word_1_836' title='bbox 3160 4899 3250 4952; x_wconf 88' lang='lat' dir='ltr'><strong>sed</strong></span> <span class='ocrx_word' id='word_1_837' title='bbox 3279 4898 3329 4952; x_wconf 93' lang='lat' dir='ltr'><strong>in</strong></span> <span class='ocrx_word' id='word_1_838' title='bbox 3358 4900 3499 4954; x_wconf 90' lang='lat' dir='ltr'><strong>vitiis</strong></span> <span class='ocrx_word' id='word_1_839' title='bbox 3525 4915 3711 4970; x_wconf 87' lang='lat' dir='ltr'><strong>perse-</strong></span> 
     </span>
    </p>
   </div>
   <div class='ocr_carea' id='block_1_111' title="bbox 2136 4990 3719 5063">
    <p class='ocr_par' dir='ltr' id='par_1_111' title="bbox 2136 4990 3719 5063">
     <span class='ocr_line' id='line_1_111' title="bbox 2136 4990 3719 5063; baseline 0.001 -17"><span class='ocrx_word' id='word_1_840' title='bbox 2136 5008 2473 5057; x_wconf 79' lang='lat' dir='ltr'><strong>veraverant,</strong></span> <span class='ocrx_word' id='word_1_841' title='bbox 2512 4992 2767 5063; x_wconf 78' lang='lat' dir='ltr'><strong>Supplicia</strong></span> <span class='ocrx_word' id='word_1_842' title='bbox 2790 4990 3023 5059; x_wconf 85' lang='lat' dir='ltr'><strong>sibiipsis</strong></span> <span class='ocrx_word' id='word_1_843' title='bbox 3044 4990 3441 5047; x_wconf 75' lang='lat' dir='ltr'><strong>consciscentes</strong></span> <span class='ocrx_word' id='word_1_844' title='bbox 3460 4999 3619 5061; x_wconf 91' lang='lat' dir='ltr'><strong>atque</strong></span> <span class='ocrx_word' id='word_1_845' title='bbox 3639 5002 3719 5047; x_wconf 79' lang='lat' dir='ltr'><strong>at—</strong></span> 
     </span>
    </p>
   </div>
   <div class='ocr_carea' id='block_1_112' title="bbox 2136 5082 3719 5150">
    <p class='ocr_par' dir='ltr' id='par_1_112' title="bbox 2136 5082 3719 5150">
     <span class='ocr_line' id='line_1_112' title="bbox 2136 5082 3719 5150; baseline -0.001 -12"><span class='ocrx_word' id='word_1_846' title='bbox 2136 5087 2427 5138; x_wconf 82' lang='lat' dir='ltr'><strong>trahentes.</strong></span> <span class='ocrx_word' id='word_1_847' title='bbox 2464 5085 2600 5137; x_wconf 91' lang='lat' dir='ltr'><strong>Deus</strong></span> <span class='ocrx_word' id='word_1_848' title='bbox 2635 5082 2777 5136; x_wconf 93' lang='lat' dir='ltr'><strong>enim</strong></span> <span class='ocrx_word' id='word_1_849' title='bbox 2806 5082 3059 5135; x_wconf 89' lang='lat' dir='ltr'><strong>diluvium</strong></span> <span class='ocrx_word' id='word_1_850' title='bbox 3088 5082 3259 5149; x_wconf 91' lang='lat' dir='ltr'><strong>ipsum</strong></span> <span class='ocrx_word' id='word_1_851' title='bbox 3296 5096 3470 5150; x_wconf 86' lang='lat' dir='ltr'><strong>neque</strong></span> <span class='ocrx_word' id='word_1_852' title='bbox 3497 5083 3719 5136; x_wconf 83' lang='lat' dir='ltr'><strong>commi-</strong></span> 
     </span>
    </p>
   </div>
   <div class='ocr_carea' id='block_1_113' title="bbox 2134 5172 3717 5243">
    <p class='ocr_par' dir='ltr' id='par_1_113' title="bbox 2134 5172 3717 5243">
     <span class='ocr_line' id='line_1_113' title="bbox 2134 5172 3717 5243; baseline -0.001 -15"><span class='ocrx_word' id='word_1_853' title='bbox 2134 5176 2246 5229; x_wconf 91' lang='lat' dir='ltr'><strong>nari</strong></span> <span class='ocrx_word' id='word_1_854' title='bbox 2280 5218 2292 5237; x_wconf 85' lang='lat'><strong>,</strong></span> <span class='ocrx_word' id='word_1_855' title='bbox 2326 5190 2493 5243; x_wconf 88' lang='lat' dir='ltr'><strong>neque</strong></span> <span class='ocrx_word' id='word_1_856' title='bbox 2541 5172 2741 5228; x_wconf 91' lang='lat' dir='ltr'><strong>inferre</strong></span> <span class='ocrx_word' id='word_1_857' title='bbox 2784 5174 3059 5238; x_wconf 73' lang='lat' dir='ltr'><strong>voluisset,</strong></span> <span class='ocrx_word' id='word_1_858' title='bbox 3097 5173 3252 5225; x_wconf 90' lang='lat' dir='ltr'><strong>sicuti</strong></span> <span class='ocrx_word' id='word_1_859' title='bbox 3294 5186 3393 5225; x_wconf 91' lang='lat' dir='ltr'><strong>nec</strong></span> <span class='ocrx_word' id='word_1_860' title='bbox 3418 5172 3717 5242; x_wconf 82' lang='lat' dir='ltr'><strong>gehennam</strong></span> 
     </span>
    </p>
   </div>
   <div class='ocr_carea' id='block_1_114' title="bbox 2135 5264 3719 5338">
    <p class='ocr_par' dir='ltr' id='par_1_114' title="bbox 2135 5264 3719 5338">
     <span class='ocr_line' id='line_1_114' title="bbox 2135 5264 3719 5338; baseline 0 -15"><span class='ocrx_word' id='word_1_861' title='bbox 2135 5269 2327 5338; x_wconf 86' lang='lat' dir='ltr'><strong>ipsam.</strong></span> <span class='ocrx_word' id='word_1_862' title='bbox 2360 5267 2554 5323; x_wconf 81' lang='lat' dir='ltr'><strong>Verum</strong></span> <span class='ocrx_word' id='word_1_863' title='bbox 2587 5268 2822 5320; x_wconf 90' lang='lat' dir='ltr'><strong>omnium</strong></span> <span class='ocrx_word' id='word_1_864' title='bbox 2873 5280 2969 5319; x_wconf 92' lang='lat' dir='ltr'><strong>nos</strong></span> <span class='ocrx_word' id='word_1_865' title='bbox 2996 5266 3095 5332; x_wconf 89' lang='lat' dir='ltr'><strong>ipsi</strong></span> <span class='ocrx_word' id='word_1_866' title='bbox 3137 5264 3291 5319; x_wconf 86' lang='lat' dir='ltr'><strong>nolus</strong></span> <span class='ocrx_word' id='word_1_867' title='bbox 3316 5280 3475 5319; x_wconf 90' lang='lat' dir='ltr'><strong>causa</strong></span> <span class='ocrx_word' id='word_1_868' title='bbox 3506 5282 3719 5323; x_wconf 85' lang='lat' dir='ltr'><strong>sumus:</strong></span> 
     </span>
    </p>
   </div>
   <div class='ocr_carea' id='block_1_115' title="bbox 2136 5354 3717 5431">
    <p class='ocr_par' dir='ltr' id='par_1_115' title="bbox 2136 5354 3717 5431">
     <span class='ocr_line' id='line_1_115' title="bbox 2136 5354 3717 5431; baseline -0.001 -21"><span class='ocrx_word' id='word_1_869' title='bbox 2136 5360 2275 5431; x_wconf 86' lang='lat' dir='ltr'><strong>quod</strong></span> <span class='ocrx_word' id='word_1_870' title='bbox 2318 5374 2436 5412; x_wconf 90' lang='lat' dir='ltr'><strong>cum</strong></span> <span class='ocrx_word' id='word_1_871' title='bbox 2475 5358 2898 5426; x_wconf 80' lang='lat' dir='ltr'><strong>sapientissimus</strong></span> <span class='ocrx_word' id='word_1_872' title='bbox 2941 5354 3156 5423; x_wconf 89' lang='lat' dir='ltr'><strong>quidam</strong></span> <span class='ocrx_word' id='word_1_873' title='bbox 3198 5355 3439 5419; x_wconf 82' lang='lat' dir='ltr'><strong>videret,</strong></span> <span class='ocrx_word' id='word_1_874' title='bbox 3472 5356 3717 5410; x_wconf 81' lang='lat' dir='ltr'><strong>dicebat:</strong></span> 
     </span>
    </p>
   </div>
   <div class='ocr_carea' id='block_1_116' title="bbox 2141 5445 3719 5514">
    <p class='ocr_par' dir='ltr' id='par_1_116' title="bbox 2141 5445 3719 5514">
     <span class='ocr_line' id='line_1_116' title="bbox 2141 5445 3719 5514; baseline -0.001 -12"><span class='ocrx_word' id='word_1_875' title='bbox 2141 5450 2275 5502; x_wconf 88' lang='lat' dir='ltr'><strong>Deus</strong></span> <span class='ocrx_word' id='word_1_876' title='bbox 2304 5458 2509 5500; x_wconf 86' lang='lat' dir='ltr'><strong>mortem</strong></span> <span class='ocrx_word' id='word_1_877' title='bbox 2538 5464 2634 5498; x_wconf 77' lang='lat' dir='ltr'><strong>non</strong></span> <span class='ocrx_word' id='word_1_878' title='bbox 2666 5446 2802 5513; x_wconf 72' lang='lat' dir='ltr'><strong>fecit,</strong></span> <span class='ocrx_word' id='word_1_879' title='bbox 2832 5462 2920 5499; x_wconf 78' lang='lat' dir='ltr'><strong>nec</strong></span> <span class='ocrx_word' id='word_1_880' title='bbox 2946 5445 3145 5498; x_wconf 79' lang='lat' dir='ltr'><strong>lwlatur</strong></span> <span class='ocrx_word' id='word_1_881' title='bbox 3166 5448 3216 5499; x_wconf 85' lang='lat' dir='ltr'><strong>in</strong></span> <span class='ocrx_word' id='word_1_882' title='bbox 3249 5446 3523 5514; x_wconf 83' lang='lat' dir='ltr'><strong>perditione</strong></span> <span class='ocrx_word' id='word_1_883' title='bbox 3550 5448 3719 5501; x_wconf 67' lang='lat' dir='ltr'><strong>t‘iveu-</strong></span> 
     </span>
    </p>
   </div>
   <div class='ocr_carea' id='block_1_117' title="bbox 2137 5536 3715 5606">
    <p class='ocr_par' dir='ltr' id='par_1_117' title="bbox 2137 5536 3715 5606">
     <span class='ocr_line' id='line_1_117' title="bbox 2137 5536 3715 5606; baseline -0.001 -14"><span class='ocrx_word' id='word_1_884' title='bbox 2137 5544 2259 5593; x_wconf 84' lang='lat' dir='ltr'><strong>tium</strong></span> <span class='ocrx_word' id='word_1_885' title='bbox 2302 5538 2470 5605; x_wconf 75' lang='grc' dir='ltr'><strong>(δίῳ.</strong></span> <span class='ocrx_word' id='word_1_886' title='bbox 2504 5540 2552 5589; x_wconf 89' lang='lat' dir='ltr'><strong>l.</strong></span> <span class='ocrx_word' id='word_1_887' title='bbox 2589 5536 2709 5605; x_wconf 78' lang='grc'><strong>15).</strong></span> <span class='ocrx_word' id='word_1_888' title='bbox 2745 5538 2820 5589; x_wconf 80' lang='lat' dir='ltr'><strong>Ac</strong></span> <span class='ocrx_word' id='word_1_889' title='bbox 2848 5538 2986 5591; x_wconf 90' lang='lat' dir='ltr'><strong>Dens</strong></span> <span class='ocrx_word' id='word_1_890' title='bbox 3019 5538 3130 5605; x_wconf 90' lang='lat' dir='ltr'><strong>ipse</strong></span> <span class='ocrx_word' id='word_1_891' title='bbox 3157 5552 3252 5606; x_wconf 90' lang='lat' dir='ltr'><strong>per</strong></span> <span class='ocrx_word' id='word_1_892' title='bbox 3282 5536 3592 5604; x_wconf 67' lang='lat' dir='ltr'><strong>protihetam</strong></span> <span class='ocrx_word' id='word_1_893' title='bbox 3624 5541 3715 5591; x_wconf 89' lang='lat' dir='ltr'><strong>ait:</strong></span> 
     </span>
    </p>
   </div>
   <div class='ocr_carea' id='block_1_118' title="bbox 2140 5628 3717 5696">
    <p class='ocr_par' dir='ltr' id='par_1_118' title="bbox 2140 5628 3717 5696">
     <span class='ocr_line' id='line_1_118' title="bbox 2140 5628 3717 5696; baseline -0.002 -11"><span class='ocrx_word' id='word_1_894' title='bbox 2140 5630 2277 5685; x_wconf 82' lang='lat' dir='ltr'><strong>Nolo</strong></span> <span class='ocrx_word' id='word_1_895' title='bbox 2317 5642 2527 5681; x_wconf 84' lang='lat' dir='ltr'><strong>mortem</strong></span> <span class='ocrx_word' id='word_1_896' title='bbox 2574 5629 2848 5696; x_wconf 80' lang='lat' dir='ltr'><strong>peccatoris</strong></span> <span class='ocrx_word' id='word_1_897' title='bbox 2874 5668 2887 5689; x_wconf 90' lang='lat'><strong>,</strong></span> <span class='ocrx_word' id='word_1_898' title='bbox 2920 5628 3008 5680; x_wconf 80' lang='lat' dir='ltr'><strong>sed</strong></span> <span class='ocrx_word' id='word_1_899' title='bbox 3050 5638 3103 5679; x_wconf 88' lang='lat' dir='ltr'><strong>ut</strong></span> <span class='ocrx_word' id='word_1_900' title='bbox 3151 5636 3474 5681; x_wconf 79' lang='lat' dir='ltr'><strong>convertatur</strong></span> <span class='ocrx_word' id='word_1_901' title='bbox 3499 5638 3545 5682; x_wconf 84' lang='lat' dir='ltr'><strong>et</strong></span> <span class='ocrx_word' id='word_1_902' title='bbox 3592 5633 3717 5683; x_wconf 78' lang='lat' dir='ltr'><strong>uitat</strong></span> 
     </span>
    </p>
   </div>
   <div class='ocr_carea' id='block_1_119' title="bbox 2139 5719 3718 5795">
    <p class='ocr_par' dir='ltr' id='par_1_119' title="bbox 2139 5719 3718 5795">
     <span class='ocr_line' id='line_1_119' title="bbox 2139 5719 3718 5795; baseline -0.003 -17"><span class='ocrx_word' id='word_1_903' title='bbox 2139 5734 2155 5795; x_wconf 90' lang='lat'><strong>(</strong></span> <span class='ocrx_word' id='word_1_904' title='bbox 2193 5723 2377 5778; x_wconf 68' lang='lat' dir='ltr'><strong>Iisech.</strong></span> <span class='ocrx_word' id='word_1_905' title='bbox 2440 5721 2527 5776; x_wconf 75' lang='lat'><strong>18.</strong></span> <span class='ocrx_word' id='word_1_906' title='bbox 2577 5722 2704 5791; x_wconf 74' lang='lat'><strong>23).</strong></span> <span class='ocrx_word' id='word_1_907' title='bbox 2741 5722 2811 5775; x_wconf 82' lang='lat' dir='ltr'><strong>At</strong></span> <span class='ocrx_word' id='word_1_908' title='bbox 2851 5735 2976 5772; x_wconf 85' lang='lat' dir='ltr'><strong>vero</strong></span> <span class='ocrx_word' id='word_1_909' title='bbox 3023 5735 3121 5772; x_wconf 88' lang='lat' dir='ltr'><strong>nos</strong></span> <span class='ocrx_word' id='word_1_910' title='bbox 3165 5719 3265 5773; x_wconf 91' lang='lat' dir='ltr'><strong>nisi</strong></span> <span class='ocrx_word' id='word_1_911' title='bbox 3312 5733 3718 5783; x_wconf 78' lang='lat' dir='ltr'><strong>convertamur.</strong></span> 
     </span>
    </p>
   </div>
   <div class='ocr_carea' id='block_1_120' title="bbox 2140 5811 3721 5883">
    <p class='ocr_par' dir='ltr' id='par_1_120' title="bbox 2140 5811 3721 5883">
     <span class='ocr_line' id='line_1_120' title="bbox 2140 5811 3721 5883; baseline 0 -14"><span class='ocrx_word' id='word_1_912' title='bbox 2140 5816 2533 5871; x_wconf 85' lang='lat' dir='ltr'><strong>damnationem</strong></span> <span class='ocrx_word' id='word_1_913' title='bbox 2582 5814 2737 5867; x_wconf 66' lang='lat' dir='ltr'><strong>nobis</strong></span> <span class='ocrx_word' id='word_1_914' title='bbox 2780 5811 2907 5881; x_wconf 75' lang='lat' dir='ltr'><strong>ipsis</strong></span> <span class='ocrx_word' id='word_1_915' title='bbox 2933 5811 3072 5864; x_wconf 88' lang='lat' dir='ltr'><strong>ultro</strong></span> <span class='ocrx_word' id='word_1_916' title='bbox 3105 5828 3441 5883; x_wconf 84' lang='lat' dir='ltr'><strong>mortemque</strong></span> <span class='ocrx_word' id='word_1_917' title='bbox 3478 5814 3721 5880; x_wconf 74' lang='lat' dir='ltr'><strong>congeri-</strong></span> 
     </span>
    </p>
   </div>
   <div class='ocr_carea' id='block_1_121' title="bbox 2139 5902 3717 5973">
    <p class='ocr_par' dir='ltr' id='par_1_121' title="bbox 2139 5902 3717 5973">
     <span class='ocr_line' id='line_1_121' title="bbox 2139 5902 3717 5973; baseline -0.004 -11"><span class='ocrx_word' id='word_1_918' title='bbox 2139 5926 2279 5973; x_wconf 89' lang='lat' dir='ltr'><strong>mus,</strong></span> <span class='ocrx_word' id='word_1_919' title='bbox 2314 5922 2416 5960; x_wconf 92' lang='lat' dir='ltr'><strong>non</strong></span> <span class='ocrx_word' id='word_1_920' title='bbox 2450 5907 2589 5961; x_wconf 84' lang='lat' dir='ltr'><strong>Dens</strong></span> <span class='ocrx_word' id='word_1_921' title='bbox 2608 5904 2701 5972; x_wconf 91' lang='lat' dir='ltr'><strong>qui</strong></span> <span class='ocrx_word' id='word_1_922' title='bbox 2734 5918 2831 5955; x_wconf 93' lang='lat' dir='ltr'><strong>nos</strong></span> <span class='ocrx_word' id='word_1_923' title='bbox 2858 5902 3035 5971; x_wconf 90' lang='lat' dir='ltr'><strong>perire</strong></span> <span class='ocrx_word' id='word_1_924' title='bbox 3062 5904 3323 5968; x_wconf 90' lang='lat' dir='ltr'><strong>noluerat,</strong></span> <span class='ocrx_word' id='word_1_925' title='bbox 3356 5903 3548 5972; x_wconf 77' lang='lat' dir='ltr'><strong>quippe</strong></span> <span class='ocrx_word' id='word_1_926' title='bbox 3581 5904 3717 5960; x_wconf 66' lang='lat' dir='ltr'><strong>viam</strong></span> 
     </span>
    </p>
   </div>
   <div class='ocr_carea' id='block_1_122' title="bbox 2140 5992 3692 6070">
    <p class='ocr_par' dir='ltr' id='par_1_122' title="bbox 2140 5992 3692 6070">
     <span class='ocr_line' id='line_1_122' title="bbox 2140 5992 3692 6070; baseline -0.007 -12"><span class='ocrx_word' id='word_1_927' title='bbox 2140 5998 2428 6070; x_wconf 79' lang='lat' dir='ltr'><strong>effugiendi</strong></span> <span class='ocrx_word' id='word_1_928' title='bbox 2454 5995 2608 6052; x_wconf 89' lang='lat' dir='ltr'><strong>nobis</strong></span> <span class='ocrx_word' id='word_1_929' title='bbox 2647 5992 2977 6050; x_wconf 82' lang='lat' dir='ltr'><strong>ostenderat.</strong></span> <span class='ocrx_word' id='word_1_930' title='bbox 3024 5994 3232 6065; x_wconf 70' lang='lat' dir='ltr'><strong>Ergone</strong></span> <span class='ocrx_word' id='word_1_931' title='bbox 3260 5995 3309 6048; x_wconf 83' lang='lat' dir='ltr'><strong>id</strong></span> <span class='ocrx_word' id='word_1_932' title='bbox 3350 5994 3520 6050; x_wconf 83' lang='lat' dir='ltr'><strong>solum</strong></span> <span class='ocrx_word' id='word_1_933' title='bbox 3556 5994 3692 6057; x_wconf 71' lang='lat' dir='ltr'><strong>hui:(:</strong></span> 
     </span>
    </p>
   </div>
   <div class='ocr_carea' id='block_1_123' title="bbox 3281 6085 3358 6143">
    <p class='ocr_par' dir='ltr' id='par_1_123' title="bbox 3281 6085 3358 6143">
     <span class='ocr_line' id='line_1_123' title="bbox 3281 6085 3358 6143; baseline 0.026 -2"><span class='ocrx_word' id='word_1_934' title='bbox 3281 6085 3358 6143; x_wconf 65' lang='grc' dir='ltr'><strong>Ξ.δῦ</strong></span> 
     </span>
    </p>
   </div>
  </div>
