4532 6730
847 617 946 676 1'35

842 766 983 818 mus,
1011 750 1150 821 quod
1189 750 1255 804 de
1284 746 1485 802 diluvio
1525 746 1704 801 dicere
1735 747 2024 814 possimus,
2071 745 2318 812 nullaque
2344 758 2410 796 ex

841 858 908 896 eo
938 841 1194 910 prodiisse
1214 838 1569 893 emolumenta
1601 837 1877 891 dicemus?
1906 836 2016 890 Dici
2045 833 2280 905 profecto
2309 848 2414 885 non

843 940 1018 1001 potest
1053 939 1308 999 quantum
1341 929 1579 982 utilitatis
1622 936 1676 982 et
1720 927 1783 980 iis
1809 928 1898 995 qui
1939 928 2029 981 illa
2075 925 2416 980 inundatione

841 1021 1047 1089 periere
1064 1062 1080 1086 ,
1107 1032 1162 1074 et
1187 1020 1396 1074 caeteris
1421 1019 1507 1087 qui
1534 1027 1714 1086 postea
1736 1018 1881 1071 fuere
1901 1058 1915 1080 ,
1947 1018 2068 1071 inde
2094 1015 2413 1086 provenerit.

843 1110 919 1163 Illi
968 1110 1111 1165 enim
1156 1110 1376 1163 ulterius
1416 1110 1466 1161 in
1489 1109 1629 1160 vitiis
1667 1123 1730 1160 ac
1764 1107 1976 1174 flagitiis
2014 1106 2258 1176 progredi
2297 1120 2418 1172 per-

845 1204 992 1257 missi
1019 1217 1126 1256 non
1151 1203 1397 1266 fuerunt;
1425 1203 1512 1269 qui
1543 1213 1715 1254 autem
1744 1210 1861 1268 post
1887 1201 2007 1254 illos
2037 1200 2242 1269 sequuti
2271 1208 2413 1264 sunt,

829 1291 1042 1362 majora
1069 1306 1229 1361 quam
1276 1289 1350 1344 illi
1381 1291 1524 1343 lucra
1552 1291 1886 1355 retulerunt,
1937 1290 2234 1353 fermento,
2267 1300 2321 1342 ut
2346 1290 2418 1344 ita

826 1381 1087 1443 'dixerim,
1116 1381 1449 1450 materiaque
1481 1381 1741 1434 malorum
1773 1396 1802 1434 e
1857 1381 2034 1434 medio
2075 1381 2294 1433 sublatis
2318 1395 2413 1433 ex-

823 1470 1157 1539 stinctisque
1183 1471 1570 1539 peccatoribus.
1597 1470 1728 1523 Nam
1759 1471 1803 1523 si
1844 1471 2000 1522 etiam
2026 1470 2140 1523 sine
2163 1471 2419 1537 exemplis

824 1561 978 1613 'mala
1011 1559 1257 1614 homines
1296 1575 1394 1629 per
1435 1574 1494 1614 se
1528 1560 1682 1613 facile
1714 1560 2008 1622 inveniunt,
2045 1559 2171 1627 quid
2201 1575 2305 1612 non
2337 1559 2418 1612 fa-

840 1651 977 1704 eturi
1022 1659 1208 1714 erant,
1257 1650 1300 1703 si
1333 1652 1677 1718 plurimorum
1710 1649 1953 1717 exemplo
1979 1648 2043 1700 ad
2091 1650 2419 1718 perniciosos

817 1749 988 1794 ~actus
1014 1740 1215 1792 invitati
1246 1739 1502 1792 fuissent?
1526 1739 1676 1805 Quod
1714 1739 1892 1808 utique
1920 1755 1986 1792 ne
2021 1741 2177 1794 tieret
2199 1781 2214 1804 ,
2248 1755 2314 1794 ne
2343 1749 2421 1794 tot

837 1829 1098 1882 scelerum
1124 1829 1406 1896 magistros
1433 1827 1507 1892 hi,
1536 1829 1624 1897 qui
1653 1837 1834 1896 postea
1855 1827 2018 1882 futuri
2049 1837 2222 1894 erant,
2253 1829 2418 1882 habe-

836 1927 982 1985 rent,
1012 1933 1106 1972 eos
1132 1934 1320 1974 omnes
1349 1935 1450 1973 una
1476 1920 1724 1990 perdidit.

906 2011 961 2065 5.
987 2010 1195 2066 ’Vemm
1226 2012 1523 2077 enimvero,
1553 2027 1795 2080 quzcnam
1823 2023 1906 2067 est
1936 2014 2145 2068 illorum
2175 2015 2413 2083 sapiens,

824 2099 947 2154 ’ἱωο
966 2101 1117 2168 plena
1140 2102 1370 2156 stultitia:
1391 2103 1544 2164 ratio,
1576 2103 1662 2170 qui
1690 2117 1807 2156 cum
1841 2102 1970 2156 nihil
1997 2103 2119 2157 boni
2148 2118 2304 2173 agere
2329 2120 2420 2158 ve-

838 2189 953 2256 lint,
982 2192 1158 2244 omnia
1190 2193 1500 2262 perquirunt
1527 2201 1580 2246 et
1607 2193 1826 2257 dicunt,
1861 2203 1917 2247 ut
1943 2209 2162 2248 suorum
2189 2196 2416 2249 delicto-

831 2297 953 2335 rum
977 2295 1193 2336 causam
1215 2282 1280 2336 ad
1297 2284 1458 2336 Deum
1488 2283 1751 2337 referant?
1771 2283 1884 2338 Nisi
1904 2287 2236 2354 permisisset
2253 2287 2413 2352 Deus,

829 2373 1011 2436 aiunt,
1058 2388 1387 2442 nequaquam
1426 2374 1738 2428 accessisset
1793 2374 2041 2429 diabolus
2068 2417 2084 2441 ,
2129 2393 2412 2446 numquam

836 2464 1137 2533 decepissct
1182 2465 1248 2518 ab
1294 2466 1464 2519 initio.
1510 2465 1616 2518 Sed
1659 2481 1830 2534 neque
1871 2468 2206 2536 cognovisset
2247 2468 2411 2521 Adam

835 2564 1092 2622 quantum
1121 2555 1243 2607 boni
1269 2565 1390 2609 ante
1420 2555 1723 2619 habuisset,
1774 2570 1946 2624 neque
1973 2571 2123 2610 suam
2153 2557 2292 2610 illam
2324 2571 2412 2610 ar-

835 2645 1406 2714 rogantiam'umquam
1432 2645 1777 2700 deseruisset.
1801 2647 1902 2710 Qui
1936 2646 2076 2700 enim
2100 2647 2328 2715 seipsum
2359 2647 2410 2700 in

833 2743 1040 2787 tantum
1083 2735 1293 2788 culmen
1335 2734 1555 2789 honoris
1598 2745 1883 2801 erexerat,
1928 2746 1986 2789 ut
2025 2737 2136 2790 fieri
2169 2752 2224 2790 se
2253 2736 2409 2790 deum

841 2833 1172 2893 expectaret,
1204 2838 1310 2893 quo
1340 2840 1445 2878 non
1468 2825 1798 2894 prorupisset
1823 2824 2073 2890 audaciae,
2101 2825 2200 2878 nisi
2230 2824 2414 2880 fuisset

841 2915 907 2968 ad
930 2930 1113 2969 sanam
1137 2923 1367 2969 mentem
1385 2915 1672 2968 reductus?
1691 2915 1972 2984 Fingamus
1994 2914 2123 2968 nihil
2143 2915 2410 2969 diabolum

840 3005 1183 3069 consuluisse,
1202 3005 1451 3073 nihilque
1479 3005 1689 3074 penitus
1713 3005 1836 3059 Eva:
1866 3005 1933 3059 de
1965 3006 2106 3074 ligno
2135 3006 2410 3075 loquutum

841 3093 1003 3148 fuisse
1029 3112 1043 3148 :
1071 3111 1194 3148 num
1224 3096 1338 3149 sine
1377 3103 1594 3163 peccato
1621 3097 2012 3164 perstitissent,
2057 3097 2102 3149 si
2139 3097 2276 3151 istud
2307 3112 2411 3151 non

842 3186 914 3240 ita
954 3187 1298 3254 contigisset?
1333 3187 1548 3242 Minime
1587 3203 1713 3242 vero
1744 3205 1757 3240 :
1790 3203 1910 3242 nam
1949 3188 2033 3241 cui
2077 3189 2267 3242 mulier
2306 3198 2410 3242 tam

841 3275 994 3331 facile
1039 3277 1177 3346 quod
1211 3277 1422 3332 volebat
1469 3279 1771 3348 persuasit,
1815 3280 1969 3349 ipse,
2015 3282 2174 3334 etiam
2201 3280 2411 3336 diabolo

841 3384 947 3423 non
973 3369 1263 3425 exsistente
1281 3410 1297 3437 ,
1325 3385 1391 3424 ex
1419 3371 1596 3440 seipso
1622 3371 2013 3440 quamprimum
2058 3373 2110 3425 in
2139 3381 2411 3440 peccatum

837 3463 1144 3528 corruisset,
1175 3478 1281 3532 quo
1306 3463 1489 3530 majori
1512 3478 1724 3533 quoque
1746 3478 1900 3533 pceua
1925 3464 2168 3518 mulctari
2190 3465 2412 3518 meruis-

835 3563 944 3607 set.
976 3552 1239 3607 Praeterea
1265 3567 1332 3607 ne
1356 3567 1494 3607 nunc
1520 3553 1732 3622 quidem
1765 3553 1959 3608 diaboli
1984 3553 2149 3608 solius
2174 3553 2269 3607 fuit
2291 3569 2410 3608 om-

837 3645 924 3698 nis
943 3645 1026 3698 illa
1055 3643 1316 3710 seductio,
1344 3644 1439 3698 sed
1466 3658 1562 3698 sua
1583 3644 1744 3698 etiam
1769 3645 2197 3713 concupiscentia
2223 3645 2414 3698 mulier

836 3744 1086 3804 corrupta
1115 3736 1310 3788 corruit
1332 3776 1347 3799 ,
1382 3743 1546 3803 atque
1573 3734 1672 3788 hoc
1702 3734 1975 3803 Scriptura
2000 3750 2150 3789 sacra
2181 3736 2408 3800 iudicat,

840 3839 958 3893 qua:
986 3824 1145 3877 dicit:
1186 3821 1422 3890 Viditque
1444 3824 1623 3876 mulier
1663 3823 1799 3893 quod
1823 3823 2009 3877 bonum
2059 3834 2182 3878 esset
2221 3826 2412 3894 lignum

839 3914 908 3965 ad
946 3913 1222 3977 edendum,
1250 3923 1541 3982 gratumque
1583 3914 1741 3966 oculis
1766 3914 1833 3966 ad
1861 3913 2125 3966 videndum
2152 3953 2167 3977 ,
2210 3931 2270 3966 ac
2299 3931 2411 3983 spe-

838 4005 1029 4058 ciosum
1053 4004 1120 4056 ad
1143 4004 1595 4057 considerandum:
1626 4013 1670 4058 et
1694 4005 1942 4074 accipiens
1970 4005 2032 4058 de
2063 4009 2229 4075 fructu
2271 4007 2413 4060 illius

839 4095 1051 4148 comedit
1097 4093 1245 4162 (Gen.
1289 4095 1343 4147 5.
1375 4093 1466 4162 6).
1511 4094 1689 4162 Neque
1728 4110 1854 4148 vero
1890 4110 1988 4164 ego
2018 4110 2157 4149 nunc
2190 4097 2287 4148 ista
2329 4097 2411 4148 lo-

846 4200 980 4254 quor
1006 4186 1151 4253 quasi
1179 4185 1444 4237 diabolum
1486 4184 1795 4238 insidiarum
1835 4185 2144 4238 criminibus
2189 4199 2414 4253 purgare

839 4273 1078 4341 cupiens,
1111 4271 1202 4326 sed
1230 4272 1462 4326 indicare
1489 4274 1669 4326 volens
1695 4288 1808 4336 eos,
1840 4272 1939 4326 nisi
1969 4282 2159 4341 sponte
2193 4272 2416 4327 cecidis-

842 4374 983 4432 sent,
1010 4381 1040 4419 a
1068 4365 1280 4420 nemine
1305 4380 1553 4433 umquam
1581 4365 1813 4434 potuisse
1830 4364 2010 4434 dejici.
2033 4364 2164 4419 Nam
2190 4367 2276 4433 qui
2306 4375 2411 4417 tam

841 4458 996 4512 facile
1023 4459 1356 4526 propinatam
1387 4457 1487 4510 sibi
1528 4457 1594 4510 ab
1624 4457 1792 4510 altero
1838 4455 2101 4510 fallaciam
2143 4457 2407 4525 suscepit,

843 4549 888 4601 is
925 4557 1049 4603 ante
1091 4547 1350 4602 fallaciam
1389 4547 1714 4617 negligenter
1742 4555 1796 4601 et
1817 4547 2036 4601 remisse
2062 4562 2121 4601 se
2163 4547 2412 4600 habuisse

840 4638 1168 4701 OSIenditur;
1199 4652 1368 4706 neque
1412 4638 1553 4692 enim
1581 4645 1780 4690 tantum
1810 4637 1898 4689 ille
1927 4637 2212 4705 potuisset,
2244 4637 2288 4688 si
2329 4651 2413 4690 so-

840 4728 1013 4782 brium
1039 4728 1449 4796 vigilantemque
1473 4726 1707 4778 animum
1741 4726 2040 4792 alloquutus
2080 4733 2242 4778 esset.
2279 4724 2415 4778 Sunt

850 4829 1026 4871 autem
1057 4817 1304 4886 plurimi,
1333 4817 1423 4885 qui
1452 4817 1503 4869 in
1550 4815 1647 4869 bac
1691 4823 1841 4884 parte
1881 4813 2136 4868 confutati
2157 4855 2171 4878 ,
2202 4813 2414 4867 diabolo

844 4908 1041 4960 omisso
1061 4946 1075 4969 ,
1102 4909 1167 4960 ad
1193 4906 1495 4960 mandatum
1524 4912 1833 4969 transeunt,
1869 4915 1921 4958 et
1952 4918 2070 4957 cum
2102 4918 2130 4955 a
2161 4909 2414 4971 peccante

847 4995 1058 5048 homine
1084 4994 1414 5059 abstineant,
1446 4996 1555 5049 Deo
1584 4997 1784 5049 crimen
1811 4994 2106 5063 impingunt
2133 4993 2370 5047 dicentes
2396 5008 2408 5044 :

845 5083 979 5152 Quid
1010 5083 1150 5137 enim
1171 5083 1248 5137 eis
1274 5095 1588 5151 praeceptum
1617 5085 1793 5147 dabat,
1822 5099 1954 5153 quos
1981 5092 2286 5152 peccaturos
2314 5097 2414 5135 no—

849 5172 1032 5229 verat?
1061 5172 1162 5225 lsta
1183 5187 1369 5225 revera
1411 5180 1532 5226 sunt
1559 5171 1754 5225 diaboli
1779 5173 1958 5238 verba,
1985 5183 2039 5228 et
2065 5174 2242 5242 impia:
2263 5187 2412 5226 men-

844 5265 911 5317 tis
938 5265 1168 5318 inventa.
1192 5261 1323 5316 Nam
1349 5262 1488 5330 quod
1514 5271 1833 5330 prmceptum
1862 5263 1990 5316 dare
2018 5265 2171 5333 longe
2193 5261 2413 5332 majoris

845 5351 1193 5420 providentia:
1220 5352 1286 5406 sit
1307 5366 1465 5421 quam
1496 5366 1599 5404 non
1621 5351 1770 5418 dare,
1797 5350 1920 5404 hinc
1941 5351 2110 5420 palam
2134 5362 2232 5406 est.
2258 5354 2408 5418 Esto,

847 5444 1013 5497 Adam
1043 5443 1311 5498 voluntate
1338 5452 1391 5499 et
1416 5444 1593 5497 animo
1622 5452 1726 5497 tam
1759 5443 2042 5512 negligenti
2063 5484 2078 5508 ,
2107 5458 2261 5511 quam
2292 5445 2409 5499 linis

852 5533 1080 5586 ostendit
1099 5574 1114 5599 ,
1146 5534 1345 5588 nullum
1376 5535 1626 5603 suscipiat
1653 5533 1956 5588 mandatum
1977 5574 1991 5596 ,
2021 5533 2111 5586 sed
2135 5533 2184 5586 in
2210 5533 2411 5589 deliciis

859 5623 1104 5692 persistat
1129 5641 1142 5676 :
1175 5639 1296 5677 num
1327 5625 1655 5678 imbecillitas
1683 5635 1838 5694 atque
1865 5623 2179 5693 negligentia
2216 5637 2281 5676 ex
2308 5623 2410 5677 hu-

847 5712 1078 5782 iusmodi
1105 5713 1312 5768 licentia
1339 5715 1403 5766 ad
1432 5715 1668 5776 meliora,
1699 5729 1763 5768 an
1795 5713 1858 5766 ad
1885 5712 2147 5767 deteriora
2177 5724 2411 5780 prorum-

850 5803 980 5873 pet?
1006 5801 1195 5872 Liquet
1225 5802 1458 5871 profecto
1484 5804 1631 5856 illum
1658 5803 1720 5857 ad
1745 5818 2008 5858 summum
2046 5801 2305 5869 fastigium
2329 5804 2411 5856 vi-

851 5896 1042 5949 tiorum
1073 5907 1375 5958 evasurum,
1403 5893 1448 5947 si
1470 5893 1668 5962 absque
1696 5907 1818 5947 cura
1846 5894 1928 5947 sit.
1963 5892 2092 5946 Nam
2125 5891 2168 5944 si
2191 5891 2412 5945 necdum

853 5986 922 6044 de
971 5986 1363 6042 immortalitate
1423 5999 1677 6052 securus,
1735 6001 1958 6058 eamque
1999 5999 2148 6056 spem
2198 5983 2410 6039 dubiam

1579 612 1638 669 S.
1675 613 1949 670 JOANNIS
1987 610 2461 669 CIIRYSOSTOMI
2501 609 2819 667 ARCHIEP.
2850 611 3386 669 CONSTANTINUP.

3988 619 4092 674 ηδ

2526 725 2757 795 pendere
2784 741 2889 781 non
2919 728 3167 796 ignorans
3191 770 3205 792 ,
3236 728 3290 782 in
3321 736 3515 782 tantam
3556 734 3904 799 arrogantiam
3928 745 4098 803 atque

2521 819 2808 872 amentiam
2836 819 3005 874 elatus
3034 832 3135 888 est,
3165 832 3220 874 ut
3244 821 3372 876 deus
3400 820 3516 876 ﬁeri
3543 834 3778 890 speraret
3803 865 3820 889 ,
3847 827 4097 898 istudque

2521 923 2640 962 cum
2672 909 2720 962 id
2768 912 3162 978 promittentem
3190 914 3330 967 nulla
3375 930 3439 967 ex
3491 923 3637 982 parte
3665 913 3870 969 ﬁdelem
3901 934 4097 974 cerne-

2523 1007 2605 1052 ret
2644 1000 2731 1053 :si
2779 1014 3017 1053 securam
3059 1002 3499 1059 immortalitatem
3545 1013 3812 1074 putasset,
3856 1021 3959 1074 quo
3988 1026 4098 1064 non

2524 1104 2834 1160 progressus
2886 1099 3029 1144 esset
3065 1097 3420 1162 arrogantim?
3459 1096 3582 1165 quid
3623 1111 3724 1148 non
3776 1102 4099 1164 peccasset?

2522 1183 2854 1250 quandonam
2905 1183 3014 1236 Deo
3055 1185 3514 1253 obtemperasset?
3555 1188 3632 1241 Tu
3662 1203 3788 1240 vero
3831 1187 3954 1241 dum
3990 1191 4092 1243 ista

2523 1273 2839 1336 criminaris,
2866 1272 3002 1326 idem
3030 1274 3266 1342 profecto
3287 1276 3412 1330 facis
3431 1319 3446 1342 ,
3473 1293 3536 1332 ac
3573 1278 3618 1331 si
3646 1279 3761 1348 quis
3789 1277 4098 1331 fornicatio-

2524 1376 2644 1415 nem
2675 1363 3038 1430 prohihenteln
3069 1367 3516 1432 reprehenderet,
3552 1369 3672 1423 ideo
3698 1369 3834 1437 quod
3880 1369 4096 1437 plurimi

2525 1455 2622 1507 ista
2669 1456 2939 1508 audientes
2984 1455 3293 1510 furnicaturi
3335 1470 3533 1513 essent.
3584 1461 3768 1515 Nonne
3814 1471 3934 1515 sunt
3981 1462 4098 1514 ha‘c

2523 1545 2681 1599 verba
2725 1556 2972 1598 extrema:
3021 1545 3339 1601 dementiae?
3378 1550 3431 1604 Si
3480 1553 3620 1604 enim
3669 1552 3810 1604 nullo
3847 1551 4099 1604 mandato

2528 1646 2775 1702 suscepto
2801 1634 3044 1687 diabolus
3073 1635 3137 1687 ad
3167 1637 3313 1690 illum
3361 1639 3619 1692 accedens
3649 1639 3897 1693 recedere
3921 1656 3948 1690 a
3983 1640 4097 1691 Deo

2524 1725 2896 1787 consuluisset,
2929 1724 2978 1776 id
3006 1725 3080 1777 illi
3112 1724 3265 1780 facile
3292 1729 3661 1795 persuasisset.
3692 1727 3820 1781 Nam
3851 1729 3936 1796 qui
3971 1737 4095 1796 post

2523 1825 2791 1883 acceptum
2823 1814 3126 1868 mandatum
3151 1818 3540 1888 prmeipientem
3567 1819 3642 1872 sic
3670 1820 3983 1887 contempsit
4003 1861 4016 1879 ,
4046 1820 4096 1872 si

2527 1905 2658 1959 nihil
2703 1906 2769 1959 ab
2797 1905 2883 1958 illo
2912 1907 3127 1975 penitus
3158 1909 3427 1974 audisset,
3460 1909 3564 1962 cito
3593 1910 3747 1962 etiam
3775 1924 3831 1962 se
3873 1910 3970 1962 sub
3997 1910 4095 1961 do.

2525 1996 2669 2049 mino
2695 2010 2816 2049 esse
2847 1995 3159 2064 ignorasset.
3185 1997 3382 2053 Idcirco
3404 2007 3604 2052 mature
3629 1999 3764 2053 Deus
3789 2014 3853 2051 ex
3881 1998 3942 2052 iis
3971 2013 4094 2066 qua:

2525 2084 2790 2152 praecipit,
2819 2083 2973 2137 docet
2996 2084 3190 2140 habere
3212 2087 3356 2141 illum
3384 2088 3676 2152 dominum,
3706 2089 3756 2141 in
3781 2089 4094 2156 cunctisque

2523 2178 2596 2231 illi
2619 2191 2805 2245 parere
2825 2187 3092 2245 oportere.
3126 2179 3193 2232 Et
3226 2181 3349 2248 quid
3379 2180 3603 2248 amplius
3636 2179 3758 2233 hinc
3785 2189 4090 2248 sequutum,

2521 2267 2803 2336 inquiunt?
2852 2268 3071 2323 Etiamsi
3116 2271 3246 2324 nihil
3288 2271 3426 2325 aliud
3468 2279 3744 2339 sequutum
3774 2281 3948 2333 esset.
3980 2287 4089 2324 non

2520 2357 2570 2411 id
2592 2358 2802 2412 docenti
2830 2358 2936 2412 Deo
2961 2369 3102 2414 esset
3131 2361 3488 2430 imputandum
3509 2401 3523 2421 ,
3553 2359 3644 2412 sed
3678 2361 3848 2428 potius
3889 2360 4089 2414 homini

2519 2463 2625 2502 non
2659 2449 2964 2518 suscipienti
3009 2451 3260 2518 optimam
3314 2450 3450 2503 hanc
3489 2450 3840 2518 disciplinam.
3890 2451 4089 2505 Verum

2520 2555 2586 2597 ne
2625 2540 2702 2594 sic
2743 2541 2956 2611 quidem
3003 2541 3199 2596 inutilis
3241 2541 3375 2608 fuit,
3426 2542 3583 2594 etiam
3629 2551 3747 2610 post
3776 2545 4090 2612 praevarica-

2520 2631 2755 2696 tionem,
2819 2632 3069 2700 przecepti
3114 2632 3384 2687 exhibitio.
3437 2631 3622 2687 Nonne
3681 2633 3783 2686 illa:
3831 2634 4086 2698 latebrm,

2521 2721 2607 2774 illa
2633 2721 2899 2776 confessio
2936 2723 3149 2788 delicti,
3199 2724 3284 2776 illa
3330 2723 3424 2776 viri
3451 2723 3516 2776 ad
3547 2723 3821 2778 mulierem
3847 2766 3861 2789 ,
3893 2725 4090 2779 mulie-

2520 2813 2698 2881 risque
2766 2812 2833 2866 ad
2900 2823 3196 2882 serpentem
3261 2814 3495 2868 studiosa
3549 2829 3722 2869 causa:
3789 2816 4079 2870 traductio:

2519 2904 2640 2966 illa,
2689 2903 2933 2972 inquam,
2977 2904 3152 2957 omnia
3197 2905 3542 2958 metuentium
3596 2915 3719 2959 sunt
3763 2915 3919 2975 atque
3968 2916 4087 2961 tre-

2523 2995 2801 3061 mentium,
2835 2996 3031 3065 Deique
3056 2997 3423 3051 auctoritatem
3448 2999 3841 3067 aguoscentium
3865 2999 3888 3051 ?
3920 2999 4088 3053 Porro

2519 3093 2774 3154 quantum
2799 3085 2932 3139 lucri
2963 3085 3198 3140 fueritex
3225 3085 3483 3140 diabolica
3505 3087 3589 3139 illa
3606 3089 3995 3156 exspectatione
4026 3089 4080 3142 in

2523 3183 2720 3230 tantum
2750 3175 2950 3230 timoris
2978 3175 3094 3228 illos
3122 3175 3280 3229 fuisse
3311 3176 3596 3229 translatos
3617 3217 3629 3238 ,
3660 3177 3834 3230 nullus
3856 3178 4084 3245 ignorat.

2521 3265 2618 3332 Qui
2637 3266 2773 3318 enim
2792 3265 3140 3333 aequalitatem
3160 3280 3280 3318 eum
3299 3265 3406 3318 Deo
3427 3265 3573 3333 prius
3594 3266 3870 3319 meditatus
3893 3266 4083 3329 fuerat,

2522 3355 2635 3424 ipse
2659 3354 2767 3422 jam
2803 3355 2870 3407 ita
2898 3354 3310 3408 contrahebatur
3340 3353 3628 3419 humiliter,
3660 3364 3715 3407 ut
3738 3369 3941 3422 poenam
3963 3370 4087 3409 cru-

2521 3445 2819 3512 ciatumque
2846 3453 3125 3509 metueret,
3157 3458 3217 3496 ac
3247 3451 3516 3512 peceatum
3547 3443 3885 3497 conﬁteretur
3906 3459 4084 3496 suum.

2520 3535 2589 3588 At
2626 3549 2751 3588 vero
2781 3549 2882 3587 non
2906 3534 3106 3604 absque
3136 3548 3296 3587 sensu
3327 3548 3568 3601 peccare,
3599 3534 3948 3602 delictumque
3973 3535 4085 3588 cito

2518 3642 2805 3696 agnoscere
2829 3668 2843 3692 ,
2891 3641 2995 3679 non
3024 3641 3186 3694 parva
3214 3640 3300 3678 res
3325 3633 3406 3678 est
3430 3666 3444 3689 ,
3487 3627 3578 3679 sed
3607 3627 3688 3678 via
3735 3626 3970 3695 qmcdam
4002 3637 4089 3682 est

2518 3727 2672 3786 atque
2696 3717 3007 3785 principium
3034 3716 3098 3767 ad
3120 3714 3540 3769 emendationem
3567 3724 3721 3783 atque
3741 3717 4085 3770 mutationem

2518 3808 2569 3861 in
2600 3808 2787 3861 melius
2826 3808 3044 3860 ducens.
3073 3804 3294 3857 Omnem
3326 3804 3499 3873 itaque
3525 3805 3574 3857 in
3604 3821 3701 3858 nos
3726 3805 3817 3860 Dei
3848 3805 4086 3876 benigni-

2517 3905 2679 3950 tatem
2721 3910 2893 3964 neque
2922 3894 3129 3947 discere
3154 3933 3168 3956 ,
3218 3907 3388 3961 neque
3419 3909 3634 3948 narrare
3681 3895 3930 3962 possibile
3961 3905 4082 3948 est:

2516 4001 2704 4041 eorum
2745 3995 2919 4038 tamen
2946 3998 3064 4050 qua:
3087 3983 3328 4035 novimus
3350 4023 3362 4045 ,
3395 3997 3650 4036 summam
3679 3985 3912 4037 dicturus
3941 4001 4082 4038 sum.

2517 4079 2644 4131 Post
2668 4076 2824 4129 talem
2857 4075 2995 4128 enim
3026 4073 3430 4127 inobedientiam
3455 4114 3468 4136 ,
3511 4083 3627 4142 post
3657 4082 3800 4127 tanta
3838 4075 4039 4128 scelera
4066 4113 4082 4136 ,

2517 4187 2636 4225 cum
2662 4170 2770 4238 jam
2812 4168 2956 4222 orbis
2984 4176 3124 4220 totus
3151 4165 3426 4235 tyrannide
3473 4167 3669 4235 peccati
3714 4175 4082 4234 premeretur,

2517 4277 2635 4315 cum
2666 4268 2900 4315 extrema
2922 4258 3034 4326 jam
3061 4257 3246 4310 luenda
3277 4272 3428 4326 pcena
3458 4267 3617 4318 esset,
3648 4274 3768 4312 cum
3797 4257 4082 4311 delendum

2517 4365 2674 4405 omne
2702 4349 3003 4404 mortalium
3031 4361 3194 4416 genus
3214 4387 3229 4411 ,
3278 4361 3572 4417 nomenque
3610 4349 3779 4417 ipsum
3810 4346 4082 4399 hominum

2516 4442 2707 4496 merito
2747 4439 3088 4495 exterminari
3121 4446 3330 4504 posset,
3364 4447 3472 4492 tum
3499 4454 3625 4493 vero
3653 4439 3932 4492 maximum
3961 4451 4082 4489 om-

2509 4532 2661 4573 utum
2705 4521 3028 4572 Denehcmm
3061 4518 3217 4571 nobis
3247 4519 3505 4585 ostendit,
3537 4520 3887 4590 Unigenitum
3917 4534 4084 4575 suum

2511 4624 2610 4679 pro
2641 4609 2900 4670 inimicis,
2929 4625 3029 4678 pro
3063 4609 3312 4666 alienatis
3349 4627 3376 4665 a
3403 4628 3480 4676 se,
3514 4629 3614 4682 pro
3640 4628 3698 4668 se
3727 4612 3851 4664 odio
3877 4611 4084 4666 haben-

2508 4698 2655 4752 tibus
2680 4708 2843 4766 atque
2869 4699 3285 4756 adversantibus
3318 4705 3476 4756 morti
3509 4704 3746 4763 tradens,
3785 4701 3973 4768 sicque
3997 4718 4073 4757 re-

2507 4789 2944 4844 conciliationem
2994 4803 3234 4847 nostram
3285 4809 3542 4865 operans.
3593 4795 3959 4861 cmlorumque
3996 4812 4079 4849 rc-

2514 4895 2678 4950 gnum
2693 4888 2745 4934 et
2759 4889 3015 4936 aeternam
3033 4884 3220 4950 vitam,
3237 4887 3453 4955 aliaque
3467 4888 3604 4940 bona
3627 4885 3907 4937 innumera
3925 4887 4084 4942 nobis

2508 4988 2567 5027 se
2586 4973 2840 5027 daturum
2858 4976 3153 5044 spondens,
3175 4993 3294 5046 quae
3316 4994 3412 5032 nec
3436 4978 3629 5030 oculus
3649 4975 3802 5037 vidit,
3824 4991 3922 5029 nec
3937 4979 4084 5033 auris

2507 5066 2738 5129 audivit,
2766 5083 2938 5136 neque
2959 5070 3008 5122 in
3029 5085 3125 5124 cor
3148 5071 3383 5125 hominis
3402 5066 3787 5121 ascenderunt.
3813 5065 3951 5130 Quid
3979 5069 4082 5138 igi-

2509 5166 2602 5212 tur
2630 5158 2757 5212 huic
2783 5160 3158 5225 providentiae,
3190 5162 3318 5215 huic
3345 5158 3666 5220 clementiae,
3698 5158 3821 5212 huic
3845 5159 4084 5215 bonitati

2516 5267 2806 5322 comparari
2835 5257 3032 5322 possit?
3048 5253 3332 5318 Propterea
3355 5254 3406 5298 et
3424 5245 3534 5312 ipse
3556 5241 3792 5296 dicebat:
3821 5241 4078 5307 Quantum

2517 5342 2668 5395 distat
2686 5342 2859 5397 coelum
2881 5359 2911 5394 a
2934 5352 3084 5402 terra,
3109 5347 3298 5389 tantum
3320 5334 3469 5386 distat
3492 5332 3567 5384 via
3587 5347 3694 5382 mea
3711 5347 3742 5382 α
3763 5332 3859 5385 viis
3877 5335 4073 5400 vestris,

2515 5444 2563 5488 et
2606 5435 2838 5505 cogitatio
2882 5447 2991 5484 mea
3016 5446 3047 5480 a
3078 5423 3456 5495 cogitationibus
3495 5421 3662 5474 vestris
3691 5419 3856 5489 (Isai.
3881 5422 3969 5477 55.
3998 5424 4080 5491 9).

2519 5527 2681 5581 David
2728 5537 2939 5594 quoque
2979 5517 3316 5577 mitissimus,
3363 5527 3483 5566 cum
3524 5511 3589 5565 de
3631 5512 3904 5566 clementia
3941 5514 4083 5567 illius

2519 5619 2847 5686 loqueretur,
2877 5609 3081 5662 aiebat:
3113 5604 3402 5660 Secundum
3425 5601 3741 5654 altitudinem
3769 5604 3877 5656 ταῖιὶ
3900 5613 4081 5654 aterra

2518 5698 3099 5760 corroboravitDominus
3120 5692 3507 5749 misericordiam
3528 5707 3668 5743 suam
3689 5710 3835 5762 super
3858 5695 4082 5744 timentes

2519 5813 2591 5850 se.
2618 5794 2869 5860 Quantum
2893 5790 3041 5842 distat
3063 5796 3200 5841 ortus
3216 5784 3275 5836 ab
3297 5782 3564 5845 occidente,
3590 5780 3731 5853 longe
3753 5783 3870 5851 fecit
3889 5798 3917 5832 α
3939 5783 4080 5834 nobis

2519 5885 2802 5954 iniquitates
2825 5890 3042 5936 nostras.
3086 5873 3348 5940 Quomodo
3375 5872 3629 5928 miseretur
3665 5883 3803 5935 pater
3824 5872 4041 5940 ﬁliorum
4061 5909 4078 5934 ,

2521 5981 2753 6034 misertus
2788 5985 2860 6031 est
2897 5971 3143 6026 Dominus
3180 5965 3459 6024 timentibus
3499 5983 3550 6022 se
3579 5965 3759 6038 (Psal.
3797 5962 3918 6019 illi.
3946 5962 4004 6015 ll
4029 5960 4077 6026 ).
