4532 6708
496 576 596 630 ιη

490 709 594 747 non
643 707 822 760 parem
866 696 1036 749 solum
1087 708 1320 747 amorem
1353 689 1623 753 indicmis,
1657 686 1749 742 sed
1775 686 1893 755 quia
1922 700 2073 739 sum-

491 800 590 837 ma:
630 784 929 839 dilectionis
969 785 1270 851 eXemplum
1315 778 1455 832 aliud
1510 794 1616 832 non
1671 778 1933 831 novimus.
1982 774 2076 830 lllo

492 886 664 931 tamen
720 878 964 947 exemplo
1018 877 1189 942 majus
1226 870 1365 924 aliud
1413 870 1609 939 profert
1652 866 1853 932 Isaias,
1886 882 2075 936 nempe

491 968 673 1023 matris
737 985 856 1038 qua:
912 961 1273 1020 misericordia
1325 976 1446 1030 erga
1491 959 1695 1029 prolem
1744 970 1947 1031 patrem
1986 973 2075 1012 su-

492 1075 675 1128 perare
747 1062 920 1123 solet,
973 1057 1052 1110 sic
1121 1054 1343 1121 loquens
1388 1071 1400 1106 :
1450 1051 1712 1122 Numquid
1764 1053 2075 1106 obliviscetur

490 1151 667 1203 mulier
704 1146 942 1219 infantuli
967 1143 1045 1195 sui
1069 1184 1082 1207 ,
1114 1152 1169 1195 ut
1208 1159 1306 1197 non
1334 1144 1625 1198 misereatur
1651 1144 1756 1207 ﬁlio
1786 1145 1914 1196 uteri
1954 1140 2031 1194 sui
2052 1140 2077 1191 ?

491 1240 597 1294 Sed
638 1249 681 1293 et
722 1239 769 1293 si
789 1234 881 1288 illa
922 1233 1077 1286 oblita
1131 1234 1241 1303 ejus
1286 1236 1469 1305 fuerit,
1512 1250 1605 1305 ego
1649 1244 1814 1287 tamen
1858 1232 1932 1284 tui
1974 1246 2075 1282 non

489 1331 747 1383 obliviscar
771 1368 785 1391 ,
814 1325 935 1376 dicit
984 1322 1229 1378 Dominus
1278 1323 1436 1394 (Isai.
1468 1324 1557 1389 £9,
1591 1322 1696 1393 15)
1746 1341 1759 1375 :
1788 1320 2075 1376 ostendens

495 1419 587 1474 Dei
630 1413 1043 1470 misericordiam
1081 1414 1303 1469 allectus
1330 1427 1518 1467 omnes
1557 1412 1826 1465 naturales
1871 1410 2073 1477 longis-

489 1514 621 1564 sime
642 1506 921 1563 excedere.
955 1505 1022 1559 Et
1050 1507 1324 1575 propheta:
1364 1504 1577 1574 quidem
1610 1503 1687 1557 sic
1714 1520 1727 1555 :
1760 1503 1872 1571 ipse
1898 1510 2073 1555 autem

489 1601 761 1663 Christus,
793 1611 913 1649 cum
944 1596 1140 1651 Jndreis
1183 1597 1492 1664 loqueretur
1513 1635 1527 1657 ,
1558 1594 1733 1647 aiebat
1766 1608 1779 1644 :
1810 1591 1871 1645 Si
1910 1600 2075 1643 autem

490 1707 574 1743 vos
597 1704 708 1742 cum
734 1688 841 1740 sitis
867 1687 989 1741 ntali
1012 1729 1028 1753 ,
1056 1687 1211 1739 nostis
1237 1687 1365 1738 bona
1394 1685 1513 1737 data
1542 1687 1665 1736 dare
1704 1682 1824 1750 filiis
1848 1680 2033 1747 [vestris
2054 1721 2069 1744 ,

488 1791 672 1853 quanto
717 1779 879 1849 magis
926 1778 1079 1831 Pater
1119 1787 1276 1831 vester
1324 1777 1532 1830 ccclesiis
1560 1775 1697 1828 dabit
1728 1774 1860 1826 bona
1902 1781 2073 1841 peten-

491 1876 617 1927 tibus
657 1889 711 1925 se
763 1870 991 1941 (Matth.
1035 1872 1087 1925 7.
1139 1871 1197 1923 tl
1228 1869 1288 1937 )?
1325 1870 1452 1924 nihil
1504 1869 1741 1938 profecto
1792 1866 1934 1919 aliud
1980 1880 2075 1935 per

491 1964 590 2016 ista
620 1960 956 2030 signiﬁcans,
992 1959 1089 2012 nisi
1121 1970 1319 2013 tantam
1351 1975 1472 2015 esse
1501 1960 1695 2014 divina:
1723 1956 2072 2028 providentiae

488 2065 541 2109 et
570 2052 967 2123 gubernationis
996 2063 1229 2121 paterme
1257 2052 1610 2107 diﬁ'erentiam
1632 2092 1647 2117 ,
1676 2058 1937 2121 quantum
1985 2051 2069 2103 in-

490 2152 656 2198 terest
688 2143 826 2196 inter
855 2142 1023 2196 bonos
1063 2151 1116 2197 et
1152 2144 1338 2197 malos.
1371 2143 1572 2196 Verum
1614 2157 1787 2211 neque
1815 2141 2071 2194 hactenus

488 2244 595 2289 stes
617 2235 790 2297 velim,
820 2234 912 2288 sed
940 2243 1114 2289 mente
1139 2234 1202 2288 ad
1226 2233 1473 2287 ulteriora
1505 2232 1843 2302 progredere.
1867 2232 1995 2285 Nam
2020 2230 2070 2282 id

487 2338 696 2394 quoque
724 2338 820 2391 pro
849 2333 1006 2393 captu
1050 2334 1103 2377 et
1148 2323 1307 2377 modo
1355 2330 1444 2373 tuo
1485 2320 1685 2373 dictum
1713 2331 1795 2373 est
1832 2337 1845 2372 :
1877 2319 2072 2387 quippe

494 2416 637 2483 :ujus
668 2415 1013 2483 intelligentia
1044 2424 1123 2469 est
1154 2413 1379 2477 inﬁnita,
1411 2419 1466 2463 et
1492 2411 1703 2463 bonitas
1731 2410 1974 2462 similiter
1993 2416 2073 2462 at-

489 2522 597 2574 que
626 2506 906 2559 clementia
940 2522 1059 2575 erga
1089 2505 1351 2558 homines.
1391 2500 1541 2568 Quod
1584 2502 1628 2555 si
1674 2502 1809 2554 hanc
1838 2516 1930 2569 per
1958 2501 2071 2553 sin-

486 2596 603 2665 gula
634 2611 754 2665 qua:
785 2597 918 2648 liunt
939 2611 1041 2650 non
1077 2593 1446 2664 perspicimus,
1477 2600 1531 2645 et
1561 2592 1659 2645 hoc
1686 2593 1895 2661 signum
1925 2591 2068 2644 illius

488 2686 764 2739 inﬁnitatis
801 2694 903 2740 est.
941 2686 1172 2740 Plurima
1201 2684 1342 2738 enim
1384 2692 1437 2736 et
1469 2698 1655 2752 magna
1685 2683 1925 2752 quotidie
1971 2698 2067 2750 pro

486 2786 669 2832 nostra
700 2778 872 2832 salute
916 2777 1192 2847 disponit,
1234 2790 1353 2845 qua:
1395 2776 1492 2843 ipsi
1523 2775 1621 2829 soli
1666 2784 1789 2830 sunt
1834 2775 2065 2845 cognita.

490 2870 621 2937 Quia
662 2870 805 2923 enim
854 2869 1110 2923 bonitatis
1155 2881 1265 2920 sure
1288 2866 1455 2936 gratia
1503 2867 1681 2933 generi
1713 2874 1896 2920 nostro
1918 2866 2058 2921 bona

487 2958 728 3028 largitur,
760 2958 888 3011 nihil
911 2957 1109 3011 nostris
1134 2955 1373 3025 indigens
1395 2956 1655 3020 laudibus,
1685 2956 1935 3025 nullaque
1959 2956 2060 3008 alia

492 3050 928 3104 remuneratione
950 3061 1083 3117 opus
1112 3047 1337 3121 habens,
1367 3046 1590 3115 plurima
1621 3062 1719 3099 nos
1747 3048 1913 3099 latere
1942 3061 2068 3115 per-

487 3140 667 3194 mittit.
695 3138 799 3193 Sed
830 3146 884 3193 et
927 3139 970 3190 si
1003 3136 1284 3205 aliquando
1324 3135 1437 3189 hare
1467 3137 1686 3200 revelat,
1720 3145 1776 3189 et
1818 3134 1947 3189 illud
1975 3148 2070 3187 no-

485 3241 607 3285 stra:
634 3231 874 3283 utilitatis
913 3243 1072 3282 causa
1105 3228 1247 3293 facit,
1281 3237 1335 3281 ut
1370 3229 1568 3297 gratias
1597 3229 1673 3280 illi
1705 3242 1917 3296 semper
1966 3228 2063 3281 ha-

486 3320 672 3375 bentes
700 3361 713 3383 ,
751 3318 979 3388 amplius
1023 3317 1177 3371 nobis
1220 3318 1550 3371 attrahamus
1598 3317 1736 3371 illius
1787 3317 2061 3371 auxilium.

486 3410 603 3467 Non
634 3412 797 3479 igitur
841 3410 910 3465 de
958 3409 1041 3463 his
1072 3409 1245 3463 solum
1292 3424 1410 3477 qua:
1443 3409 1687 3462 novimus
1712 3448 1726 3472 ,
1779 3408 1871 3462 sed
1896 3408 1964 3462 de
2003 3409 2068 3464 iis

492 3503 653 3555 etiam
690 3516 809 3571 qua:
845 3502 1115 3556 nescimus
1137 3540 1152 3564 ,
1197 3500 1393 3569 gratias
1424 3499 1499 3553 illi
1530 3498 1856 3553 referamus:
1896 3513 2066 3566 neque

488 3595 631 3649 enim
660 3594 900 3649 volentes
930 3595 1124 3658 solum,
1152 3607 1336 3646 verum
1385 3590 1578 3645 invitos
1619 3604 1829 3659 quoque
1859 3588 2063 3642 beneﬁ-

485 3688 583 3741 ciis
610 3686 887 3740 consuevit
912 3684 1147 3739 afﬁcere.
1179 3682 1331 3749 Quod
1361 3682 1557 3736 Paulus
1577 3696 1695 3735 cum
1717 3681 1897 3744 sciret,
1925 3694 2066 3734 sem-

484 3792 582 3846 per
600 3786 652 3831 et
676 3777 728 3831 in
756 3777 1005 3831 omnibus
1020 3776 1217 3845 gratias
1247 3789 1403 3843 agere
1428 3773 1693 3827 monebat.
1716 3771 1865 3837 Quod
1888 3780 2066 3826 autem

484 3882 590 3919 non
636 3867 991 3921 communiter
1037 3866 1210 3920 solum
1269 3864 1507 3919 omnium
1557 3877 1739 3918 curam
1799 3864 1952 3931 gerit,
1972 3864 2066 3918 sed

484 3970 726 4009 seorsum
773 3957 1103 4025 singulorum
1131 3997 1145 4019 ,
1195 3957 1364 4025 ipsum
1395 3955 1577 4009 audias
1602 3955 1726 4009 licet
1750 3953 2020 4009 dicentem
2049 3971 2063 4007 :

486 4044 610 4099 Non
638 4056 711 4099 est
736 4048 967 4101 voluntas
1010 4064 1181 4100 coram
1210 4047 1365 4100 Patre
1390 4063 1496 4100 meo
1520 4048 1602 4116 qui
1628 4047 1679 4098 in
1722 4047 1856 4100 cazlis
1877 4057 1969 4111 est,
2013 4056 2069 4099 ut

484 4148 655 4208 pereat
700 4155 827 4192 unus
856 4140 918 4191 de
961 4139 1159 4207 pusillis
1203 4140 1311 4193 istis
1341 4139 1359 4207 (
1388 4138 1570 4191 Matth.
1620 4138 1706 4191 18.
1742 4135 1842 4207 Η)
1864 4179 1877 4201 ,
1910 4137 1975 4191 de
2003 4138 2069 4191 iis

482 4229 669 4283 dicens
691 4269 705 4293 ,
739 4229 829 4298 qui
862 4232 915 4282 in
945 4229 1089 4282 illum
1121 4229 1371 4282 credunt.
1394 4229 1549 4296 Cupit
1601 4228 1712 4295 ipse
1756 4226 1969 4295 quidem
2014 4237 2069 4279 et

482 4333 577 4372 eos
596 4320 684 4388 qui
710 4334 813 4372 non
841 4318 1071 4373 credunt
1098 4321 1274 4373 salvos
1297 4319 1433 4382 ﬁeri,
1460 4318 1756 4386 mutarique
1778 4316 1830 4369 in
1855 4316 2065 4380 melius,

482 4419 538 4463 et
562 4409 781 4465 credere
805 4452 821 4476 ,
871 4412 1010 4465 sicut
1053 4411 1249 4483 Paulus
1280 4411 1389 4464 ait:
1423 4409 1521 4474 Qui
1546 4408 1649 4459 vult
1693 4424 1864 4461 omnes
1902 4409 2069 4460 salvos

481 4503 614 4570 ﬁeri,
645 4511 689 4556 et
720 4504 787 4556 ad
806 4505 1111 4572 agnitionem
1139 4503 1357 4556 veritatis
1378 4507 1541 4555 venire
1566 4501 1643 4566 (l.
1661 4498 1793 4552 Tim.
1816 4500 1871 4553 9..
1892 4500 1970 4569 4).
2003 4500 2070 4553 Et

483 4599 597 4666 ipse
622 4596 686 4650 ad
714 4595 959 4649 Judznos:
991 4594 1111 4646 Non
1162 4594 1269 4645 veni
1298 4608 1473 4644 vocare
1496 4592 1683 4662 justas,
1724 4593 1812 4645 sed
1838 4604 2067 4661 peccato-

482 4704 563 4741 res
603 4686 671 4739 ad
712 4684 1054 4754 paenitentiam
1097 4682 1115 4750 (
1143 4681 1329 4734 Matth.
1362 4680 1415 4734 9.
1449 4682 1516 4736 15
1538 4680 1588 4751 );
1634 4691 1688 4735 et
1716 4696 1811 4751 per
1836 4683 2066 4750 prophe-

484 4787 620 4843 tam,
653 4774 1056 4830 Misericordiam
1085 4773 1217 4837 colo,
1244 4782 1289 4825 et
1320 4789 1420 4825 non
1473 4772 1773 4837 sacriﬁcium
1818 4772 1983 4842 (Osee
2011 4774 2064 4825 6.

486 4880 522 4924 υ
545 4872 584 4939 ).
615 4872 683 4923 At
712 4882 840 4921 vero
867 4867 911 4919 si
945 4874 1063 4933 post
1107 4872 1271 4916 tanta:
1300 4877 1441 4916 cura:
1470 4878 1531 4916 ac
1561 4863 1904 4932 providentia:
1934 4860 2066 4915 frui-

488 4961 684 5015 tionem
717 4957 984 5013 noluerint
1007 4954 1258 5008 meliores
1287 4954 1433 5017 ﬁeri,
1484 4953 1867 5021 veritatemque
1906 4966 2068 5021 agno-

484 5067 658 5119 scere,
681 5068 749 5107 ne
769 5052 845 5105 sic
862 5048 1073 5119 quidem
1098 5046 1214 5099 illos
1235 5046 1451 5110 deserit,
1476 5046 1568 5100 sed
1590 5046 1835 5115 quoniam
1857 5054 2067 5101 aeterna:

486 5143 608 5196 vita:
638 5142 1050 5211 participatione
1092 5137 1189 5207 ipsi
1218 5152 1277 5191 se
1302 5151 1398 5190 sua
1429 5148 1618 5204 sponte
1663 5138 1956 5205 privarunt,
1983 5138 2068 5191 vel

486 5234 767 5299 prmsentis
792 5234 915 5285 vita:
940 5231 1091 5284 bona:
1120 5226 1225 5280 illis
1250 5227 1424 5278 omnia
1454 5226 1689 5293 largitur,
1722 5227 1889 5281 solem
1914 5241 2066 5280 suum

487 5326 613 5377 oriri
644 5324 843 5379 faciens
886 5338 1047 5394 super
1072 5322 1243 5375 bonos
1266 5329 1320 5373 et
1360 5320 1529 5372 malos
1552 5359 1566 5380 ,
1598 5326 1650 5371 et
1680 5318 1866 5388 pluens
1908 5334 2069 5389 super

482 5424 653 5483 pistos
678 5427 730 5469 et
762 5417 1003 5486 injustos,
1042 5414 1246 5481 aliaque
1272 5419 1533 5480 praestans
1555 5424 1673 5478 qua:
1698 5408 1763 5463 ad
1794 5414 2069 5478 prmsentis

489 5506 608 5557 vita:
634 5514 825 5559 statum
856 5508 1142 5575 pertinent.
1170 5501 1324 5569 Quod
1355 5502 1399 5554 si
1426 5500 1653 5555 inimicis
1684 5517 1897 5571 quoque
1926 5511 2067 5554 tanta

489 5610 615 5648 cura
645 5598 913 5664 prospicit,
947 5598 1128 5652 ﬁdeles
1148 5610 1291 5659 suos,
1313 5602 1367 5646 et
1385 5592 1471 5661 qui
1505 5592 1627 5644 totis
1646 5592 1694 5647 ei
1718 5593 1915 5647 viribus
1958 5608 2071 5646 scr-

494 5688 643 5743 viunt
666 5730 680 5752 ,
728 5693 993 5757 quomodo
1036 5704 1282 5760 umquam
1313 5685 1653 5741 contemnet?
1676 5685 1791 5739 Non
1821 5688 1889 5740 ita
1916 5727 1930 5751 ,
1964 5701 2067 5739 non

493 5781 562 5834 ita
585 5790 699 5842 est;
732 5796 913 5832 verum
942 5783 1069 5835 istos
1094 5782 1321 5835 maxime
1341 5794 1405 5833 ex
1428 5775 1674 5832 omnibus
1703 5775 1864 5830 fovet.
1907 5776 2069 5832 Vestri

494 5874 633 5927 enim
661 5915 673 5936 ,
728 5872 930 5940 inquit,
964 5875 1200 5941 ctenpitti
1229 5872 1407 5944 capitis
1452 5884 1621 5923 omnes
1669 5869 1915 5923 nunicrati
1953 5880 2069 5923 sunt

495 5967 659 6037 (Luc.
690 5962 773 6019 i2.
813 5965 842 6017 7
865 5964 907 6033 ).

1372 578 1463 631 AD
1502 572 1872 629 STAGIRIUM
1912 573 1953 626 Α
1988 570 2279 627 ΟᾸΞΜΟΝΕ
2322 575 2651 631 νΕΧΑΤυΜ
2715 578 2837 631 LIB.
2884 580 2898 632 Ι

3649 590 3750 640 Hd

2254 688 2305 741 6.
2337 687 2609 743 Promissis
2635 688 2724 743 Dei
2746 690 3063 744 credendum.
3096 722 3163 733 -
3189 694 3406 759 Quoties
3431 712 3555 768 ergo
3578 701 3669 754 tibi
3695 704 3743 755 in

2182 788 2414 833 mentem
2438 780 2577 833 venit
2602 791 2845 849 parentes
2864 790 2934 844 te,
2956 790 3009 835 et
3024 785 3505 852 patriam,domum,
3526 791 3739 856 amicos,

2185 871 2528 941 pr0pinquos,
2558 886 2789 942 epesqne
2820 874 3141 939 innumeras,
3166 884 3220 929 et
3243 878 3462 946 gloriam
3494 880 3637 935 illam
3671 884 3746 935 in-

2184 971 2394 1031 gentem
2421 961 2677 1031 abjecisse
2703 972 2917 1033 propter
2940 964 3229 1029 Christum.
3250 970 3542 1041 deindeque
3570 972 3753 1043 hujus-

2184 1052 2328 1106 modi
2356 1055 2685 1110 vexationem
2716 1062 2842 1124 pati,
2870 1057 2975 1110 noli
3000 1056 3229 1127 dejicere
3257 1060 3503 1129 teipsum.
3522 1063 3648 1116 Nam
3681 1080 3747 1119 ex

2184 1144 2376 1212 quibus
2400 1145 2769 1214 cogitationum
2792 1147 3051 1203 haesitatio
3070 1148 3387 1218 gignitur,ex
3407 1150 3608 1207 eisdem
3636 1170 3751 1209 rur-

2182 1249 2276 1288 sus
2296 1236 2551 1313 solvetur.
2572 1237 2821 1303 Quonam
2858 1241 3052 1297 modo?
3072 1242 3407 1314 lmpossibile
3435 1256 3517 1302 est
3545 1246 3759 1300 mentiri

2179 1328 2347 1384 Deum
2362 1326 2732 1397 (Hebr.6.18):
2754 1328 2995 1395 promisit
3016 1337 3189 1383 autem
3212 1330 3296 1382 ille
3315 1331 3476 1384 vitam
3496 1341 3751 1386 aeternam

2184 1415 2283 1468 ista
2311 1415 2747 1484 relinquentibus.
2788 1417 3065 1486 Reliquisti
3092 1428 3145 1472 tu
3175 1422 3349 1475 omnia
3381 1423 3507 1488 ista,
3528 1432 3581 1477 et
3602 1423 3752 1493 abje-

2180 1504 2295 1557 cisti
2316 1505 2465 1571 :quid
2492 1506 2646 1576 igitur
2667 1507 2911 1576 prohibet
2934 1508 3000 1563 de
3020 1510 3316 1578 hujusmodi
3337 1515 3602 1570 conﬁdere
3626 1531 3751 1584 pro-

2178 1596 2472 1651 missione?
2498 1613 2622 1651 num
2644 1613 2703 1652 ea
2728 1614 2829 1668 qua
2857 1614 2997 1655 nunc
3016 1601 3255 1670 probaris
3283 1604 3527 1657 tentatio?
3548 1604 3613 1658 Et
3638 1606 3750 1659 lucc

2180 1684 2245 1737 ad
2276 1686 2677 1752 promissionem
2698 1688 2860 1757 quid?
2886 1689 2999 1744 Non
3020 1692 3159 1745 enim
3184 1692 3267 1746 hic
3294 1701 3542 1747 mternam
3572 1710 3751 1765 repro-

2184 1774 2327 1827 misit
2348 1774 2508 1827 vitam
2530 1794 2543 1829 :
2564 1777 2668 1831 imo
2684 1793 2809 1831 vero
2829 1780 2873 1831 si
2890 1780 2941 1833 in
2964 1782 3119 1835 terris
3134 1797 3341 1851 quoque
3356 1784 3612 1852 ejusmodi
3638 1801 3751 1855 pro-

2181 1864 2647 1935 missioimplenda
2678 1877 2837 1931 esset,
2870 1884 2938 1923 ne
2978 1872 3057 1923 sic
3095 1871 3307 1939 quidem
3336 1889 3473 1943 aegre
3495 1874 3631 1930 ferre
3658 1878 3750 1930 de-

2180 1954 2391 2020 bueras,
2406 1957 2666 2027 siquidem
2685 1958 2892 2013 ﬁdelem
2908 1975 2971 2013 ac
2986 1962 3285 2031 religiosum
3303 1965 3471 2017 virum
3490 1965 3752 2020 adeoeon—

2175 2055 2381 2101 stanter
2424 2057 2477 2102 et
2519 2048 2742 2104 ﬁrmiter
2767 2051 3025 2120 promissa
3063 2052 3153 2107 Dei
3181 2061 3362 2108 tenere
3400 2057 3667 2119 convenit,
3696 2068 3751 2112 ut

2174 2139 2552 2206 quantumlibet
2569 2141 2787 2195 eﬁ'ectus
2803 2144 3100 2197 contrarios
3115 2146 3353 2213 aspiciat,
3368 2162 3435 2200 ne
3447 2148 3522 2201 sic
3535 2149 3749 2217 quidem

2178 2230 2538 2296 perturbetur,
2586 2247 2757 2302 neque
2797 2233 3043 2302 desperet
3070 2244 3334 2289 eventum.
3368 2237 3576 2291 Intuere
3598 2239 3748 2293 deni-

2177 2332 2280 2385 que
2318 2319 2613 2387 cujusmodi
2644 2322 3071 2388 pollicitationem
3102 2324 3273 2379 ﬁdelis
3302 2326 3566 2381 Abraham
3592 2343 3746 2383 acce-

2177 2409 2334 2476 perit,
2367 2418 2420 2462 et
2445 2410 2621 2479 qualia
2648 2410 2822 2465 facere
2852 2414 2919 2466 sit
2939 2413 3137 2481 jussus.
3171 2414 3299 2468 Nam
3328 2418 3609 2485 promissio
3633 2420 3751 2487 qui.

2175 2500 2295 2553 dem
2321 2510 2455 2566 erat,
2478 2517 2543 2556 ex
2568 2502 2710 2556 Isaac
2734 2504 3055 2573 implendum
3072 2521 3191 2559 esse
3216 2507 3397 2561 orbem
3419 2510 3747 2574 universum,

2170 2589 2340 2657 jnssio
2369 2600 2542 2643 autem
2573 2591 2713 2645 hunc
2739 2593 2908 2660 ipsum
2939 2592 3084 2648 Isaac
3122 2595 3396 2649 immolare
3422 2597 3656 2667 urgebat,
3683 2613 3748 2657 ex

2173 2696 2279 2750 quo
2306 2681 2450 2734 orbis
2478 2690 2618 2735 totus
2647 2692 2760 2736 erat
2786 2684 3104 2753 implendus.
3135 2684 3270 2753 Quid
3311 2688 3509 2755 igitur?
3540 2688 3748 2742 istudne

2175 2771 2500 2839 perturbavit
2538 2771 2740 2840 justum
2784 2773 2996 2825 virum?
3035 2774 3245 2829 Minime
3284 2792 3431 2842 vero,
3482 2779 3589 2831 imo
3627 2794 3747 2833 eum

2173 2872 2313 2917 tanta
2342 2863 2674 2918 dissonantia
2718 2875 2773 2920 et
2799 2868 3143 2936 repugnantia
3170 2878 3311 2922 esset
3341 2871 3587 2939 prmeepti
3626 2885 3746 2925 cum

2174 2954 2453 3021 promisso,
2497 2969 2601 3007 non
2653 2955 2891 3009 turbatus
2920 2966 3021 3023 est,
3052 2973 3223 3027 neque
3263 2959 3543 3024 hmsitavit,
3576 2977 3748 3033 neque

2172 3042 2369 3111 aliquid
2401 3043 2704 3112 hujusmodi
2731 3046 2979 3115 loquutus
3024 3057 3106 3102 est
3136 3064 3149 3101 :
3180 3050 3293 3104 Alia
3347 3054 3588 3119 promisit
3618 3056 3745 3109 mihi

2175 3132 2335 3199 Deus,
2377 3134 2481 3188 alia
2510 3136 2686 3191 facere
2718 3136 2869 3207 jubet
2900 3157 2913 3191 :
2946 3156 3009 3193 ex
3042 3156 3207 3209 puero
3256 3143 3357 3197 isto
3385 3155 3635 3214 nepotum
3665 3150 3749 3201 in-

2171 3234 2383 3292 gentem
2411 3224 2801 3282 multitudinem
2823 3229 2949 3283 mihi
2972 3232 3303 3300 promiserat,
3326 3244 3381 3290 et
3410 3236 3549 3291 hunc
3575 3237 3743 3307 ipsum

2176 3314 2338 3370 modo
2362 3331 2553 3372 necare
2576 3318 2704 3371 mihi
2733 3320 3011 3389 praecipit?
3038 3323 3304 3393 quomodo
3331 3326 3489 3396 igitur
3516 3325 3618 3382 hoc
3640 3332 3742 3384 erit

2171 3406 2346 3459 excisa
2377 3406 2596 3460 radice?
2622 3407 2832 3463 Fefellit
2870 3425 2956 3464 me
2993 3410 3150 3480 igitur
3174 3422 3333 3482 atque
3358 3414 3571 3470 delusit.
3600 3417 3742 3476 Nihil

2169 3513 2388 3567 prorsus
2415 3498 2720 3567 hujusmodi
2748 3500 2996 3570 loquutus
3011 3512 3111 3567 est,
3140 3504 3234 3559 sed
3262 3520 3330 3560 ne
3351 3508 3599 3577 cogitavit
3622 3514 3741 3579 qui-

2163 3588 2307 3643 dem:
2326 3596 2381 3643 et
2397 3591 2590 3645 merito
2600 3605 2753 3647 sane.
2770 3591 2906 3646 Cum
2921 3594 3064 3648 enim
3087 3591 3229 3649 Deus
3247 3595 3448 3665 aliquid
3465 3598 3742 3666 pollicitus

2163 3676 2349 3745 fuerit,
2375 3681 2587 3739 etiamsi
2614 3683 2781 3736 millia
2802 3684 2914 3738 sint
2933 3699 3053 3753 quae
3073 3686 3519 3755 pollicitationem
3545 3688 3740 3747 tollere

2161 3769 2479 3837 videantur,
2508 3774 2716 3828 turbari
2736 3773 2961 3828 minime
2976 3776 3254 3837 convenit.
3281 3786 3376 3832 aut
3399 3777 3469 3833 de
3499 3777 3607 3833 ﬁne
3632 3780 3741 3833 dn-

2162 3860 2360 3918 bitare.
2380 3865 2497 3918 Hoc
2514 3866 2661 3919 enim
2683 3864 2919 3920 maxime
2937 3866 3029 3922 Dei
3046 3867 3348 3936 potentiam
3366 3872 3740 3929 commendato

2164 3948 2290 4005 dum
2326 3950 2379 4005 in
2414 3953 2581 4009 rebus
2609 3955 2882 4024 ambiguis
2909 3956 3117 4010 exitum
3150 3959 3387 4027 reperit;
3418 3960 3579 4016 sicuti
3604 3972 3738 4020 tunc

2161 4043 2353 4099 beatus
2370 4044 2459 4098 ille
2475 4060 2660 4099 secum
2676 4047 2981 4116 reputabat.
2994 4046 3264 4113 Quocirca
3282 4050 3442 4106 ﬁdem
3461 4054 3610 4111 illius
3630 4069 3746 4112 ma-

2164 4136 2306 4191 xime
2326 4136 2607 4191 admirans
2621 4135 2846 4199 Paulus,
2860 4138 3039 4192 aiebat
3060 4157 3073 4192 :
3097 4136 3230 4194 Fide
3252 4140 3439 4195 obtulit
3465 4144 3737 4200 Abraham

2165 4226 2323 4281 Isaac
2337 4229 2462 4279 dum
2481 4227 3000 4297 tentaretur(Hebr.l
3018 4230 3737 4305 l-l'l),uuigenitumque_of-

2161 4318 2542 4387 ferebatis,qui
2562 4320 2951 4387 promissiones
2962 4324 3385 4390 acceperatzhaee
3400 4326 3514 4394 ipsa
3528 4326 3740 4380 scilicet

2174 4404 2444 4456 insinuans
2463 4414 2618 4471 atque
2637 4404 2993 4469 subindicans,
3014 4420 3131 4474 qua:
3150 4422 3286 4459 nunc
3301 4421 3331 4460 a
3348 4423 3433 4461 me
3446 4411 3739 4464 suutdicm.

2240 4518 2449 4584 Iosephi
2490 4517 2718 4583 exemplo
2741 4534 2845 4571 rem
2866 4518 3106 4572 illustrat.
3134 4548 3203 4558 —-
3229 4518 3341 4572 Non
3368 4519 3525 4575 modo
3568 4532 3740 4576 autem

2174 4612 2301 4680 ipse,
2331 4625 2515 4664 verum
2546 4610 2713 4678 ipsius
2737 4622 2947 4679 quoque
2976 4624 3243 4679 pronepos
3267 4610 3481 4679 Joseph,
3508 4628 3627 4666 cum
3650 4629 3743 4681 per

2173 4702 2382 4770 longum
2425 4709 2636 4769 tempus
2673 4709 2726 4754 et
2752 4700 2927 4754 varios
2969 4716 3123 4754 casus
3166 4702 3569 4769 promissionem
3602 4704 3741 4771 peri-

2170 4792 2340 4846 clitari
2392 4793 2749 4862 perspiceret,
2802 4790 3083 4846 immobilis
3142 4794 3409 4860 perstitit:
3443 4795 3555 4848 sola
3597 4796 3740 4850 enim

2175 4886 2431 4955 promissa
2462 4886 2779 4939 intuebatur.
2810 4884 2958 4951 Quod
2988 4884 3031 4937 si
3063 4884 3307 4939 humanis
3336 4887 3741 4956 cogitationibus

2174 4979 2347 5034 locum
2369 4978 2620 5043 dedisset,
2644 4976 2709 5031 de
2740 4976 2844 5031 ﬁne
2874 4976 3227 5047 desperasset.
3251 4978 3381 5032 Nam
3411 4990 3619 5033 ostensa
3642 4982 3741 5035 sibi

2174 5070 2307 5124 visio
2330 5079 2385 5122 et
2410 5068 2623 5123 fratrum
2657 5078 2711 5122 et
2741 5077 3018 5138 parentum
3061 5069 3419 5122 adorationem
3450 5070 3740 5136 polliceba-

2174 5172 2257 5216 tur
2283 5179 2296 5217 :
2322 5176 2440 5231 qua:
2464 5176 2592 5216 vero
2621 5160 2695 5214 illi
2731 5160 3123 5229 contingebant,
3157 5174 3259 5212 non
3288 5169 3439 5213 erant
3466 5160 3741 5229 hujusmo-

2172 5254 2246 5319 di,
2277 5253 2369 5308 sed
2416 5254 2482 5307 ab
2512 5253 2592 5307 his
2622 5253 2925 5322 longissime
2962 5258 3184 5305 remota.
3220 5250 3452 5304 Primum
3482 5253 3620 5305 enim
3669 5253 3740 5305 illi

2174 5344 2270 5413 ipsi
2300 5343 2510 5407 fratres,
2539 5359 2671 5413 quos
2700 5358 2757 5397 se
2785 5340 3097 5411 praeviderat
3124 5340 3452 5406 adoraturos,
3487 5341 3537 5394 in
3566 5342 3738 5396 lacum

2175 5434 2322 5488 illum
2366 5435 2623 5501 injiciunt,
2655 5448 2716 5485 ac
2765 5429 3002 5485 barbaris
3044 5430 3343 5485 hominibus
3384 5430 3652 5483 venditum
3686 5432 3737 5484 in

2174 5525 2398 5578 alienam
2429 5539 2489 5578 ac
2520 5521 2926 5576 remotissimam
2975 5522 3243 5589 regionem
3288 5519 3551 5583 emittunt,
3582 5530 3740 5590 atque

2174 5616 2307 5671 adeo
2336 5615 2596 5669 contraria
2641 5612 2915 5681 promissis
2939 5628 3001 5667 ea
3028 5628 3143 5682 qua:
3184 5612 3560 5680 contingebant
3595 5614 3741 5667 vide-

2174 5709 2382 5771 bantur,
2424 5713 2481 5757 ut
2526 5702 2707 5757 miseri
2754 5703 2830 5757 illi
2878 5704 3261 5757 subsannantes
3308 5716 3427 5755 eum
3458 5702 3737 5757 dicerent:

2178 5796 2308 5853 Ecce
2354 5794 2627 5849 somniator
2664 5791 2752 5847 ille
2792 5795 3124 5847 venit:nnnc
3164 5808 3280 5862 ergo
3322 5794 3496 5853 venite,
3540 5793 3740 5845 occida-

2175 5904 2283 5942 mus
2309 5901 2439 5947 eum,
2480 5893 2524 5936 ct
2554 5884 2879 5952 proﬁciamus
2916 5885 2965 5936 in
2992 5885 3178 5943 lacum,
3210 5882 3520 5949 dicemusque
3549 5897 3566 5933 :
3607 5880 3743 5935 ch

2179 5981 2389 6051 pessima
2431 5975 2677 6029 devoravit
2706 5992 2815 6027 cum
2839 5990 2857 6037 ;
2887 5985 2930 6026 ct
2960 5974 3225 6028 ridebinms
3268 5972 3388 6041 quid
3417 5974 3610 6026 somnia
3652 5992 3741 6029 suc
