4490 6800
723 618 823 672 £39

716 735 812 804 ipsi
843 731 1119 802 proderunt
1149 727 1302 798 (Gen.
1350 728 1439 783 57.
1483 727 1567 782 19.
1597 725 1714 794 20).
1762 725 1949 779 Postea
1980 739 2107 778 vero
2134 723 2185 784 ii,
2217 722 2304 790 qui

717 827 870 880 illum
912 831 1170 888 emerant,
1215 838 1321 876 non
1350 823 1536 876 saltem
1583 821 1751 874 libero
1778 819 2000 884 homini,
2033 817 2124 872 sed
2153 830 2306 870 servo

718 918 870 971 illum
901 915 1047 984 regio
1075 913 1312 967 vendunt
1339 913 1550 966 iterum.
1593 910 1775 976 Neque
1801 908 2055 963 hactenus
2083 905 2305 960 adversa

720 1015 1004 1070 steterunt,
1033 1005 1127 1060 sed
1159 1006 1210 1059 in
1253 1004 1481 1059 domina:
1507 1001 1823 1055 calumniam
1851 999 2055 1065 incidit,
2084 999 2306 1051 damna-

722 1105 915 1167 tusque
947 1111 1213 1151 carcerem
1244 1105 1412 1147 annos
1439 1091 1695 1160 piuritnos
1723 1089 1942 1153 habitat,
1971 1099 2023 1142 et
2051 1087 2307 1154 effugien-

723 1189 865 1244 tibus
892 1187 1118 1252 ezeteris,
1162 1185 1420 1254 ampliore
1465 1182 1570 1235 illic
1597 1192 1838 1250 tempore
1881 1181 1993 1248 ipse
2037 1177 2304 1249 perdurat.

725 1281 968 1348 Cumque
1007 1287 1151 1330 tanta
1195 1285 1377 1330 essent
1404 1288 1522 1343 qua:
1566 1272 1706 1327 illius
1735 1272 1969 1326 animum
2003 1268 2308 1339 perturbare

726 1379 962 1440 possent,
991 1375 1244 1422 constans
1284 1375 1462 1419 tamen
1511 1372 1833 1432 perseverat.
1863 1359 2132 1430 Ejusmodi
2183 1373 2309 1411 vero

722 1461 880 1514 etiam
912 1469 1090 1512 nostra
1121 1463 1266 1522 sunt,
1298 1456 1403 1509 imo
1449 1467 1577 1510 vero
1609 1453 1762 1522 longe
1794 1451 2147 1521 perplexiora.
2179 1449 2308 1515 Qua:

723 1551 865 1604 enim
891 1549 1147 1619 promissa
1196 1557 1320 1602 sunt
1348 1545 1521 1611 nobis,
1569 1558 1787 1612 regnum
1815 1543 2086 1606 calorum,
2126 1549 2180 1595 et
2206 1541 2309 1594 vita

723 1654 944 1708 teterna,
991 1651 1046 1697 et
1091 1640 1437 1708 incorruptio,
1485 1645 1538 1692 et
1582 1636 1783 1689 infinita
1830 1643 1956 1688 sunt
1984 1634 2159 1699 bona;
2191 1650 2311 1703 qu.e

722 1745 898 1787 autem
928 1734 1138 1785 interim
1182 1729 1514 1796 contingunt,
1545 1726 1696 1780 valde
1723 1726 1789 1779 ab
1814 1723 1899 1778 his
1922 1732 2127 1779 remota
2154 1734 2312 1793 atque

721 1825 891 1878 aliena
918 1831 1040 1877 sunt
1065 1840 1078 1875 :
1107 1837 1252 1876 mors
1281 1821 1484 1875 scilicet
1511 1828 1565 1875 et
1591 1818 1882 1886 corruptio,
1914 1833 2069 1886 pcena
2095 1826 2147 1872 et
2177 1832 2304 1885 sup-

723 1916 975 1985 plicium,
1015 1923 1069 1969 et
1112 1911 1432 1968 tentationes
1475 1911 1637 1964 varia;
1680 1925 1742 1964 ac
1783 1908 2107 1978 frequentes.
2149 1906 2314 1974 Cujus

723 2021 851 2076 ergo
879 2007 954 2060 rei
980 2004 1147 2074 gratia
1190 2002 1291 2056 hoc
1321 2002 1443 2057 facit
1472 2002 1629 2061 Deus.
1664 2000 2023 2068 permittitque
2047 1997 2311 2051 contraria

724 2099 1000 2168 promissis
1028 2095 1323 2151 advenire?
1349 2094 1607 2148 Nimirum
1640 2101 1696 2145 ut
1724 2106 1788 2146 ex
1819 2091 1920 2146 hoc
1944 2091 2051 2143 duo
2083 2089 2312 2142 maxima

722 2189 861 2244 bona
902 2188 1119 2244 eliciat:
1149 2202 1213 2242 ex
1244 2186 1412 2241 altero
1449 2183 1804 2238 certissimum
1851 2181 2100 2250 potentia:
2148 2181 2314 2248 ipsius

722 2287 1091 2350 argumentum
1123 2276 1382 2346 praebens,
1426 2273 1567 2344 quod
1611 2273 1813 2327 scilicet
1843 2271 2009 2340 possit
2052 2270 2310 2340 despera-

724 2374 929 2427 tissima
958 2371 1214 2440 promissa
1261 2383 1355 2422 sua
1383 2381 1476 2436 spe
1507 2375 1664 2435 atque
1691 2364 1942 2434 opinione
1972 2363 2163 2418 melius
2190 2377 2314 2431 per-

724 2464 906 2530 licere,
949 2476 1013 2517 ex
1059 2461 1230 2516 altero
1267 2469 1446 2514 autem
1485 2467 1697 2512 nostros
1722 2455 1928 2510 animos
1956 2453 2226 2518 erudiens,
2259 2460 2316 2505 ut

723 2558 780 2612 in
822 2555 1030 2611 cunctis
1071 2554 1169 2624 ipsi
1216 2551 1517 2614 credamus,
1551 2551 1649 2604 etsi
1684 2549 1841 2603 dictis
1887 2548 2020 2601 facta
2052 2545 2313 2600 contraria

724 2649 1004 2705 videantur
1029 2661 1323 2716 emergere.
1353 2643 1482 2698 Nam
1509 2643 1621 2711 Spei
1649 2642 1815 2695 virtus
1841 2639 2098 2710 ejusmodi
2125 2647 2228 2703 est,
2259 2645 2316 2691 ut

723 2756 843 2796 eum
887 2739 976 2810 qui
1019 2739 1227 2792 sincere
1271 2735 1346 2790 illi
1390 2733 1681 2798 adhmreat,
1730 2746 2015 2800 numquam
2062 2727 2312 2784 confundi

725 2832 1012 2902 permittat.
1062 2828 1117 2884 Si
1148 2828 1290 2881 enim
1337 2827 1394 2891 ii,
1439 2825 1531 2895 qui
1579 2823 1838 2894 promissa
1883 2823 1936 2876 in
1984 2820 2086 2875 hoc
2116 2819 2314 2874 smculo

726 2930 1067 2991 acceperunt,
1098 2919 1168 2973 ita
1198 2917 1475 2987 insigniter
1499 2915 1673 2970 affecti
1697 2923 1842 2977 sunt,
1871 2913 2039 2966 multo
2065 2911 2233 2980 magis
2261 2909 2312 2962 id

726 3031 824 3070 nos
853 3014 1029 3069 facere
1055 3025 1274 3066 necesse
1301 3018 1405 3074 est,
1433 3007 1522 3078 qui
1552 3022 1658 3061 non
1688 3006 1740 3060 in
1782 3002 2031 3074 przesenti
2061 3005 2188 3067 vita,
2221 3001 2316 3056 sed

726 3107 777 3160 in
807 3104 927 3158 aliis
953 3101 1170 3156 seculis
1195 3100 1457 3154 bonorum
1482 3097 1682 3151 exitum
1709 3105 2098 3163 exspectamus.
2133 3091 2188 3144 In
2218 3091 2318 3145 hoc

725 3198 867 3251 enim
910 3195 1104 3250 steculo
1146 3204 1423 3262 presseras
1451 3189 1604 3243 nobis
1650 3185 2024 3256 angustiasque
2053 3185 2313 3255 promisit.

724 3287 863 3357 Quid
891 3300 1017 3356 ergo
1042 3293 1125 3340 est
1152 3282 1292 3354 quod
1319 3291 1372 3336 te
1417 3279 1732 3348 perturbet?
1759 3292 1863 3346 qua
1894 3276 2098 3331 ratione
2126 3289 2313 3344 suSpe-

725 3389 810 3435 cta
842 3377 1040 3433 habeas
1083 3374 1344 3445 promissa
1389 3370 1527 3427 Dei?
1556 3369 1686 3423 Nam
1734 3382 1856 3422 cum
1902 3367 2036 3422 dicis
2075 3374 2127 3421 te
2155 3366 2221 3420 ab
2249 3380 2314 3419 eo

724 3469 938 3540 negligi,
982 3465 1132 3536 cujus
1173 3477 1333 3518 causa
1379 3459 1635 3516 mundum
1663 3473 1875 3513 omnem
1906 3456 2214 3526 despexisti,
2247 3455 2314 3509 li-

724 3560 889 3633 quido
911 3557 1151 3615 ostendis
1177 3563 1230 3610 te
1253 3553 1330 3609 illi
1355 3567 1461 3607 non
1487 3550 1730 3616 credere,
1757 3563 1983 3618 eumque
2009 3556 2315 3616 suspectum

725 3653 944 3718 habere,
991 3649 1338 3716 fallacemque
1381 3642 1787 3713 promissionem
1826 3640 1942 3709 ejus
1987 3639 2314 3694 existimare.

725 3747 783 3802 Id
811 3756 988 3800 autem
1031 3756 1158 3797 vere
1201 3749 1283 3795 est
1323 3754 1354 3792 a
1397 3737 1641 3791 daemone
1687 3733 1906 3802 corripi,
1948 3745 2012 3786 ac
2058 3731 2317 3802 gehennce

726 3840 901 3908 ignem
929 3847 1238 3906 provocare.
1270 3829 1374 3886 Sed
1401 3838 1524 3882 sunt
1555 3826 1643 3896 qui
1674 3823 1857 3880 saeculi
1900 3823 2124 3892 negotiis
2153 3820 2315 3876 dediti

725 3929 908 3999 quiete
953 3927 1158 3980 vivunt.
1203 3922 1270 3976 Et
1313 3919 1452 3975 istud
1493 3931 1706 3988 quoque
1754 3913 2001 3984 praedixit
2029 3912 2313 3968 Christus:

727 4021 906 4083 Amen,
935 4033 1083 4070 amen
1124 4014 1257 4080 dico,
1291 4010 1481 4080 inquit,
1528 4009 1683 4072 vobis,
1716 4007 1834 4074 quia
1863 4002 2123 4075 pforabitis
2149 4011 2195 4056 et
2223 4002 2315 4071 ﬂe-

730 4111 843 4164 bitis
873 4124 978 4174 vos,
1005 4103 1222 4158 mundus
1267 4110 1432 4154 autem
1460 4096 1695 4170 gaudebit
1734 4093 1915 4166 (Ioan.
1948 4094 2036 4148 16.
2064 4091 2179 4159 20).
2210 4088 2314 4144 Sed

727 4213 784 4259 et
809 4203 863 4255 in
893 4199 1153 4270 prioribus
1191 4192 1620 4265 generationibus
1660 4187 1936 4260 Babylonii
1983 4198 2102 4239 cum
2149 4183 2316 4237 Deum

730 4294 1062 4363 ignorarent,
1091 4286 1304 4356 opibus,
1340 4281 1574 4353 potentia
1599 4289 1653 4334 et
1689 4278 1853 4348 gloria
1883 4275 2154 4347 pollebant
2180 4291 2194 4339 ;
2219 4273 2318 4327 Ju-

726 4385 828 4442 daei
857 4397 981 4438 vero
1006 4378 1333 4449 captivitate,
1381 4374 1660 4439 servitute,
1689 4368 2049 4436 extremisque
2094 4365 2314 4420 calami-

728 4474 927 4531 tatibus
970 4470 1365 4541 premebantur.
1409 4465 1476 4519 Et
1529 4462 1760 4518 Lazarus
1805 4454 2195 4530 ille(Luc.16),
2226 4456 2315 4525 qui

731 4583 904 4639 regno
929 4563 1127 4620 caelesti
1152 4562 1362 4630 dignus,
1393 4555 1661 4612 ulceribus
1691 4552 1877 4624 plenus
1906 4566 2095 4606 canum
2126 4549 2318 4617 linguis

730 4670 849 4716 erat
871 4655 1165 4727 expositus,
1204 4660 1364 4719 atque
1393 4656 1651 4717 perpetuo
1693 4660 1814 4699 cum
1847 4643 1986 4696 fame
2016 4639 2314 4710 pugnabat:

731 4751 882 4806 dives
907 4762 1034 4802 vero
1059 4745 1111 4798 in
1155 4743 1362 4796 honore
1386 4752 1450 4791 ac
1473 4732 1737 4803 frequenti
1779 4731 2027 4785 satellitio
2056 4740 2108 4784 et
2138 4729 2321 4797 requie

735 4852 790 4896 et
818 4838 1018 4893 deliciis
1056 4835 1216 4888 vitam
1263 4829 1511 4886 ducebat.
1545 4823 1744 4879 Verum
1782 4831 1838 4875 ut
1869 4821 1990 4874 huic
2021 4820 2150 4873 nihil
2180 4818 2318 4886 apud

736 4931 937 4987 inferos
976 4927 1062 4980 illa
1106 4924 1282 4978 omnia
1329 4923 1618 4990 profuere:
1652 4916 1722 4969 ita
1767 4928 1866 4968 nec
1908 4912 2108 4966 Lazaro
2152 4908 2320 4963 fames

738 5031 830 5076 aut
855 5019 1054 5079 ulcera,
1081 5027 1188 5083 quo
1217 5013 1391 5066 minus
1422 5009 1584 5079 probe
1612 5007 1835 5070 viveret,
1862 5005 2200 5066 obstiterunt,
2223 5002 2315 5057 sed

736 5109 898 5167 veluti
941 5105 1154 5177 quidam
1203 5101 1398 5155 athleta
1442 5097 1590 5151 fortis
1638 5098 1691 5150 in
1736 5107 1868 5150 testu
1913 5095 2228 5164 gravissimo
2265 5104 2319 5148 et

739 5204 917 5271 algore
943 5198 1172 5261 luctans,
1201 5203 1255 5246 et
1280 5190 1405 5245 vicit
1429 5199 1482 5244 et
1509 5197 1793 5242 coronatus
1821 5195 1923 5240 est.
1954 5187 2210 5253 Quocirca
2236 5188 2318 5240 vir

737 5294 950 5363 quidem
992 5288 1205 5358 sapiens
1232 5283 1406 5339 aiebat
1437 5297 1452 5335 :
1480 5279 1606 5342 Fili,
1637 5280 1680 5333 si
1709 5278 1918 5331 accedas
1946 5279 2012 5330 ad
2041 5279 2320 5332 servitutem

743 5383 970 5447 Domini,
1000 5394 1233 5449 prwpara
1271 5375 1494 5428 animum
1521 5381 1655 5424 tuam
1699 5370 1767 5423 ad
1793 5370 2130 5436 tentationem,
2163 5369 2321 5439 dirige

739 5491 825 5528 cor
853 5483 994 5525 tuum
1031 5480 1076 5524 et
1104 5468 1311 5532 sustine,
1339 5475 1386 5519 et
1411 5479 1473 5518 ne
1515 5463 1718 5534 festines
1743 5462 1795 5514 in
1824 5470 2043 5528 tempore
2067 5459 2320 5513 inductio-

741 5569 820 5622 nis
852 5563 1034 5637 (Eccli.
1064 5562 1120 5614 2.
1149 5563 1199 5616 1.
1229 5561 1308 5629 2).
1341 5558 1407 5613 Et
1435 5568 1555 5627 post
1583 5571 1748 5625 pauca
1779 5572 1792 5608 :
1826 5553 2097 5620 Quoniam,
2131 5554 2315 5623 inquit,

740 5662 855 5732 igne
875 5655 1114 5728 probatur
1149 5668 1345 5713 aurum,
1378 5649 1600 5702 homines
1623 5663 1737 5700 vero
1763 5647 2091 5716 acceptabiles
2137 5647 2187 5699 in
2216 5649 2322 5717 for-

740 5766 864 5806 nace
905 5742 1265 5802 humiliationis
1306 5740 1409 5811 (Ib.
1467 5757 1518 5795 υ.
1557 5738 1637 5808 2).
1684 5738 2020 5807 Rursumque
2071 5739 2177 5794 alio
2207 5741 2323 5793 loco

742 5843 994 5911 scriptum
1036 5842 1121 5892 est
1149 5851 1162 5887 :
1190 5831 1319 5898 Fili,
1368 5828 1476 5883 noli
1521 5828 1771 5898 negligere
1818 5829 2141 5896 disciplinam
2187 5828 2319 5894 Dei,

746 5951 902 6003 neque
937 5931 1140 6000 deficias
1168 5943 1281 5981 cum
1307 5923 1369 5977 ab
1395 5939 1452 5976 eo
1479 5921 1746 5989 corriperis
1773 5919 1953 5991 (Prov.
1985 5923 2038 5976 5.
2068 5921 2179 5992 11).
2221 5921 2320 5988 Qui

746 6029 886 6083 enim
911 6035 1097 6077 aurum
1128 6020 1179 6072 in
1211 6015 1478 6072 fornacem
1507 6012 1687 6080 mittit,
1721 6012 1866 6068 novit
1907 6024 2167 6082 quatenus
2193 6013 2321 6069 illud

1465 610 1521 665 S.
1559 608 1834 664 JOANNIS
1871 603 2337 663 Clll‘tYSOSTOMI
2377 605 2692 663 ARClllEP.
2733 605 3261 665 CONSTANTINOP.

3908 607 4019 663 450

2421 721 2654 789 incendi,
2685 733 2740 778 et
2766 724 2980 793 quando
3005 739 3072 779 ex
3120 724 3238 794 igne
3267 729 3510 792 oporteat
3551 721 3725 777 educi.
3775 724 4020 795 Ideoque

2414 812 2502 868 hic
2539 814 2751 884 quidem
2798 816 2916 869 ait:
2950 814 3034 869 Ne
3071 815 3270 888 festines
3312 814 3364 866 in
3405 821 3626 880 tempore
3669 813 3978 868 inductionis
4001 833 4020 869 :

2413 904 2663 960 Salomon
2692 916 2866 960 autem
2896 907 2997 962 hoc
3023 907 3194 976 ipsum
3217 907 3434 970 docens,
3468 905 3644 976 Neque
3669 905 3896 973 deﬁcias,
3927 908 4019 960 in-

2414 1001 2547 1068 quit,
2573 1017 2685 1054 cum
2712 999 2774 1052 ab
2803 1016 2860 1053 eo
2890 1004 3180 1072 corriperis.
3210 1004 3455 1074 Magnum
3498 1001 3623 1072 quid
3659 1015 3866 1065 revera,
3895 1017 4020 1054 ma-

2413 1108 2597 1163 gnum,
2646 1094 2883 1162 inquam,
2933 1110 3178 1162 pressura
3210 1106 3294 1152 est
3335 1097 3400 1152 ad
3447 1098 3618 1151 virum
3660 1094 4015 1165 spectabilem

2414 1183 2772 1249 efficiendum,
2805 1192 2964 1252 atque
3013 1185 3081 1239 ad
3110 1186 3408 1242 docendum
3439 1187 3703 1258 patientia:
3734 1188 4012 1241 virtutem.

2415 1275 2551 1342 Quid
2593 1291 2739 1345 ergo,
2790 1275 3021 1345 inquies,
3051 1277 3095 1330 si
3143 1277 3285 1332 illius
3331 1295 3428 1334 nos
3471 1280 3775 1350 magnitudo
3803 1287 4018 1334 evertat

2416 1377 2574 1436 atque
2602 1367 2848 1435 dejiciat?
2879 1366 3071 1420 Fidelis
3100 1377 3172 1423 est
3216 1368 3368 1432 Deus,
3410 1371 3495 1439 qui
3538 1389 3638 1424 non
3667 1371 3888 1442 patietur
3915 1386 4014 1423 nos

2417 1459 2598 1511 tentari
2628 1474 2782 1526 supra
2810 1473 2962 1524 quam
2992 1473 3274 1525 possumus,
3304 1460 3392 1513 sed
3419 1461 3566 1530 faciet
3596 1479 3710 1514 cum
3735 1461 4017 1516 tentatione

2417 1549 2624 1615 exitum,
2651 1557 2704 1602 ut
2727 1548 2972 1618 possimus
2997 1550 3239 1604 sustinere
3280 1551 3355 1621 (ι.
3384 1549 3502 1605 Cor.
3529 1552 3628 1608 10.
3659 1554 3771 1623 15).
3799 1553 3932 1607 Nam
3963 1553 4014 1606 si

2417 1655 2485 1694 ex
2509 1639 2794 1696 dilectione
2835 1640 3124 1709 correptio,
3173 1657 3239 1697 ex
3278 1643 3401 1697 odio
3425 1659 3552 1698 vero
3584 1645 3857 1701 derelictio
3886 1656 3965 1699 est
3991 1685 4012 1709 ,

2419 1747 2592 1800 neque
2642 1731 2878 1798 ejusdem
2927 1741 3010 1785 est
3055 1733 3359 1800 quempiam
3413 1735 3570 1789 simul
3617 1745 3671 1790 et
3721 1751 3902 1790 amare
3951 1746 4013 1788 et

2419 1822 2617 1886 odisse,
2661 1836 2832 1890 neque
2877 1822 3146 1891 corripere
3187 1824 3343 1878 simul
3384 1835 3438 1880 et
3477 1826 3830 1895 dereliquere.
3863 1828 4014 1890 Quo-

2420 1914 2578 1966 modo
2604 1927 2750 1980 ergo,
2794 1914 3025 1979 inquies,
3075 1914 3224 1967 multi
3268 1917 3625 1969 eor-ruerunt?
3668 1915 3881 1984 Seipsos
3931 1915 4010 1967 illi

2424 2003 2532 2057 Deo
2580 2003 2938 2070 privaverunt.
2985 2018 3090 2057 non
3136 2015 3311 2057 autem
3340 2020 3368 2057 a
3402 2005 3510 2058 Deo
3564 2004 3804 2058 derelieti
3859 2014 4008 2056 sunt.

2421 2091 2553 2147 Ecce
2576 2094 2738 2156 enim,
2773 2095 2966 2162 tnquit,
2994 2095 3080 2164 qui
3106 2095 3340 2165 clangunt
3368 2112 3420 2148 se
3447 2111 3476 2146 a
3505 2104 3550 2147 te
3577 2094 3804 2161 peribunt
3831 2093 4008 2162 (Psnl.

2420 2183 2509 2237 72.
2552 2181 2669 2252 27).
2720 2182 2983 2254 Elongant
3027 2201 3088 2240 se
3117 2201 3244 2239 vero
3287 2201 3316 2237 a
3361 2185 3472 2238 Deo
3516 2185 3603 2252 qui
3644 2187 4011 2240 correctioncs

2421 2276 2560 2330 illius
2591 2291 2694 2328 nun
2742 2277 3024 2342 sustinent,
3058 2275 3151 2331 sed
3199 2278 3495 2330 irascuntur
3526 2284 3683 2344 atque
3727 2276 4012 2344 indignan-

2421 2377 2544 2433 tur;
2575 2382 2638 2422 ac
2682 2368 2841 2422 veluti
2891 2370 3124 2438 perversi
3176 2369 3285 2429 filii,
3325 2382 3444 2420 cum
3471 2383 3501 2421 a
3543 2367 3778 2435 patribus
3826 2369 4008 2422 traditi

2419 2459 2706 2527 magistris,
2735 2460 2817 2514 vel
2848 2460 3180 2527 impatientes
3206 2459 3423 2522 laboris,
3467 2459 3554 2514 vel
3601 2458 3860 2527 fugientes
3887 2477 4010 2514 ver—

2420 2549 2568 2611 hera,
2595 2561 2870 2618 parentum
2901 2560 3144 2620 aspectus
3165 2549 3453 2613 declinant,
3481 2550 3610 2604 nihil
3639 2551 3761 2605 inde
3785 2551 4004 2606 lucran-

2421 2648 2525 2703 tur,
2556 2640 2648 2694 sed
2678 2642 3006 2710 gravioribus
3035 2641 3384 2696 incommodis
3427 2658 3488 2696 se
3515 2643 3806 2713 implicant,
3844 2655 4009 2713 atque

2421 2729 2474 2784 in
2501 2732 2671 2786 aliena
2702 2733 2916 2800 regione
2944 2732 3096 2786 famis
3123 2743 3177 2787 et
3203 2733 3406 2788 erroris
3432 2749 3495 2789 ac
3521 2737 3825 2789 morborum
3855 2736 4006 2803 igno-

2421 2821 2704 2891 ntinimque
2729 2831 2781 2875 et
2806 2823 3075 2876 servitutis
3107 2839 3371 2878 acrumnas
3393 2825 3572 2879 subire
3599 2835 3854 2894 coguntur
3883 2842 3897 2877 ε
3935 2827 4004 2878 ita

2422 2921 2476 2965 et
2505 2913 2590 2981 qui
2625 2912 2713 2965 Dci
2739 2911 3072 2981 disciplinam
3105 2929 3210 2967 non
3251 2922 3401 2984 grato
3427 2915 3604 2968 animo
3632 2916 3877 2979 tolerant,
3914 2915 4005 2967 in-

2421 3002 2805 3072 dignanturque
2848 3014 2902 3058 et
2940 3005 3171 3074 graviter
3217 3004 3425 3071 ferunt,
3472 3015 3823 3074 praeterquam
3860 3008 4006 3075 quod

2422 3091 2549 3145 nihil
2577 3108 2643 3146 ex
2672 3108 2732 3146 ea
2762 3093 3055 3159 lucrantur,
3089 3095 3312 3148 summis
3353 3109 3412 3150 se
3455 3095 3841 3150 ealatnitatibus
3878 3096 4002 3150 affi-

2418 3183 2583 3238 ciunt.
2614 3184 2872 3251 Quocirca
2907 3185 3140 3240 tolerare
3167 3186 3532 3251 admonemur,
3559 3195 3613 3240 et
3639 3186 3866 3256 dirigere
3909 3203 4004 3242 cor

2418 3287 2683 3331 nostrum.
2711 3278 2782 3330 At
2818 3278 2984 3331 multo
3011 3279 3253 3348 graviora
3285 3287 3336 3334 te
3365 3278 3566 3348 perpeti
3595 3279 3758 3334 dices.
3785 3279 3862 3334 Ne
3889 3296 4002 3348 pa:-

2419 3368 2643 3423 dotribte
2669 3368 2882 3438 quidem
2907 3383 3092 3423 omnes
3129 3371 3403 3439 aequaliter
3427 3380 3585 3440 atque
3611 3371 3801 3426 eodem
3844 3373 4006 3427 modo

2419 3470 2690 3526 exercent,
2707 3461 2800 3516 sed
2819 3461 3245 3516 imbecillioribus
3264 3463 3573 3527 imbecilles,
3592 3464 4003 3534 fortioribusque

2421 3553 2504 3607 sui
2545 3553 2744 3607 similes
2790 3552 3022 3607 tradunt.
3069 3552 3199 3607 Nam
3230 3555 3320 3623 qui
3367 3555 3477 3608 suis
3513 3555 3710 3608 viribus
3739 3555 4002 3609 minorem

2420 3642 2808 3712 antagonistam
2839 3641 2998 3697 fuerit
3025 3653 3235 3706 nactus,
3266 3644 3472 3698 etiamsi
3517 3653 3624 3697 tota
3650 3643 3736 3697 die
3764 3645 3839 3697 illi
3867 3660 4003 3698 con-

2420 3732 2706 3800 grediatur,
2737 3734 3109 3787 inexercitatus
3140 3743 3313 3786 tamen
3360 3742 3652 3800 permanet.
3700 3734 3803 3786 Cur
3831 3749 3960 3803 ergo
3985 3777 4002 3798 ,

2421 3825 2646 3894 inquies,
2676 3839 2782 3879 non
2812 3839 2998 3879 omnes
3039 3824 3129 3894 qui
3159 3824 3401 3878 eamdem
3441 3825 3650 3893 elegere
3678 3826 3858 3891 vitam,
3890 3829 4005 3882 eis-

2419 3917 2540 3972 dem
2583 3918 2742 3973 etiam
2789 3917 3060 3971 laboribus
3105 3927 3311 3970 certare
3355 3916 3525 3971 facit?
3567 3917 3695 3984 Quia
3743 3934 3846 3973 non
3897 3936 4003 3974 una

2420 4010 2558 4080 apud
2602 4011 2766 4065 Deum
2792 4019 2876 4064 est
2917 4008 3311 4064 exercitationis
3348 4010 3575 4079 species,
3618 4026 3788 4079 neque
3814 4026 4005 4067 omnes

2421 4101 2623 4156 eisdem
2653 4115 2787 4169 opus
2817 4100 3034 4165 habent,
3079 4099 3288 4154 etiamsi
3335 4101 3388 4153 in
3429 4100 3616 4155 eodem
3658 4103 3776 4156 vitae
3804 4119 4005 4172 genere

2422 4195 2528 4248 sint
2558 4211 2570 4247 :
2598 4192 2792 4262 quippe
2832 4201 2886 4248 et
2925 4191 3135 4261 plurimi
3173 4206 3295 4246 cum
3327 4191 3525 4246 eisdem
3573 4195 3875 4248 morborum
3916 4195 4004 4248 in-

2423 4284 2717 4339 commodis
2756 4284 3022 4349 laborent,
3053 4299 3156 4338 non
3188 4283 3389 4338 eisdem
3420 4293 3592 4339 tamen
3623 4286 3858 4356 indigent
3885 4301 4007 4339 me—

2421 4373 2757 4441 dicamentis,
2785 4375 2879 4428 sed
2903 4374 3006 4427 alia
3048 4371 3261 4442 quidem
3287 4373 3418 4436 istis,
3453 4373 3552 4426 alia
3594 4374 3696 4428 illis
3721 4389 4005 4443 apponun-

2423 4475 2527 4520 tur.
2553 4467 2728 4534 Atque
2754 4466 2888 4519 adeo
2918 4473 2972 4519 et
2999 4464 3322 4532 flageHorum
3354 4465 3492 4518 modi
3521 4467 3650 4519 varii
3696 4475 3818 4520 sunt
3843 4475 4006 4534 atque

2422 4557 2750 4619 differentes,
2778 4565 2832 4609 et
2851 4557 2986 4610 alius
3011 4555 3222 4624 quidem
3247 4557 3432 4611 inorbo
3448 4557 3698 4612 diuturno
3725 4558 4000 4626 probatur,

2424 4648 2559 4701 alius
2585 4647 2892 4715 gravissima
2940 4647 3135 4714 inopia,
3162 4647 3212 4700 vi
3243 4657 3401 4717 atque
3444 4650 3632 4718 injuria
3658 4650 3790 4702 alius
3817 4665 3830 4699 :
3859 4647 4006 4701 hunc

2422 4740 2574 4808 jugcs
2619 4747 2777 4805 atque
2824 4748 3089 4805 perpetuae
3148 4738 3431 4794 liberorum
3482 4741 4007 4810 propinquorumque

2427 4837 2740 4882 cmterorum
2787 4835 2986 4879 mortes
3032 4829 3363 4891 excruciant,
3411 4829 3602 4899 hicque
3647 4830 3713 4883 ab
3757 4828 4006 4884 omnibus

2427 4916 2693 4985 abjicitur,
2724 4915 3021 4984 nulliusque
3051 4917 3125 4970 rei
3167 4917 3356 4987 dignus
3384 4921 3677 4974 mstimatur
3706 4937 3719 4970 :
3748 4919 3834 4972 ille
3861 4922 4004 4988 quod

2428 5010 2494 5063 de
2522 5009 2586 5062 iis
2612 5019 2908 5072 accusetur,
2939 5022 3158 5075 quorum
3199 5010 3330 5065 nihil
3369 5012 3436 5065 sit
3466 5012 3564 5065 sibi
3595 5010 3858 5072 conscius,
3891 5027 4008 5065 ma-

2430 5103 2601 5170 lmque
2625 5100 2780 5152 fama:
2808 5098 3010 5167 pondus
3032 5099 3162 5154 ferat
3189 5119 3201 5153 :
3228 5113 3384 5172 atque
3404 5103 3538 5156 alius
3557 5101 3711 5153 aliter
3729 5098 4001 5170 affligitur.

2429 5192 2611 5260 Neque
2648 5191 2789 5243 enim
2837 5191 3084 5258 possibile
3125 5203 3208 5246 est
3249 5194 3426 5246 onmia
3473 5207 3612 5244 nunc
3638 5191 3704 5244 ad
3749 5196 4004 5249 amussim

2430 5295 2729 5337 numerare.
2755 5279 3012 5335 Videntur
3035 5293 3210 5338 autem
3240 5283 3332 5336 tibi
3359 5283 3544 5335 horum
3575 5280 3802 5348 singula,
3834 5283 3877 5335 si
3904 5287 4009 5339 tuis

2428 5372 2682 5428 aerumnis
2723 5371 3094 5438 conferantur,
3125 5374 3257 5427 levia
3285 5388 3347 5426 ac
3376 5371 3518 5424 nulla
3544 5384 3663 5423 esse
3696 5387 3710 5424 :
3740 5387 3922 5428 verum
3951 5386 4007 5430 tu

2429 5465 2474 5519 si
2504 5464 2620 5517 ha:c
2648 5473 2895 5532 expertus
2939 5481 3107 5528 esses,
3138 5465 3440 5520 addisceres
3483 5459 3724 5529 profecto
3752 5462 3824 5528 id,
3863 5469 4007 5535 quod

2428 5569 2569 5610 nunc
2599 5563 2651 5608 te
2678 5555 2840 5623 angit,
2872 5555 2956 5610 his
2984 5557 3231 5610 omnibus
3268 5552 3595 5607 tolerabilius
3640 5567 3775 5610 esse.
3818 5556 3923 5613 Sed
3953 5569 4010 5614 et

2429 5650 2472 5702 si
2500 5647 2589 5717 qui
2615 5656 2756 5714 sunt,
2778 5663 3000 5718 quorum
3028 5650 3098 5703 sit
3125 5647 3294 5703 levior
3311 5658 3466 5713 quam
3495 5653 3674 5700 nostra
3700 5652 4005 5720 castigatio,

2430 5755 2538 5794 non
2569 5738 2688 5793 ideo
2715 5738 3083 5808 perturbemur
3111 5755 3125 5790 :
3157 5750 3278 5789 nam
3304 5733 3530 5801 adjectio
3569 5735 3806 5794 laborum
3834 5743 4008 5796 inere-

2430 5839 2668 5886 meutum
2713 5834 3052 5903 praemiorum
3099 5837 3181 5884 est
3230 5841 3294 5881 ac
3336 5828 3694 5887 firmissimum
3733 5835 4006 5890 munimen

2433 5933 2692 5990 nostrum,
2722 5939 2827 5996 quo
2857 5922 2976 5977 freti
3007 5933 3292 5986 numquam
3317 5917 3428 5974 sive
3472 5932 3682 5992 sponte,
3711 5926 3822 5980 sive
3846 5927 4006 5981 etiam

2435 6015 2583 6071 inviti
2625 6028 2937 6072 corruamus
2967 6029 2978 6065 :
3011 6025 3234 6079 namque
3267 6019 3524 6073 tumorem
3555 6015 3878 6084 comprimit,
3912 6032 4000 6071 ne-
