4392 6680
169 626 436 694 ὀψόμεθα
472 624 527 677 τί
568 621 740 677 ἔσται
779 624 853 678 τὰ
888 624 1143 678 ἐνύπνια
1175 622 1383 676 αὑτοῦ.
1405 622 1558 676 Μετά
1586 623 1643 677 δὲ
1668 624 1840 678 ταῦτα

170 714 223 764 ol
263 711 556 782 πριάμενοι
588 712 709 765 οὐδὲ
740 711 1010 782 ἐλευθέρῳ
1034 710 1161 771 τινὶ,
1193 708 1328 761 ἀλλά
1364 708 1535 781 δούλῳ
1558 710 1718 765 πάλιν
1748 713 1838 763 αὑο

168 800 261 851 τὸν
295 800 631 855 ἀποδίδονται
676 798 959 871 βασιλικῷ.
1002 797 1111 848 Kal
1138 796 1257 848 οὑδὲ
1291 797 1449 868 μέχρι
1476 798 1681 851 τούτων
1713 797 1845 867 ἐστη

171 886 241 939 τὰ
272 887 455 941 δεινά⁶
501 889 637 943 ἀλλά
682 883 1015 954 συκοφαντίᾳ
1055 884 1343 955 δεσποίνης
1393 884 1708 956 περιπεσὼν
1750 887 1845 939 καὶ

172 977 524 1047 κατακριθεὶς
550 976 683 1046 ᾠκει
718 974 779 1026 τὸ
806 974 1177 1043 δεσμωτήριον
1209 973 1303 1045 ἐτη
1330 974 1521 1040 πολλὰ,
1545 974 1640 1027 καὶ
1660 974 1847 1042 διαφυ-

171 1065 379 1132 γόντων
420 1066 643 1135 ἐτέρων,
679 1062 842 1124 αὑτὸς
889 1061 1108 1115 πλείονα
1142 1064 1333 1135 χρόνον
1370 1064 1520 1133 μένει
1568 1064 1703 1116 ἐκεῖ.
1735 1063 1846 1114 Καὶ

172 1154 442 1207 τοσούτων
475 1153 643 1205 ὄντων
682 1149 791 1203 τῶν
828 1149 1137 1221 δυναμένων
1174 1153 1272 1223 τὴν
1302 1152 1511 1204 ἐκείνου
1545 1148 1847 1221 θορυϐῆσαι

172 1242 372 1310 ψυχὴν,
404 1240 563 1308 ἔμενε
586 1236 798 1301 τούτοις
836 1238 1039 1292 ἅπασιν
1064 1240 1481 1311 ἀπερίτρεπτος.
1513 1235 1751 1289 Τοιαῦτα
1788 1234 1847 1287 δὲ

174 1332 271 1381 καὶ
302 1327 369 1379 τά
394 1325 659 1395 ἡμέτερα,
692 1325 892 1395 μᾶλλον
925 1325 980 1378 δὲ
1013 1327 1108 1379 καὶ
1132 1326 1311 1395 πολλῷ
1334 1325 1541 1377 τούτων
1562 1320 1845 1391 ἀπορώτε-

178 1416 347 1485 9a."A
372 1413 471 1482 μὲν
492 1414 599 1484 7&9
619 1414 1001 1484 ἐπηγγείλατο,
1032 1414 1279 1484 βασιλεία
1310 1410 1576 1480 οὐρανῶν,
1599 1410 1692 1461 καὶ
1717 1407 1844 1461 αἰώ-

172 1518 286 1565 νιος
320 1500 453 1570 ζωὴ,
476 1501 568 1553 xal
595 1501 895 1571 ἀφθαρσία,
921 1501 1015 1553 καὶ
1038 1498 1106 1552 τά
1137 1498 1306 1567 μυρία
1333 1494 1517 1564 ἀγαθά
1535 1510 1548 1526 ⁸
1574 1494 1641 1548 τά
1669 1494 1724 1547 δὲ
1756 1513 1842 1564 γι-

172 1588 375 1658 νόμενα
412 1588 547 1652 τέως
583 1590 676 1642 καὶ
715 1587 1075 1658 συμϐαίνοντα
1118 1582 1250 1635 πολὺ
1294 1580 1501 1635 τούτων
1530 1582 1839 1652 ἀφέστηκε·

173 1680 404 1742 θάνατος
441 1679 550 1749 γάρ
576 1681 690 1731 ἐστι
735 1678 829 1731 καὶ
867 1672 1044 1743 φθορὰ
1077 1671 1171 1723 καὶ
1209 1671 1451 1741 τιμωρία
1491 1671 1585 1723 καὶ
1623 1670 1842 1733 κόλασις

174 1768 270 1819 καὶ
301 1766 507 1835 θλίψεις
543 1765 788 1835 διάφοροι
830 1762 924 1814 καὶ
956 1759 1217 1827 συνεχεῖς.
1251 1757 1409 1821 Τίνος
1452 1752 1546 1809 οῦν
1589 1756 1774 1809 ἕνεκεν
1813 1758 1843 1809 ὀ

172 1854 304 1917 Θεὸς
331 1854 489 1907 τοῦτο
523 1855 685 1915 ποιεῖ,
712 1850 809 1903 καὶ
845 1847 914 1900 τά
940 1844 1156 1899 ἐναντία
1200 1848 1317 1909 ταῖς
1364 1843 1718 1913 ἐπαγγελίαις
1748 1845 1843 1898 ἐκ·

173 1945 333 2013 ϐῆναι
369 1942 675 2011 συγχωρεῖ;
723 1936 827 1989 Δύο
871 1936 940 1988 τά
992 1934 1224 2005 μέγιστα
1268 1932 1571 2004 κατορθῶν,
1616 1932 1679 1984 ἒν
1720 1932 1840 2002 μὲν,

171 2031 273 2099 τῆς
315 2028 480 2082 αὑτοῦ
529 2026 811 2094 δυνάμεως
851 2022 1149 2093 τεκμήριον
1187 2020 1670 2091 ἀναμφισϐήτητον
1702 2036 1845 2091 παρ-

171 2118 311 2186 έχων
359 2118 511 2186 ἡμῖν,
554 2115 638 2167 ὅτι
684 2111 780 2165 καὶ
839 2110 898 2175 ἐξ
949 2110 1386 2180 ἀπεγνωσμένων
1426 2108 1630 2163 δύναιτ’
1656 2108 1726 2161 ἀν
1762 2108 1843 2170 είς

173 2206 346 2273 πέρας
385 2203 485 2265 τάς
525 2199 847 2269 ὑποσχέσεις
873 2199 1133 2266 ἀγαγεῖν·
1169 2196 1354 2267 ἕτερον
1381 2195 1459 2257 δὲ,
1498 2196 1599 2263 τὴν
1640 2194 1838 2264 ήμετέ-

174 2308 275 2361 ραν
309 2289 577 2344 παιδεύων
614 2286 791 2357 ψυχὴν
824 2285 1001 2340 πάντα
1052 2284 1325 2337 πιστεύειν
1356 2282 1527 2352 αὑτῷ,
1558 2281 1661 2334 κᾶν
1689 2282 1845 2333 ἐνανο

170 2380 263 2432 τία
290 2380 405 2441 τοῖς
438 2375 747 2447 εἰρημένοις
770 2374 837 2428 τὰ
862 2374 1122 2443 γινόμενα
1154 2371 1433 2439 φαίνηται.
1468 2368 1703 2438 Ὶόιαύτη
1736 2366 1845 2438 γάρ

174 2467 207 2535 ἡ
256 2465 357 2534 τῆς
400 2464 613 2525 ἐλπίδος
652 2463 821 2531 ἰσχύςο
853 2462 913 2513 οὑ
966 2456 1315 2526 καταισχύνει
1349 2456 1441 2510 τὸν
1486 2455 1845 2525 ἀντεχόμενον

172 2552 345 2621 αὑτῆς
371 2551 695 2623 εἰλικρινῶς.
718 2550 781 2602 Εί
815 2549 924 2619 γὰρ
951 2547 1001 2599 οἱ
1028 2546 1129 2608 τάς
1149 2543 1469 2614 ὑποσχέσεις
1488 2542 1723 2596 ἐνταῦθα
1751 2543 1846 2596 λα-

171 2640 361 2702 ϐόντες
380 2639 523 2693 οὑτω
547 2637 884 2707 διετέθησαν,
906 2632 1085 2703 πολλῷ
1110 2631 1308 2701 μᾶλλον
1332 2632 1479 2700 ήμᾶς
1497 2630 1655 2683 τοῦτο
1672 2632 1844 2684 ποιεῖν

173 2727 302 2797 χρὴ,
340 2727 466 2789 τοὺς
506 2727 568 2779 οὑ
605 2724 750 2778 κατά
781 2723 874 2776 τδν
918 2719 1161 2791 παρόντα
1202 2719 1336 2789 βίον,
1371 2718 1585 2780 ἀλλἐίς
1626 2717 1844 2788 ἐτέρους

172 2814 380 2877 αἰῶνας
410 2812 819 2883 προσδοκῶντας
844 2811 944 2881 τὴν
970 2808 1191 2861 ἑκϐασιν
1218 2805 1328 2859 τῶν
1357 2804 1626 2877 χρηστῶν.
1640 2807 1706 2858 Ἀ
1736 2804 1845 2875 7&9

173 2902 412 2955 ἐνταῦθα
459 2903 709 2971 προεῖπε,
745 2899 924 2967 θλῖψίς
965 2898 1083 2949 ἐστι
1126 2896 1221 2949 καὶ
1262 2893 1611 2964 στενοχωρία.
1642 2893 1709 2945 Τί
1750 2888 1844 2947 οῦν

175 2990 293 3041 ἐστί
343 3005 403 3041 σε
450 2988 511 3040 τὸ
548 2984 842 3057 θορυϐοῦν;
868 2984 1030 3037 πόθεν
1070 2983 1169 3051 τὴν
1209 2981 1499 3051 ὑπόσχεσιν
1545 2978 1694 3051 [170]
1738 2980 1845 3031 ὑπ-

171 3076 425 3139 οπτεύεις
459 3075 553 3129 τοῦ
585 3073 757 3137 Θεοῦ;
787 3074 861 3125 Τὸ
884 3072 994 3141 γὰρ
1022 3069 1433 3139 καταφρονῆσαι
1466 3067 1564 3137 μὲν
1599 3066 1666 3119 δι’
1686 3066 1847 3119 αὑτὸν

170 3164 272 3217 τοῦ
314 3164 521 3233 κόσμου
576 3161 796 3223 παντὸς,
844 3159 1021 3228 λέγειν
1062 3157 1120 3209 δὲ
1160 3156 1319 3210 πάλιν
1359 3154 1666 3225 ἠμελῆσθαι
1716 3155 1845 3224 παρ’

173 3251 363 3316 αὑτοῦ,
390 3251 542 3303 οὐδὲν
564 3248 751 3319 ἕτερόν
777 3248 924 3300 ἐστιν
951 3245 985 3316 ἢ
1014 3243 1368 3305 ἀπιστοῦντος
1398 3241 1493 3295 καὶ
1512 3241 1847 3295 ὑποπτεύον-

172 3357 288 3402 τος,
321 3339 413 3391 καὶ
438 3338 653 3406 ἀπάτην
674 3336 771 3406 τὴν
799 3333 1129 3402 ἐπαγγελίαν
1155 3329 1370 3401 ἐκείνην
1408 3325 1549 3382 εἶναι
1583 3327 1846 3397 νομίζον-

172 3443 298 3487 τοςο
348 3428 484 3495 ὅπερ
530 3422 745 3488 ἀληθῶς
792 3424 909 3475 ἐστι
949 3421 1229 3491 δαιμονᾷν,
1255 3419 1351 3472 καὶ
1391 3417 1451 3471 τὸ
1481 3418 1580 3487 τῆς
1621 3415 1844 3487 γεέννης

176 3512 567 3584 προκαλεῖσθαι
592 3510 724 3583 πῦρ.
741 3510 881 3563 Ἀλλ’
902 3509 1007 3562 είσί
1028 3525 1172 3571 τινες
1194 3508 1242 3559 οἳ
1266 3506 1535 3575 βιωτικοῖς
1556 3503 1846 3573 ἐνστρεφό-

178 3620 331 3674 μενοι
361 3601 667 3673 πράγμασι,
693 3600 751 3653 ἐν
798 3597 979 3651 ἀνέσει
1010 3595 1254 3663 διάγουσι
1274 3611 1288 3625 ·
1322 3594 1415 3647 καὶ
1439 3593 1547 3664 γάρ
1572 3591 1665 3645 καὶ
1686 3591 1846 3644 τοῦτο

174 3693 435 3763 προεῖπεν
468 3693 499 3745 ὁ
524 3687 775 3759 Χριστός
807 3683 992 3754 Ἀμὴν
1020 3684 1151 3754 γὰρ,
1174 3682 1337 3753 ἀμὴν
1360 3681 1516 3750 λέγω
1541 3680 1705 3750 ὑμῖνν
1735 3697 1845 3751 φη-

175 3783 283 3845 σίν,
315 3780 404 3834 ὅτι
454 3780 751 3833 κλαύσετε
792 3774 893 3829 καί
932 3773 1265 3842 θρηνήσετε
1294 3770 1501 3841 ὑμεῖς·
1549 3775 1583 3826 ὀ
1625 3770 1695 3824 δὲ
1746 3770 1846 3825 κό-

172 3884 330 3937 σμος
362 3865 709 3937 χαρήσεται.
743 3862 853 3917 Καὶ
876 3862 969 3914 ἐπὶ
993 3859 1101 3913 τῶν
1129 3858 1409 3929 προτέρων
1434 3858 1491 3910 δέ
1517 3858 1719 3925 γενεῶν
1740 3857 1847 3912 Βα-

174 3956 428 4010 ϐυλώνιοι
465 3955 563 4026 μὲν
590 3954 641 4006 οἱ
684 3950 820 4022 μηδὲ
858 3948 948 4003 τὸν
968 3946 1099 4001 Θεὸν
1130 3946 1351 4011 εἰδότες,
1384 3947 1441 3999 ἐν
1480 3944 1697 4017 πλούτῳ
1752 3945 1846 4000 καὶ

171 4045 462 4117 δυναστείᾳ
505 4035 645 4115 ἦσαν
693 4042 788 4094 καὶ
828 4041 985 4111 τιμῇ,
1034 4038 1278 4091 Ἰουδαῖοι
1320 4037 1377 4090 δὲ
1419 4038 1479 4091 ἐν
1502 4036 1847 4110 αἰχμαλωσίᾳ

173 4136 273 4192 καὶ
297 4134 509 4203 δουλείᾳ
530 4133 625 4186 καί
660 4132 771 4191 τοῖς
797 4128 1045 4199 ἐσχάτοις
1071 4129 1281 4191 κακοῖς.
1318 4128 1427 4181 Kal
1458 4125 1711 4198 Λάζαρος
1745 4128 1844 4197 μὲν

169 4229 202 4277 ὁ
231 4225 338 4276 τῶν
368 4220 610 4293 οὑρανῶν
638 4216 785 4284 ἄξιος
813 4218 908 4270 καὶ
937 4216 1037 4286 τῆς
1060 4213 1335 4285 βασιλείας
1360 4214 1461 4285 τῆς
1493 4216 1629 4278 ἐκεῖ,
1653 4213 1845 4267 είλκω-

175 4312 338 4381 μένος
362 4312 480 4371 ταῖς
516 4306 625 4359 τῶν
652 4304 829 4359 κυνῶν
857 4303 1144 4375 προέκειτο
1170 4302 1458 4372 γλώτταις,
1492 4300 1636 4371 λιμῷ
1672 4301 1843 4371 μαχό-

175 4418 339 4471 μενος
378 4398 652 4469 διηνεκεῖ·
687 4397 715 4449 ὁ
742 4396 799 4449 δὲ
829 4394 1084 4457 πλούσιος
1119 4394 1178 4446 ἐν
1222 4394 1355 4462 τιμῇ
1396 4392 1491 4444 καὶ
1544 4390 1845 4463 δορυφορίᾳ

174 4490 271 4542 καὶ
303 4486 485 4541 ἀνέσει
516 4485 607 4539 καὶ
631 4486 810 4555 τρυφῇ
830 4500 843 4513 ·
879 4482 993 4537 ἀλλ’
1017 4483 1165 4553 ὅμως
1186 4482 1338 4534 οὐδὲν
1361 4478 1483 4534 οὔτε
1513 4473 1666 4542 οὗτος
1697 4481 1754 4532 ἐν
1775 4482 1840 4550 τῇ

173 4570 368 4641 γεέννῃ
413 4569 617 4621 τούτων
648 4566 923 4630 ἀπώνατο,
955 4564 1078 4617 οὔτε
1113 4565 1363 4633 Λάζαρος
1406 4563 1515 4616 ἀπὸ
1556 4561 1651 4615 τοῦ
1684 4562 1841 4633 λιμοῦ

172 4659 271 4713 καὶ
318 4658 428 4711 τῶν
478 4656 806 4727 τραυμάτων
857 4654 936 4714 είς
980 4653 1079 4723 τήν
1126 4653 1415 4722 ἀκρίϐειαν
1446 4650 1540 4704 τοῦ
1576 4651 1843 4722 παρόντος

174 4740 492 4814 παρεϐλάϐη
542 4738 655 4808 βίου
675 4754 691 4766 ⁶
732 4737 845 4790 ἀλλ’
876 4734 1062 4805 ὥσπερ
1093 4752 1175 4797 τις
1204 4737 1449 4803 γενναῖος
1496 4732 1753 4804 ἀθλητής,
1785 4735 1843 4785 ἐν

176 4829 372 4901 αὑχμῷ
400 4829 492 4882 καὶ
528 4828 708 4894 πνίγει
742 4823 1027 4894 βαρυτάτῳ
1073 4822 1336 4887 παλαίων,
1376 4823 1470 4875 καὶ
1508 4821 1723 4891 ἐνίκησε
1749 4821 1844 4873 καὶ

173 4916 547 4987 ἐστεφανώθη.
588 4913 686 4967 Διά
730 4912 889 4965 τοῦτο
921 4910 1012 4963 καί
1047 4927 1128 4972 τις
1159 4910 1319 4977 σοφός
1341 4922 1366 4949 α
1398 4927 1529 4979 φησι
1549 4926 1561 4938 ·
1601 4910 1841 4975 Τέκνον,

170 5010 225 5060 εί
249 5006 550 5076 προσέρχῃ
583 5002 893 5057 δουλεύειν
914 4999 1129 5065 Κυρίῳ,
1149 4996 1473 5067 ἐτοίμασον
1499 4997 1613 5064 τὴν
1633 4996 1845 5066 ψυχήν

172 5112 292 5148 σου
342 5098 429 5161 είς
459 5091 824 5162 πειρασμόν·
856 5088 1113 5141 εὔθυνον
1145 5085 1259 5153 τὴν
1291 5085 1542 5154 καρδίαν
1579 5102 1715 5150 σου,
1742 5086 1841 5138 καί

176 5184 570 5252 καρτέρησον,
608 5181 705 5235 καὶ
753 5177 839 5249 μὴ
884 5177 1164 5242 σπεύσῃς
1194 5174 1263 5226 ἐν
1289 5174 1471 5242 καιρῷ
1506 5173 1840 5244 ἐπαγωγῆς.

177 5272 288 5323 Kal
331 5272 446 5339 μετ’
497 5270 652 5339 ὀλίγα
696 5268 860 5338 φησὶν
890 5263 1104 5327 ὅτι,Ἐν
1134 5262 1276 5329 πυρὶ
1309 5262 1673 5331 δοκιμάζεται
1700 5279 1844 5330 χρυ-

172 5355 308 5420 σὸς,
338 5357 434 5409 καὶ
478 5359 773 5423 ἄνθρωποι
803 5351 999 5406 δεκτοὶ
1043 5348 1113 5401 ἐν
1144 5350 1371 5419 καμίνῳ
1409 5347 1840 5415 ταπεινώσεως.

176 5445 286 5499 Kal
335 5444 495 5496 πάλιν
538 5443 770 5514 ἀλλαχοῦ
799 5442 945 5510 λέγει
970 5456 983 5469 ο
1020 5437 1265 5502 Τέκνον,
1286 5438 1372 5506 μὴ
1409 5438 1675 5506 ὀλιγώρει
1707 5452 1843 5490 παι-

173 5533 340 5597 δείας
375 5534 617 5597 Κυρίου,
628 5533 783 5601 μηδὲ
817 5529 1038 5585 ἐκλύου
1071 5527 1172 5580 ὑπ’
1196 5527 1383 5579 αὑτοῦ
1420 5526 1838 5595 ἐλεγχόμενος.

187 5622 246 5672 ὐ
274 5620 383 5689 γάρ
416 5620 477 5670 τὸ
518 5620 738 5687 χρυσίον
770 5622 851 5683 εἰς
898 5618 995 5688 τὴν
1033 5614 1260 5685 κάμινον
1300 5613 1584 5683 ἐμϐάλλων
1617 5610 1725 5667 οἶδε
1751 5616 1844 5668 καὶ

181 5707 343 5780 μέχρι
374 5706 518 5770 τίνος
549 5704 680 5758 αὑτὸ
710 5704 1074 5778 πυρωθῆναιὶ)
1100 5706 1198 5767 δεῖ,
1224 5701 1317 5756 καὶ
1342 5701 1469 5754 πότε
1497 5702 1844 5772 ἀνασπασθῆ-

237 5883 263 5911 ⁸
288 5880 418 5930 Γοιῒι.
448 5881 599 5929 codex
786 5882 838 5925 (ιι
856 5878 984 5927 Savil
1032 5897 1097 5933 τις
1119 5880 1403 5940 σοφώτατος.

239 5950 265 5985 υ
282 5945 359 5995 Sic
380 5944 513 5995 Colb.
545 5951 596 5994 el
618 5940 767 5991 Savil.
794 5940 963 5989 Morel.
989 5955 1105 5991 vero
1128 5942 1373 6004 προθεῖναι.

1178 506 1557 566 δτειςιῐιιωι
1597 507 1639 560 Α
1678 507 1988 564 υΑΞΜΟΝΕ
2035 507 2395 564 νεχΑτυΜ.
2438 510 2569 566 LIB.
2605 511 2644 567 1.

3513 518 3615 576 ιω

1946 644 2054 678 ναι.
2080 626 2179 679 Διά
2215 624 2370 677 τοῦτο
2391 616 2543 689 οὗτος
2572 627 2672 697 μέν
2703 644 2863 698 φησι·
2902 630 3310 701 Μῖισπεύσῃς
3336 634 3404 687 ἐν
3434 635 3616 703 καιρῷ

1944 710 2276 780 ἐπαγωγῆς.
2292 713 2349 765 '0
2376 712 2431 764 δὲ
2463 714 2715 784 Σολομὼν
2762 716 2895 769 αὐτὸ
2942 719 3099 773 τοῦτο
3124 720 3390 774 διδάσκων
3424 721 3612 790 ἐλεγε’

1943 800 2042 867 Μὴ
2075 799 2299 853 ἐκλύου
2332 801 2431 853 ὑπ’
2460 802 2649 856 αὐτοῦ
2677 802 3090 872 ἐλεγχόμενος.
3118 807 3277 877 Μέγα
3307 806 3470 879 γάρή
3503 809 3615 861 θλῖ-
3640 834 3643 835 ν

1943 888 2060 957 ψις,
2097 887 2239 957 μέγα
2270 888 2406 959 πρὸς
2430 890 2491 942 τὸ
2523 889 2744 961 δόκιμον
2782 892 3118 962 ἐργάσασθαι
3151 894 3341 963 ἄνδρα,
3365 896 3460 949 καὶ
3487 913 3616 949 παι-

1945 972 2133 1026 δεῦσαι
2185 974 2283 1044 τῆς
2336 976 2613 1047 ὑπομονῆς
2661 976 2759 1046 τὴν
2794 979 3016 1049 ἀρετήν.
3046 978 3111 1031 Τί
3148 975 3258 1044 οὖν,
3326 984 3510 1051 φησὶν,
3547 982 3616 1036 ἂν

1946 1060 2247 1132 περιτρέψῃ
2267 1072 2289 1101 ο
2323 1063 2416 1115 καὶ
2442 1063 2723 1137 καταϐάλῃ
2753 1064 2839 1119 διά
2864 1067 2961 1135 τῆς
2983 1067 3317 1137 ὑπερϐολῆς;
3341 1070 3561 1136 Πιστὸς
3584 1074 3618 1124 ό

1947 1148 2109 1214 Θεὸς,
2145 1148 2215 1215 ὃς
2260 1151 2373 1203 οὐκ
2420 1149 2588 1204 ἐάσει
2625 1150 2783 1220 ἡμᾶς
2825 1154 3225 1223 πειρασθῆναι
3275 1154 3428 1224 ὑπὲρ
3453 1156 3485 1209 ὃ
3513 1156 3622 1210 δυ-

1943 1236 2201 1305 νάμεθα,
2238 1237 2402 1292 ἀλλά
2438 1237 2560 1291 σὺν
2595 1237 2676 1304 τῷ
2721 1241 3026 1311 πειρασμῷ
3072 1243 3313 1309 ποιήσει
3357 1242 3456 1296 καί
3503 1244 3620 1311 τὴν

1942 1319 2196 1376 ἔκϐασιν
2224 1322 2333 1376 τοῦ
2371 1321 2669 1377 δύνασθαι
2708 1324 2867 1394 ἡμᾶς
2910 1328 3282 1397 ὑπενεγκεῖν.
3316 1330 3378 1382 El
3412 1329 3521 1400 7&9
3557 1329 3619 1397 ἐξ

1943 1410 2162 1481 ἀγάπης
2192 1412 2291 1481 μὲν
2336 1412 2370 1481 ἡ
2414 1410 2653 1477 παιδεία,
2683 1415 2716 1483 ἡ
2744 1413 2801 1466 δὲ
2830 1415 3214 1485 ἐγκατάλειψις
3254 1416 3362 1469 ἀπὸ
3403 1418 3616 1486 μίσους,

1942 1497 2044 1549 οὐκ
2083 1497 2198 1551 ἐστι
2247 1498 2341 1551 τοῦ
2388 1498 2555 1552 αὑτοῦ
2584 1500 2757 1568 φιλεῖν
2790 1500 2927 1571 ὁμοῦ
2962 1503 3057 1556 καὶ
3098 1505 3275 1573 μισεῖν
3307 1502 3400 1555 τὸν
3431 1504 3615 1567 αὑτὸν,

1943 1583 2064 1635 οὑδὲ
2095 1585 2369 1638 παιδεύειν
2393 1587 2529 1656 ὁμοῦ
2552 1588 2643 1639 καὶ
2664 1588 3182 1658 ἐγκαταλιμπάνειν.
3216 1589 3342 1653 Πῶς
3374 1585 3469 1644 οὖν
3496 1589 3622 1643 πολ-

1946 1669 2028 1722 λοὶ
2084 1672 2421 1738 κατέπεσον;
2483 1675 2666 1744 φησίν.
2706 1675 2961 1739 Ἑαυτοὺς
3005 1678 3479 1749 ἀποστερήσαντες
3519 1678 3617 1734 τοῦ

1946 1754 2105 1821 Θεοῦ,
2153 1758 2215 1810 οὑ
2269 1759 2719 1828 καταλειφθέντες
2765 1763 2857 1815 ὑπ’
2880 1763 3062 1817 αὑτοῦ.
3082 1764 3235 1818 Ἰδοὺ
3280 1767 3389 1835 γὰρ
3432 1768 3483 1820 οι
3505 1782 3618 1835 μα-

1947 1847 2273 1914 κρύνοντες
2323 1849 2576 1916 ἑαυτοὺς
2620 1850 2741 1904 ἀπὸ
2776 1851 2894 1905 σοῦ
2943 1852 3338 1907 ἀπολοῦνται.
3390 1854 3618 1925 Μακρύ-

1944 1950 2093 1987 νουσι
2129 1935 2187 1988 δὲ
2218 1934 2293 2007 μή
2325 1936 2584 2005 φέροντες
2615 1936 2717 2000 τάς
2743 1936 2838 1990 τοῦ
2868 1937 3004 1991 Θεοῦ
3040 1938 3307 2003 παιδείας,
3330 1938 3445 1992 ἀλλ’
3467 1940 3620 2009 ὀργι-

1944 2023 2159 2094 ζόμενοι
2195 2025 2290 2077 καὶ
2319 2023 2873 2095 δυσανασχετοῦντες
2911 2026 3006 2079 καὶ
3052 2026 3306 2096 καθάπερ
3337 2028 3387 2079 al.
3419 2027 3621 2097 μοχθη-

1946 2111 2031 2181 ρο¹ι
2059 2111 2167 2164 τῶν
2203 2111 2429 2176 παίδων,
2464 2112 2573 2164 τῶν
2602 2113 2852 2183 πατέρων
2873 2113 3072 2177 αὑτοὺς
3099 2114 3236 2185 πρὸς
3264 2114 3619 2176 διδασκάλους

1945 2198 2295 2267 πεμπόντων,
2312 2198 2379 2252 ἂν
2404 2200 2531 2261 τοὺς
2554 2199 2670 2251 ἐκεῖ
2701 2200 2895 2263 πόνους
2924 2201 3016 2253 καὶ
3039 2200 3139 2264 τάς
3159 2201 3343 2269 ὀλίγας
3358 2200 3385 2240 ἀ
3422 2202 3620 2269 φυγόν-

1945 2302 2038 2349 τες
2083 2286 2301 2355 πληγάς
2342 2287 2441 2356 τῆς
2483 2286 2592 2339 τῶν
2614 2287 2817 2355 γονέων
2851 2289 3203 2359 ἀποπηδῶσιν
3233 2290 3427 2359 ὅψεως,
3459 2289 3617 2359 ἐκέρ-

1945 2374 2102 2428 δανόν
2141 2391 2201 2427 τε
2238 2375 2412 2439 οὐδὲν,
2449 2377 2543 2429 καὶ
2577 2377 2815 2447 χείροσιν
2865 2378 3092 2440 ἑαυτοὺς
3128 2378 3489 2449 περιέπειραν
3520 2395 3618 2432 κα⁹

1947 2462 2085 2525 κοῖς,
2125 2462 2182 2513 ἐν
2213 2461 2468 2533 ἀλλοτρίᾳ
2497 2462 2787 2532 λιμώττειν
2820 2464 2913 2516 xal
2940 2463 3172 2518 ἀλᾶσθαι
3205 2467 3297 2518 καὶ
3325 2468 3499 2518 νοσεῖν
3527 2465 3621 2518 κα)⁵

1946 2547 2310 2619 ἀτιμάζεσθαι
2339 2549 2431 2603 καὶ
2456 2550 2730 2604 δουλεύειν
2761 2551 3198 2623 ἀναγκαζόμενοι
3225 2570 3238 2585 ’
3268 2551 3413 2606 οὑτω
3444 2554 3538 2606 καὶ
3571 2556 3619 2606 al

1942 2633 2042 2705 τὴν
2082 2634 2178 2687 τοῦ
2209 2634 2343 2687 Θεοῦ
2383 2635 2631 2690 παιδείαν
2673 2637 3011 2709 εὐχαρίστως
3056 2639 3131 2710 μὴ
3176 2639 3452 2709 φέροντες,
3484 2638 3621 2692 ἀλλά

1944 2721 2486 2792 δυσανασχετοῦντες,
2512 2724 2652 2793 πρὸς
2674 2724 2753 2794 τῷ
2795 2724 2963 2794 μηδὲν
3004 2726 3064 2791 ἐξ
3093 2724 3247 2797 [171]
3277 2726 3448 2795 αὑτῆς
3484 2742 3621 2795 καρ-

1946 2808 2229 2863 πώσασθαι
2262 2810 2359 2863 καὶ
2385 2812 2509 2875 ταῖς
2540 2811 2797 2882 ἐσχάταις
2824 2812 3052 2875 ἐαυτοὺς
3073 2812 3457 2884 περιϐάλλουσι
3490 2829 3620 2883 συμ-

1945 2900 2159 2968 φοραῖς.
2196 2898 2298 2951 Διά
2342 2897 2501 2951 τοῦτο
2549 2901 2840 2971 καρτερεῖν
2892 2902 3343 2972 παρηγγέλμεθα,
3384 2900 3483 2954 καὶ
3519 2900 3621 2973 τὴν

1947 2984 2173 3054 καρδίαν
2202 2983 2446 3038 εὐθύνειν
2488 2984 2587 3056 τὴν
2612 2986 2842 3041 ἑαυτῶν.
2860 2986 3021 3042 Ἀλλά
3052 2988 3233 3059 πολλῷ
3264 2988 3621 3060 χαλεπώτερα

1948 3070 2244 3133 πέπονθας.
2292 3072 2430 3124 Οὐδὲ
2456 3071 2565 3143 7&9
2593 3073 2644 3125 οί
2675 3074 3020 3145 παιδοτρίϐαι
3049 3077 3258 3140 πάντας
3294 3077 3494 3147 ὁμοίως
3527 3078 3621 3131 καὶ

1947 3156 2028 3209 ἐνὶ
2072 3156 2261 3227 τρόπῳ
2292 3157 2682 3227 γυμνάζουσιν,
2718 3158 2856 3214 ἀλλά
2902 3163 3015 3225 τοῖς
3068 3160 3169 3231 μὲν
3212 3161 3621 3233 ἀσθενεστέροις

1945 3244 2209 3309 ἀσθενεῖς,
2246 3247 2360 3308 τοῖς
2400 3244 2459 3298 δὲ
2500 3247 2765 3313 γενναίοις
2789 3249 3062 3313 τοιούτους
3083 3261 3108 3289 ο
3131 3250 3461 3320 παρέχουσιν
3492 3252 3622 3303 ἀντ-

1944 3331 2284 3398 ἀγωνιστάς·
2318 3332 2347 3384 δ
2388 3331 2495 3402 γάρ
2529 3331 2740 3389 ἐλάττω
2784 3335 2883 3406 τῆς
2926 3336 3135 3400 οίκείας
3183 3337 3467 3408 δυνάμεως
3524 3339 3621 3392 λα-

1944 3417 2056 3471 ϐὼν
2082 3418 2174 3471 τὸν
2202 3418 2631 3492 ἀνταγωνιστήν,
2659 3422 2760 3476 κάν
2798 3422 2865 3476 δι’
2894 3423 3023 3495 ὅλης
3060 3424 3209 3497 αὑτῷ
3239 3426 3620 3497 συμπλέκηται

1942 3504 2041 3575 τῆς
2068 3505 2306 3576 ἡμέρας,
2336 3506 2545 3570 ἐκεῖνος
2573 3509 2921 3579 ἀγύμναστος
2962 3511 3163 3581 ἔμεινε.
3206 3514 3331 3577 Πῶς
3365 3510 3478 3579 οὖν,
3514 3531 3621 3585 φη-

1948 3595 2021 3658 al,
2064 3595 2193 3657 τοὺς
2220 3595 2313 3648 τὸν
2348 3596 2513 3648 αὑτὸν
2545 3597 2993 3669 ἐπανῃρημένους
3034 3600 3169 3669 βίον,
3201 3602 3263 3655 οὑ
3292 3604 3405 3666 τοῖς
3433 3603 3619 3666 αὑτοῖς

1945 3682 2128 3735 ἀθλεῖν
2154 3681 2377 3754 ἐποίησε
2409 3683 2623 3749 πόνοις;
2656 3684 2777 3737 Ὅτι
2826 3686 2887 3738 οὑ
2939 3686 3036 3756 μία
3083 3688 3235 3756 παρά
3265 3688 3383 3759 Θεῷ
3404 3706 3619 3759 γυμνα-

1948 3767 2070 3832 σίας
2105 3768 2235 3833 ίδέα,
2264 3768 2385 3821 οὑδὲ
2426 3769 2534 3821 τῶν
2572 3769 2751 3823 αὑτῶν
2774 3769 3013 3835 ἀπαντες
3031 3772 3261 3839 δέονται,
3291 3775 3395 3828 κάν
3424 3777 3483 3827 ἐν
3507 3778 3619 3839 τοῖς

1946 3855 2129 3919 αὑτοῖς
2148 3848 2249 3909 ὦσι
2265 3871 2283 3887 ο
2309 3856 2405 3909 καὶ
2438 3856 2547 3927 γάρ
2565 3856 2845 3921 νοσοῦντες
2874 3859 3059 3913 πολλοὶ
3080 3862 3201 3924 ταῖς
3231 3861 3420 3925 αὑταῖς
3445 3862 3619 3926 νόσοις

1946 3942 2007 3994 οὑ
2050 3942 2159 3995 τῶν
2197 3942 2376 3995 αὑτῶν
2414 3942 2712 4014 ἐδεήθησαν
2756 3945 3088 4015 φαρμάκων,
3124 3946 3239 3999 ἀλλ’
3264 3947 3466 4016 ἐτέρων
3514 3947 3619 4018 μὲν

1947 4020 2113 4095 οὗτοι,
2143 4027 2343 4100 ἐτέρων
2379 4029 2435 4081 δὲ
2464 4031 2680 4084 ἐκεῖνοι.
2724 4031 2823 4084 Διά
2854 4031 3012 4085 τοῦτο
3044 4032 3275 4086 ποικίλοι
3310 4035 3405 4087 καὶ
3432 4034 3621 4107 διάφο-

1949 4136 2034 4191 ροι
2061 4117 2171 4172 τῶν
2199 4119 2477 4191 μαστίγων
2498 4120 2548 4172 οί
2578 4120 2790 4190 τρόποι,
2821 4122 2916 4174 καὶ
2945 4123 2973 4175 ὁ
3002 4122 3100 4192 μὲν
3147 4122 3288 4194 νόσῳ
3330 4123 3617 4195 δοκιμάζε-

1944 4224 2035 4261 ται
2070 4210 2275 4279 μακρᾷ,
2310 4210 2338 4261 ὁ
2362 4207 2417 4261 δὲ
2445 4207 2721 4281 βαρυτάτῃ
2755 4208 2933 4281 πενίᾳ,
2964 4208 3043 4281 τῷ
3073 4208 3354 4283 βιάζεσθαι
3387 4213 3481 4268 καὶ
3504 4212 3618 4266 ἀδι-

1946 4298 2156 4352 κεῖσθαι
2197 4299 2382 4370 ἕτερος
2406 4297 2450 4364 ί,
2501 4298 2658 4363 ἄλλος
2704 4299 2786 4370 τῷ
2832 4304 3076 4372 συνεχεῖς
3131 4302 3223 4355 καὶ
3271 4302 3616 4376 ἐπαλλήλους

1945 4384 2211 4448 θανάτους
2238 4386 2332 4438 καὶ
2360 4385 2563 4439 παίδων
2593 4388 2685 4439 καὶ
2718 4386 2830 4440 τῶν
2852 4388 3001 4457 αὑτῷ
3036 4390 3421 4464 προσηκόντων
3452 4390 3610 4451 ίδεῖνι·

1944 4472 2039 4524 καὶ⁵
2067 4464 2222 4535 οὗτος
2258 4472 2355 4542 μὲν
2385 4472 2463 4543 τῷ
2492 4472 2643 4544 παρὰ
2663 4474 2879 4527 πάντων
2908 4475 3341 4548 ἀπορρίπτεσθαι
3370 4480 3466 4531 καὶ
3491 4480 3615 4551 μηδ’

1944 4558 2062 4622 ἐνὸς
2094 4556 2375 4622 ἀξιοῦσθαι
2423 4559 2607 4628 λόγου,
2638 4562 2844 4626 ἐκεῖνος
2889 4561 2945 4614 δὲ
2992 4561 3071 4633 τῷ
3108 4562 3490 4618 διαϐάλλεσθαι
3528 4564 3632 4634 ἐφ’·

1943 4642 2023 4711 οἷς
2050 4648 2201 4701 οὐδὲν
2226 4646 2407 4717 ἐαυτῷ
2436 4646 2665 4713 σύνοιδε,
2710 4649 2806 4703 καὶ
2837 4652 3081 4720 πονηρᾶς
3121 4650 3279 4720 δόξης
3326 4651 3616 4725 ἀνέχεσθαι

1946 4736 2131 4807 βάρος,
2161 4737 2252 4790 καὶ
2280 4736 2437 4799 ἄλλος
2467 4736 2640 4799 ἀλλως
2658 4755 2670 4768 ·
2706 4738 2827 4791 οὑδέ
2856 4738 2965 4808 γάρ
2992 4738 3214 4791 δυνατὸν
3242 4738 3456 4800 ᾶπαντα
3478 4741 3615 4811 μετά

1944 4824 2228 4895 ἀκριϐείας
2252 4824 2720 4896 ἐξαριθμήσασθαι
2751 4822 2863 4877 νῦν.
2890 4824 3104 4877 Τούτων
3131 4826 3187 4878 δέ
3214 4826 3441 4881 ἕκαστον
3469 4826 3616 4881 δοκεῖ

1947 4913 2068 4983 μὲν,
2105 4913 2229 4965 ὅσον
2255 4912 2389 4983 πρὸς
2417 4912 2516 4982 τὴν
2536 4912 2644 4967 τῶν
2668 4913 2775 4966 σῶν
2808 4913 3109 4985 παράθεσιν
3145 4916 3463 4992 συμφορῶν,
3487 4916 3613 4969 κοῦ-

1944 5016 2043 5068 φον
2076 4996 2214 5051 εἶναι
2259 5000 2351 5051 καὶ
2390 4998 2574 5053 οὐδέν·
2628 5001 2683 5059 εί,
2718 5000 2775 5053 δὲ
2826 5002 2884 5053 ἐν
2935 5002 3101 5072 πείρᾳ
3134 5003 3400 5073 κατέστης
3432 5003 3613 5057 αὑτῶν

1944 5085 2145 5157 ἔμαθες
2173 5085 2239 5139 ἂν
2276 5086 2358 5139 ὅτι
2384 5085 2540 5139 τοῦτο
2562 5088 2645 5156 ἐφ’
2670 5080 2713 5155 ᾧ
2744 5089 2806 5141 σὺ
2837 5088 2929 5140 νῦν
2956 5089 3155 5151 ἀλύεις,
3182 5088 3403 5143 ἐκείνων
3433 5089 3611 5162 πολλῷ

1945 5174 2325 5247 φορητὸτερον.
2355 5173 2417 5227 El
2439 5174 2493 5228 δὲ
2518 5176 2609 5227 καὶ
2629 5175 2732 5227 εἰσί
2761 5192 2903 5237 τινες
2932 5175 3149 5231 ἔλαττον
3180 5177 3337 5247 ήμῶν
3359 5178 3609 5232 παιδευό-

1948 5280 2120 5333 μενοι,
2150 5261 2223 5332 μὴ
2256 5261 2735 5331 σκανδαλιζώμεθα
2758 5262 2849 5314 ἐπὶ
2870 5262 3041 5333 τούτῳ
3060 5280 3074 5293 ’
3106 5264 3140 5333 ή
3163 5262 3273 5334 7&9
3292 5264 3399 5317 τῶν
3432 5264 3611 5317 πόνων

1944 5350 2197 5415 ἐπίτασις
2248 5351 2453 5421 μισθῶν
2496 5348 2743 5412 ἐπίτασίς
2781 5350 2895 5401 ἐστι
2950 5351 3044 5403 καὶ
3090 5349 3321 5421 ἔρεισμα
3369 5350 3608 5419 ἀσφαλὲς

1946 5441 2082 5514 πρὸς
2122 5440 2183 5491 τὸ
2229 5438 2425 5509 μηκέτι
2468 5438 2691 5500 ἑκόντας
2721 5436 2755 5506 ἦ
2798 5437 3027 5499 ἄκοντας
3064 5438 3350 5490 ἐκπεσεῖν·
3381 5439 3474 5491 καὶ
3499 5438 3609 5510 γάρ

1943 5530 2110 5598 τῦφον
2149 5526 2525 5590 καταστέλλει,
2544 5526 2638 5580 καὶ
2672 5525 2941 5596 ῥᾳθυμίαν
2973 5525 3324 5595 ἀποστρέφει,
3353 5529 3447 5580 καὶ
3477 5545 3609 5600 φρο-

2009 5691 2029 5715 ο
2067 5689 2149 5736 Sic
2180 5686 2316 5737 Colb.
2346 5691 2398 5735 et
2415 5688 2562 5736 Savll.
2591 5685 2652 5735 At
2674 5684 2844 5733 Morel.
2870 5686 3149 5747 ἐπιστρέψῃ.

2002 5750 2029 5788 (1
2055 5752 2131 5797 Sic
2153 5749 2290 5799 Colb.
2320 5755 2373 5797 el
2391 5751 2540 5799 Savil.
2562 5748 2732 5797 Morel.
2754 5749 2833 5794 καὶ
2854 5748 2936 5800 τάς
2959 5747 3148 5795 ἐκεῖθεν.

2010 5816 2033 5841 ε
2056 5812 2227 5882 μοι-εἰ.
2251 5812 2305 5882 ού
2324 5811 2579 5882 τοιούτους.
2608 5808 2733 5858 Infra
2756 5810 2805 5857 in
2839 5808 3016 5857 eodem
3039 5810 3144 5857 solo
3165 5813 3274 5871 post
3310 5808 3606 5871 ἐπανῃρημέ-

1948 5891 2045 5929 νους
2070 5875 2251 5933 legitur
2273 5873 2393 5934 ἐμοί.

2010 5936 2025 5975 ἱ
2056 5935 2222 5985 .llorrl.
2247 5936 2391 5998 πενίᾳ
2424 5937 2449 5983 ὁ
2473 5936 2608 5997 δέτῷ
2637 5933 2872 5996 βιάζεσθαι
2894 5934 2971 5981 καὶ
2996 5933 3252 5981 διακεῖσθαι
3271 5932 3597 5995 ἕτερος,ωειρ.
