4490 6724
450 613 539 667 641
1297 606 1387 659 AD
1424 597 1795 658 STAGIRIUM
1840 598 1881 651 Δ
1925 590 2223 650 ὓιΕΜΟΝΕ

1297 606 1387 659 AD
1424 597 1795 658 STAGIRIUM
1840 598 1881 651 Α
1925 590 2230 650 ὓιΕΜΟΝΕ
2271 587 2624 644 νΕΧΑτυΜ.
2668 586 2793 641 LIB.
2833 584 2877 640 I.

447 722 752 794 gtigeutiam
797 722 1010 786 avertit,
1058 718 1535 789 prndeutioresque
1575 727 1636 767 ac
1677 711 2035 781 religiosiores

447 813 627 869 cfticit.
672 814 811 869 Sane
836 814 881 869 si
909 812 1029 884 quis
1067 809 1247 864 omnia
1275 820 1591 861 enumerare
1635 804 1778 863 velit,
1808 801 2033 871 plurima

448 909 794 963 tentationum
821 906 1175 961 emolumenta
1203 898 1455 967 reperiet,
1478 897 1755 964 nullusilue
1783 908 2032 961 umquam

446 1000 623 1065 exiis,
653 1000 741 1068 qui
788 997 896 1051 Deo
932 990 1287 1059 acceptabiles
1330 987 1560 1053 fuerunt,
1607 987 1725 1041 sine
1770 982 2035 1053 pressuris

447 1090 597 1150 vixit.
629 1088 839 1145 etiamsi
870 1099 975 1138 nou
1006 1082 1078 1136 ita
1110 1081 1262 1135 nobis
1293 1081 1550 1134 videatur.

518 1206 571 1259 7.
606 1200 909 1266 Exemplum
935 1194 1089 1251 Pauli
1117 1197 1351 1264 apostoli.
1369 1193 1588 1249 —Nam
1612 1192 1654 1243 si
1686 1190 1873 1243 beatus
1895 1188 2033 1242 Pau-

446 1295 530 1349 lus
556 1303 758 1347 tantum
788 1289 983 1358 negotii
1016 1289 1288 1351 sustinuit,
1320 1286 1498 1339 nullus
1524 1297 1651 1335 vero
1675 1281 1838 1334 Paulo
1864 1279 2035 1346 major

447 1396 549 1446 est.
579 1392 670 1436 aut
705 1382 864 1434 etiam
904 1379 1159 1448 aequalis:
1192 1394 1294 1447 qua
1328 1375 1541 1428 tandem
1579 1373 1784 1425 ratione
1812 1371 1884 1423 illi
1915 1385 2025 1423 cre-

447 1475 641 1529 dantur
666 1470 970 1538 hujusmodi
1001 1469 1196 1522 auxilio
1227 1482 1331 1518 non
1362 1462 1694 1532 indiguisse?
1725 1462 1821 1515 Sin
1848 1471 2024 1512 autem

446 1562 659 1634 quidam
690 1577 757 1615 ex
798 1562 912 1614 istis
950 1557 1385 1614 tribulationibus
1425 1554 1689 1608 emendati
1739 1568 1846 1604 non
1888 1559 2029 1614 sunt,

449 1671 554 1710 non
601 1658 706 1707 hoc
736 1654 808 1707 illi
838 1651 1203 1721 imputandum
1232 1658 1338 1713 est,
1367 1648 1456 1717 qui
1483 1646 1913 1701 emendationem
1955 1646 2034 1697 in-

452 1747 588 1810 tulit,
612 1744 704 1798 sed
734 1744 941 1796 illorum
975 1743 1154 1811 potius
1183 1739 1534 1807 negligentiaz.
1562 1737 1695 1792 Nam
1724 1736 1767 1789 si
1794 1736 1901 1790 illis
1928 1751 2031 1788 non

447 1836 635 1890 fuisset
673 1833 966 1887 adhibitum
1003 1830 1452 1885 medicamentum
1479 1869 1493 1890 ,
1522 1842 1620 1898 per
1658 1826 2031 1895 negligentiam

448 1926 671 1997 periisse
693 1923 1004 1977 viderentur
1032 1940 1045 1976 :
1076 1934 1215 1974 nunc
1240 1935 1367 1974 vero
1392 1935 1495 1973 non
1520 1934 1704 1988 parum
1729 1924 1905 1970 actum
1929 1924 2030 1979 est,

449 2030 568 2069 cum
594 2028 750 2068 nemo
772 2013 1036 2066 medicum
1063 2024 1318 2065 accusare
1349 2008 1536 2077 possit,
1568 2006 1918 2088 sedgngrotos
1940 2021 2033 2075 po-

450 2108 553 2161 tius
584 2103 1225 2174 ipsorumqueincuriam.
1256 2101 1310 2154 Si
1337 2100 1425 2167 qui
1447 2114 1575 2153 vero
1598 2108 1882 2168 antequam
1916 2106 2031 2151 ten-

449 2208 709 2263 tarentur,
750 2198 1055 2269 gradientes
1084 2206 1231 2250 recte
1253 2234 1269 2257 ,
1302 2203 1421 2262 post
1449 2193 1791 2247 tentationem
1817 2205 2033 2245 corrue-

447 2303 592 2355 runt,
624 2290 817 2357 aliique
844 2305 963 2342 cum
1004 2287 1251 2340 omnibus
1290 2294 1468 2338 essent
1510 2284 1744 2353 peccatis
1773 2282 1988 2335 obnoxii
2015 2321 2030 2345 ,

453 2382 598 2436 nulla
625 2381 963 2435 tribulatione
985 2379 1159 2433 vexati
1179 2386 1319 2438 sunt,
1348 2375 1433 2427 alii
1456 2391 1579 2426 vero
1604 2389 1633 2427 a
1659 2374 1825 2442 prima
1856 2372 2031 2425 statim

450 2481 607 2525 artate
659 2485 828 2538 usque
865 2469 929 2522 ad
985 2469 1227 2520 ultimum
1275 2468 1397 2518 vita:
1441 2464 1684 2531 spiritum
1740 2462 2035 2515 innumeris

448 2560 838 2614 calamitatibus
889 2558 1099 2611 conti-iii
1144 2566 1362 2620 sunt,a
1417 2555 1556 2607 nulla
1618 2552 1919 2621 hujusmodi
1972 2567 2033 2607 re

448 2651 758 2719 dejiciamur
822 2660 911 2702 aut
974 2647 1369 2718 perturbemur.
1440 2645 1652 2700 Etenim
1708 2646 1753 2698 si
1816 2658 2029 2698 omnem

450 2741 794 2810 providentia:
818 2740 957 2793 illius
977 2739 1429 2808 dispensationem
1449 2736 1589 2790 scire
1616 2735 1918 2789 valeremus
1940 2742 2030 2787 aut

448 2831 785 2892 deberemus,
808 2830 905 2883 ista
922 2829 1247 2899 ignorantes,
1268 2827 1515 2882 mteroris
1530 2840 1593 2879 ac
1618 2824 2031 2894 perturbationis

449 2937 553 2975 non
579 2922 843 2973 immerito
872 2934 1088 2974 causam
1110 2918 1306 2972 habere
1332 2916 1634 2970 videremur
1661 2932 1675 2968 :
1703 2915 1785 2967 sin
1815 2928 1942 2967 vero
1963 2913 2025 2978 is,

447 3013 537 3079 qui
566 3019 829 3063 tantorum
859 3022 1173 3062 arcanorum
1198 3008 1483 3076 particeps,
1517 3005 1581 3058 ad
1611 3005 1821 3058 tertium
1840 3005 2028 3057 omium

446 3109 632 3170 raptus
660 3099 848 3164 fuerat,
894 3098 959 3152 ad
1004 3097 1143 3152 hanc
1176 3107 1352 3150 tamen
1391 3095 1640 3167 abyssum
1670 3095 1878 3148 luerens
1905 3095 2034 3148 sub-

446 3191 601 3253 stitit,
632 3188 1029 3257 inspiciensque
1060 3189 1112 3240 in
1143 3185 1459 3255 profundmn
1483 3185 1787 3238 divitiarum
1816 3184 2029 3253 sapien-

448 3282 534 3333 tize
557 3295 619 3333 ac
644 3280 880 3332 scientim
911 3278 1023 3342 Dei,
1052 3276 1325 3345 obstupuit
1351 3276 1548 3338 solum,
1578 3286 1737 3343 atque
1758 3274 1882 3327 inde
1905 3274 2033 3327 resi-

446 3370 524 3423 liit
548 3388 562 3423 :
591 3369 713 3437 quid
744 3384 839 3422 nos
868 3369 1008 3436 ipsos
1036 3368 1232 3421 frustra
1254 3368 1601 3428 concidimus,
1635 3375 2031 3437 perscrutantes

446 3461 830 3523 inserutabilia,
858 3471 1018 3529 atque
1036 3460 1419 3528 investigabilia
1438 3459 1648 3513 curiose
1664 3458 2030 3525 inquirentes?

449 3553 605 3608 Certe
626 3569 743 3607 cum
765 3553 1001 3606 medicus
1016 3551 1284 3604 contraria
1306 3551 1368 3603 iis
1384 3565 1502 3618 quae
1523 3549 1675 3602 nobis
1697 3548 1926 3602 salubria
1952 3548 2029 3601 vi-

444 3644 637 3698 dentur
682 3643 955 3712 prmeipit,
1000 3642 1111 3695 sive
1154 3640 1339 3709 algens
1375 3640 1673 3692 membrum
1722 3637 1852 3690 fonti
1895 3638 2027 3691 sub-

440 3733 605 3804 jicere
648 3734 857 3801 jnbeat,
906 3732 1016 3786 sive
1056 3731 1159 3784 alia
1192 3729 1492 3798 lmjusmodi
1543 3729 1903 3795 inexspectata
1946 3728 2029 3780 fa-

443 3825 567 3889 ciat,
619 3839 906 3892 numquam
956 3822 1312 3884 reluctamur;
1368 3820 1462 3875 sed
1511 3834 1630 3872 eum
1681 3820 1834 3874 nobis
1872 3828 2026 3873 antea

443 3914 865 3985 persuaserimus
892 3912 1021 3966 artis
1049 3912 1195 3964 illmn
1234 3911 1439 3963 ratione
1478 3908 1528 3961 id
1567 3908 1759 3973 facere,
1785 3918 2028 3977 prompte

443 4018 506 4057 ac
531 4004 760 4056 libenter
786 4002 1044 4064 cedimus,
1074 4017 1195 4054 cum
1228 4009 1407 4054 tamen
1440 3999 1527 4053 ille
1555 3998 1747 4067 smpius
1778 3998 2024 4053 fallatur:

443 4096 608 4150 Deum
654 4109 800 4159 vero,
843 4094 931 4162 qui
973 4102 1177 4145 tantum
1208 4092 1258 4145 in
1291 4091 1539 4145 omnibus
1584 4107 1611 4143 a
1656 4090 1808 4143 nobis
1845 4089 2026 4154 distat,

444 4186 532 4256 qui
575 4194 657 4239 est
699 4185 812 4253 ipsa
875 4184 1131 4251 sapientia
1160 4224 1175 4248 ,
1224 4183 1313 4252 qui
1356 4198 1641 4251 numquam
1683 4182 1789 4235 falli
1833 4191 2025 4250 potesr,

444 4293 630 4345 magna
652 4276 955 4330 curiositate
975 4274 1422 4343 perscrutabimur
1437 4274 1460 4325 ?
1476 4273 1715 4341 Cumque
1734 4274 1805 4325 illi
1824 4273 2028 4341 simpli;

444 4371 576 4424 citer
604 4368 919 4431 credamus,
963 4383 992 4420 a
1039 4382 1144 4435 quo
1190 4366 1313 4419 facti
1355 4368 1615 4420 rationem
1661 4366 1873 4433 exigere
1905 4364 2026 4434 jure

445 4474 745 4529 possemus,
780 4458 848 4510 ab
889 4458 998 4521 illo,
1026 4457 1110 4511 cui
1138 4457 1309 4510 solum
1337 4455 1663 4510 credendum
1696 4462 1798 4517 est,
1838 4470 2023 4509 eorum

444 4566 562 4618 qua:
587 4550 811 4617 gesserit
848 4563 1037 4601 causas
1078 4562 1140 4602 ac
1183 4551 1417 4601 rationes
1460 4548 1830 4617 requiremus,
1870 4555 2027 4615 atque

445 4640 752 4706 hujnsmodi
798 4640 1150 4708 ignorantiam
1208 4639 1421 4706 indigne
1470 4638 1741 4692 feremus?
1785 4639 2028 4693 liteccine

445 4740 567 4787 Sunt
597 4729 856 4797 religiosm
883 4730 1077 4781 mentis
1105 4744 1169 4782 ac
1193 4729 1327 4797 piae?
1354 4728 1451 4790 Ne,
1475 4744 1657 4798 quarso
1683 4744 1746 4783 ac
1765 4729 2024 4798 Supplieo,

447 4840 513 4877 ne
538 4821 603 4873 ad
632 4829 829 4873 tantam
870 4820 1142 4873 vesaniam
1177 4820 1602 4888 progrediamur,
1637 4821 1729 4874 sed
1775 4822 1824 4873 in
1856 4822 2028 4873 omni-

448 4916 565 4981 bus,
586 4917 637 4969 in
677 4916 865 4985 quibus
912 4913 1249 4982 ambigimus,
1282 4911 1410 4965 illttd
1442 4912 1681 4966 dicamus
1706 4912 1910 4965 Judicia
1938 4921 2025 4965 tua

444 5010 652 5079 abyssus
669 5005 1007 5071 mttlIa(Psal.
1026 5006 1194 5071 35.7).
1216 5004 1344 5058 Nam
1358 5005 1527 5058 ethoc
1547 5006 1738 5075 ipsum,
1755 5004 1892 5075 quod
1918 5020 2020 5058 non

446 5104 619 5154 omnia
643 5110 823 5170 aperte
850 5101 1066 5161 scinms,
1097 5098 1287 5152 divina:
1308 5097 1583 5167 sapientia:
1626 5096 1861 5168 profecto
1882 5104 1983 5152 est.

520 5194 617 5249 Ubi
628 5195 753 5263 ﬁdes
772 5193 946 5246 habent
962 5190 1338 5246 meritum—Si
1359 5191 1499 5245 enim
1513 5194 1746 5246 omnium
1762 5207 1876 5261 qum
1894 5191 2024 5245 fiunt

444 5302 604 5340 causa
632 5299 684 5341 et
717 5287 921 5341 ratione
951 5288 1179 5355 cognita,
1207 5286 1276 5338 ita
1307 5284 1518 5337 demuru
1549 5284 1658 5337 Deo
1691 5298 2019 5351 pareremus,

446 5395 551 5431 non
581 5396 769 5449 magna
800 5396 1001 5434 merces
1023 5389 1187 5439 esset.
1213 5396 1382 5450 neque
1415 5378 1534 5433 fidei
1565 5378 1823 5432 exhibitio
1847 5394 1911 5432 ea
1934 5394 2021 5432 res

447 5469 721 5526 videretur
748 5491 761 5525 :
794 5488 914 5527 cum
943 5488 1071 5525 Vero
1100 5473 1230 5525 nihil
1262 5476 1448 5527 horum
1474 5474 1685 5542 penitus
1716 5481 2019 5533 noscentes,

446 5558 514 5611 ita
537 5575 749 5628 quoque
783 5579 987 5618 summa
1031 5562 1310 5619 affectione
1337 5565 1601 5620 mandatis
1626 5566 1742 5635 ejus
1772 5564 2021 5619 omnibus

445 5650 703 5708 cedimus.
745 5668 809 5707 ex
843 5654 1070 5724 legitima
1093 5654 1391 5709 obedientia
1442 5656 1650 5726 fideque
1677 5657 2015 5727 integerrima

447 5742 675 5796 maxima
706 5745 987 5802 animabus
1040 5747 1233 5801 nostris
1265 5746 1622 5801 cmolmnenta
1653 5748 2020 5802 conciliamus.

449 5832 560 5887 Hoc
598 5832 736 5886 enim
786 5836 955 5889 solum
991 5839 1142 5892 nobis
1178 5837 1498 5908 persuadere
1528 5837 1819 5902 debemus,
1847 5840 2025 5894 omnia

450 5928 600 5981 nobis
628 5926 825 5981 utiliter
854 5942 884 5981 a
927 5929 1035 5983 Deo
1064 5931 1245 5985 inferri
1270 5974 1285 5998 ,
1309 5930 1521 5986 modmn
1551 5945 1656 5984 non
1688 5931 1914 5999 amplius
1941 5932 2025 5985 in-

446 6017 739 6084 quirentes,
763 6032 937 6088 neque
960 6016 1115 6088 hujus
1138 6019 1517 6089 ignorationem
1545 6019 1775 6090 graviter
1793 6020 1879 6074 vcl
1906 6036 2028 6076 cum

3632 569 3738 627 413

2148 717 2379 758 titan-ore
2402 701 2649 755 ferentes.
2672 699 2855 769 Neque
2880 699 3021 753 enim
3050 696 3305 767 possibile
3329 705 3413 751 est
3441 697 3537 752 ista
3566 699 3727 765 scire,

2145 810 2318 865 neque
2335 792 2496 847 utile:
2533 791 2659 845 illud
2679 792 2800 860 quia
2819 789 3069 844 mortales
3094 804 3313 853 sumus;
3335 788 3456 852 hoc,
3475 791 3596 858 quia
3621 793 3728 844 cito

2142 887 2195 941 in
2221 883 2576 954 arrogantiam
2604 882 2934 937 extollimur.
2956 879 3191 934 Plurima
3218 895 3315 933 nos
3342 877 3587 944 facimus,
3611 894 3729 947 qua:

2139 991 2262 1031 cum
2304 974 2486 1030 liberis
2518 974 2719 1027 nostris
2750 972 2908 1027 noxia
2938 984 3063 1025 esse
3092 969 3393 1035 videantur,
3423 968 3571 1022 utilia
3608 976 3733 1021 sunt

2141 1080 2318 1125 tamen
2349 1084 2364 1122 :
2394 1082 2617 1135 quorum
2640 1081 2812 1136 neque
2840 1065 2915 1118 illi
2940 1076 3132 1117 causas
3156 1070 3406 1132 quaerunt
3424 1061 3725 1126 addiscere,

2141 1175 2314 1230 neque
2344 1174 2441 1211 nos
2466 1157 2573 1211 illis
2598 1166 2751 1212 antea
2782 1155 3105 1226 persuadere
3132 1152 3411 1207 studemus
3432 1192 3448 1216 ,
3483 1152 3533 1204 id
3560 1166 3725 1223 expe-

2138 1253 2253 1307 dire
2286 1250 2429 1322 quod
2465 1250 2723 1313 facimus;
2754 1248 2848 1302 sed
2877 1248 2979 1302 hoc
3007 1246 3178 1301 solum
3208 1246 3327 1300 illos
3355 1243 3727 1310 admonemus,

2139 1354 2197 1397 ut
2224 1345 2273 1397 in
2312 1342 2564 1395 omnibus
2586 1340 2779 1394 cedant
2807 1354 3155 1408 quaecumque
3179 1340 3535 1408 praeceperint
3550 1344 3732 1405 patres

2138 1436 2376 1503 nihilque
2412 1432 2635 1486 ulterius
2666 1430 2956 1500 inquirant.
2999 1429 3149 1496 Quod
3189 1430 3233 1481 si
3279 1426 3587 1497 parentibus
3634 1439 3733 1479 no-

2136 1529 2281 1594 stris,
2304 1526 2393 1597 qui
2421 1525 2662 1596 ejusdem
2692 1534 2851 1593 atque
2867 1536 2964 1577 nos
2989 1529 3188 1575 uatum
3207 1530 3350 1588 sunt,
3379 1521 3450 1575 ita
3478 1518 3730 1589 morigeri

2136 1635 2339 1686 sunms,
2368 1635 2537 1688 neque
2583 1619 2689 1673 ulla
2730 1616 2937 1671 ratione
2970 1615 3330 1685 indignamur,
3359 1613 3542 1667 Deone
3582 1611 3727 1665 indi-

2137 1710 2417 1779 gnabimur
2440 1708 2580 1778 quod
2606 1723 2711 1761 non
2740 1707 2881 1761 illius
2908 1705 3089 1759 omnia
3121 1702 3274 1757 uobis
3302 1702 3575 1772 explorata
3598 1702 3729 1769 sint,

2137 1801 2225 1868 qui
2267 1808 2411 1853 tanta
2443 1798 2758 1851 excellentia
2787 1797 2939 1850 nobis
2969 1794 3227 1865 prmcellit
3250 1834 3265 1859 ,
3307 1800 3560 1863 quantum
3591 1793 3734 1846 inter

2141 1894 2305 1946 Deum
2332 1900 2387 1945 et
2422 1890 2666 1944 homines
2690 1887 2977 1943 discrimen
3002 1885 3320 1941 intercedit?
3360 1886 3429 1939 Et
3453 1885 3582 1955 quid
3606 1884 3731 1938 huic

2138 1983 2395 2053 impietati
2427 1998 2524 2052 par
2555 1978 2749 2036 fuerit?

2208 2072 2385 2144 Figuli
2413 2070 2640 2141 exemplo
2668 2070 2918 2123 utitur.—
2933 2066 3207 2122 Adversus
3230 2065 3534 2135 hujusmodi
3553 2065 3729 2119 homi-

2137 2180 2233 2219 nes
2256 2179 2384 2218 sane
2417 2163 2604 2217 beatus
2633 2160 2828 2215 Paulus
2870 2159 3149 2228 indignans
3169 2157 3381 2211 dicebat
3409 2175 3421 2208 :
3466 2156 3727 2227 Alioquin,

2139 2273 2168 2309 ο
2198 2256 2365 2316 homo,
2387 2263 2439 2305 tu
2475 2253 2585 2319 quis
2609 2268 2662 2305 es
2694 2251 2779 2319 qui
2808 2249 3116 2319 respondeas
3142 2247 3286 2300 Deo?
3306 2245 3572 2317 Numquid
3602 2248 3733 2300 dicet

2142 2348 2434 2417 ﬁgmentum
2472 2344 2651 2414 {actori
2684 2358 2796 2406 suo,
2815 2340 2920 2396 Cur
2958 2356 3038 2393 me
3065 2341 3139 2393 ita
3165 2340 3328 2408 feciin
3345 2337 3731 2411 (Rom.9.20)?

2143 2437 2400 2508 Equidem
2447 2435 2672 2487 filiorum
2701 2432 2972 2499 exemplar
3006 2444 3420 2499 proposueram;
3458 2430 3570 2498 ipse
3601 2443 3730 2483 vero

2140 2529 2309 2585 multo
2335 2526 2507 2595 majus
2535 2524 2735 2595 posuit,
2766 2522 2908 2591 figuli
2936 2522 3159 2581 scilicet,
3187 2529 3345 2589 atque
3364 2521 3429 2571 ab
3448 2535 3515 2574 eo
3541 2522 3592 2572 in
3621 2519 3732 2574 for-

2138 2636 2280 2676 mam
2312 2618 2511 2674 redacti
2539 2616 2652 2670 luti.
2686 2614 2835 2669 Sicut
2876 2614 3019 2668 enim
3052 2613 3219 2666 lutum
3250 2626 3584 2681 quocumque
3615 2627 3733 2668 ma-

2138 2726 2239 2765 nus
2265 2724 2322 2764 se
2350 2706 2628 2761 formantis
2657 2703 2871 2759 duxerit
2895 2703 3154 2772 sequitur,
3187 2703 3256 2754 ita
3290 2700 3560 2755 hominem
3587 2716 3735 2771 qum.

2137 2816 2365 2871 cumque
2394 2800 2533 2853 Deus
2556 2797 2775 2867 jusserit
2810 2810 2874 2849 ea
2909 2795 3098 2863 sequi,
3133 2804 3186 2847 et
3213 2809 3331 2863 qua:
3374 2794 3464 2848 ille
3496 2794 3732 2849 intulerit

2136 2904 2288 2966 grato
2308 2894 2487 2948 animo
2513 2890 2747 2961 perferre
2768 2888 3041 2949 convenit,
3074 2886 3207 2940 nihil
3231 2886 3449 2940 omnino
3468 2886 3732 2940 reluctan-

2136 2988 2225 3053 do,
2258 2988 2343 3040 vel
2376 2986 2587 3039 curiose
2608 2983 2886 3037 addiscere
2905 2979 3215 3050 quzerendo.
3248 2978 3431 3048 Neque
3459 2981 3602 3035 enim
3633 2994 3733 3034 no-

2136 3080 2219 3133 bis
2244 3079 2373 3133 solis
2398 3078 2498 3132 ista
2529 3075 2773 3144 ambigua
2803 3082 2947 3135 sunt,
2978 3088 3159 3126 verum
3195 3080 3249 3125 et
3279 3072 3342 3124 iis
3366 3072 3453 3138 qui
3478 3081 3604 3126 ante
3633 3086 3731 3125 nos

2138 3170 2392 3228 fuerunt.
2432 3172 2632 3220 sanctis
2675 3165 2777 3218 illis
2810 3178 2874 3218 ae
2919 3163 3250 3217 mirabilibus
3295 3162 3441 3215 viris.
3475 3162 3565 3215 Ait
3588 3162 3728 3215 enim

2136 3262 2236 3317 Job
2295 3278 2308 3314 :
2355 3259 2423 3314 Ut
2471 3258 2592 3327 quid
2636 3256 2781 3326 impii
2832 3256 3039 3317 vivunt,
3083 3252 3362 3321 divitiisque
3423 3263 3731 3306 veternsrunt

2138 3352 2261 3424 (Job
2288 3352 2376 3405 21.
2402 3348 2498 3420 7)?
2528 3348 2720 3402 Beatus
2769 3355 2944 3398 autem
2984 3343 3169 3405 David,
3212 3341 3383 3406 Pwnc,
3414 3342 3600 3411 inquit,
3648 3342 3729 3411 ef-

2136 3442 2240 3514 fusi
2259 3450 2374 3493 sunt
2388 3454 2588 3509 gressus
2621 3436 2738 3495 mei.
2763 3436 2881 3501 quia
2919 3433 3077 3487 ulaui
3106 3448 3258 3500 super
3278 3432 3476 3500 iniquos
3504 3473 3517 3494 ,
3553 3448 3728 3499 pacem

2134 3543 2452 3605 peccatorum
2515 3528 2688 3582 videns
2735 3542 2753 3581 :
2808 3526 2930 3596 quia
2981 3540 3082 3577 non
3134 3531 3205 3576 est
3269 3533 3527 3593 respectus
3573 3524 3729 3577 morti

2133 3642 2328 3691 eorum,
2371 3633 2417 3677 et
2454 3623 2839 3689 ﬁrmamentum
2868 3618 2921 3669 in
2942 3617 3094 3685 plaga
3136 3630 3350 3669 eorum:
3388 3616 3443 3668 in
3475 3614 3730 3671 laboribus

2134 3718 2394 3772 hominum
2420 3731 2520 3768 non
2545 3721 2683 3777 sunt,
2714 3720 2885 3765 etcum
2906 3708 3191 3762 hominibus
3216 3723 3315 3759 non
3330 3706 3730 3775 ﬂagellabantur

2135 3810 2307 3881 (Psal.
2337 3808 2424 3862 72.
2450 3806 2620 3875 2.-5).
2646 3804 2768 3858 Post
2791 3802 2933 3855 hunc
2956 3800 3215 3855 Jeremias
3244 3814 3455 3868 quoque
3482 3798 3724 3853 dicebat:

2131 3903 2314 3956 Justus
2338 3917 2410 3965 es,
2458 3897 2693 3961 Domine,
2743 3904 3080 3948 verumtamen
3103 3892 3305 3961 judicia
3335 3892 3514 3960 loquar
3544 3892 3615 3944 ad
3657 3902 3723 3945 te.

2137 3995 2273 4060 Quid
2305 4002 2377 4046 est
2402 3991 2536 4061 quod
2553 3990 2632 4042 via
2652 3995 2968 4057 peccatorum
2993 3990 3321 4053 prosperatur
3342 3980 3473 4053 (Jer.
3500 3982 3585 4035 12.
3620 3984 3671 4051 1)
3696 3983 3723 4037 Υ

2135 4081 2590 4153 Ambigebantisti
2613 4078 2823 4148 quidem
2855 4074 3382 4145 atqueinquirebant,
3403 4074 3495 4126 sed
3520 4090 3625 4127 non
3654 4074 3724 4128 ita

2136 4188 2190 4231 ut
2237 4176 2440 4231 faciunt
2478 4171 2624 4240 impii
2653 4189 2664 4223 :
2714 4183 2884 4235 neque
2908 4167 3049 4221 enim
3073 4165 3392 4218 accusabant
3428 4164 3619 4228 Deum,
3649 4181 3718 4220 ex

2136 4270 2197 4321 iis
2227 4282 2344 4335 qum
2374 4264 2524 4327 ﬁunt,
2559 4261 2704 4315 illum
2734 4258 2960 4327 iujustim
2986 4257 3276 4324 arguebant
3302 4271 3315 4320 ;
3341 4254 3432 4308 ενι]
3456 4254 3589 4308 alius
3611 4256 3726 4324 qui-

2132 4358 2253 4410 dem
2280 4354 2454 4408 aiebat
2489 4369 2500 4402 :
2531 4350 2740 4403 Justitia
2767 4360 2851 4400 tua
2876 4348 3006 4400 sicut
3038 4355 3225 4399 montes
3251 4344 3366 4408 Dei,
3399 4346 3600 4414 judicia
3634 4358 3724 4399 tua

2130 4449 2338 4515 abyssus
2360 4442 2517 4495 multa
2545 4439 2662 4512 (Ps.
2696 4440 2784 4492 '55.
2820 4438 2895 4504 7).
2939 4437 3009 4488 De
3035 4436 3160 4497 alio,
3190 4449 3310 4488 cum
3346 4444 3486 4487 tanta
3530 4450 3722 4505 passus

2131 4545 2291 4598 esst-.t,
2337 4533 2588 4602 scriptum
2636 4539 2773 4583 est:
2830 4525 2949 4579 Non
3011 4526 3147 4577 dedit
3214 4524 3554 4592 insipientiam
3618 4524 3723 4579 Deo

2135 4628 2253 4698 (Job
2286 4628 2336 4681 ι.
2365 4625 2480 4693 2'2).
2518 4624 2580 4676 Et
2624 4623 2675 4675 in
2716 4619 2907 4674 eodem
2947 4618 3081 4672 libro
3123 4617 3719 4684 incomprehensibilem

2134 4719 2445 4789 sapientiam
2477 4715 2615 4769 illius
2642 4722 2693 4766 et
2719 4710 3168 4780 dispensationem
3201 4722 3475 4771 enarrans,
3505 4722 3625 4759 cum
3651 4708 3719 4762 de

2133 4815 2400 4868 creatione
2421 4808 2759 4863 disseruisset
2784 4823 2797 4857 :
2831 4800 2962 4855 Ecce
2986 4801 3099 4853 ista:
3119 4810 3236 4851 sunt
3259 4808 3423 4866 partes
3453 4799 3547 4851 via:
3587 4801 3717 4869 ejus,

2132 4916 2177 4959 et
2198 4906 2265 4957 ad
2290 4905 2545 4957 humorem
2574 4898 2705 4952 verbi
2732 4895 2992 4947 audiemus
3018 4892 3069 4945 in
3107 4908 3165 4945 eo
3195 4889 3314 4961 (Job
3362 4891 3452 4946 26.
3496 4893 3605 4960 14).
3640 4893 3719 4945 ld-

2131 5000 2301 5066 ipsum
2345 5007 2555 5065 quoque
2593 4990 2854 5046 Jeremias
2898 4984 3184 5057 providens
3210 5001 3278 5039 ne
3312 4986 3430 5056 quis
3469 4999 3719 5055 umquam

2131 5090 2508 5160 suspicaretur,
2560 5080 2960 5153 interrogationi
2994 5078 3251 5149 judicium
3307 5092 3461 5132 suum
3508 5091 3718 5143 pra-po-

2132 5187 2235 5239 suit
2256 5182 2437 5236 dicens
2469 5197 2481 5232 :
2510 5176 2689 5231 Justus
2708 5192 2780 5241 es,
2813 5172 3026 5225 Domine
3058 5186 3076 5224 :
3103 5170 3201 5223 hoc
3221 5179 3323 5233 est,
3351 5168 3474 5222 Scio
3503 5167 3716 5236 quidem

2132 5294 2161 5333 a
2188 5287 2238 5332 te
2258 5274 2433 5329 omnia
2462 5272 2572 5326 fieri
2590 5271 2752 5340 juste,
2780 5266 2991 5322 modum
3020 5272 3195 5317 autem
3228 5263 3412 5330 ignoro
3434 5276 3538 5329 qtto
3564 5260 3717 5313 fiunt.

2133 5370 2269 5440 Quid
2301 5366 2498 5440 igitur?
2525 5363 2822 5434 ampliusne
2854 5359 2928 5411 illi
2957 5353 3288 5411 didicerunt?
3319 5353 3521 5422 Nempe
3563 5352 3631 5408 de
3658 5355 3722 5408 iis

2135 5465 2337 5519 tmllum
2362 5476 2671 5531 responsum
2703 5455 2998 5511 retulerunt
3028 5472 3040 5503 :
3072 5452 3208 5522 quod
3237 5453 3422 5506 beatus
3450 5450 3613 5505 David
3644 5451 3720 5503 iu-

2133 5559 2294 5623 dicat,
2327 5571 2445 5611 cum
2468 5553 2598 5608 dicit
2630 5570 2642 5604 :
2674 5550 2737 5604 Et
2767 5547 3109 5603 existimabam
3132 5555 3184 5598 ut
3206 5560 3576 5615 cognoscerem,
3603 5545 3722 5612 quia

2136 5651 2228 5703 hoc
2264 5649 2405 5703 labor
2446 5656 2517 5701 est
2551 5654 2666 5697 ante
2716 5659 2793 5696 me
2818 5642 2835 5711 (
2862 5640 3004 5696 Psal.
3033 5638 3261 5708 72.16).
3297 5637 3498 5693 Idcirco
3540 5647 3718 5691 autem

2135 5757 2389 5814 responsa
2430 5755 2589 5810 super
2634 5738 2716 5791 his
2745 5751 2851 5790 non
2880 5741 3232 5804 acceperunt,
3258 5741 3314 5785 ut
3341 5729 3722 5800 posterioribus

2137 5835 2345 5890 smculis
2380 5832 2582 5888 futuros
2609 5828 2853 5884 homines
2887 5826 3143 5881 docerent
3168 5825 3328 5879 etiam
3362 5820 3459 5890 ipsi
3488 5820 3723 5875 interro-

2137 5929 2349 6000 gatione
2403 5926 2689 5979 abstinere.
2731 5921 2906 5990 Atque
2954 5918 3029 5973 illi
3072 5916 3283 5988 quidem
3314 5929 3476 5969 unum
3518 5921 3723 5967 tantum

2140 6016 2499 6088 inquirebant,
2522 6029 2617 6070 cur
2638 6012 2844 6069 scilicet
2869 6010 3014 6080 impii
3058 6026 3088 6061 ιι
3113 6008 3263 6077 copia
3280 6022 3460 6063 rerum
3482 6010 3721 6065 omnium
