4490 6786
763 522 866 581 443

762 647 816 691 et
836 635 1182 705 prosperitate
1208 631 1471 697 viverent,
1490 640 1544 685 et
1570 646 1635 685 ne
1661 628 1737 682 sic
1769 626 1983 696 quidem
2000 627 2296 681 didicerunt
2320 641 2334 677 :

765 742 819 781 at
850 742 973 782 vero
1001 727 1084 781 isti
1116 726 1269 793 longe
1300 723 1450 792 plura
1496 738 1652 792 quam
1684 720 1757 773 illi
1782 721 1995 772 curiose
2015 726 2337 773 scrutantur.

761 820 839 874 Ea
890 820 1030 874 enim
1086 832 1203 884 qnze
1256 830 1396 869 nunc
1446 822 1831 884 proponuntur,
1883 813 2051 865 multo
2098 811 2341 880 graviora

761 920 905 963 sunt.
934 908 1112 976 Itaque
1143 906 1420 960 manifesta
1450 905 1637 957 horum
1681 902 1816 955 ratio
1857 900 1934 955 illi
1979 902 2337 972 permittatur,

761 1001 850 1070 qui
883 998 1029 1052 novit
1055 998 1235 1052 omnia
1261 1007 1537 1064 antequam
1556 994 1700 1045 ﬁant.

836 1091 890 1146 8.
921 1090 1025 1146 Cur
1049 1091 1165 1144 boni
1220 1088 1505 1157 atﬂigantur
1547 1084 1878 1154 gemendum
1930 1100 2032 1138 non
2081 1093 2170 1137 est.
2193 1110 2261 1122 ——
2285 1080 2341 1135 Si

763 1191 942 1237 tamen
963 1195 1097 1249 opus
1118 1180 1186 1233 sit
1214 1193 1314 1231 nos
1342 1193 1409 1232 ex
1442 1176 1526 1243 iis,
1549 1191 1668 1245 qua:
1699 1175 1809 1245 jam
1838 1183 1963 1228 nota
1986 1174 2140 1228 nobis
2174 1179 2296 1226 sunt
2324 1211 2341 1236 ,

764 1272 1081 1326 solutionem
1129 1268 1475 1337 quaesitorum
1510 1274 1565 1320 et
1585 1265 2006 1320 consolationem
2044 1262 2347 1332 excogitare

766 1368 981 1430 pmpter
1021 1373 1115 1413 eos
1140 1358 1231 1427 qui
1277 1366 1387 1411 tam
1423 1356 1635 1412 curiose
1671 1356 1759 1410 illa
1799 1355 2171 1419 sciscitantur,
2216 1351 2346 1406 illud

762 1452 987 1508 dixerim
1010 1494 1025 1517 ,
1052 1451 1325 1522 indignum
1368 1466 1491 1507 esse
1526 1463 1765 1519 quzerere
1796 1463 1894 1501 cur
1922 1448 2045 1502 boni
2095 1447 2148 1501 in
2193 1460 2346 1515 pres-

763 1543 904 1597 suris
924 1582 941 1608 ,
971 1542 1096 1596 mali
1122 1552 1306 1596 contra
1337 1542 1388 1595 in
1443 1540 1624 1609 requie
1651 1538 1965 1608 persistant,
1994 1537 2198 1592 cailesti
2234 1536 2346 1606 jam

767 1632 1001 1687 revelato
1039 1646 1203 1699 regno
1225 1671 1241 1696 ,
1272 1628 1542 1699 futurique
1566 1630 1747 1684 smculi
1778 1629 2001 1699 praemio
2049 1628 2204 1684 nobis
2255 1643 2346 1683 os-

768 1730 938 1777 tenso.
969 1720 1101 1775 Nam
1118 1735 1238 1775 eum
1270 1721 1322 1773 in
1354 1720 1441 1773 illa
1478 1720 1585 1774 vita
1624 1720 1818 1789 singuli
1846 1719 2001 1789 digna
2030 1719 2141 1774 suis
2180 1719 2347 1773 meri-

766 1814 834 1867 tis
862 1813 1162 1881 recipiant,
1196 1812 1323 1883 quid
1345 1813 1454 1882 jam
1481 1812 1560 1867 eis
1596 1811 1755 1866 rebus
1793 1810 2166 1880 perturbantur
2186 1851 2201 1873 ,
2231 1825 2351 1879 qua:

772 1906 861 1959 hic
890 1905 1045 1959 bonis
1072 1914 1163 1959 aut
1195 1904 1349 1958 malis
1390 1903 1746 1972 contingunt?
1776 1902 1917 1955 Deus
1944 1901 2086 1954 enim
2122 1915 2216 1954 eos
2260 1901 2349 1968 qui

769 1997 873 2051 sibi
905 1996 1200 2057 adhaerent,
1234 1993 1393 2048 veluti
1422 1992 1742 2046 fortissimos
1766 1990 2015 2055 athletas,
2039 1988 2348 2056 huiusmodi

777 2087 1048 2142 laboribus
1072 2093 1306 2148 exercet,
1339 2083 1717 2137 imbecilliores
1758 2097 1886 2135 vero
1911 2095 1973 2134 ac
2005 2080 2265 2134 tardiores
2291 2079 2307 2109 ¹
2328 2118 2346 2145 ,

772 2188 824 2233 et
871 2179 962 2248 qui
1009 2177 1143 2232 nihil
1192 2176 1446 2231 durorum
1500 2174 1743 2229 laborum
1800 2174 2044 2243 perferre
2090 2180 2348 2242 possunt,

775 2271 921 2338 prius
986 2268 1053 2322 ad
1115 2268 1253 2323 bona
1303 2282 1467 2336 opera
1524 2266 1786 2320 hortatur.
1836 2264 1991 2331 Quod
2062 2264 2111 2319 si
2167 2273 2351 2318 contra

775 2373 1171 2428 nonnumquam
1211 2358 1424 2422 evenit,
1458 2356 1778 2426 plurimique
1803 2356 1933 2425 justi
1960 2355 2047 2409 hic
2074 2355 2128 2408 in
2164 2354 2352 2423 requie

771 2450 933 2504 vitam
949 2464 1072 2503 cum
1096 2447 1300 2502 honore
1325 2457 1507 2516 agunt,
1531 2447 1655 2500 mali
1674 2461 1799 2499 vero
1817 2446 1869 2497 in
1893 2444 2179 2514 ignominia
2204 2457 2352 2497 sum-

770 2540 979 2608 misque
995 2538 1401 2592 adversitatibus
1424 2536 1738 2604 perdurant,
1755 2534 1966 2588 interim
1979 2533 2191 2603 quidem
2207 2534 2355 2601 prior

768 2630 856 2683 illa
901 2628 1129 2697 objectio
1155 2668 1171 2694 ,
1216 2642 1335 2696 qua:
1368 2626 1530 2695 afﬂigi
1561 2626 1754 2691 bonos,
1793 2624 1962 2677 malos
1994 2638 2124 2677 vero
2155 2622 2354 2692 jugiter

774 2735 895 2776 esse
937 2721 990 2773 in
1021 2719 1227 2774 deliciis
1255 2718 1684 2788 conquerebatur
1711 2758 1727 2783 ,
1770 2716 1871 2771 hac
1919 2717 2125 2772 ratione
2166 2730 2352 2771 eversa

770 2808 1103 2879 proﬂigator.
1132 2808 1228 2863 Sin
1249 2816 1424 2862 autem
1455 2816 1509 2862 et
1548 2807 1704 2875 hujus
1727 2807 1803 2861 rei
1839 2820 2053 2859 causam
2085 2806 2353 2875 inquirere

770 2900 995 2953 velimus
1017 2937 1033 2963 ,
1062 2898 1116 2951 id
1167 2896 1405 2967 profecto
1448 2897 1674 2950 dixerim
1705 2936 1719 2960 ,
1752 2896 1918 2950 Deum
1945 2904 2123 2948 nostra
2171 2894 2351 2950 omnia

770 3003 875 3043 non
925 3002 1031 3043 uno
1057 2987 1216 3041 modo
1242 2987 1455 3041 solitum
1499 2999 1619 3040 esse
1673 2984 1961 3054 disponere
1988 3024 2005 3050 ,
2035 2984 2138 3041 sed
2173 2998 2352 3038 rerum

770 3078 925 3147 copia
951 3078 1291 3141 instructum,
1334 3077 1516 3145 plures
1544 3075 1702 3130 nobis
1728 3074 1795 3129 ad
1822 3075 2047 3129 salutem
2077 3075 2190 3129 vias
2220 3081 2357 3128 ster-

775 3182 923 3222 nere.
951 3167 1084 3222 Cum
1133 3168 1311 3237 itaque
1338 3167 1517 3236 plures
1568 3167 1714 3231 sint,
1744 3165 1835 3235 qui
1882 3165 2041 3219 futuri
2067 3164 2247 3219 smculi
2295 3179 2359 3219 ac

769 3260 1179 3315 resurrectionis
1221 3259 1518 3313 doctrinam
1553 3259 1837 3312 admittere
1879 3258 2221 3327 pertinaciter
2266 3274 2355 3313 re-

770 3361 957 3419 nuant,
984 3352 1147 3407 veluti
1178 3351 1231 3405 in
1258 3351 1403 3406 brevi
1431 3350 1609 3404 tabula
1638 3350 1722 3403 hic
1748 3349 1931 3418 judicii
1975 3349 2136 3403 futuri
2164 3348 2356 3419 imagi-

772 3459 896 3498 nem
923 3442 1193 3508 ostendit,
1219 3457 1341 3496 cum
1366 3442 1519 3511 punit
1566 3440 1735 3494 malos
1762 3479 1779 3505 ,
1810 3439 1981 3495 bonos
2027 3449 2352 3493 remunerat.

771 3536 927 3604 Quod
952 3550 1074 3589 cum
1105 3534 1157 3589 in
1180 3534 1380 3603 judicio
1398 3533 1487 3587 illo
1509 3548 1757 3601 supremo
1778 3532 2097 3601 generaliter
2124 3532 2355 3585 futurum

777 3630 884 3693 sit,
912 3629 1073 3683 etiam
1104 3641 1248 3682 nunc
1266 3642 1331 3681 ex
1362 3632 1512 3696 parte
1537 3625 1713 3693 aliqua
1742 3624 1864 3677 ideo
1894 3623 1989 3688 ﬁt,
2018 3633 2074 3677 ut
2103 3623 2192 3692 qui
2217 3624 2357 3677 circa

774 3721 1125 3793 longinquum
1151 3719 1280 3774 illud
1301 3718 1557 3787 judicium
1584 3731 1679 3786 spe
1701 3715 1833 3783 lapsi
1857 3724 2014 3782 sunt,
2042 3715 2127 3769 vel
2151 3714 2215 3768 iis
2239 3729 2359 3783 qua:

789 3816 845 3868 in
877 3813 976 3867 hoc
1004 3809 1197 3866 saiculo
1223 3810 1535 3878 contingunt
1559 3805 1837 3869 admoniti,
1868 3804 2257 3859 mansuetiores
2279 3810 2362 3858 at—

778 3918 884 3974 que
902 3902 1151 3956 meliores
1167 3900 1312 3953 ﬁant.
1325 3898 1381 3955 Si
1397 3899 1537 3952 enim
1556 3897 1732 3952 nullus
1747 3896 1832 3950 hic
1848 3896 2065 3949 omnino
2080 3895 2358 3965 puniretur

779 3993 973 4058 malus,
1003 3991 1282 4058 nullusque
1307 3990 1661 4043 honoraretur
1689 3988 1882 4054 bonus,
1913 3984 2129 4054 plurimi
2169 3999 2238 4039 ex
2292 3983 2358 4038 iis

777 4085 869 4154 qui
918 4081 1364 4137 resurrectionem
1416 4092 1524 4135 non
1569 4077 1841 4141 credunt,
1892 4076 2146 4131 virtutem
2197 4074 2358 4128 veluti

780 4172 1041 4227 malorum
1071 4184 1285 4225 causam
1318 4168 1606 4239 fugerent,
1652 4167 1998 4221 vitiositatem
2027 4180 2157 4220 vero
2196 4164 2361 4219 veluti

779 4266 1039 4320 bonorum
1090 4278 1304 4318 causam
1354 4268 1800 4331 persequerentur
1847 4277 1861 4313 :
1911 4259 1955 4313 si
2009 4273 2221 4312 rursum
2276 4257 2363 4312 hic

783 4356 977 4427 singuli
1022 4356 1171 4424 juxta
1220 4355 1412 4408 merita
1461 4353 1807 4421 reciperent,
1860 4350 2185 4422 superfluam
2252 4351 2360 4419 jam

780 4449 1075 4516 falsamque
1104 4443 1674 4511 existimarentjudicii
1723 4443 2045 4497 doctrinam.
2081 4443 2266 4511 Itaque
2293 4458 2360 4496 nc

786 4541 913 4595 huic
957 4554 1065 4593 non
1117 4536 1425 4591 crederetur
1454 4576 1470 4599 ,
1495 4551 1563 4587 ne
1605 4534 1788 4602 ingens
1833 4534 2169 4602 vulgarisque
2208 4532 2361 4586 turba

780 4649 847 4687 ex
873 4638 1180 4699 contemptu
1212 4627 1448 4682 deterior
1496 4626 1679 4689 ﬁeret,
1707 4626 1902 4679 multos
1931 4624 2017 4678 hic
2055 4635 2361 4693 peccatores

785 4725 1076 4788 ulciscitur,
1099 4722 1463 4791 quosdamque
1483 4732 1581 4789 pro
1609 4726 1755 4772 recte
1784 4718 1933 4773 factis
1958 4727 2280 4783 remunerat,
2305 4726 2363 4771 ut

786 4830 853 4870 ex
883 4829 949 4869 co
985 4812 1125 4883 quod
1154 4828 1260 4866 non
1291 4813 1343 4865 in
1389 4810 1636 4864 omnibus
1680 4809 1731 4863 id
1776 4808 1903 4863 facit
1940 4807 2122 4879 judicii
2161 4818 2365 4863 asserat

793 4907 976 4972 ﬁdem,
1007 4921 1071 4959 ex
1099 4919 1164 4959 eo
1199 4919 1327 4957 vero
1353 4903 1491 4972 quod
1521 4913 1642 4957 ante
1659 4902 1913 4971 judicium
1957 4917 2168 4972 quoque
2198 4902 2365 4955 malos

783 5000 991 5069 aliquos
1020 4995 1293 5066 suppliciis
1322 4994 1485 5047 afticit
1504 5036 1518 5056 ,
1549 4994 1963 5062 profundissimo
1992 4994 2142 5063 quasi
2173 5007 2364 5046 somno

786 5089 1019 5159 sepultos
1046 5088 1261 5143 excitet.
1292 5085 1421 5139 Nam
1448 5101 1517 5139 ex
1558 5083 1816 5137 malorum
1839 5085 2053 5154 quidem
2086 5083 2363 5156 punitione

786 5180 995 5249 plurimi
1022 5180 1211 5232 timore
1234 5178 1590 5247 corriguntur,
1609 5189 1677 5230 ne
1698 5176 1961 5245 patiantur
1984 5176 2192 5241 eadem;
2212 5192 2277 5231 ex
2296 5190 2363 5229 eo

786 5280 960 5325 autem
989 5270 1129 5339 quod
1155 5286 1257 5324 non
1284 5270 1533 5324 omnibus
1560 5282 1657 5337 pro
1686 5270 1877 5322 merito
1905 5267 1990 5322 hic
2016 5270 2358 5334 retribuatur,

785 5362 1019 5431 cogitare
1067 5362 1456 5430 compelluntur
1505 5359 1810 5430 hujusmodi
1842 5360 2058 5430 praemia
2109 5361 2161 5414 in
2214 5360 2371 5415 aliud

787 5461 994 5519 tempus
1023 5467 1141 5506 esse
1170 5462 1433 5507 Υοςθτγθιτι
1442 5491 1458 5505 ο

853 5542 959 5596 Cur
1009 5560 1110 5595 non
1177 5560 1345 5597 omnes
1401 5545 1481 5597 hic
1544 5544 1678 5599 Deus
1722 5545 2017 5616 puniat.——
2064 5543 2356 5615 Numquam

781 5635 923 5688 enim
974 5633 1207 5704 profecto
1239 5675 1254 5698 ,
1303 5650 1424 5689 cum
1484 5635 1657 5704 justus
1702 5637 1772 5690 sit
1826 5637 1962 5691 Deus
1992 5675 2008 5701 ,
2083 5645 2163 5688 tot
2204 5651 2357 5703 Sper-

785 5735 933 5780 neret
978 5726 1089 5780 sive
1145 5725 1313 5780 mulos
1342 5726 1626 5796 impunitos
1673 5744 1741 5781 ex
1781 5728 1884 5781 vita
1936 5729 2192 5798 migrare,
2244 5729 2355 5783 sive

785 5815 951 5870 bonos
1011 5817 1095 5872 hic
1141 5816 1433 5873 innumeris
1490 5819 1838 5874 incommodis
1889 5819 2071 5883 afﬁci,
2140 5821 2180 5873 si
2249 5836 2352 5873 non

845 5947 861 5977 '
896 5952 946 5995 tu
964 5950 1095 5998 Sail.
1127 5958 1175 6002 et
1197 5951 1321 6001 Coll).
1347 5952 1519 6001 def-unt
1548 5952 1711 6011 velim,
1738 5966 1791 6002 nc
1816 5959 2065 6004 (uultures.

1466 518 1525 575 S.
1560 513 1836 574 JOANNIS
1872 511 2345 574 CIIRYSOSTOMI
2384 508 2702 567 ARCHIEP.
2740 506 3272 568 CONSTANTINOP.

3928 516 4040 573 45$

2448 625 2685 693 utrisque
2728 623 2891 677 alium
2944 625 2997 679 in
3047 626 3222 681 futuro
3268 626 3463 683 szeculo
3512 635 3707 681 statum
3770 646 4036 698 parasset.

2444 717 2702 784 Quocirca
2766 732 2873 771 non
2927 733 3118 773 oumes
3201 720 3286 774 vel
3363 720 3622 790 supplicio
3676 722 3758 774 vel
3828 723 4039 779 honoro

2444 806 2629 871 afﬁcit,
2660 806 2753 861 sed
2807 807 3089 876 quosdam,
3123 811 3262 864 sicut
3308 812 3434 866 etin
3467 811 3749 865 Persarum
3778 827 3905 880 rege
3930 856 3944 877 ,
3982 827 4041 868 et

2446 900 2499 955 in
2548 900 2770 955 Ezechia
2809 901 3065 969 contigit,
3115 919 3438 974 quamquam
3480 904 3675 960 fuerint
3722 904 3939 974 plurimi
3980 916 4039 960 et

2446 992 2666 1061 Assyrio
2719 991 3026 1060 impietate,
3070 1001 3124 1045 et
3175 992 3421 1049 Electria:
3471 996 3666 1065 pietate
3718 1008 3780 1048 ac
3832 994 4040 1049 virtute

2448 1097 2622 1149 pares.
2652 1081 2756 1135 Sed
2789 1098 2892 1135 non
2916 1097 3040 1152 erga
3067 1096 3256 1136 omnes
3288 1083 3391 1138 hoc
3416 1087 3523 1156 agit
3552 1087 3691 1142 Deus
3719 1104 3732 1140 :
3761 1086 3914 1155 cujus
3954 1088 4039 1140 rei

2447 1187 2606 1227 causa
2642 1182 2755 1237 est,
2788 1184 2845 1227 ut
2877 1174 3021 1239 dixi,
3064 1173 3206 1244 quod
3234 1176 3470 1231 nondum
3498 1180 3636 1232 adsit
3659 1179 3843 1249 judicii
3892 1189 4038 1232 temo

2450 1278 2570 1331 pus.
2600 1264 2751 1331 Quod
2780 1275 2957 1319 autem
3007 1267 3104 1319 ista
3137 1264 3379 1319 doctrina
3428 1283 3545 1320 mea
3579 1286 3684 1324 non
3711 1272 3821 1336 sit,
3861 1271 3929 1324 ab
3967 1284 4041 1324 ω

2448 1354 2538 1422 qui
2569 1370 2667 1408 nos
2696 1363 2819 1408 tunc
2840 1355 3177 1423 judicaturus
3210 1364 3293 1410 est
3328 1355 3489 1409 modo
3515 1359 3720 1414 audies.
3749 1361 3879 1414 Nam
3908 1377 4038 1415 cum

2451 1446 2679 1514 profecti
2732 1446 2799 1500 ad
2843 1462 2965 1501 cum
3006 1448 3220 1515 quidam
3268 1457 3494 1501 mortem
3546 1449 3756 1504 illorum
3803 1452 3890 1521 qui
3934 1452 4042 1506 sub

2451 1543 2600 1589 turre
2624 1536 2798 1590 obruti
2846 1536 3095 1604 fuerant,
3128 1539 3386 1608 Pilatique
3411 1539 3679 1592 vesaniam
3718 1545 4042 1597 aununtias—

2451 1637 2592 1695 sent,
2624 1644 2781 1698 quam
2811 1629 2861 1682 in
2888 1643 2981 1682 eos
3004 1630 3093 1698 qui
3125 1632 3321 1684 mortui
3348 1629 3553 1685 fuerant
3576 1632 3843 1696 ostendit,
3868 1633 4041 1687 sacri-

2454 1719 2589 1773 ﬁciis
2619 1720 2825 1773 illorum
2852 1721 3165 1789 sanguinem
3201 1722 3473 1777 miscendo
3496 1764 3512 1788 ,
3542 1730 3651 1775 tum
3680 1723 3788 1776 ait:
3831 1723 4040 1778 Putatis

2451 1809 2585 1878 quod
2620 1810 2674 1862 lii
2703 1809 2901 1864 (ἑαιὶιωὶ
2947 1822 3233 1879 peccatores
3282 1830 3389 1878 prta
3415 1816 3603 1867 ceteris
3664 1812 3890 1868 Galilei:
3918 1819 4039 1884 fue-

2452 1903 2555 1953 rint
2582 1943 2595 1965 ,
2628 1902 2715 1970 qui
2739 1903 2862 1955 talia
2887 1903 3024 1972 passi
3058 1914 3175 1956 sunt
3195 1905 3221 1958 .’
3250 1904 3371 1958 Non
3397 1947 3413 1971 ,
3442 1906 3553 1959 dico
3601 1905 3737 1958 vobis
3764 1948 3778 1970 ,
3806 1906 3897 1958 sed
3936 1907 4041 1959 nisi

2452 1994 2790 2062 paenitentiam
2822 1994 3019 2064 egeritis
3041 2036 3056 2061 ,
3086 2011 3257 2048 omnes
3283 1997 3515 2051 similiter
3556 1997 3794 2066 peribitis.
3829 1997 3926 2049 Aut
3954 1998 4040 2050 illi

2450 2087 2618 2139 decem
2651 2097 2696 2140 et
2718 2097 2829 2140 octo
2855 2104 3008 2155 super
3038 2103 3162 2155 quos
3195 2089 3373 2141 cecidit
3408 2090 3561 2142 turris
3580 2090 3738 2152 Siloe,
3778 2098 3825 2141 et
3853 2089 4041 2142 occidit

2452 2176 2603 2242 illos,
2651 2177 2837 2247 putatis
2881 2179 3016 2249 quod
3058 2178 3159 2246 ipsi
3206 2194 3314 2248 pra:
3359 2180 3626 2244 omnibus,
3666 2181 3750 2249 qui
3804 2179 4039 2232 habitant

2452 2265 2737 2320 Jerusalem
2755 2309 2769 2331 ,
2800 2267 3041 2320 debitores
3062 2267 3285 2335 fuerint?
3310 2266 3447 2330 Non,
3480 2269 3592 2320 dico
3616 2270 3750 2322 vobis
3768 2311 3784 2336 ,
3810 2269 3897 2323 sed
3930 2269 4034 2322 nisi

2457 2358 2795 2425 paenitentiam
2846 2358 3044 2427 egeritis
3069 2397 3086 2423 ,
3134 2374 3307 2412 omnes
3354 2359 3582 2412 similiter
3624 2360 3844 2429 peribitis
3871 2359 4023 2429 (Luc.

2457 2448 2544 2501 13.
2596 2447 2697 2501 2-5
2726 2448 2766 2517 ).
2824 2446 2949 2501 Hice
2995 2448 3264 2502 dilationis
3309 2462 3470 2502 causa
3532 2458 3634 2503 est.
3688 2448 3884 2503 Idcirco
3929 2465 4039 2503 non

2454 2551 2642 2590 omnes
2690 2537 2781 2605 qui
2833 2537 3034 2591 eisdem
3082 2538 3359 2607 suppliciis
3395 2549 3519 2592 sunt
3542 2540 3686 2608 digni
3715 2556 3815 2593 una
3848 2541 4042 2607 punire

2452 2628 2749 2691 consuevit,
2773 2635 2831 2681 ut
2858 2627 3045 2697 reliqui
3069 2644 3255 2682 eorum
3277 2630 3488 2684 casibus
3507 2630 3763 2683 admoniti
3788 2631 4044 2687 meliores

2455 2718 2603 2771 ﬁant.
2648 2718 2823 2787 Atque
2864 2717 2964 2771 ista
2991 2717 3206 2787 quidem
3264 2718 3475 2773 interim
3526 2720 3748 2774 solvisse
3786 2719 4040 2775 sufﬁciat.

2452 2809 2559 2864 Sed
2602 2809 2747 2863 enim
2789 2818 2845 2863 tu
2898 2810 3140 2865 fortassis
3193 2825 3255 2865 ea
3304 2810 3465 2865 etiam
3491 2851 3505 2874 ,
3545 2826 3665 2879 quze
3704 2811 3861 2879 paulo
3914 2822 4044 2866 ante

2456 2902 2866 2971 proposuimus,
2896 2902 3069 2955 multo
3116 2900 3275 2955 etiam
3308 2902 3641 2970 perplexiora
3664 2942 3679 2964 ,
3712 2911 3768 2954 ut
3794 2902 4045 2955 similiter

2454 2991 2769 3059 enodemus,
2799 2993 3042 3063 inquiris.
3076 2992 3183 3047 Sed
3206 3008 3325 3046 cum
3351 2993 3529 3062 priora
3558 3007 3657 3063 pro
3675 2992 3871 3046 viribus
3893 3002 4045 3060 pate-

2456 3082 2761 3150 fecerimus,
2782 3084 2849 3138 ad
2874 3085 2959 3139 illa
2976 3084 3137 3138 etiam
3169 3084 3420 3139 solvenda
3441 3084 3779 3139 fundamenta
3796 3085 4044 3154 qmedam

2454 3176 2596 3245 jacla
2622 3175 2789 3230 fuisse
2815 3176 3154 3230 arbitramur.

2530 3287 2635 3341 Cur
2682 3286 2828 3340 multi
2871 3298 2975 3341 tota
3014 3288 3114 3341 vita
3143 3287 3441 3357 afﬂigantur.
3477 3316 3550 3326 —
3585 3285 3721 3352 Quid
3750 3301 3876 3355 ergo
3913 3286 4044 3342 illud

2456 3386 2558 3441 est,
2590 3377 2643 3430 in
2673 3391 2781 3446 quo
2816 3375 2991 3431 haeres
3020 3387 3075 3430 et
3109 3377 3374 3430 ﬂuctuas?
3400 3376 3552 3443 Quod
3585 3378 3793 3446 plurimi
3822 3394 3886 3431 ex
3932 3379 4044 3448 pri-

2455 3469 2674 3524 mordiis
2704 3469 2876 3523 aetatis
2919 3468 2988 3523 ad
3030 3470 3190 3523 ﬁnem
3232 3483 3400 3538 usque
3447 3468 3608 3523 variis
3656 3470 4045 3525 calamitatibus

2460 3558 2569 3612 sint
2618 3557 2813 3613 affecti.
2865 3558 2979 3628 Ego
3019 3568 3074 3613 et
3098 3558 3165 3612 de
3193 3558 3275 3612 his
3316 3567 3371 3612 et
3395 3556 3461 3612 de
3493 3558 3758 3627 prioribus
3791 3558 4042 3624 dixerim,

2460 3650 2726 3718 praecipue
2756 3650 2971 3718 quidem
3012 3649 3130 3704 illos
3160 3650 3230 3703 ob
3256 3649 3469 3719 propria
3496 3650 3620 3703 vitia
3650 3651 3854 3718 puniri,
3886 3650 4045 3705 dein-

2459 3756 2587 3810 ceps
2615 3758 2763 3804 vero,
2795 3742 2958 3796 utalii
2983 3757 3194 3812 quoque
3230 3742 3444 3796 illorum
3474 3744 3721 3809 exemplo
3748 3744 4043 3798 emenden-

2462 3842 2565 3886 tur.
2612 3833 2766 3898 Quod
2815 3833 2857 3887 si
2898 3834 3087 3887 nonin
3116 3834 3365 3887 omnibus
3394 3834 3447 3887 id
3490 3833 3564 3898 fit,
3606 3834 3735 3888 nihil
3773 3843 3855 3889 est
3898 3836 4043 3905 quod

2460 3924 2675 3978 mireris
2709 3942 2723 3978 :
2757 3924 2991 3978 nondum
3016 3926 3159 3978 enim
3190 3923 3372 3993 judicii
3403 3932 3610 3994 tempus
3635 3926 3863 3980 advenit.
3902 3926 4041 3994 Quid

2457 4030 2586 4085 ergo
2613 4016 2681 4070 de
2711 4017 2815 4071 illis
2834 4017 2999 4082 dices,
3045 4017 3239 4086 inquis,
3270 4016 3360 4085 qui
3398 4026 3679 4086 antequam
3709 4032 3802 4085 per
3825 4028 4039 4074 aetatem

2460 4108 2596 4160 bona
2625 4108 2708 4162 vel
2730 4108 2866 4162 mala
2889 4108 3193 4163 discernere
3221 4109 3447 4177 possint,
3471 4109 3620 4177 quasi
3653 4111 3881 4163 maxime
3911 4125 4041 4179 pec-

2459 4198 2718 4264 caverint,
2746 4199 3022 4268 suppliciis
3044 4200 3386 4254 afﬁciuntur?
3408 4198 3575 4268 Hujus
3595 4200 3807 4266 quidem
3828 4202 3905 4255 rei
3936 4216 4045 4257 non

2462 4303 2564 4341 una
2584 4299 2869 4354 estcausa,
2916 4290 3009 4344 sed
3031 4290 3272 4359 plurima:
3298 4304 3362 4343 ac
3396 4291 3573 4343 variae.
3605 4289 3736 4343 Nam
3767 4300 3823 4344 et
3849 4306 3917 4344 ex
3953 4307 4047 4359 pa-

2464 4388 2667 4431 rentum
2697 4379 3123 4448 intemperantia,
3154 4389 3207 4433 et
3234 4396 3298 4433 ex
3330 4380 3672 4434 nutritiorum
3704 4382 4043 4453 negligentia,

2461 4478 2515 4521 et
2543 4484 2607 4522 ex
2631 4468 2945 4537 intemperie
2970 4480 3126 4538 atque
3149 4469 3504 4539 inzequalitate
3529 4472 3667 4525 aeris
3686 4512 3701 4535 ,
3732 4480 3786 4525 et
3830 4488 3894 4527 ex
3923 4474 4046 4530 aliis

2464 4558 2706 4627 plurimis
2753 4558 3055 4628 hujusmodi
3104 4560 3317 4614 casibus
3374 4560 3427 4615 id
3482 4561 3791 4633 contingere
3845 4574 4043 4633 potest.

2463 4652 2726 4707 Prmterea
2795 4667 2914 4705 cum
2987 4652 3242 4722 plurimos
3293 4652 3505 4708 illorum
3556 4654 3762 4710 futuros
3812 4672 4041 4726 nequam

2462 4744 2795 4815 praesciverit
2821 4745 2994 4808 Deus,
3024 4760 3117 4799 eos
3138 4745 3295 4799 veluti
3330 4746 3677 4813 compedibus
3719 4748 4035 4817 quibusdam

2464 4836 2765 4905 lmjusmodi
2795 4836 3052 4905 supplicio
3079 4848 3310 4892 coercet.
3336 4838 3416 4892 An
3450 4852 3554 4894 non
3584 4838 3733 4897 vides
3750 4851 3804 4897 et
3829 4840 4040 4895 mendi-

2462 4944 2646 4981 corum
2672 4928 2928 4997 plurimos
2957 4929 3093 4983 inter
3120 4944 3393 4997 pressuras
3420 4930 3561 5000 ipsas
3588 4942 3643 4985 et
3667 4932 3937 5001 angustias
3958 4931 4041 4984 in-

2464 5035 2679 5075 numera
2700 5030 3070 5088 perpetrantes
3093 5022 3291 5076 scelera
3306 5064 3321 5089 ,
3341 5038 3564 5092 quorum
3597 5033 3771 5077 tamen
3800 5024 4040 5077 omnium

2462 5127 2617 5166 causa
2648 5129 2751 5168 non
2776 5113 2998 5168 afflictio
3022 5115 3345 5182 paupertatis
3370 5125 3472 5180 est,
3504 5116 3598 5170 sed
3634 5116 3746 5169 sola
3775 5116 4043 5183 nequitia?

2465 5206 2654 5259 Audivi
2701 5222 2801 5276 ego
2823 5208 3089 5277 quosdam
3113 5206 3397 5275 aliquando
3422 5223 3544 5262 cum
3570 5208 3809 5261 dicereut
3850 5206 4038 5275 hujus-

2464 5296 2603 5350 modi
2631 5298 2873 5352 homines
2924 5299 3203 5351 mulierem
3236 5298 3517 5366 quamdam
3541 5298 3816 5351 honestam
3844 5305 3897 5350 et
3923 5297 4037 5351 for-

2465 5402 2551 5440 ma
2579 5388 2787 5442 liberali
2819 5388 2871 5441 in
2903 5386 3190 5440 solitudine
3219 5398 3420 5454 nactos,
3448 5389 3495 5442 ei
3525 5388 3784 5441 violenter
3807 5401 3866 5439 ac
3887 5399 4039 5455 petu-

2463 5480 2633 5532 lanter
2660 5478 2912 5531 illusisse.
2944 5478 3098 5547 Atqui
3126 5494 3226 5548 qua
3249 5481 3584 5546 necessitate,
3614 5494 3715 5547 qua
3740 5480 4035 5539 calamitate

2459 5571 2522 5625 ad
2547 5571 2646 5624 hoc
2669 5569 2863 5623 inducti
2896 5572 3057 5625 sunt?
3087 5588 3203 5641 quae
3226 5571 3308 5626 isti
3329 5572 3528 5626 scelera
3551 5585 3655 5624 non
3673 5571 4029 5638 admisissent,

2457 5664 2501 5719 si
2524 5678 2629 5717 non
2646 5663 2730 5731 lmj
2740 5662 2943 5717 usmodi
2963 5665 3109 5732 quasi
3129 5665 3355 5718 vinculis
3374 5664 3808 5718 continerentur?
3836 5666 4031 5719 Eorum

2457 5770 2583 5810 vero
2610 5756 2696 5825 qui
2732 5758 3031 5811 carceribus
3072 5757 3257 5811 inclusi
3290 5763 3412 5809 sunt
3440 5755 3554 5824 quis
3582 5756 3732 5813 facile
3759 5759 4028 5811 vesaniam

2456 5859 2507 5904 ct
2532 5850 2729 5903 rabiem
2764 5850 2997 5919 perferre
3029 5848 3225 5918 possit?
3251 5849 3314 5901 At
3346 5848 3376 5901 ii
3418 5849 3504 5918 qui
3530 5865 3559 5903 a
3581 5850 3822 5904 dmmone
3857 5850 4023 5901 corri-

2462 5944 2671 6013 piuntur
2694 5942 2858 5997 nihilo
2887 5943 3091 5997 utinora
3126 5939 3206 5995 his
3238 5937 3432 5996 faciunt
3459 5958 3469 5996 :
3498 5958 3601 5997 non
3634 5950 3803 5997 autem
3828 5954 3887 5994 ea
3912 5955 4027 5994 mu-
