4392 6684
88 608 201 663 -Νἶῖ

89 721 317 793 εὐθηνίξι
346 721 439 775 καὶ
480 721 713 794 πλούτῳ,
758 723 851 776 καί.
890 722 1012 776 ούδέ
1041 720 1217 784 οὕτως
1258 719 1557 791 ἐμάνθανον
1578 735 1592 748 '
1627 720 1677 770 οί
1708 717 1765 770 δὲ

89 816 189 872 νῦν
228 817 407 889 πολλῷ
458 819 680 874 πλείονα
725 820 950 872 ἐκείνων
996 816 1547 889 πολυπραγμονοῦσι·
1591 814 1768 869 ταῦτα

92 915 201 986 γάρ
226 915 291 968 τά
327 916 420 970 νῦν
458 916 825 988 προτιθέμενα
854 912 1036 984 πολλῷ
1069 913 1289 967 πλείονα
1339 915 1563 967 ἐκείνων
1594 912 1762 966 ἐστίν.

106 1014 164 1066 ου
196 1014 291 1085 μὲν
314 1010 405 1068 οὖν
430 1014 605 1085 σαφὴς
642 1013 798 1078 λόγος
834 1009 1039 1063 τούτων
1068 1011 1451 1082 ἐπιτετράφθω
1480 1009 1559 1081 τῷ
1585 1008 1764 1061 πάντα

90 1110 254 1165 είδότι
289 1112 418 1183 πρὶν
453 1109 721 1180 γενέσεως
749 1105 951 1159 αὐτῶν.

160 1250 229 1325 η’.
290 1255 353 1313 Εἰ
379 1252 435 1305 δὲ
476 1252 582 1322 χρὴ
615 1248 711 1302 καί⁵
749 1246 947 1311 αύτοίις
983 1248 1048 1301 ἐκ
1089 1247 1199 1301 τῶν
1238 1248 1338 1318 ἤδη
1381 1244 1766 1314 γεγενημένων

82 1341 382 1411 ⁴γνωρίμων
414 1340 546 1408 ἡμῖν
596 1336 883 1407 ἐπινοῆσαι
930 1336 1083 1390 λύσιν
1122 1336 1217 1389 καί¹
1265 1330 1622 1405 παραμυθίαν
1652 1331 1766 1393 τοῖς

85 1427 447 1499 ζητουμένοις
490 1424 634 1487 τινὰ,
663 1424 751 1478 διά
791 1426 916 1488 τοὺς
952 1423 1160 1495 σφόδρα
1191 1421 1362 1475 ταῦτα
1400 1416 1768 1491 περιεργαζο-

87 1516 314 1585 μένους,
363 1512 538 1565 ἐκεῖνό
574 1530 745 1582 φημι,
787 1513 870 1565 ὃτι
908 1512 970 1565 τὸ
1010 1511 1110 1583 μὲν
1143 1511 1268 1572 τοὺς
1295 1507 1539 1567 δικαίους
1569 1507 1626 1557 ἐν
1656 1502 1767 1556 θλί-

82 1602 246 1671 ψεσιν
278 1596 438 1664 εἶναι,
468 1599 526 1651 ἐν
554 1599 738 1652 ἀνέσει
768 1598 823 1653 δέ
853 1600 980 1662 τοὺς
1012 1597 1305 1667 πονηροὺς,
1340 1592 1462 1646 ούδέ
1484 1592 1765 1662 ζητήσεως

84 1688 239 1752 ἄξιον
289 1686 499 1751 λοιπὸν,
532 1686 631 1756 τῆς
671 1685 949 1756 βασιλείας
983 1680 1489 1751 ἀποκαλυφθείσης,
1535 1679 1627 1732 καὶ
1666 1678 1765 1749 τῆς

84 1778 232 1830 κατά
266 1776 357 1829 τὸν
407 1774 667 1846 μέλλοντα
700 1777 871 1830 αἰῶνα
905 1774 1230 1836 ἀντιδόσεως
1264 1770 1573 1841 δειχθείσης
1611 1770 1762 1838 ἡμῖν.

84 1866 197 1918 Τοῦ
245 1866 354 1936 γάρ
404 1864 525 1917 κατ’
572 1866 726 1929 ἀξίαν
781 1869 897 1919 ἐκεῖ
951 1865 1207 1937 μένοντος
1261 1862 1512 1924 ἕκαστον,
1562 1858 1614 1912 τί
1662 1859 1768 1931 χρὴ

82 1952 453 2023 ταράττεσθαι
491 1955 602 2015 τοῖς
644 1955 948 2025 γινομένοις
997 1951 1187 2007 ἐνθάδε
1232 1948 1417 2011 καλοῖς
1460 1948 1494 2019 ἢ
1542 1950 1765 2013 κακοῖς;

83 2041 230 2103 Τοὺς
267 2041 364 2111 μὲν
395 2040 505 2111 γὰρ
542 2039 689 2110 αύτῴ
725 2041 1091 2112 προσέχοντας
1116 2041 1144 2092 ό
1172 2036 1326 2103 Θεὸς,
1358 2036 1453 2090 ἆτε
1486 2035 1768 2103 γενναίους

83 2127 348 2197 ἀθλητάς,
377 2128 589 2190 τούτοις
634 2127 902 2197 γυμνάζει
946 2131 1060 2190 τοῖς
1097 2127 1315 2189 πόνοις,
1354 2125 1481 2187 τοὺς
1506 2124 1563 2176 δὲ
1600 2124 1766 2177 ἀσθε-

82 2215 375 2286 νεστέρους
422 2214 517 2267 καὶ
548 2212 903 2285 βραδυτέρους
926 2223 946 2244 ⁸
981 2215 1073 2267 καὶ
1105 2212 1273 2284 μηδὲν
1312 2210 1419 2263 τῶν
1452 2210 1768 2280 βαρυτέρων

82 2303 419 2373 δυναμένους
455 2304 699 2370 ἐνεγκεῖν
735 2302 999 2372 πρότερον
1046 2300 1195 2373 [174]
1240 2302 1317 2362 είς
1358 2298 1457 2370 τὴν
1489 2296 1598 2350 τῶν
1634 2299 1771 2365 ἀγα-

83 2388 199 2442 θῶν
261 2391 439 2461 ἔργων
487 2391 672 2458 ἐνάγει
725 2389 1059 2461 προτροπὴν.
1096 2390 1158 2442 Εἰ
1203 2388 1259 2441 δὲ
1301 2386 1399 2439 καὶ
1458 2384 1770 2438 τούναντίον

87 2477 381 2547 συμϐαίνει
428 2478 720 2544 πολλάκις,
765 2478 862 2530 καὶ
919 2476 1103 2529 πολλοὶ
1141 2476 1238 2546 μὲν
1286 2475 1394 2527 τῶν
1438 2472 1664 2527 δικαίων
1712 2474 1769 2525 ἐν

82 2563 274 2617 ἀνέσει
305 2564 549 2632 διάγουσι
593 2567 687 2617 καὶ
725 2566 892 2636 τιμῇ,
923 2563 1034 2616 τῶν
1076 2562 1134 2615 δέ
1177 2562 1428 2633 πονηρῶν
1472 2564 1529 2615 ἐν
1573 2558 1769 2631 ἀτιμία

85 2652 335 2714 καὶτοῖς
380 2652 627 2721 ἐσχάτοις
670 2655 895 2719 κακοῖς,
942 2652 1081 2714 τέως
1134 2649 1232 2721 μὲν
1273 2652 1402 2721 ἡμῖν
1452 2650 1486 2721 ἡ
1526 2648 1770 2720 προτέρα

84 2737 395 2802 ἀντίθεσις,
442 2739 742 2809 ήλέγουσα
798 2739 1100 2793 κακοῦσθαι
1163 2738 1261 2808 μὲν
1311 2738 1435 2799 τους
1493 2735 1765 2798 δικαίους,

84 2829 216 2889 τοὺς
248 2826 305 2878 δέ
360 2826 576 2891 ἀδίκους
608 2830 840 2899 τρυφᾷν,
870 2827 1239 2899 ἀνατρέπεται
1272 2826 1351 2897 τῷ
1405 2825 1569 2896 λόγῳ.
1608 2827 1669 2877 Εἰ
1710 2826 1767 2878 δέ

87 2914 187 2968 καὶ
230 2913 435 2984 ταύτην
477 2914 831 2968 ἐπιλύσασθαι
876 2917 977 2979 δεῖ,
1049 2918 1226 2969 ἐκεῖνο
1284 2915 1351 2968 ἂν
1397 2915 1639 2983 εἴποιμι,
1684 2915 1767 2965 ὅτι

85 3002 191 3071 οὐχ
220 3002 301 3053 ἐνὶ
338 3003 526 3072 τρόπῳ
556 3002 623 3054 τὰ
663 3002 784 3056 καθ’
821 3005 967 3073 ἡμᾶς
997 3004 1308 3072 οἰκονομεῖν
1339 3002 1367 3053 ό
1395 3000 1524 3064 Θεὸς
1552 2999 1764 3065 εἴωθεν,

86 3089 209 3142 ἀλλ’
248 3088 482 3161 εὔπορος
532 3089 607 3141 ὣν
656 3090 855 3154 πολλάς
901 3092 1032 3161 ἡμῖν
1080 3091 1273 3160 τέμνει
1326 3088 1427 3152 τὰς
1478 3089 1613 3159 πρὸς
1663 3104 1768 3140 σω-

84 3178 287 3248 τηρίαν
329 3177 502 3241 ὁδούς.
541 3179 759 3249 Ἐπειδὴ
800 3179 907 3249 γὰρ
943 3177 1127 3233 πολλοὶ
1177 3178 1268 3230 τὸν
1316 3178 1446 3248 περὶ
1485 3177 1593 3228 τῶν
1634 3175 1763 3245 μελ-

85 3266 291 3319 λόντων
326 3266 419 3318 καὶ
474 3266 573 3335 τῆς
613 3266 960 3328 ἀναστάσεως
1011 3266 1111 3319 οὐκ
1172 3264 1459 3335 ἀνέχονται
1510 3262 1765 3328 δέξασθαι

84 3353 268 3419 λόγον,
295 3353 384 3405 διά
412 3352 568 3406 τοῦτο
594 3356 652 3407 ἐν
704 3353 897 3425 βραχεῖ
935 3355 1033 3424 τῆς
1064 3352 1296 3423 κρίσεως
1324 3351 1423 3420 τὴν
1458 3352 1645 3405 εἰκόνα
1686 3354 1770 3404 ἐν·

87 3440 218 3493 θάδε
262 3439 554 3505 δείκνυσιν,
597 3441 724 3494 ὅταν
760 3440 961 3511 κολάζῃ
1004 3441 1100 3510 μὲν
1133 3440 1258 3502 τοὺς
1286 3441 1579 3509 πονηρους,
1608 3440 1768 3510 εὐερ-

85 3533 223 3601 γετῇ
255 3530 310 3582 δὲ
339 3532 464 3593 τοὺς
492 3532 783 3601 χρηστούς.
815 3531 987 3584 Τοῦτο
1018 3530 1127 3599 γάρ
1153 3529 1453 3600 ὁλοσχερῶς
1486 3530 1586 3598 μὲν
1616 3531 1672 3581 ἐν
1699 3532 1766 3601 τῇ

85 3623 271 3693 κρίσει
313 3624 543 3692 γίνεται,
587 3629 652 3677 ἐκ
687 3625 887 3694 μέρους
930 3623 988 3676 δέ
1024 3622 1120 3675 καὶ
1166 3621 1397 3675 ἐνταῦθα
1438 3620 1555 3687 νῦν,
1594 3622 1682 3675 ἴνα
1716 3626 1766 3676 οἰ

84 3715 228 3785 πρὸς
272 3716 364 3769 τὸν
396 3717 603 3789 μακρὸν
655 3718 862 3769 ἐκεῖνον
908 3714 1364 3776 ἀναπεπτωκότες
1409 3712 1597 3783 χρόνον
1652 3716 1766 3779 τοῖς

83 3806 223 3873 γοῦν
260 3811 318 3861 ἐν
346 3810 423 3880 τῷ
453 3810 678 3880 παρόντι
708 3808 1009 3880 δρωμένοις
1043 3807 1442 3876 ἐπιεικέστεροι
1468 3808 1758 3874 γένωνται.

84 3901 217 3954 Εῖτε
262 3904 372 3973 γάρ
403 3902 588 3973 μηδεὶς
629 3902 765 3965 ὅλως
810 3900 1099 3963 ἐκολάζετο
1150 3900 1261 3953 τῶν
1299 3898 1577 3969 πονηρῶν,
1630 3901 1765 3970 μηδέ

86 3995 319 4064 ἐτιμᾶτο
362 3995 473 4049 τῶν
520 3994 794 4067 χρηστῶν,
843 3993 1027 4045 πολλοὶ
1059 3992 1167 4045 τῶν
1213 3991 1642 4046 διαπιστούντων
1689 3992 1767 4061 τῷ

83 4080 189 4151 τῆς
213 4082 559 4146 ἀναστάσεως
598 4082 738 4153 λόγῳ
761 4080 858 4152 τὴν
896 4080 994 4150 μὲν
1026 4080 1229 4151 ἀρετὴν
1262 4079 1340 4143 ὡς
1368 4080 1557 4133 κακῶν
1586 4081 1768 4133 αἰτίαν

85 4169 340 4239 ἔφευγον,
365 4172 464 4242 τὴν
496 4172 554 4225 δὲ
584 4171 847 4243 πονηρίαν
873 4170 946 4233 ὼς
974 4168 1195 4236 ἀγαθῶν
1222 4168 1483 4239 πρόξενον
1510 4170 1763 4223 ἐδίωκον·

85 4260 200 4312 εἴτε
252 4260 413 4313 πάλιν
459 4264 695 4316 ἐνταῦθα
731 4262 793 4315 τὸ
844 4262 962 4314 κατ’
1010 4259 1167 4324 ἀξίαν
1227 4259 1467 4322 ἅπαντες
1511 4260 1765 4329 ἀπελάμ-

86 4350 275 4412 ϐανον,
315 4350 568 4419 περιττὸν
612 4350 678 4404 ἂν
721 4350 996 4421 ἡγήσαντο
1024 4344 1159 4400 εἶναι
1212 4346 1498 4416 καὶψευδῆ
1527 4346 1618 4399 τὸν
1663 4348 1764 4418 τῆς

84 4434 327 4505 κρίσεως
366 4434 543 4503 λόγον.
577 4438 673 4489 Ἱν’
698 4432 791 4490 οὖν
834 4440 969 4507 μήτε
1013 4428 1168 4495 οὗτος
1207 4434 1576 4505 διαπιστῆται,
1624 4437 1763 4505 μήτε

84 4524 119 4575 ὁ
158 4522 324 4585 πολὺς
364 4524 457 4576 καὶ
504 4525 720 4594 χυδαῖος
770 4524 897 4588 λαὸς
930 4524 1258 4594 φαυλότερος
1311 4523 1532 4593 γίνηται
1590 4539 1762 4577 κατα-

85 4612 326 4683 φρονῶν,
374 4613 730 4683 ἐπεξέρχεται
770 4614 865 4665 xal
916 4613 1152 4666 ἐνταῦθα
1196 4611 1307 4667 τῶν
1342 4608 1765 4684 ἀμαρταειόντιιῖν

84 4704 340 4771 πολλοὺς,
385 4703 481 4756 καὶ
534 4701 824 4771 ἀμείϐεται
857 4700 967 4752 τῶν
1012 4700 1425 4771 κατορθούντων
1457 4701 1653 4763 ἐνίους,
1685 4701 1764 4771 τῷ

88 4793 194 4863 μὲν
230 4793 303 4863 μὴ
344 4793 421 4855 εἰς
464 4790 670 4850 πάντας
707 4786 866 4839 τοῦτο
900 4790 1095 4851 ποιεῖν,
1136 4790 1227 4842 τὸν
1267 4788 1370 4859 τῆς
1402 4790 1636 4858 κρίσεως
1672 4805 1764 4840 πι-

89 4883 386 4953 στούμενος
416 4882 590 4949 λόγον,
619 4876 696 4948 τῷ
723 4878 780 4931 δέ
812 4876 907 4929 καὶ
947 4876 1055 4949 πρὸ
1099 4878 1201 4947 τῆς
1244 4879 1480 4949 κρίσεως
1514 4878 1764 4941 κολάζειν

82 4970 264 5037 τινας,
309 4973 435 5034 τοὺς
471 4969 635 5022 πολὺν
678 4964 843 5019 ὕπνον
881 4962 1241 5027 καθεύδοντας
1288 4967 1591 5039 διεγείρων.
1631 4967 1763 5021 ’Λπὸ

86 5059 192 5130 μὲν
237 5061 344 5133 γάρ
383 5060 476 5114 τοῦ
512 5054 868 5130 τιμωρεῖσθαι
909 5052 1034 5115 τοὺς
1073 5054 1348 5121 πονηροὺς
1393 5054 1762 5109 διανίστανται

85 5146 276 5201 πολλοὶ
301 5149 379 5220 τῷ
408 5149 558 5221 φόϐῳ
588 5147 681 5201 τοῦ
716 5144 789 5216 μὴ
813 5141 881 5197 τὰ
906 5140 1045 5194 αὐτὰ
1082 5139 1276 5193 παθεῖν
1294 5157 1309 5172 ο
1339 5143 1449 5195 ἀπὸ
1475 5144 1534 5197 δέ
1557 5144 1652 5197 τοῦ
1686 5144 1762 5217 μὴ

84 5235 299 5300 πάντας
328 5239 560 5293 ἐνταῦθα
597 5237 668 5291 τὰ
698 5237 817 5291 κατ’
845 5230 999 5297 ἀξίαν
1030 5229 1323 5284 ἀπολαϐεῖν
1354 5232 1762 5301 ἀναγκάζονται

84 5322 401 5391 λογίζεσθαι
427 5330 509 5382 ὅτι
548 5330 627 5391 εἰς
656 5326 843 5398 ἕτερόν
872 5341 992 5379 τινα
1036 5319 1194 5375 τοῦτο
1236 5321 1590 5390 τεταμίευται
1638 5340 1763 5375 και-

88 5411 208 5482 ρόν.

160 5550 235 5603 οὐ
274 5550 383 5620 γάρ
423 5554 491 5606 ἂν
538 5555 712 5627 δήπου
754 5554 960 5616 δίκαιος
1003 5553 1080 5605 ὣν
1120 5554 1149 5606 ὁ
1184 5553 1317 5617 Θεὸς
1360 5550 1595 5623 περιεῖδε
1637 5568 1761 5605 τοσο

86 5639 281 5702 ούτους
326 5642 420 5693 καὶ
452 5643 559 5695 τῶν
608 5644 793 5699 κακῶν
842 5645 1225 5714 ἀτιμωρήτους
1266 5642 1628 5706 ἀπελθόντας,
1670 5642 1763 5695 καὶ

84 5729 199 5783 τῶν
235 5728 458 5798 ἀγαθῶν
501 5736 715 5803 μυρίοις
756 5734 1114 5797 κολασθέντας
1146 5733 1362 5798 δεινοῖς,
1397 5736 1444 5786 εἰ
1483 5734 1558 5805 μὴ
1597 5734 1763 5805 ἄλλην

85 5820 212 5875 τινά
266 5820 460 5884 αἰῶνος
506 5823 790 5897 ἑκατέροις
834 5825 1235 5899 παρεσκευάκει
1272 5826 1628 5879 κατάστασιν.
1674 5826 1764 5880 Διὸ

150 6038 177 6068 ⁸
199 6038 290 6090 lia?
316 6039 620 6100 βροηοῖισέςτίς,
643 6037 779 6087 «lem
814 6038 860 6087 iu
889 6042 1016 6090 Sgain
1072 6049 1121 6093 cl
1148 6040 1277 6092 Ιῖυῖὶι.

996 610 1089 660 AD
1127 598 1509 661 δἰεὶὺιιὶΙυΜ
1546 602 1591 655 Λ
1629 601 1935 659 ΠᾸΞΜΟΝΕ
1976 602 2339 660 VEXATUM.
2378 603 2505 659 LIB.
2546 603 2588 659 Ι.

3444 597 3553 656 ιιι

1870 721 1929 772 ού
1984 721 2212 784 πάντας,
2253 719 2368 773 ἀλλ’
2410 720 2587 783 ἐνίους
2634 720 2851 785 κολάζει
2883 720 2978 773 καὶ
3014 719 3171 789 τιμᾷ,
3218 717 3407 789 ὥσπερ
3451 717 3549 771 ἐπὶ

1866 812 1959 863 τοῦ
1992 810 2224 882 Πέρσου,
2250 810 2441 883 ὥσπερ
2472 814 2564 865 ἐπὶ
2594 812 2684 865 τοῦ
2726 814 2998 878 Ἐζεκίοψ
3030 813 3204 864 καίτοι
3238 811 3422 863 πολλοὶ
3449 810 3546 864 καὶ

1864 909 1941 979 τῷ
1978 908 2248 979 Ἀσσυρίῳ
2291 910 2578 977 γεγόνασιν
2618 909 2677 975 ἐξ
2711 911 2831 981 ἴσης
2865 910 3106 973 ἀσεϐεῖς,
3148 911 3242 963 καί.
3284 908 3423 962 κατὰ
3451 907 3546 961 τὸν

1878 997 2126 1062 Ἐζεκίαν
2172 998 2439 1068 ἐνάρετοι,
2491 999 2609 1053 ἀλλ’
2657 1001 2758 1053 οὐκ
2814 1003 2908 1054 ἐπὶ
2967 1000 3189 1054 πάντων
3240 999 3401 1053 τοῦτο
3448 1013 3546 1049 πε-

1864 1092 2089 1162 ποίηκε’
2118 1093 2178 1145 τὸ
2211 1093 2268 1146 δὲ
2295 1095 2489 1159 αἴτιον,
2515 1097 2655 1167 ὅπερ
2698 1094 2856 1166 ἔφην,
2888 1097 3006 1149 ἐστὶ
3042 1095 3101 1149 τὸ
3139 1095 3363 1165 μηδέπω
3402 1110 3546 1163 παρ-

1865 1192 2003 1242 εῖναι
2051 1189 2152 1259 τῆς
2193 1191 2427 1259 κρίσεως
2462 1191 2553 1244 τὸν
2588 1192 2802 1263 καιρόν.
2836 1190 2939 1244 Kal
2966 1193 3046 1244 δτι
3081 1191 3183 1244 οὐκ
3213 1190 3344 1259 ἐμὸς
3388 1182 3545 1251 οὗτος

1864 1287 1894 1339 ὁ
1930 1285 2110 1353 λόγος,
2150 1287 2317 1341 αὑτοῦ
2354 1287 2450 1340 τοῦ
2481 1289 2682 1359 κρίνειν
2721 1290 2869 1361 ἡμᾶς
2896 1288 3018 1341 τότε
3064 1288 3349 1358 μέλλοντος
3389 1287 3547 1340 ἄκου-

1868 1400 1978 1438 σον.
2022 1384 2242 1455 Ἐπειδὴ
2269 1384 2376 1456 γάρ
2409 1384 2716 1457 προσῆλθον
2748 1385 2899 1457 αύτῷ
2925 1387 2974 1438 οἱ
3004 1384 3104 1455 τὴν
3135 1382 3395 1455 τελευτὴν
3433 1380 3546 1435 τῶν

1867 1478 1972 1533 ὑπὸ
2008 1480 2104 1534 τοῦ
2151 1481 2362 1553 πύργου
2410 1480 2875 1553 καταχωσθέντων
2906 1482 3000 1536 καὶ
3032 1480 3131 1552 τὴν
3172 1480 3267 1533 τοῦ
3309 1479 3545 1534 Πιλάτου

1869 1584 2066 1653 μανίαν
2098 1585 2562 1653 ἀπαγγέλλοντες,
2596 1585 2663 1657 ἢν
2705 1586 2786 1648 είς
2816 1584 2944 1646 τοὺς
2982 1582 3375 1651 τελευτηκότας
3444 1583 3547 1634 ἐπ-

1868 1680 2127 1747 εδείξατο,
2153 1684 2271 1745 ταῖς
2300 1681 2513 1746 θυσίαις
2536 1681 2716 1736 αὐτῶν
2738 1679 3013 1751 ἀναμίξας
3040 1678 3102 1732 τὸ
3116 1674 3275 1748 αἷμα,
3293 1678 3347 1729 τί
3378 1692 3545 1746 φησι;

1868 1779 2100 1834 Δοκεῖτε
2147 1779 2239 1834 ὅτι
2289 1784 2342 1835 οῖ
2396 1780 2705 1835 Γαλιλαῖοι
2762 1777 2929 1838 οὗτοι
2984 1776 3323 1849 ἁμαρτωλοί
3388 1776 3549 1845 παρὰ

1867 1879 2102 1944 πάντας
2171 1877 2315 1943 τοὺς
2369 1877 2740 1943 Γαλιλαίους
2801 1878 3105 1946 ἐγένοντο,
3164 1875 3255 1929 ὅτι
3304 1872 3549 1928 τοιαῦτα

1868 1974 2277 2039 arandi-(Iacer;
2312 1972 2491 2042 Οὐχὶ,
2527 1972 2684 2042 ,λέγω
2725 1970 2891 2041 ὑμῖν,
2921 1972 3061 2026 ἀλλ’
3099 1971 3209 2024 ἐὰν
3249 1968 3334 2038 μὴ
3368 1985 3549 2037 μετα-

1866 2066 2165 2135 νοήσητε,
2216 2066 2441 2133 πάντες
2484 2068 2699 2136 ὁμοίως
2735 2065 3083 2121 ἀπολεῖσθε.
3133 2064 3202 2121 Ἠ
3233 2060 3454 2116 ἐκεῖνοι
3494 2064 3549 2115 οί

1866 2163 2013 2218 δέκα
2057 2164 2156 2218 καί
2205 2162 2382 2230 ὀκτὼ,
2422 2162 2518 2232 ἐφ’
2567 2163 2676 2229 οὓς
2721 2164 2947 2217 ἔπεσεν
3000 2166 3033 2217 ὀ
3081 2163 3309 2232 πύργος
3353 2160 3426 2213 ἐν
3466 2156 3550 2224 τῷ

1870 2265 2103 2334 Σιλωὰμ
2142 2266 2242 2318 καὶ
2275 2266 2633 2319 ἀπέκτεινεν
2684 2264 2931 2331 αὐτοὺς,
2974 2263 3205 2318 δοκεῖτε
3242 2262 3331 2315 ὅτι
3374 2261 3547 2315 αὐτοὶ

1871 2360 2173 2430 ὀφειλέται
2208 2360 2488 2429 ἐγένοντο
2521 2362 2683 2432 παρὰ
2731 2360 2963 2427 πάντας
3006 2359 3149 2425 τοὺς
3194 2356 3547 2413 κατοικοῦν-

1872 2477 1977 2527 τας
2011 2458 2163 2533 [175]
2200 2460 2600 2531 Ἰερουσαλήμ
2612 2478 2629 2526 ;
2670 2462 2840 2531 Οὐχὶ,
2869 2460 3023 2529 λέγω
3055 2459 3220 2531 ὑμῖν,
3248 2460 3387 2513 ἀλλ’
3438 2458 3551 2512 ἐὰν

1864 2555 1950 2623 μὴ
1976 2554 2414 2624 μετανοήσητε,
2452 2552 2677 2621 πάντες
2706 2556 2992 2621 ὡσαύτως
3021 2554 3365 2609 ἀπολεῖσθε.
3397 2552 3548 2624 Αὕτη

1867 2658 1967 2729 τῆς
1993 2657 2262 2727 ἀναϐολῆς
2286 2659 2319 2729 η
2356 2656 2526 2711 αίτία.
2555 2657 2657 2711 Διά
2685 2657 2844 2711 τοῦτο
2864 2658 2989 2722 τοὺς
3014 2657 3123 2711 τῶν
3151 2655 3333 2710 αὐτῶν
3368 2655 3551 2719 ἀξίους

1867 2762 1968 2831 οὐχ
2022 2759 2159 2831 όμοῦ
2207 2760 2418 2824 πάντας
2464 2760 2715 2825 κολάζειν
2753 2760 2965 2828 εἴωθεν,
3018 2760 3105 2814 ἵνα
3144 2762 3193 2813 οί
3238 2760 3551 2829 λειπόμενοι

1870 2862 2113 2934 βελτίους
2145 2865 2268 2926 ταῖς
2304 2862 2531 2915 ἐκείνων
2569 2861 2837 2930 γένωνται
2868 2864 3197 2932 συμφοραῖς.
3234 2862 3347 2914 Καὶ
3376 2860 3551 2914 ταῦτα

1871 2963 1971 3033 μὲν
2009 2963 2139 3031 ἡμῖν
2188 2960 2363 3025 οὕτως
2411 2961 2770 3016 ἐπιλελύσθω.
2812 2962 2885 3014 Σὺ
2927 2961 2986 3015 δὲ
3035 2962 3167 3024 ἴσως
3212 2960 3309 3014 καὶ
3340 2959 3411 3013 τά
3454 2960 3551 3015 νῦν

1867 3057 2237 3129 προτιθέμενα
2282 3057 2489 3127 ζητεῖς,
2516 3057 2553 3111 ἃ
2586 3057 2767 3129 πολλῷ
2793 3057 2999 3113 τούτων
3026 3059 3172 3112 ἐστὶν
3198 3055 3547 3128 ἀπορώτερα.

1872 3156 2018 3226 Πλὴν
2060 3155 2200 3209 ἀλλά
2237 3156 2444 3209 τούτων
2478 3158 2611 3227 ἡμῖν
2649 3158 2793 3209 κατά
2822 3155 3051 3227 δύναμιν
3096 3156 3410 3225 γενομένων
3445 3172 3551 3225 φαε-

1868 3259 2062 3327 νερῶν,
2096 3261 2190 3314 καὶ
2218 3260 2320 3330 τῆς
2348 3259 2575 3313 ἐκείνων
2602 3258 2811 3323 λύσεως
2853 3253 3008 3329 οἶμαί
3036 3275 3160 3311 τινα
3209 3256 3554 3329 προκαταϐε-

1872 3360 2103 3432 ϐλῆσθαι
2148 3361 2239 3414 διὰ
2262 3360 2472 3414 τούτων
2497 3360 2698 3431 ἀρχήν.

1941 3514 2007 3569 Τί
2046 3510 2137 3569 οὖν
2165 3516 2313 3567 ἐστιν
2349 3514 2485 3585 ὅπερ
2546 3514 2807 3585 ἀπορεῖς;
2854 3512 2979 3565 Ὅτι
3026 3510 3217 3565 πολλοὶ
3265 3511 3431 3583 μέχρι
3460 3528 3553 3566 τε·

1868 3618 2063 3689 λευτῆς
2123 3619 2187 3671 ἐκ
2247 3616 2471 3687 πρώτης
2539 3614 2756 3686 ἡλικίας
2814 3614 3037 3678 πολλαῖς
3098 3614 3552 3686 προσεπάλαισαν

1870 3720 2199 3790 συμφοραῖς.
2233 3718 2376 3786 Ἐγὼ
2418 3717 2477 3772 δὲ
2518 3718 2613 3771 καὶ
2662 3718 2793 3789 περὶ
2839 3716 3046 3769 τούτων
3110 3716 3321 3786 εἴποιμι
3359 3716 3426 3768 ἂν
3454 3716 3552 3769 καὶ

1867 3821 1995 3890 στερί⁵
2024 3819 2133 3873 τῶν
2173 3820 2477 3892 προτέρων,
2514 3819 2595 3871 δτι
2631 3816 3057 3890 προηγουμένως
3090 3816 3191 3887 μέν
3226 3815 3316 3869 διά
3352 3814 3451 3887 την
3480 3817 3553 3868 οί-

1867 3921 2021 3974 κείαν
2070 3920 2268 3983 αὐτοὺς
2327 3918 2546 3984 κολάζει
2604 3918 2899 3990 πονηρίαν⁹
2948 3916 3140 3969 ἔπειτα
3189 3915 3246 3968 δέ
3301 3916 3391 3969 ἴνα
3454 3915 3551 3969 καὶ

1866 4021 2043 4091 ἐτεροι
2072 4020 2401 4093 κερδάνωσιν
2430 4021 2494 4072 ἐκ
2523 4018 2629 4071 τῶν
2662 4018 2869 4082 τούτοις
2905 4017 3306 4088 συμϐαινόντων
3336 4016 3547 4072 κακῶν.

1869 4122 1932 4175 Et
1965 4122 2022 4174 δὲ
2071 4122 2146 4192 μὴ
2176 4120 2268 4174 ἐπὶ
2306 4120 2523 4174 πάντων
2554 4118 2712 4172 τοῦτο
2738 4117 2968 4186 γίνεται,
2996 4115 3149 4171 οὔπω
3179 4116 3279 4187 τῆς
3313 4115 3551 4187 κρίσεως

1866 4222 1895 4273 ὁ
1930 4224 2142 4292 καιρός.
2180 4221 2247 4274 Τί
2284 4216 2400 4284 οὖν,
2436 4220 2622 4289 φησὶν,
2655 4219 2783 4272 ὃταν
2819 4218 2950 4290 πρὶν
2994 4217 3165 4271 ἐλθεῖν
3194 4218 3273 4280 είς
3303 4217 3403 4288 τὴν
3432 4216 3551 4288 ὴλι·

1866 4322 1990 4375 κίαν
2015 4322 2115 4393 τὴν
2147 4320 2547 4391 διαγνωστικὴν
2579 4319 2687 4372 τῶν
2712 4318 2889 4371 καλῶν
2912 4319 3008 4371 καὶ
3038 4317 3148 4371 τῶν
3173 4317 3235 4369 οὐ
3265 4316 3546 4379 τοιούτων,

1862 4422 1939 4485 ὡς
1985 4420 2198 4493 μεγάλα
2246 4419 2573 4490 ἠδικηκότες
2610 4420 2753 4481 τινὲς
2800 4418 3156 4483 κολάζονταις
3197 4416 3400 4469 Τούτου
3445 4415 3548 4487 μέν

1864 4522 1926 4574 οὐ
1964 4521 2062 4592 μία
2092 4519 2176 4583 τίς
2210 4521 2358 4572 ἐστιν
2394 4517 2565 4583 αίτία,
2598 4516 2736 4570 ἀλλά
2770 4516 2965 4570 πολλαὶ
3006 4517 3103 4571 καὶ
3139 4515 3407 4587 διάφοροι.
3438 4514 3547 4566 Kal

1866 4628 1976 4698 γὰρ
2003 4624 2153 4697 παρά
2201 4623 2296 4694 τὴν
2324 4623 2433 4677 τῶν
2474 4622 2892 4693 γεννησαμένων
2927 4620 3227 4693 ἀκρασίαν,
3264 4617 3357 4671 καὶ
3395 4616 3547 4689 παρά

1866 4734 1965 4805 τὴν
1997 4734 2106 4786 τῶν
2139 4731 2453 4802 θρεψάντων
2477 4730 2777 4801 ρᾳθυμίαν,
2806 4730 2900 4781 καὶ
2930 4727 3080 4797 παρά
3105 4726 3206 4795 τὴν
3227 4725 3335 4776 τῶν
3363 4723 3545 4792 ἀέρων

1867 4835 2183 4904 ἀνωμαλίαν
2209 4874 2223 4897 ,
2275 4834 2370 4885 καὶ
2409 4832 2557 4901 παρὰ
2595 4831 2762 4883 πολλά
2805 4830 2965 4901 ἕτερα
3011 4826 3241 4879 τοιαῦτα
3284 4822 3545 4895 συμπτώ-

1869 4952 2014 5005 ματα
2044 4934 2200 4987 τοῦτο
2240 4932 2436 5001 γένοιτ’
2473 4931 2559 4984 ἄν.
2594 4930 2737 5001 Πρὸς
2765 4930 2820 4981 δὲ
2851 4927 3065 4990 τούτοις
3099 4925 3332 4989 πολλοὺς
3366 4924 3545 4978 αὐτῶν

1862 5035 2001 5093 οἶδεν
2026 5038 2054 5089 ό
2076 5037 2207 5100 Θεὸς
2230 5034 2520 5106 ἐσομένους
2546 5032 2815 5105 πονηρούς
2833 5050 2845 5060 ·
2870 5028 2991 5085 εἶτα
3010 5031 3159 5084 ὥσπε
3168 5048 3199 5101 ρ
3222 5030 3335 5083 ’τισί⁸
3357 5027 3544 5090 πέδαις

1865 5133 2193 5207 προκατέχει
2217 5134 2338 5196 ταῖς
2366 5131 2661 5203 τιμωρίαις
2694 5130 2921 5193 ταύταις
2950 5127 3167 5191 αὐτούς.
3190 5128 3261 5180 Ἦ
3286 5126 3383 5196 ούχ
3411 5127 3544 5196 δρᾷς

1864 5234 1958 5287 καὶ
1986 5232 2093 5286 τῶν
2132 5231 2375 5286 ἐπαιτῶν
2407 5231 2636 5294 πολλοὺς
2668 5230 2762 5285 καὶ
2796 5231 2853 5282 ἐν
2889 5230 3026 5297 αὐτῇ
3057 5230 3119 5297 τῇ
3169 5224 3343 5293 θλίψει
3373 5224 3543 5295 μυρία

1864 5331 2269 5404 ἐργαζομένους
2311 5330 2481 5397 δεινά,
2509 5330 2569 5382 οὐ
2602 5327 2690 5381 διά
2716 5328 2813 5397 τὴν
2842 5325 3039 5393 θλῖψιν,
3068 5322 3188 5376 οὐδὲ
3216 5321 3305 5374 διά
3340 5320 3431 5373 τὸν
3464 5321 3545 5373 λι-

1868 5431 1991 5503 μὸν,
2031 5431 2170 5485 ἀλλά
2200 5430 2292 5485 διά
2324 5430 2425 5500 τὴν
2456 5426 2664 5482 οἰκείαν
2702 5426 2967 5494 πονηρίαν
3000 5422 3194 5492 μόνον;
3237 5417 3383 5487 Ἐγὼ
3433 5418 3545 5490 γάρ

1864 5530 2078 5599 ἤκουσά
2098 5546 2260 5583 τινων
2284 5527 2547 5596 λεγόντων
2578 5523 2727 5587 ποτὲ,
2753 5524 2834 5575 ὅτι
2860 5523 3095 5589 γυναῖκα
3129 5516 3422 5588 ἐλευθέραν
3451 5514 3547 5569 καὶ

1867 5627 2102 5697 κοσμίαν
2161 5624 2525 5685 ἀπολαϐόντες
2585 5620 2671 5673 ἐπ’
2718 5619 2953 5691 ἐρημίας
2998 5615 3313 5688 ἐνύϐρισαν.
3350 5612 3544 5666 Καίτοι

1866 5726 2027 5788 ποίας
2072 5724 2230 5779 τοῦτο
2257 5721 2521 5790 ἀνάγκης,
2559 5718 2721 5782 ποίας
2756 5716 2989 5786 θλίψεως
3027 5716 3223 5787 ἔργονς
3266 5712 3329 5764 Τί
3360 5710 3416 5763 δὲ
3443 5708 3546 5761 οὐκ

1866 5826 1931 5880 ἂν
1978 5826 2223 5900 ἔπραξαν
2270 5818 2414 5876 οὗτοι
2462 5818 2668 5885 δεινὸν,
2722 5819 2770 5871 εἰ
2825 5818 2901 5887 μὴ
2940 5813 3179 5881 τοσούτῳ
3229 5806 3545 5876 κατείχοντο

1866 5925 2084 5996 δεσμῷς
2120 5922 2241 5974 Τῶν
2269 5921 2327 5974 δὲ
2363 5918 2426 5971 τὸ
2465 5918 2839 5988 δεσμωτήριον
2875 5913 3165 5968 οἰκούντων
3206 5910 3305 5979 τὴν
3350 5905 3545 5976 μανίαν

1873 6028 1966 6080 καί
2011 6025 2105 6090 τὴν
2141 6023 2336 6076 λύτταν
2376 6022 2455 6084 τίς
2495 6019 2557 6073 ὃν
2594 6020 2805 6087 ἐνέγκοι
2839 6014 3068 6088 ῥαδίωςξ
3117 6008 3228 6064 Καὶ
3260 6009 3308 6062 οἱ
3350 6005 3545 6075 δαιμο-
