4490 6778
431 619 535 676 ηδ

426 730 496 783 do
518 742 757 783 memoro
796 744 913 798 qua:
942 737 1065 783 tunc
1102 736 1283 793 agunt,
1316 740 1435 779 cum
1464 740 1493 777 a
1519 724 1760 780 dmmone
1806 738 1999 793 appre-

429 820 747 886 henduntur,
777 818 869 876 sed
893 837 1010 891 qum
1039 829 1383 889 posteaquam
1422 816 1506 870 illa
1530 818 1735 871 vexatio
1761 830 2004 871 cessave-

426 911 515 964 rit.
575 910 703 966 Nam
759 922 812 967 et
859 912 1174 967 edacitatem
1205 917 1532 976 sequuntur,
1564 919 1617 964 et
1656 908 1921 972 furantur,
1951 916 2004 962 et

427 1000 772 1065 inebriantur,
802 1014 855 1055 et
885 1002 1107 1071 plurima
1141 996 1224 1051 his
1250 998 1406 1052 etiam
1435 1000 1665 1069 turpiora
1694 998 1999 1053 admittunt.

429 1090 665 1163 Denique
694 1094 832 1147 sicut
861 1090 1262 1143 malefactorum
1296 1089 1549 1158 plurimos
1580 1106 1851 1145 carcerem
1888 1088 2005 1143 diu-

426 1185 629 1238 tissime
657 1185 672 1215 ⁸
703 1182 937 1235 incolere
986 1179 1242 1246 permittit
1265 1180 1447 1246 judex,
1493 1182 1627 1234 adeo
1679 1190 1736 1234 ut
1781 1180 2006 1249 plerum-

426 1292 529 1346 que
562 1277 722 1327 vitam
753 1274 862 1326 illic
892 1272 1095 1334 ﬁniant,
1126 1280 1182 1323 ut
1208 1286 1326 1325 cum
1355 1287 1422 1327 ex
1454 1272 1637 1325 multis
1663 1272 1870 1340 aliquos
1910 1285 2006 1339 pu-

428 1367 526 1419 niri
556 1366 686 1427 vult,
716 1376 877 1415 unum
909 1376 971 1415 ex
1006 1362 1109 1415 illis
1135 1402 1150 1425 ,
1180 1372 1270 1416 aut
1298 1364 1454 1417 etiam
1486 1364 1623 1416 duos
1663 1360 2005 1415 eminentiori

428 1457 542 1509 loco
572 1463 811 1507 statuens
833 1492 848 1515 ,
879 1452 1344 1506 circumstantibus
1373 1453 1619 1506 omnibus
1643 1492 1657 1517 ,
1690 1452 1762 1504 ita
1793 1450 2005 1503 demum

426 1545 491 1597 ad
522 1553 743 1597 mortem
774 1542 893 1595 duci
937 1541 1200 1610 pra'cipit,
1230 1558 1398 1612 neque
1441 1542 1507 1596 ad
1540 1552 1801 1596 terrorem
1842 1549 2003 1593 cane-

430 1651 610 1691 rorum
669 1635 745 1687 sic
794 1634 962 1687 malos
1001 1647 1187 1686 ontues
1219 1635 1403 1699 punire
1450 1647 1669 1687 necesse
1700 1630 1858 1684 habet
1889 1647 1900 1680 :
1937 1630 2005 1683 ita

432 1727 572 1780 lleus
598 1740 807 1794 quoque
835 1740 955 1776 eum
976 1737 1074 1775 nos
1095 1723 1378 1776 emendare
1408 1723 1539 1786 vult,
1570 1737 1676 1775 non
1706 1733 1891 1773 omnes
1908 1734 2007 1771 una

430 1817 597 1870 malos
625 1817 812 1883 punire
840 1812 1200 1866 necessarium
1228 1814 1519 1876 existimat,
1552 1812 1645 1866 sed
1676 1812 1880 1880 aliquos
1926 1827 2009 1864 ra-

433 1908 582 1974 piens
605 1920 668 1957 ex
689 1904 765 1956 eis
790 1916 924 1971 quos
945 1916 1225 1968 numquam
1256 1902 1599 1971 corrigendos
1626 1902 1795 1963 novit,
1828 1911 2011 1968 poten-

432 2001 556 2052 tiam
585 2008 740 2065 atque
771 1996 902 2047 iram
932 1994 1160 2047 ostendit
1186 2010 1368 2058 suam,
1399 1994 1624 2063 plurima
1649 2008 1715 2046 ex
1742 1992 1842 2046 hoc
1868 1993 2008 2047 utilia

432 2089 737 2159 perﬁciens.
777 2085 982 2153 Quippe
1023 2094 1077 2138 et
1105 2086 1269 2139 malos
1299 2085 1363 2139 ad
1391 2082 1703 2147 deserenda,
1745 2083 1787 2137 si
1815 2084 2005 2145 velint,

431 2179 556 2231 vitia
585 2177 853 2239 hortatur,
881 2185 936 2229 et
959 2175 1124 2230 bonos
1151 2178 1414 2230 cautiores
1444 2174 1639 2239 efficit,
1671 2183 1724 2228 et
1771 2175 2006 2243 longani-

434 2270 669 2323 mitatcm
691 2266 923 2321 ostendit
951 2280 1120 2332 suam,
1149 2265 1657 2334 resurrectionisque
1685 2264 2007 2328 doctrinam,

434 2370 493 2413 ut
534 2367 656 2411 ante
698 2356 949 2421 diximus,
979 2357 1225 2411 omnibus
1255 2356 1506 2410 insinuat.
1551 2354 1685 2421 Quid
1716 2369 1841 2423 ergo
1868 2353 2013 2419 haec,

439 2450 665 2518 inquies,
699 2449 764 2502 ad
794 2464 908 2514 eos,
930 2449 1019 2518 qui
1049 2465 1077 2503 a
1107 2449 1272 2517 prima
1296 2447 1512 2502 infantia
1541 2446 1723 2501 nutriti
1776 2446 1828 2500 in
1875 2446 2018 2500 cala-

434 2540 734 2604 mitatibus,
766 2540 1067 2609 priusquam
1098 2540 1234 2593 bona
1270 2540 1350 2592 vel
1382 2540 1517 2593 mala
1551 2554 1646 2609 per
1670 2547 1878 2592 mtatem
1904 2538 2015 2592 dis-

433 2644 654 2682 cernere
692 2629 915 2697 possint,
944 2643 976 2682 e
1006 2629 1110 2682 vita
1133 2627 1398 2697 migrant?
1420 2628 1621 2697 thuid
1649 2628 1794 2695 mali,
1814 2641 2012 2697 quasso,

434 2720 520 2773 isti
552 2720 838 2787 patiuntur,
866 2719 955 2787 qui
992 2719 1218 2773 necdum
1265 2717 1391 2787 quid
1446 2719 1707 2785 patiantur
1760 2717 2010 2777 sentiunt,

435 2826 606 2878 neque
631 2810 811 2863 dolere
848 2820 936 2862 aut
975 2809 1206 2877 gaudere
1231 2808 1563 2862 didicerunt?
1589 2808 1699 2877 Ego
1734 2823 1860 2861 vero
1908 2822 2012 2861 non

436 2898 538 2953 hoc
579 2900 747 2952 solum
780 2915 875 2968 pro
901 2898 1201 2967 bujusmodi
1231 2898 1483 2953 solvenda
1527 2899 1817 2967 quaestione
1866 2897 2016 2952 dixe-

442 2988 565 3053 rim,
592 3005 773 3043 verum
802 2998 1044 3057 parentes
1074 2990 1215 3058 ipsos
1240 2989 1401 3042 etiam
1432 2999 1483 3044 et
1508 2989 1696 3043 fratres
1727 2996 1779 3042 et
1801 2988 2016 3057 propin-

436 3094 574 3149 quos
604 3078 905 3148 hujnsmodi
934 3079 1219 3133 liberorum
1249 3079 1488 3133 cladibus
1513 3078 1823 3133 emendatos
1865 3075 2012 3131 novi.

439 3172 492 3225 Id
516 3186 641 3225 vero
667 3185 769 3224 non
799 3170 1000 3223 minimi
1026 3169 1157 3223 lucri
1182 3178 1281 3232 est,
1311 3184 1378 3222 ex
1402 3169 1487 3234 iis,
1524 3170 1716 3237 quibus
1741 3181 1898 3221 nemo
1925 3166 2017 3219 Ite-

437 3264 599 3327 ditur,
630 3263 762 3315 alios
790 3262 1070 3315 maximam
1097 3262 1377 3314 utilitatem
1406 3260 1680 3329 consequi.
1711 3258 2011 3313 Verisimile

436 3362 613 3406 autem
658 3360 740 3406 est
776 3351 995 3405 etaliam
1039 3364 1160 3405 esse
1195 3364 1408 3404 causam
1452 3349 1816 3414 secretiorem,
1857 3364 2015 3418 quam

441 3444 592 3497 solus
618 3442 763 3495 novit
791 3458 966 3495 rerqu
990 3442 1165 3509 epifex
1187 3440 1351 3494 Deus.

508 3533 564 3587 9.
604 3532 708 3586 Cur
748 3542 856 3600 post
888 3532 1201 3601 aﬂlictiouem
1244 3530 1452 3597 quidam
1482 3539 1701 3598 peccent.
1724 3558 1794 3569 —
1839 3528 2013 3584 Unum

441 3625 701 3694 reliquum
722 3633 805 3678 est
832 3620 1222 3691 explicandum,
1240 3636 1400 3690 quam
1417 3622 1619 3675 scilicet
1638 3621 1706 3674 ob
1720 3635 1933 3674 causam
1957 3621 2012 3687 ii,

438 3717 528 3785 qui
584 3724 728 3770 recte
775 3715 1078 3784 priusquam
1132 3722 1460 3767 teutarentur
1511 3712 1845 3779 incedebant,
1894 3722 2017 3782 post

440 3807 786 3861 tentatiouem
812 3806 942 3876 lapsi
968 3805 1092 3859 sint.
1121 3803 1271 3871 Quis,
1298 3817 1395 3858 oro
1414 3843 1429 3869 ,
1451 3802 1606 3872 plane
1631 3803 1777 3857 novit
1804 3803 1892 3873 qui
1924 3818 2012 3858 re-

443 3896 531 3941 cte
561 3888 837 3951 incedant,
862 3888 966 3941 nisi
985 3887 1077 3955 qui
1108 3886 1273 3941 corda
1298 3895 1484 3941 nostra
1512 3890 1724 3958 singula
1746 3888 1920 3953 finxit,
1946 3888 2028 3944 in-

443 3980 751 4049 telligitque
774 3981 959 4033 omnia
976 3995 1141 4050 opera
1164 3988 1351 4035 nostra
1381 3980 1495 4050 (Ps.
1520 3981 1610 4035 '52.
1632 3980 1717 4043 l5)
1733 3982 1757 4035 ?
1775 3979 1864 4035 Fit
1878 3980 2023 4036 enim

440 4072 662 4140 saepius,
683 4078 741 4123 ut
762 4071 985 4143 plurimi
1002 4088 1069 4126 ex
1088 4071 1155 4126 iis
1176 4072 1268 4141 qui
1288 4071 1415 4125 boni
1437 4087 1557 4127 esse
1574 4072 1851 4131 videntur.
1876 4071 2027 4141 pejo-

440 4175 528 4215 res
555 4160 813 4215 omuibus
835 4161 981 4227 sint;
1006 4170 1171 4231 atque
1199 4160 1252 4215 id
1275 4162 1498 4231 quidem
1526 4170 1581 4218 et
1607 4162 1661 4217 in
1690 4162 1791 4219 hoc
1821 4162 2027 4219 saeculo

440 4249 889 4320 deprehenditur,
907 4252 1001 4307 sed
1020 4253 1074 4306 in
1099 4253 1379 4308 nonnullis
1394 4269 1528 4308 casu
1548 4254 1734 4324 aliquo
1755 4269 1819 4307 ac
1841 4269 2029 4309 neces-

439 4343 601 4398 sitate
624 4343 935 4412 ingruente.
954 4344 1090 4399 Cum
1111 4360 1240 4399 vero
1263 4345 1309 4400 is
1339 4344 1432 4415 qui
1449 4344 1616 4399 corda
1646 4352 1701 4399 et
1720 4359 1878 4399 renes
1897 4359 2025 4412 pro-

442 4435 555 4497 bat,
587 4436 745 4491 vivus
766 4446 821 4491 et
838 4436 1051 4500 ellicax,
1071 4445 1128 4493 et
1153 4438 1365 4492 acutior
1387 4438 1536 4491 omni
1564 4437 1746 4507 gladio
1771 4436 2021 4505 ancipiti,

457 4528 770 4597 pertingens
803 4544 975 4597 usque
1005 4528 1072 4582 ad
1107 4528 1428 4584 divisionem
1460 4530 1652 4582 anima:
1671 4536 1725 4584 et
1753 4530 2019 4598 corporis,

451 4630 666 4673 artuum
689 4630 744 4673 et
758 4621 1141 4687 medullarum,
1162 4623 1431 4677 discretor
1452 4622 1842 4693 cogitationum
1873 4630 1927 4677 et
1947 4623 2024 4676 in-

446 4712 749 4767 tentionum
774 4710 958 4775 (Hebr.
985 4714 1038 4766 4.
1070 4714 1177 4776 12).
1204 4714 1464 4778 judicans
1489 4714 1712 4775 sederit,
1730 4720 1862 4767 tunc
1888 4728 2024 4770 vero

441 4801 546 4838 non
578 4800 770 4854 paucos
798 4800 862 4839 ex
893 4786 1153 4853 pluribus,
1181 4792 1276 4845 sed
1306 4807 1492 4848 omnes
1525 4804 1708 4866 aperte
1756 4798 1963 4854 videbis
1993 4816 2007 4852 :

440 4891 610 4943 neque
639 4885 759 4929 tunc
782 4877 933 4930 ovina
962 4878 1113 4945 pellis
1144 4879 1347 4949 lupum,
1382 4900 1553 4955 neque
1600 4890 1827 4959 sepulcri
1866 4892 2011 4947 deal-

438 4964 582 5019 batio
610 4966 863 5020 interuatn
891 4966 1307 5037 inquinatiouem
1338 4976 1610 5032 occultare
1639 4982 1852 5048 poterit.
1884 4983 2012 5037 Nul-

438 5052 485 5106 la
519 5056 659 5108 enim
685 5066 924 5111 creatura
967 5067 1048 5112 est
1076 5058 1353 5116 invisibilis
1396 5077 1573 5120 coram
1620 5084 1705 5133 eo,
1744 5074 1832 5140 qui
1882 5082 2009 5129 tunc

436 5141 764 5212 iudicaturus
793 5156 894 5212 est,
922 5147 1012 5202 sed
1053 5148 1189 5203 nuda
1218 5158 1271 5204 et
1298 5160 1479 5221 aperta
1522 5166 1645 5210 sunt
1669 5162 1844 5216 omnia
1874 5178 2005 5217 ocu-

436 5233 500 5286 lis
526 5236 640 5304 ejus
664 5255 677 5289 :
709 5238 850 5308 quod
884 5240 1076 5295 Paulus
1105 5240 1297 5297 indicat
1321 5257 1440 5298 cum
1469 5244 1755 5306 Corinthiis
1781 5255 2000 5308 scribit:

432 5322 616 5394 Itaque
650 5332 806 5384 nolite
841 5342 958 5386 ante
989 5342 1180 5401 tempus
1212 5334 1474 5405 quicquam
1517 5338 1768 5407 judicare,
1806 5346 2004 5411 quoad-

431 5430 585 5481 usque
603 5422 766 5473 veniat
786 5420 1054 5487 Dominus,
1073 5425 1159 5494 qui
1177 5434 1221 5478 et
1241 5426 1537 5482 illuminabit
1552 5430 1842 5485 abscondita
1868 5444 2001 5487 lene-

428 5505 651 5595 lu'arum,
684 5519 732 5561 et
750 5514 1089 5584 manifestabit
1110 5517 1322 5571 consilia
1341 5520 1569 5575 cordium
1595 5521 1668 5595 (Ι.
1697 5522 1815 5577 Cor.
1842 5525 1895 5579 4.
1918 5526 1997 5592 5).

428 5592 497 5648 Ut
526 5606 721 5661 autem,
756 5602 1048 5673 hypocritis
1072 5610 1283 5664 omissis
1301 5650 1315 5675 ,
1347 5612 1412 5666 ad
1439 5629 1532 5668 eos
1560 5592 1769 5671 tandem
1798 5619 1886 5689 qui
1914 5635 1998 5674 re-

426 5697 511 5740 cte
552 5702 736 5742 revera
778 5693 1347 5764 ineeduutveuiamus,
1403 5704 1541 5759 unde
1594 5708 1748 5763 nobis
1796 5721 2003 5766 constat

426 5777 590 5846 quod,
618 5779 826 5835 etiamsi
872 5784 1012 5843 bona
1042 5792 1239 5862 reliqua
1270 5792 1491 5863 egerint,
1524 5810 1789 5853 summum
1823 5810 1999 5858 tamen

426 5870 661 5923 oumium
693 5870 945 5928 virtutum
978 5882 1212 5951 culmen,
1250 5884 1629 5949 humilitatem,
1661 5904 1765 5943 non
1816 5894 1998 5962 negle-

490 5987 506 6015 ³
548 5996 661 6045 \ex,
686 5983 966 6046 dimissum,
986 6004 1033 6038 tn
1057 5993 1187 6043 Colh.
1216 6007 1265 6047 et
1288 6000 1423 6049 savii.
1450 6000 1604 6051 deest.

1273 615 1361 669 AD
1399 611 1769 669 STAGIRIUM
1810 613 1852 666 Α
1893 608 2191 668 ΒᾹἉῙΟΝΕ
2231 611 2587 668 VEXATUM.
2628 611 2754 666 LIB.
2797 611 2835 665 Ι.

3584 611 3691 667 ιισ

2110 726 2325 779 xerint?
2360 724 2561 779 Idcirco
2584 732 2761 778 autem
2788 722 2985 777 dimisit
3028 723 3148 777 illos
3177 723 3315 777 Deus
3334 764 3349 788 ,
3378 731 3436 777 ut
3484 722 3691 780 discant

2109 816 2197 870 illa
2226 832 2285 870 se
2311 832 2417 869 non
2443 818 2651 884 propria
2684 815 2896 877 virtute,
2930 815 3019 868 sed
3050 814 3139 868 Dei
3170 814 3336 883 gratia
3357 814 3686 883 praestitisse.

2106 906 2257 972 Quod
2283 907 2325 960 si
2358 906 2497 960 dicat
2525 906 2643 975 quis
2682 905 2875 959 melius
2902 904 3061 959 fuisse
3092 905 3211 958 illos
3251 921 3369 957 cum
3399 914 3543 960 recte
3567 921 3687 976 age-

2109 1007 2230 1053 rent
2256 997 2459 1059 cxtolli,
2486 1014 2641 1067 quam
2672 1008 2792 1068 post
2823 997 3022 1065 lapsum
3050 996 3333 1055 humiliari.
3359 997 3402 1049 is
3430 997 3555 1050 mihi
3576 1011 3690 1051 mae

2108 1091 2249 1145 xime
2271 1089 2479 1142 videtur
2499 1089 2767 1158 iactantia:
2809 1087 3120 1142 detrimenta
3164 1096 3324 1156 atque
3379 1087 3692 1141 humilitatis

2110 1178 2252 1234 lucra
2276 1180 2538 1248 ignorare.
2571 1178 2717 1234 Nosti
2744 1178 2886 1233 enim
2910 1179 3062 1247 plane
3090 1180 3357 1232 hominem
3380 1186 3690 1247 arroganter

2109 1269 2243 1323 bona
2273 1278 2601 1337 operantem,
2630 1271 2673 1324 si
2697 1279 2873 1322 tamen
2906 1268 3039 1321 bona
3085 1268 3255 1323 facere
3279 1283 3534 1337 arrogans
3564 1282 3692 1337 pos-

2110 1358 2197 1420 sit,
2230 1358 2616 1429 quamprimum
2642 1360 2694 1412 in
2726 1373 2989 1412 summam
3017 1358 3300 1426 perniciem
3318 1358 3613 1425 lapsuram.
3644 1355 3693 1410 Is

2111 1464 2235 1501 vero
2262 1450 2349 1516 qui
2379 1448 2478 1499 labi
2503 1450 2787 1516 permissus
2812 1448 3005 1513 fuerit,
3039 1457 3196 1515 atque
3221 1464 3283 1500 ex
3327 1448 3480 1502 ruina
3511 1447 3689 1501 humi-

2112 1538 2225 1591 liari
2253 1538 2518 1603 didicerit,
2550 1549 2809 1609 resurget,
2843 1555 2907 1594 ac
2926 1540 2969 1593 si
3000 1539 3212 1609 quidem
3236 1538 3482 1603 Voluerit,
3512 1539 3693 1607 lapsus

2110 1628 2190 1681 sui
2219 1629 2409 1680 damna
2438 1629 2543 1681 cito
2570 1630 2851 1698 reparabit.
2910 1630 3075 1683 Porro
3107 1629 3149 1682 is
3177 1628 3267 1698 qui
3293 1643 3414 1681 cum
3437 1628 3689 1696 jactantia

2111 1727 2257 1772 recte
2291 1727 2502 1786 putatur
2527 1721 2772 1789 operari,
2810 1721 2937 1774 nihil
2968 1722 3172 1790 patiens
3197 1720 3407 1775 adversi
3430 1761 3443 1780 .
3474 1735 3542 1773 ue
3568 1734 3695 1772 seu-

2111 1822 2228 1861 sum
2271 1807 2484 1877 quidem
2515 1809 2679 1862 ullum
2719 1811 2944 1878 propria:
2976 1810 3264 1879 iniquitatis
3307 1809 3525 1879 recipiet
3572 1825 3694 1863 um-

2111 1914 2268 1968 quam
2290 1940 2303 1964 ,
2338 1898 2432 1952 sed
2460 1900 2672 1968 augebit
2700 1900 2895 1952 malum
2918 1940 2932 1965 ,
2956 1908 3114 1967 atque
3143 1900 3265 1953 dum
3295 1901 3533 1964 nesciet,
3566 1898 3692 1952 hinc

2112 2006 2309 2044 vacuus
2348 1990 2714 2061 proﬁciscetur
2742 2008 2755 2042 :
2788 1991 2943 2045 sicuti
2986 1990 3286 2045 Pharismus
3314 1990 3404 2044 ille
3429 1989 3575 2061 (Luc.
3603 1991 3691 2055 l8,

2115 2082 2204 2151 10)
2232 2084 2319 2152 qui
2350 2083 2589 2137 ascendit
2615 2083 2668 2135 in
2695 2082 2971 2149 templum,
2989 2091 3176 2151 putans
3199 2096 3259 2135 se
3283 2080 3698 2135 bouisomuibus

2114 2189 2234 2228 esse
2253 2174 2867 2245 locupletem,desceudit
2884 2191 3011 2228 vero
3029 2174 3310 2243 publicano
3329 2172 3696 2243 pauperiorem

2117 2266 2320 2319 meritis
2353 2282 2410 2319 se
2439 2282 2557 2320 esse
2581 2267 2895 2335 percipiens.
2928 2265 3023 2319 Est
3066 2276 3116 2319 et
3146 2265 3247 2319 alia
3277 2264 3482 2331 species
3509 2262 3697 2333 pestis,

2118 2372 2235 2426 quae
2261 2357 2542 2425 plurituum
2569 2358 2775 2410 roboris
2806 2358 2961 2410 habet
2999 2356 3065 2409 ad
3092 2354 3397 2410 evacuanda
3420 2353 3558 2408 bona
3602 2369 3697 2406 ηυ-

2120 2456 2247 2509 stra,
2300 2461 2418 2514 quae
2458 2454 2605 2499 muto
2656 2446 2848 2499 sudore
2891 2445 3223 2513 colligimus,
3265 2453 3452 2497 ventus
3495 2443 3699 2498 scilicet

2120 2535 2295 2589 inanis
2338 2535 2539 2605 glorize.
2567 2533 2698 2589 Nam
2728 2550 2910 2589 revera
2943 2534 3083 2587 venti
3127 2534 3291 2586 instar
3320 2534 3551 2603 ingressa
3583 2530 3699 2587 the-

2119 2645 2307 2683 sauros
2333 2644 2521 2684 omnes
2550 2630 2762 2683 virtutis
2793 2628 3056 2681 exsulllat.
3106 2626 3184 2681 Eu
3212 2637 3267 2680 et
3291 2625 3522 2680 secunda
3547 2625 3703 2681 nobis

2117 2720 2329 2774 occasio
2358 2719 2539 2788 lapsus
2564 2727 2708 2773 recte
2733 2718 3108 2788 gradientium,
3141 2726 3195 2771 ut
3224 2727 3280 2771 tu
3306 2716 3540 2771 dicebas.
3569 2715 3700 2770 Plu-

2117 2810 2239 2863 rimi
2264 2811 2405 2863 enim
2428 2826 2495 2865 ex
2528 2811 2593 2865 iis
2621 2812 2709 2879 qui
2750 2810 2890 2881 apud
2918 2825 3017 2863 nos
3044 2810 3284 2879 ingentes
3326 2808 3569 2863 videntur
3596 2808 3703 2863 vir-

2119 2900 2244 2953 tutis
2267 2914 2424 2954 causa
2450 2900 2703 2955 tolerasse
2730 2900 2963 2965 labores,
2988 2915 3050 2953 ac
3078 2914 3261 2953 revera
3295 2898 3546 2964 tolerant,
3576 2912 3700 2953 cum

2118 2991 2294 3044 omnia
2317 2990 2383 3043 ad
2415 2991 2669 3045 honorem
2695 2991 2987 3053 hominum,
3019 3006 3122 3043 non
3156 3005 3249 3057 pro
3283 2990 3371 3043 Dei
3402 2990 3588 3059 gloria,
3614 2988 3701 3042 fa-

2117 3091 2319 3141 cerent,
2354 3082 2593 3150 permissi
2615 3092 2735 3133 sunt
2760 3081 2812 3134 iu
2844 3081 3187 3135 tentatiouem
3224 3080 3345 3141 labi,
3373 3088 3431 3132 ut
3457 3080 3703 3132 multitu-

2119 3172 2259 3225 dinis
2281 3172 2446 3241 gloria
2485 3172 2687 3236 nudati,
2718 3181 2935 3240 propter
2973 3186 3130 3239 quam
3160 3170 3481 3224 detrimenta
3520 3168 3701 3224 omnia

2120 3263 2357 3333 perpessi
2385 3273 2527 3328 sunt,
2557 3266 2776 3333 ejusque
2817 3262 2999 3332 gloria:
3031 3271 3271 3315 naturam
3303 3261 3353 3314 in
3388 3260 3531 3315 nullo
3569 3260 3702 3314 flore

2120 3353 2244 3407 faeni
2268 3369 2387 3408 esse
2416 3354 2689 3408 meliorem
2717 3352 3070 3416 addiscentes,
3098 3353 3206 3421 jam
3237 3352 3343 3406 Deo
3365 3352 3465 3404 snli
3488 3359 3698 3414 vacent,

2117 3452 2275 3513 atque
2302 3444 2465 3511 ipsius
2485 3458 2642 3499 causa
2672 3442 2863 3496 faciant
2906 3442 3103 3495 omnia.
3151 3441 3286 3495 Sunt
3338 3449 3596 3509 praeterea
3639 3449 3701 3494 et

2117 3533 2232 3588 alia:
2262 3548 2435 3588 causm
2462 3543 2620 3603 atque
2642 3533 2893 3598 rationes,
2917 3541 2967 3585 et
2984 3531 3196 3599 quidem
3220 3531 3375 3600 longe
3393 3530 3477 3585 his
3494 3532 3697 3600 plures,

2118 3633 2386 3689 caeterum,
2413 3634 2472 3679 ut
2492 3625 2621 3687 dixi,
2648 3626 2799 3678 nobis
2817 3625 3119 3693 incognita‘,
3148 3623 3241 3677 sed
3263 3624 3501 3677 omnium
3519 3622 3699 3692 opifici

2120 3716 2231 3771 Deo
2246 3716 2381 3771 bene
2406 3726 2565 3770 noue.
2599 3716 2675 3770 Ne
2702 3717 2862 3786 igitur
2887 3716 2936 3769 in
2980 3716 3043 3769 iis
3072 3731 3189 3786 qua:
3212 3715 3523 3785 contingunt
3565 3714 3705 3768 iudi-

2115 3821 2358 3875 gnemur,
2387 3805 2481 3860 sed
2511 3807 2706 3876 gratias
2736 3821 2954 3875 agamus
2987 3822 3000 3857 :
3043 3804 3144 3859 hoc
3170 3806 3310 3858 enim
3338 3815 3610 3874 gratorum
3642 3805 3701 3858 fi-

2115 3895 2422 3966 deliumque
2450 3911 2724 3951 servorum
2762 3905 2863 3951 est.
2907 3897 2974 3949 At
3000 3911 3131 3949 vero
3158 3904 3211 3948 tu
3232 3938 3247 3961 ,
3272 3895 3396 3948 dum
3420 3895 3699 3949 admiraris

2112 4002 2208 4040 cur
2228 4001 2330 4040 non
2360 3994 2514 4039 antea
2542 3988 2731 4055 potius,
2768 4000 2889 4038 cum
2920 3985 3146 4039 delicate
3170 3984 3377 4038 viveres
3416 3991 3576 4054 atque
3607 3984 3697 4038 illa

2114 4076 2294 4131 szeculi
2334 4091 2523 4146 pompa
2571 4076 2794 4144 stipatus
2843 4076 3137 4139 inccderes,
3164 4075 3255 4130 sed
3305 4093 3444 4129 nunc
3480 4076 3693 4144 quando

2115 4166 2352 4236 abiecisti
2384 4166 2470 4220 illa
2502 4167 2699 4230 omnia,
2729 4180 2791 4220 ac
2821 4167 3043 4236 teipsum
3077 4174 3242 4220 totum
3270 4167 3377 4221 Deo
3404 4166 3693 4230 devovisti,

2117 4256 2379 4323 pessimus
2408 4267 2459 4309 te
2485 4256 2572 4310 ille
2601 4255 2806 4309 daemon
2836 4257 3045 4320 invasit,
3078 4257 3215 4311 idem
3244 4272 3460 4325 prorsus
3488 4257 3615 4310 facis
3636 4271 3701 4312 ac

2115 4346 2159 4399 si
2187 4345 2467 4399 admireris
2494 4361 2589 4397 cur
2618 4346 3006 4413 spectatoribus
3030 4348 3203 4399 nullus
3248 4348 3502 4399 molestus
3530 4354 3693 4408 esset,

2110 4437 2204 4491 sed
2236 4438 2323 4505 qui
2354 4437 2404 4488 in
2433 4437 2665 4505 pugilum
2690 4451 2912 4490 numero
2939 4437 3237 4506 adscriptus
3263 4440 3696 4508 exercitatusque

2109 4527 2160 4581 in
2188 4538 2457 4581 certamen
2482 4527 2865 4595 de.~ceudisset,
2899 4528 3041 4583 hunc
3095 4530 3269 4583 solum
3325 4548 3389 4585 ex
3438 4532 3689 4587 omnibus

2108 4617 2421 4672 colluctator
2488 4628 2761 4687 expeteret
2790 4660 2804 4683 ,
2857 4620 3162 4690 percutiens
3200 4632 3354 4691 caput
3400 4622 3694 4693 faciemque

2110 4710 2415 4764 concidens.
2464 4710 2579 4764 Non
2609 4711 2709 4765 hoc
2736 4726 2866 4781 ergo
2910 4721 2999 4764 aut
3037 4714 3291 4766 miraculo
3320 4722 3409 4765 aut
3455 4729 3690 4767 maerore

2110 4801 2327 4871 dignum
2355 4811 2454 4865 est,
2484 4802 2527 4857 si
2563 4817 2658 4856 nos
2687 4804 2773 4857 ille
2802 4804 2941 4871 pugil
2972 4802 3188 4855 adortus
3218 4803 3413 4872 premit
3433 4815 3486 4857 et
3514 4815 3690 4874 urget,

2111 4893 2308 4961 quippe
2347 4894 2443 4945 ista
2475 4901 2555 4946 est
2581 4894 2918 4961 pugnantium
2965 4892 3049 4944 lex
3083 4910 3095 4944 :
3128 4908 3313 4946 verum
3359 4894 3402 4947 si
3433 4894 3522 4950 ille
3553 4896 3691 4965 deji-

2109 4984 2213 5037 ciat
2240 4991 2395 5050 atque
2425 4990 2756 5051 prosternat,
2780 4998 2840 5037 ac
2872 4984 3087 5052 przcmia
3112 4984 3355 5038 laborum
3385 4986 3554 5053 tollat,
3589 4988 3691 5041 hoc

2109 5089 2267 5143 grave
2305 5084 2405 5127 est.
2434 5073 2696 5139 Quamdiu
2728 5090 2855 5129 vero
2895 5092 2999 5128 non
3035 5078 3303 5145 praavalet,
3354 5093 3459 5133 non
3515 5079 3686 5132 soltnu

2112 5164 2263 5217 nobis
2291 5163 2419 5217 nihil
2454 5166 2653 5228 nocuit,
2709 5166 2803 5220 sed
2852 5165 3049 5236 profuit
3091 5167 3397 5237 plurimum,
3439 5168 3689 5223 confliCtu

2112 5256 2202 5309 illo
2224 5271 2323 5310 suo
2350 5270 2556 5311 summa
2585 5259 2737 5313 nobis
2768 5268 3077 5314 ornamenta
3105 5261 3415 5314 concilians.
3448 5258 3691 5329 Namque

2108 5356 2163 5403 et
2188 5347 2239 5402 iu
2266 5351 2457 5405 castris
2493 5351 2579 5405 ille
2606 5362 2861 5419 praestare
2887 5352 3096 5406 caeteris
3137 5363 3382 5422 putatur,
3406 5350 3497 5421 qui
3532 5353 3682 5420 plura

2104 5439 2329 5497 vulnera
2361 5458 2468 5513 prae
2492 5457 2550 5496 se
2580 5445 2715 5497 ferre
2754 5452 2947 5513 potest,
2975 5459 3036 5497 ac
3076 5443 3358 5513 singularia
3389 5443 3685 5497 certamina

2106 5532 2361 5591 adversus
2386 5535 2648 5605 quoslibet
2673 5534 2900 5587 hostium
2922 5532 3238 5587 fortissimos
3262 5533 3554 5602 suscipere.
3578 5534 3683 5589 Eos

2107 5628 2287 5685 itidem
2312 5627 2533 5681 athletas
2560 5627 2788 5680 maxime
2810 5626 3186 5697 miramur,qui
3212 5642 3332 5682 cum
3360 5629 3688 5701 inexpugna-

2107 5722 2301 5776 bilibus
2339 5720 2437 5786 (sic
2482 5718 2625 5772 enim
2662 5718 2931 5788 appellant
2973 5722 3417 5778 contentiosiores
3444 5737 3685 5792 quosque

2107 5811 2469 5883 antagonistas
2495 5811 2513 5880 )
2540 5810 2763 5865 viriliter
2788 5812 3223 5881 congrediuntur.
3253 5813 3357 5869 Sed
3388 5822 3441 5868 et
3469 5822 3688 5867 venator

2108 5904 2195 5959 ille
2222 5901 2451 5956 maxime
2475 5902 2769 5971 praecellit,
2798 5904 2889 5974 qui
2922 5902 3278 5961 ferocissimas
3306 5904 3504 5957 belluas
3532 5903 3685 5958 exci-

2107 5998 2200 6066 pit.
2253 5993 2535 6064 Impudeus
2564 6004 2645 6049 est
2684 6006 2841 6065 atque
2873 5996 3261 6067 imperterritus
3313 5996 3398 6050 hic
3433 5994 3686 6050 dmition:
