4490 6722
859 543 961 600 ινιτ

868 664 925 707 at
940 668 1040 723 ego
1058 667 1337 725 propterea
1357 664 1406 711 te
1428 654 1605 711 mirari
1623 669 1684 708 ac
1704 662 1920 722 stupere
1942 669 2046 707 non
2081 654 2288 718 desino,
2307 649 2448 720 quod

861 744 1166 815 hujusmodi
1210 744 1572 800 adversarium
1611 752 1795 798 nactus
1821 751 1927 795 tam
1960 744 2246 797 violentum
2272 741 2451 809 lapsus

861 851 965 887 non
984 849 1062 898 es,
1080 849 1253 904 neque
1268 834 1322 889 in
1336 835 1655 890 deditionem
1675 832 1854 885 venire
1872 831 2133 897 tolerasti,
2154 829 2245 885 sed
2266 830 2451 883 ﬁrmus

860 927 1171 995 perstitisti,
1217 928 1357 981 nulla
1404 942 1471 982 ex
1518 934 1663 995 parte
1702 922 1844 976 illius
1870 922 2189 992 improbitati
2228 919 2445 974 cedens.

932 1016 1024 1072 10.
1066 1018 1235 1073 Porro
1274 1017 1413 1088 quod
1461 1030 1565 1070 non
1613 1013 1921 1068 assentandi
1965 1013 2141 1066 studio
2182 1024 2321 1065 nunc
2348 1008 2451 1063 ista

860 1107 1071 1179 loquar,
1095 1109 1186 1164 sed
1204 1108 1343 1178 quod
1364 1122 1487 1162 vere
1504 1105 1731 1160 maxima
1758 1119 1826 1160 ex
1847 1103 2145 1174 hujusmodi
2168 1100 2452 1154 amictioue

862 1200 1072 1267 ceperis
1102 1200 1480 1262 emolumenta,
1526 1206 1734 1268 patere,
1762 1211 1966 1267 quaeso,
1994 1211 2093 1249 nos
2120 1194 2303 1247 fiducia
2337 1200 2453 1244 tau-

864 1290 1029 1356 tisper
1052 1290 1103 1343 in
1148 1289 1417 1360 loquendo
1440 1291 1513 1344 uti
1545 1307 1559 1344 :
1587 1305 1758 1360 neque
1801 1290 1942 1344 enini
1980 1288 2132 1340 aliter
2177 1284 2332 1351 hujus
2371 1281 2452 1337 rei

860 1380 1177 1434 documenta
1225 1380 1419 1436 afferre
1461 1395 1693 1451 possem.
1742 1380 1890 1434 Nosti
1930 1393 2057 1433 sane
2100 1391 2161 1431 ac
2193 1374 2450 1429 memoria

866 1481 1017 1526 tenes
1038 1473 1271 1543 priorem
1294 1482 1437 1528 tuam
1464 1476 1942 1533 conversationem,
1976 1485 2079 1539 qua
2109 1478 2231 1522 ante
2263 1466 2450 1536 hujus-

866 1563 1011 1617 modi
1058 1566 1401 1619 tentationcm
1444 1565 1692 1634 degebas.
1732 1563 1877 1616 llauc
1909 1563 2085 1630 itaque
2118 1560 2278 1614 velim
2326 1557 2451 1612 dili-

861 1664 1051 1724 genter
1086 1657 1379 1721 examines,
1407 1668 1469 1708 ac
1507 1656 1756 1723 prmscnti
1784 1669 1886 1724 qua
1908 1668 2047 1707 nunc
2073 1654 2205 1707 vivis
2229 1665 2454 1720 compo-

861 1762 958 1799 tias
992 1744 1235 1799 :videbis
1263 1745 1502 1816 profecto
1526 1754 1782 1816 quantum
1814 1744 1943 1797 lucri
1970 1758 2036 1797 ex
2064 1743 2166 1797 isto
2202 1741 2453 1797 conflictu

858 1844 1223 1904 consequutus
1244 1835 1340 1891 sis.
1365 1834 1517 1890 Nunc
1544 1836 1686 1890 enim
1711 1835 1950 1904 jejuniis,
1972 1834 2187 1903 vigiliis,
2217 1831 2452 1899 lectioni,

858 1927 1301 1998 orationibusque
1379 1930 1648 1999 perpetuis
1716 1927 2065 1981 intentissimc
2141 1924 2401 1978 incumbis
2434 1965 2451 1991 ,

858 2019 1283 2089 gravitatemque
1316 2029 1371 2074 et
1410 2020 1758 2073 humilitatem
1799 2018 2125 2072 excellenter
2150 2030 2453 2083 consequu-

868 2117 954 2163 tus
986 2124 1045 2164 es
1069 2127 1084 2163 :
1111 2118 1265 2164 antea
1296 2110 1436 2163 nulla
1484 2109 1574 2161 tibi
1624 2109 1873 2161 librorum
1905 2106 2061 2170 ratio,
2089 2105 2185 2160 sed
2214 2104 2448 2157 studium

869 2212 1030 2253 omne
1069 2208 1124 2253 et
1150 2198 1384 2253 laborem
1414 2198 1636 2268 pomarii
1671 2196 1952 2252 arboribus
1980 2195 2291 2250 devoveras.
2338 2199 2448 2248 Au—

859 2289 968 2344 divi
991 2304 1092 2359 ego
1119 2298 1243 2346 tunc
1267 2291 1544 2361 plurimos,
1590 2290 1680 2359 qui
1712 2299 1764 2344 te
1797 2288 2161 2359 objurgantes,
2191 2303 2450 2357 arrogan-

861 2387 967 2434 tem
1020 2394 1085 2434 ac
1137 2381 1426 2451 superbum
1487 2380 1769 2447 dicerent,
1829 2389 1989 2450 atque
2041 2381 2094 2435 in
2153 2380 2253 2434 hac
2304 2388 2454 2448 parte

866 2470 1200 2526 nobilitatem
1228 2473 1463 2541 generis,
1516 2471 1787 2541 patrisque
1811 2471 2207 2537 claritudinem,
2234 2479 2286 2524 et
2311 2469 2453 2539 quod

863 2562 917 2617 in
947 2563 1137 2632 opibus
1182 2564 1422 2633 plurimis
1452 2564 1639 2618 fuisses
1675 2563 1950 2629 educatus,
1977 2571 2323 2619 causarentur
2356 2581 2368 2615 :
2400 2562 2451 2616 in

860 2656 1053 2725 vigiliis
1078 2672 1204 2710 vero
1228 2670 1385 2725 quam
1419 2664 1541 2709 tunc
1571 2655 1844 2725 negligens
1870 2656 2056 2718 fueris,
2104 2656 2217 2724 ipse
2264 2655 2453 2708 melius

861 2746 1020 2801 nosti.
1052 2745 1207 2816 Smpe
1234 2746 1377 2802 enim
1407 2746 1525 2800 aliis
1555 2745 1812 2814 profunda
1859 2754 2017 2800 nocte
2058 2744 2234 2799 statim
2265 2758 2450 2798 exsur-

861 2838 1107 2905 gentibus
1130 2837 1241 2907 ipse
1263 2839 1411 2907 gravi
1437 2852 1627 2891 somno
1660 2851 1870 2891 mersus
1890 2834 2218 2903 dormiebas,
2249 2844 2448 2890 etcum

863 2937 916 2982 te
970 2927 1060 2981 alii
1114 2927 1410 2982 excitarent
1454 2926 1835 2997 indignabaris.
1898 2928 1970 2983 At
2036 2942 2177 2981 nunc
2228 2942 2295 2982 ex
2343 2941 2451 2996 quo

865 3016 1060 3071 bellum
1101 3015 1204 3070 hoc
1241 3025 1298 3070 et
1348 3032 1574 3087 pugnam
1628 3017 1873 3081 subiisti,
1921 3017 2013 3070 illa
2052 3016 2229 3072 omnia
2279 3017 2451 3072 soluta

864 3115 1009 3173 sunt,
1036 3113 1195 3175 atque
1219 3107 1272 3159 in
1295 3106 1485 3160 melius
1508 3115 1731 3159 mutata.
1762 3104 1915 3174 Quod
1954 3107 2000 3161 si
2046 3120 2254 3176 quteras
2280 3120 2347 3159 ex
2368 3120 2454 3160 me

861 3196 1238 3266 quamobrem,
1280 3211 1402 3251 cum
1431 3196 1483 3249 in
1513 3195 1717 3250 deliciis
1744 3210 1952 3265 ageres,
1995 3211 2060 3251 ac
2088 3195 2269 3249 mundi
2299 3196 2457 3250 rebus

861 3288 1082 3342 omnino
1135 3289 1372 3343 intentus
1417 3303 1600 3353 esses,
1650 3303 1756 3342 non
1824 3297 1952 3343 tunc
1998 3287 2092 3342 tibi
2154 3289 2455 3343 dmmonetu

863 3379 1021 3433 istum
1070 3379 1351 3434 immiserit
1397 3378 1556 3443 Deus,
1609 3379 1738 3433 illud
1787 3394 1886 3447 ego
1929 3379 2303 3449 respondebo,
2356 3380 2459 3433 hoc

863 3484 1075 3540 quoque
1102 3470 1243 3524 illius
1272 3480 1448 3525 actum
1490 3484 1609 3525 esse
1655 3470 2009 3539 providentia.
2055 3470 2270 3526 Sciebat
2313 3470 2455 3524 enim

868 3570 995 3617 tunc
1024 3571 1077 3618 te
1128 3562 1473 3627 imbecillum,
1513 3562 1871 3632 superandum
1920 3563 2091 3628 facile,
2148 3578 2212 3619 ac
2251 3572 2459 3617 mature

871 3654 1185 3722 periturum.
1215 3654 1393 3722 Atque
1428 3652 1546 3707 ideo
1571 3668 1677 3707 non
1725 3655 1903 3708 statim
1958 3654 2025 3708 ad
2074 3653 2213 3709 hanc
2258 3654 2456 3708 luctam

866 3742 1097 3807 vocavit,
1142 3757 1263 3797 cum
1293 3742 1363 3797 ad
1393 3742 1776 3797 monachorum
1808 3744 1966 3798 vitam
1988 3743 2328 3807 accessisses,
2361 3743 2457 3798 sed

867 3833 1108 3887 exerceri
1137 3833 1285 3903 prius
1311 3842 1361 3888 te
1391 3834 1651 3901 permisit,
1693 3849 1757 3888 ac
1788 3834 1999 3905 longum
2028 3849 2188 3905 agere
2212 3843 2453 3903 tempus;

867 3932 1211 3992 posteaquam
1240 3937 1369 3978 vero
1388 3922 1788 3979 robustissimus
1829 3923 1999 3979 factus
2029 3940 2108 3992 es,
2136 3935 2264 3981 tunc
2281 3924 2346 3979 ad
2374 3925 2455 3979 la-

868 4013 1139 4066 boriosum
1161 4010 1264 4067 hoc
1300 4011 1531 4068 stadium
1560 4015 1836 4083 pertraxit.
1879 4015 2065 4070 Adhuc
2091 4016 2248 4085 igitur
2270 4030 2458 4069 eorum

868 4101 958 4171 qui
1014 4110 1139 4155 sunt
1184 4101 1239 4156 in
1284 4103 1481 4157 szeculo
1519 4104 1844 4159 mentionem
1890 4103 2055 4171 facis,
2100 4105 2460 4176 famulumque

872 4204 1019 4247 tuum
1063 4193 1117 4248 in
1160 4193 1394 4250 medium
1443 4194 1664 4250 adducis
1696 4213 1710 4250 :
1739 4196 1885 4251 illum
1915 4199 2057 4251 enim
2089 4206 2141 4252 te
2162 4198 2461 4267 signiﬁcare

870 4287 1102 4342 voluisse
1127 4302 1271 4355 reor,
1300 4301 1424 4342 cum
1449 4288 1658 4343 diceres
1703 4289 1960 4359 plurimos
1989 4290 2275 4345 sazculares
2295 4290 2458 4357 viros,

873 4393 993 4432 cum
1030 4378 1083 4433 in
1111 4379 1253 4433 hunc
1278 4378 1520 4435 morbum
1549 4378 1877 4446 incidissent,
1904 4379 2150 4435 celeriter
2171 4389 2333 4450 atque
2376 4379 2461 4434 in-

873 4469 1157 4538 tegerrime
1195 4469 1355 4524 fuisse
1394 4469 1664 4523 liberatos.
1716 4469 1910 4523 Verum
1956 4468 2185 4525 famulus
2230 4480 2375 4536 tuus,
2428 4483 2463 4523 ο

872 4560 1260 4623 amantissime,
1293 4568 1350 4614 et
1383 4568 1641 4630 quotquot
1668 4560 1881 4615 eosdem
1909 4561 2121 4618 subiere
2145 4577 2321 4629 casus,
2352 4576 2461 4615 non

1592 543 1647 598 S.
1688 540 1965 598 JOANNIS
2001 535 2471 597 CHRYSOSTOMI
2512 539 2829 605 AﬂCllle.
2869 551 3407 610 CONS‘I'ANTINOP.

4038 552 4146 606 ΗΒ

2556 658 2742 714 eadem
2766 679 2829 717 cx
2853 681 3012 722 causa
3039 687 3159 724 eum
3184 672 3482 740 hujusmodi
3511 672 3646 725 malo
3682 671 3966 725 conflictati
3998 684 4149 735 sunt,

2557 766 2656 821 qua
2704 762 2755 805 tu
2807 758 2990 812 modo.
3041 762 3116 815 llli
3167 767 3311 819 enim
3338 780 3401 819 ac
3425 765 3632 819 ueteris
3679 764 3940 818 similibus
3968 766 4153 819 solum

2562 845 2793 899 terrendi
2816 861 2997 915 causa,
3026 863 3165 907 utex
3195 854 3497 924 hujusmodi
3524 856 3711 910 timore
3755 856 4007 909 meliores
4051 856 4155 910 ﬁe-

2560 945 2698 1000 rent,
2719 935 2852 990 hanc
2869 936 3099 994 belluam
3125 943 3344 999 immisit
3360 948 3527 1013 Deus;
3551 947 3641 1002 tibi
3660 961 3784 1000 vero
3801 954 3857 999 ut
3880 960 4157 1015 pugnares

2561 1026 2771 1085 fortiter
2810 1039 2864 1085 et
2904 1040 3123 1089 strenue
3149 1050 3214 1091 ac
3237 1040 3501 1107 vinceres,
3546 1058 3902 1112 coronamque
3934 1044 4153 1112 patien-

2562 1118 2647 1172 tizc
2679 1121 2923 1179 referres.
2975 1123 3145 1178 Porro
3187 1129 3407 1184 victoria
3463 1142 3586 1188 tunc
3611 1144 3710 1199 est,
3741 1150 3846 1188 non
3873 1149 3996 1187 cum
4028 1134 4153 1202 quis

2559 1212 2732 1267 adhuc
2757 1214 2963 1271 theatro
2987 1227 3284 1284 constante,
3309 1220 3559 1279 luctando
3579 1228 3805 1296 seipsum
3836 1226 4153 1280 adversario

2560 1304 2845 1371 subducit,
2900 1309 2993 1363 sed
3042 1325 3161 1364 cum
3194 1324 3253 1365 se
3290 1311 3356 1365 ad
3409 1319 3857 1384 congrediendum
3901 1312 4148 1389 paratum

2563 1393 2809 1450 luetatori
2839 1412 3052 1469 semper
3080 1402 3266 1467 ofl'ert,
3298 1404 3386 1473 qui
3412 1404 3749 1463 adversarius
3770 1412 4034 1466 absurdas
4050 1426 4147 1465 co-

2560 1486 2842 1553 gitationes
2866 1491 2882 1520 ¹
2908 1507 3015 1559 pra:
3037 1510 3264 1550 mcerore
3282 1510 3568 1566 suggerens
3587 1500 3713 1553 nihil
3745 1505 3999 1571 perﬁcere
4023 1519 4151 1571 pos-

2560 1576 2647 1628 sit.
2679 1577 2828 1644 Quod
2868 1596 2994 1636 vero
3033 1599 3120 1638 res
3157 1586 3226 1640 ita
3261 1602 3320 1642 se
3363 1587 3570 1653 habeat,
3614 1589 3690 1643 sic
3730 1595 3892 1659 probe
3930 1596 4148 1663 colligo.

2561 1664 2785 1721 Constat
2813 1672 3051 1739 profecto
3078 1678 3345 1743 omnibus,
3372 1680 3755 1749 quantumlibet
3782 1694 3833 1734 ιιι
3853 1693 3903 1736 te
3926 1701 4025 1754 per
4053 1688 4153 1739 litt-

2564 1759 2837 1814 militateui
2864 1762 3099 1830 dejicias,
3146 1781 3176 1819 a
3225 1773 3366 1823 servi
3411 1771 3483 1824 tui
3515 1772 3616 1823 vita
3657 1780 3799 1824 tuam
3834 1773 4152 1843 longissime

2562 1848 2793 1914 diﬁ‘erre,
2825 1866 2887 1905 ac
2903 1867 3024 1907 esse
3048 1856 3362 1915 meliorem:
3382 1861 3490 1917 Deo
3511 1864 3684 1933 itaque
3706 1863 3872 1931 major
3888 1866 3964 1917 tui
3983 1882 4148 1934 quam

2562 1937 2702 1991 illius
2730 1953 2856 1992 cura
2879 1942 2948 1994 sit
2976 1957 3199 1998 necesse
3222 1957 3325 2001 est.
3353 1950 3462 2005 lloc
3482 1966 3601 2007 cum
3620 1954 3789 2024 palam
3817 1955 3904 2017 sit,
3933 1954 3984 2008 id
4010 1972 4151 2024 quo-

2558 2042 2661 2093 que
2681 2029 2929 2085 similiter
2952 2033 3216 2089 constabit
3242 2054 3255 2089 :
3282 2054 3474 2110 nempe
3493 2044 3537 2096 si
3566 2054 3706 2099 esset
3728 2046 3831 2099 odii
3862 2049 4151 2115 permissio

2558 2116 2665 2180 illa,
2698 2134 2985 2189 numquam
3009 2124 3249 2194 profecto
3283 2130 3331 2183 ei
3358 2146 3515 2200 quem
3547 2138 3711 2206 magis
3727 2137 3969 2208 diligeret
3998 2139 4147 2194 illam

2556 2208 2813 2273 auxisset,
2843 2220 3122 2282 postquam
3148 2230 3271 2270 eum
3297 2220 3387 2287 qui
3410 2221 3567 2292 longe
3586 2224 3761 2281 fuerat
3778 2228 4011 2283 deterior
4035 2238 4146 2283 tam

2558 2299 2664 2353 cito
2692 2299 2923 2355 daemoni
2969 2303 3257 2373 eripuerat.
3282 2308 3463 2379 Neque
3486 2315 3628 2368 enim
3660 2334 3723 2371 ex
3751 2318 3851 2373 hoc
3876 2321 4049 2374 soluat
4094 2322 4147 2374 id

2559 2396 3003 2459 asseveraverim,
3023 2397 3118 2453 sed
3140 2413 3206 2455 ex
3226 2400 3420 2470 quibus
3434 2418 3464 2457 a
3488 2404 3597 2460 Deo
3616 2416 3667 2463 te
3678 2409 3944 2464 desertum
3964 2421 4145 2481 putas,

2561 2498 2627 2537 ex
2651 2485 2728 2538 eis
2751 2488 2981 2543 maxime
3009 2490 3082 2544 illi
3122 2507 3303 2547 curam
3332 2497 3404 2548 tui
3444 2510 3706 2554 summam
3743 2517 3864 2558 esse
3909 2506 4152 2559 conabor

2559 2577 2867 2633 ostendere.
2900 2580 3033 2635 Nam
3057 2584 3102 2638 si
3128 2600 3232 2640 non
3256 2588 3640 2645 studiosissime
3668 2606 3854 2648 cuncta
3888 2596 4151 2653 hactenus

2558 2666 2780 2735 egisses,
2813 2670 2857 2723 si
2886 2685 2993 2726 non
3018 2676 3471 2745 peregrinationes
3497 2681 3830 2751 longinquas,
3860 2695 3915 2738 ut
3942 2690 4151 2741 sanctis

2558 2756 2664 2812 illis
2692 2759 2819 2816 viris
2846 2763 2914 2817 ad
2951 2765 3215 2835 ejusmodi
3253 2771 3502 2827 solvenda
3524 2774 3729 2829 vincula
3761 2780 4151 2845 potentissimis

2555 2850 2979 2920 congredereris,
3029 2859 3375 2928 suscepisses,
3422 2866 3613 2918 merito
3656 2865 3882 2923 fortasse
3924 2872 4147 2939 quidam

2555 2939 2907 3010 dobitassent,
2938 2962 3059 3002 eum
3085 2966 3191 3005 non
3208 2953 3336 3007 satis
3348 2966 3526 3022 aperta
3542 2955 3807 3013 videretur
3828 2975 4147 3030 essccausa,

2557 3051 2653 3090 cur
2678 3046 2881 3093 tantum
2918 3044 3175 3112 temporis
3203 3054 3256 3100 te
3281 3047 3553 3116 reliquerit
3579 3066 3595 3104 :
3622 3061 3800 3119 postea
3823 3068 3951 3109 vero
3980 3071 4148 3123 quam

2561 3136 2848 3199 martyrum
2885 3130 3000 3185 loca
3027 3134 3278 3203 frequens
3305 3136 3510 3202 adiisti,
3560 3139 3649 3193 ubi
3700 3141 3907 3210 plurimi
3962 3159 4032 3199 ex
4081 3146 4152 3200 iis

2560 3232 2790 3287 quoque,
2820 3221 2911 3290 qui
2937 3220 3185 3278 homines
3207 3224 3556 3295 devorabam,
3585 3244 3728 3300 Stepe
3769 3234 3935 3288 sanati
3981 3244 4147 3300 sunt,

2565 3308 2953 3379 plurimumque
2996 3317 3252 3385 temporis
3276 3320 3419 3388 apud
3446 3321 3592 3377 viros
3637 3324 3762 3378 illos
3790 3326 4057 3384 mirabiles
4081 3344 4152 3385 ac

2564 3404 2981 3473 strenuissimos,
3009 3410 3101 3479 qui
3125 3414 3460 3469 curationem
3489 3433 3774 3487 numquam
3798 3420 3993 3477 frustra
4023 3432 4150 3478 ten-

2567 3504 2822 3561 tavcraut,
2854 3497 3065 3569 degisti,
3099 3501 3338 3573 nihilque
3366 3508 3587 3561 omnino
3612 3511 3858 3577 omisisti,
3908 3515 4050 3583 quod
4077 3517 4149 3571 ad

2566 3583 2704 3640 hanc
2732 3587 3092 3646 liberationem
3122 3593 3367 3651 conferre
3395 3611 3553 3666 posse
3575 3599 3679 3652 ulla
3701 3603 3906 3657 ratione
3935 3604 4151 3659 videre-

2566 3687 2671 3743 tur,
2706 3694 3055 3754 reversusque
3074 3698 3134 3738 es
3161 3684 3338 3742 ferens
3363 3698 3537 3743 tecum
3583 3691 3874 3759 inimicum,
3903 3706 4152 3763 apertum

2562 3784 2627 3824 ac
2678 3772 3032 3829 certissimum
3073 3775 3266 3832 divinze
3312 3780 3455 3835 circa
3494 3790 3547 3837 te
3590 3785 3934 3852 providentia:
3982 3785 4154 3841 docu-

2561 3870 2806 3917 mentum
2831 3863 2910 3918 eis
2930 3880 3139 3935 quoque
3167 3867 3257 3937 qui
3286 3869 3439 3925 valde
3465 3871 3769 3942 insipientes
3787 3884 3911 3929 sunt
3928 3879 4153 3946 conspi—

2561 3969 2720 4008 cuum
2750 3954 3001 4010 retulisti.
3024 3956 3325 4028 Numquam
3370 3962 3512 4015 enim
3553 3962 3791 4033 profecto
3817 3974 4018 4021 tantam
4043 3968 4153 4021 im—

2563 4046 2854 4115 pedivisset
2900 4048 3041 4104 Deus
3081 4051 3326 4119 gratiam,
3370 4067 3654 4123 numquam
3700 4069 3883 4111 servos
3920 4071 4048 4112 suos
4076 4060 4154 4112 ita

2565 4139 2765 4208 pudore
2784 4140 3017 4195 suﬁ‘undi
3040 4156 3227 4212 passus
3250 4152 3413 4209 esset,
3437 4145 3535 4199 nisi
3563 4146 3613 4200 id
3642 4156 3744 4201 tuae
3770 4156 3824 4201 et
3850 4148 4153 4217 probationi

2563 4240 2617 4284 et
2644 4232 2854 4285 utilitati
2886 4232 3230 4288 vehementer
3272 4235 3525 4304 expedire
3561 4238 3918 4306 cognovisset.
3965 4237 4156 4307 Itaque

2565 4322 2705 4390 quod
2756 4322 2950 4377 divina:
2997 4323 3360 4378 derelictiouis
3418 4326 3629 4394 signum
3666 4325 3913 4389 videtur,
3955 4326 4009 4381 id
4035 4328 4157 4397 ejus

2566 4413 2756 4468 summi
2774 4413 2897 4469 inte
2928 4415 3151 4470 affectus
3178 4424 3234 4470 et
3276 4415 3475 4469 amoris
3508 4425 3590 4470 est
3615 4426 4007 4485 argumentum.

2633 4567 2649 4598 ι
2675 4562 2815 4614 Savil.
2843 4572 2896 4615 et
2915 4566 3046 4616 Colb.
3071 4567 3274 4627 habent,
3306 4567 3676 4621 inuumerabiles
3698 4570 4024 4634 cogitationes.

868 4708 4149 4734 Μ

1343 4773 2169 4890 mansuem
2240 4782 2495 4889 an
2572 4777 3655 4926 STAGIRIUM,

1553 4925 1768 4999 QUOD
1810 4926 2216 4988 TRISTITIA
2257 4925 2616 4988 DIEMONE
2661 4926 2835 4988 IPSO
2878 4926 3001 4987 SIT
3048 4926 3430 4991 GRAVIOR.

1807 5023 2282 5133 LIBER
2353 5024 3212 5131 SECUNDUS.

950 5192 1001 5245 l.
1050 5189 1115 5244 Et
1152 5189 1254 5245 ista
1298 5186 1512 5259 quidem
1555 5186 1621 5241 de
1658 5186 1750 5240 Dei
1786 5188 2136 5255 providentia,
2182 5200 2343 5259 utque
2378 5190 2467 5243 ille

880 5298 983 5335 non
1023 5295 1276 5334 aversans
1304 5288 1358 5335 et
1387 5293 1696 5342 exsecratus,
1731 5278 1827 5332 sed
1857 5286 1910 5331 et
1940 5278 2220 5333 admodum
2243 5281 2468 5350 diligens

879 5369 981 5425 hoc
1010 5380 1060 5425 te
1089 5379 1335 5425 exerceat
1360 5370 1539 5438 modo,
1564 5370 1761 5423 dixisse
1782 5367 2028 5423 sufﬁciat.
2058 5369 2317 5436 Quoniam
2339 5387 2467 5427 vero

881 5462 985 5515 alia
1014 5465 1175 5517 etiam
1198 5478 1265 5517 ex
1306 5471 1454 5532 parte
1500 5462 1841 5517 vehementer
1872 5469 1923 5515 te
1960 5462 2080 5532 angi
2125 5470 2342 5531 questus
2388 5478 2465 5528 es,

880 5551 1024 5621 quod
1072 5568 1435 5622 smpenumero
1468 5553 1691 5608 daemon
1744 5554 1827 5610 vel
1877 5553 2099 5625 pelago,
2152 5554 2232 5609 vel
2279 5555 2469 5623 prarci-

883 5643 1052 5712 pitio,
1102 5642 1188 5697 vel
1239 5643 1343 5696 alio
1389 5645 1578 5713 quovis
1620 5644 1709 5698 leti
1760 5660 1954 5713 genere
2011 5646 2173 5699 vitam
2218 5645 2311 5700 tibi
2360 5646 2468 5699 eri-

879 5748 1008 5804 pere
1067 5732 1321 5800 suadeat,
1370 5748 1466 5804 age
1512 5733 1578 5789 de
1630 5733 1930 5803 hujusmodi
1996 5752 2207 5807 quoque
2263 5736 2467 5806 cogita-

883 5824 1114 5879 tionibus
1172 5826 1356 5896 paut‘is
1425 5826 1767 5881 disseramus.
1847 5826 2027 5897 Neque
2093 5828 2237 5885 enim
2302 5828 2469 5883 solius

882 5917 1139 5976 datmonis
1179 5927 1262 5976 est
1301 5917 1429 5975 illud
1466 5918 1777 5987 consilium,
1827 5918 1919 5975 sed
1973 5920 2131 5976 etiam
2177 5921 2463 5977 muzroris:

2574 5188 2678 5241 imo
2708 5203 2837 5242 vero
2867 5189 2981 5257 plus
3010 5188 3255 5243 interoris
3278 5205 3431 5259 quam
3458 5193 3737 5261 dazmonis,
3767 5194 3990 5252 fortasse
4026 5214 4160 5256 vero

2572 5279 2818 5331 maeroris
2840 5279 3025 5332 solius.
3059 5278 3113 5331 ld
3144 5293 3207 5332 ex
3248 5295 3312 5333 eo
3342 5282 3576 5349 profecto
3614 5295 3844 5349 constat,
3876 5290 4013 5355 quod
4041 5294 4128 5360 plu

2572 5368 2691 5423 rimi
2733 5368 2894 5423 etiam
2925 5370 2991 5422 ab
3037 5369 3335 5436 hujusmodi
3386 5374 3733 5429 insectatione
3783 5375 3931 5430 liberi
3965 5394 4026 5431 ex
4054 5382 4150 5433 do.

2574 5460 2687 5513 lore
2713 5459 2830 5513 solo
2870 5459 2984 5511 lucc
3011 5458 3323 5515 deliberant.
3367 5462 3517 5517 Hunc
3557 5464 3715 5532 igitur
3752 5480 3814 5518 ex
3845 5468 4020 5523 animo
4066 5481 4150 5527 tua

2574 5548 2692 5620 fuga
2719 5565 2780 5603 at:
2807 5549 3019 5619 penitus
3038 5550 3271 5619 elimitia,
3301 5570 3362 5608 ac
3405 5554 3605 5608 nullam
3643 5555 3744 5608 vim
3776 5556 4019 5628 deinceps
4067 5564 4134 5614 ilia

2574 5643 2806 5707 habebit,
2836 5658 2940 5697 non
2968 5645 3137 5699 solum
3169 5647 3232 5700 ad
3261 5645 3686 5716 persuadendum
3721 5649 3839 5717 ista,
3871 5666 4053 5706 verum
4088 5670 4157 5708 ne

2574 5734 2640 5788 ad
2687 5738 3069 5807 suggerentlum
3101 5738 3340 5808 quidem.
3388 5737 3537 5792 Nunc
3574 5740 3765 5811 quippe
3810 5745 4155 5815 quetnadmoo

2573 5827 2699 5883 dum
2726 5830 2760 5883 ii
2802 5831 2890 5900 qui
2941 5831 3169 5899 parietes
3212 5829 3521 5894 sufl‘odiunt,
3555 5836 3720 5888 noctis
3751 5845 4015 5906 tempore,
4056 5855 4152 5892 ex-

2574 5924 2768 5980 stincto
2819 5924 3052 5988 lumine,
3094 5932 3147 5978 et
3176 5922 3335 5977 furari
3383 5938 3543 5995 opes,
3590 5936 3642 5982 ct
3688 5944 3866 5983 carum
3912 5929 4151 5984 dominos
