4392 6684
80 589 207 645 ειν

86 702 267 772 οὗτος
300 709 328 760 6
357 706 596 779 δαίμων;
644 710 731 764 διὰ
772 710 929 763 τοῦτό
976 727 1032 762 σε
1066 708 1498 779 ἐκπληττόμενος
1531 710 1627 761 καί¹
1660 708 1791 761 θαυς

93 797 308 866 μάζων
350 799 411 851 οὐ
444 799 708 871 παύομαι,
734 801 816 853 ὅτι
866 799 1003 869 πρὸς
1041 796 1281 851 τοιοῦτον
1319 798 1621 871 κληρωθείς
1662 798 1791 850 ἀντ⁸

87 889 440 958 ἀγωνιστὴν.
472 890 533 943 οὐ
582 889 901 951 κατέπεσες,
928 886 1049 939 οὐδὲ
1088 885 1355 951 ἐξέδωκας
1388 887 1649 951 σεαυτὸν,
1677 884 1792 940 ἀλλ’

89 970 341 1044 ἔμεινας
372 977 597 1047 ἀκλινὴς
634 974 947 1047 μηδαμόθεν
980 975 1464 1046 περιτρεπόμενος.

177 1062 242 1118 ι’.
275 1065 383 1118 Καὶ
402 1066 483 1118 ὃτι
511 1081 569 1117 σε
600 1064 661 1116 οὐ
690 1062 997 1116 κολακεύων
1024 1063 1197 1116 ταῦτα
1210 1063 1360 1132 λέγω
1373 1062 1489 1126 νῦν,
1507 1062 1642 1116 ἀλλά
1662 1060 1793 1133 ἀλη-

91 1148 221 1214 θῶς
257 1153 325 1205 τὰ
378 1152 611 1222 μέγιστα
652 1150 760 1202 ἀπὸ
791 1149 889 1219 τῆς
938 1149 1168 1219 θλίψεως
1209 1150 1412 1222 ταύτης
1459 1149 1791 1220 ἐκαρπώσω,

89 1236 350 1308 ἀνάσχου
390 1237 531 1308 μετά
560 1235 874 1306 παρρησίας
905 1235 1170 1302 λεγόντων
1202 1236 1359 1306 ήμῶν
1388 1254 1401 1266 ·
1435 1236 1556 1289 οὐδὲ
1586 1234 1696 1305 γάρ
1728 1234 1794 1287 ἂν

90 1323 289 1387 ἄλλως
314 1324 582 1394 δυναίμην
618 1323 810 1374 τούτου
849 1324 1151 1392 παρασχεῖν
1182 1323 1279 1395 τήν
1309 1322 1603 1388 ἀπόδειξιν.
1624 1319 1795 1376 Οἷσθά

91 1428 215 1462 που
246 1413 341 1465 κα¹ι
368 1412 647 1482 μέμνησαι
675 1411 773 1481 τὴν
795 1409 1067 1481 προτέραν
1098 1426 1190 1462 σου
1222 1410 1520 1481 διαγωγὴν,
1555 1408 1656 1480 τὴν
1688 1410 1795 1480 πρὸ

86 1498 305 1551 τούτου
331 1499 473 1566 λέγω
497 1498 591 1551 τοῦ
614 1497 920 1569 πειρασμοῦ
939 1515 950 1527 ·
973 1496 1123 1568 [I78]
1146 1499 1338 1551 οὐκοῦν
1368 1500 1623 1565 ἐξέτασον
1653 1497 1795 1549 ἐκεί-

90 1602 205 1655 νην
260 1586 458 1650 καλῶς,
490 1588 583 1640 καί
616 1588 834 1651 ἀντίθες
862 1588 927 1656 τῇ
967 1585 1215 1657 παρούσῃ
1262 1589 1326 1657 τῇ
1367 1584 1506 1657 μετά
1556 1585 1648 1638 τὸν
1676 1602 1787 1637 πειο

94 1674 354 1744 ρασμὸν,
396 1675 489 1728 καὶ
518 1674 638 1728 τότε
683 1673 803 1743 ὕψει
844 1673 905 1725 τὸ
940 1671 1125 1742 κέρδος
1165 1673 1293 1725 ὅσον
1326 1673 1437 1726 ἀπὸ
1473 1672 1678 1741 ταύτης
1712 1689 1795 1725 σοι

91 1759 309 1827 γέγονε
350 1762 450 1832 τῆς
492 1760 833 1832 συμπλοκῆς.
870 1757 983 1811 Νῦν
1008 1760 1103 1829 μὲν
1141 1759 1247 1830 γὰρ
1281 1760 1377 1814 καὶ
1416 1762 1475 1813 ἐν
1522 1759 1796 1830 νηστείαις

90 1850 204 1901 καὶ
244 1849 554 1921 παννυχίσι,
585 1849 680 1901 καὶ
706 1850 771 1918 τῇ
803 1847 932 1918 περὶ
966 1846 1063 1918 τὴν
1096 1848 1402 1915 ἀνάγνωσιν
1433 1848 1669 1917 σπουδῇ,
1700 1846 1796 1899 καὶ

88 1937 167 2007 τῇ
202 1936 335 2008 περὶ
364 1937 461 1999 τάς
490 1935 655 2006 εὐχάς
680 1934 966 2005 καρτερίᾳ,
1000 1934 1168 2006 πολλὴ
1199 1934 1428 2003 γέγονεν
1454 1936 1487 2005 ἡ
1521 1934 1792 1999 ἐπίτασις,

90 2026 202 2079 καὶ
238 2024 301 2077 τὸ
344 2024 631 2093 ἀδιάχυτον
670 2022 727 2075 δὲ
778 2021 873 2076 καὶ
904 2022 1155 2075 ταπεινὸν
1191 2022 1311 2093 μεθ’
1357 2022 1668 2094 ὑπερϐολῆς
1713 2040 1795 2075 σοι

34 2142 35 2145 η
89 2108 498 2181 κατώρθωται·
537 2108 804 2180 πρότερον
839 2108 895 2161 δέ
930 2126 1012 2161 σοι
1049 2108 1269 2179 βιϐλίων
1300 2108 1458 2178 λόγος
1485 2104 1555 2181 ἦν
1598 2108 1792 2174 οὐδεὶς,

89 2196 264 2249 πᾶσα
311 2196 368 2249 δέ
401 2214 485 2249 σοι
514 2196 736 2267 φροντὶς
770 2195 864 2248 καὶ
898 2195 1057 2259 πόνος
1098 2198 1178 2260 είς
1207 2196 1308 2269 τὴν
1352 2196 1671 2266 ἐπιμέλειαν
1698 2197 1795 2249 ἀν-

88 2282 365 2353 ηλίσκετο
412 2284 524 2338 τῶν
571 2286 630 2337 ἐν
681 2282 761 2354 τῷ
795 2284 1109 2354 παραδείσῳ
1144 2284 1345 2352 φυτῶν.
1378 2283 1596 2336 Πολλῶν
1632 2284 1689 2337 δέ
1736 2301 1797 2336 σε

94 2371 209 2422 καὶ
245 2371 324 2433 είς
349 2371 611 2425 ἀπόνοιαν
640 2372 999 2424 σκωπτόντων
1050 2372 1249 2442 ἤκουον
1294 2372 1452 2435 τότε,
1488 2372 1584 2423 καὶ
1623 2371 1798 2443 ταύτῃ

89 2456 205 2528 τὴν
242 2456 339 2509 τοῦ
373 2458 566 2524 γένους
616 2458 956 2529 αἰτιωμένων
986 2458 1348 2529 λαμπρότητα
1370 2496 1385 2519 .
1437 2459 1534 2511 καὶ
1566 2458 1666 2528 τὴν
1702 2459 1798 2512 τοῦ

91 2542 319 2613 πατρὸς
340 2542 520 2606 δόξαν.
560 2544 656 2597 καὶ
688 2545 750 2597 τὸ
778 2546 836 2597 ἐν
876 2544 1092 2614 πλούτῳ
1121 2544 1423 2615 τετράφθαι
1454 2544 1633 2614 πολλῴ
1656 2561 1672 2576 ο
1699 2546 1800 2616 τήν

88 2627 154 2679 δὲ
196 2629 261 2681 ἐν
294 2631 417 2693 ταῖς
452 2630 740 2700 παννυχίσι
772 2630 1047 2702 ῥᾳθυμίαν
1079 2632 1175 2685 καὶ
1208 2630 1375 2694 αὐτὸς
1407 2625 1553 2693 οἶδας
1588 2630 1796 2698 σαφῶς.

93 2714 383 2780 Πολλάκις
415 2717 525 2789 γάρ
548 2717 726 2772 ἀλλων
752 2719 892 2789 μετά
925 2718 1025 2790 τήν
1059 2719 1280 2790 βαθεῖαν
1304 2719 1544 2791 ἑσπέραν
1575 2718 1799 2772 ἀνιστα-

28 2796 31 2825 ⁵
94 2801 291 2872 μένων
338 2802 561 2867 εὐθέως,
598 2804 761 2867 αὐτὸς
807 2805 1001 2875 ἔμενες
1041 2805 1196 2876 ὕπνῳ
1228 2805 1588 2878 κατεχόμενος
1619 2804 1795 2875 βαθεῖ,

90 2888 201 2941 καὶ
251 2889 390 2959 πρὸς
438 2890 566 2953 τοὺς
609 2889 976 2962 διεγείροντας
1030 2890 1431 2963 ἐδυσχέραινες.
1488 2891 1651 2945 ’Δλλά
1700 2891 1797 2946 νῦν

28 2980 30 3013 ξ
89 2974 288 3027 πάντα
336 2974 550 3028 λέλυται
603 2977 820 3040 ἐκεῖνα,
873 2978 969 3032 καί¹
1022 2980 1159 3050 πρὸς
1206 2978 1266 3031 τὸ
1310 2978 1516 3049 βέλτιον
1562 2979 1795 3050 μεταϐέ-

26 3076 29 3105 ι
90 3060 334 3130 ὄληται,
376 3062 435 3125 ἐξ
482 3056 543 3116 οὗ
588 3064 688 3135 τὴν
744 3065 923 3135 μάχην
969 3068 1064 3119 καὶ
1120 3066 1213 3119 τὸν
1263 3067 1503 3136 πόλεμον
1562 3067 1798 3131 ἀνεδέξω

88 3147 314 3202 τοῦτον.
354 3146 415 3201 Εἰ
460 3149 517 3202 δὲ
564 3148 709 3221 ἐροιό
763 3168 852 3221 με,
898 3152 953 3205 τί
986 3152 1188 3224 δήποτέ
1240 3169 1322 3205 σοι
1379 3154 1657 3224 τρυφῶντι
1704 3155 1799 3208 καὶ

26 3286 27 3289 η
91 3234 247 3304 πρὸς
292 3236 360 3289 τά
408 3236 504 3289 τοῦ
560 3238 766 3308 κόσμου
820 3240 1124 3310 πράγματα
1178 3240 1512 3313 ἐπτοημένῳ
1566 3242 1626 3295 οὐ
1677 3260 1802 3295 συν-

24 3354 27 3385 τ
92 3320 386 3392 εχώρησεν
423 3324 742 3394 ἀντιστῆναι
775 3326 867 3379 τὸν
895 3326 1127 3398 δαίμονα
1158 3326 1347 3381 τοῦτον
1374 3330 1403 3382 6
1431 3328 1586 3393 Θεὸς,
1626 3330 1802 3383 ἐκεῖνο

24 3450 27 3483 ξ
91 3409 171 3463 ἂν
202 3411 607 3482 ἀποκρινοίμην
642 3412 786 3482 ἐγὼ,
821 3414 904 3469 ὃτι
937 3416 1035 3469 καὶ
1072 3413 1234 3469 τοῦτο
1277 3417 1376 3487 τῆς
1421 3416 1588 3472 αὐτοῦ
1636 3418 1797 3488 κηδε-

92 3499 300 3568 μονίας
349 3495 457 3571 ἦν*
506 3501 623 3571 ᾔδει
670 3502 780 3574 γὰρ
826 3504 909 3556 ὅτι
961 3522 1019 3558 σε
1054 3505 1175 3557 τότε
1207 3506 1680 3574 εὐκαταγώνιστον
1706 3507 1798 3560 εὐ-

94 3587 216 3655 ρῶν
250 3588 464 3658 ταχέως
489 3589 700 3643 ἀπολεῖ.
724 3592 823 3645 Διά
856 3592 1017 3645 τοῦτο
1042 3594 1162 3646 οὐδὲ
1190 3594 1398 3657 εὐθέως
1424 3594 1520 3647 ἐπὶ
1550 3594 1644 3647 τὸν
1687 3594 1797 3649 τῶν

96 3674 359 3744 μοναχῶν
387 3675 611 3731 ἐλθόντα
641 3677 753 3748 βίον
776 3679 911 3750 πρὸς
936 3679 1034 3751 τὴν
1066 3679 1244 3751 πάλην
1273 3680 1485 3750 ταύτην
1512 3682 1792 3749 ἐκάλεσεν,

92 3760 218 3813 ἀλλ’
268 3762 480 3831 ἀφῆκεν
522 3767 967 3838 ἐγγυμνασθῆναι
1000 3770 1093 3822 καὶ
1127 3767 1320 3841 χρόνον
1357 3770 1649 3840 ἀναμεῖναι
1683 3787 1791 3840 μα-

91 3842 389 3916 κρὸν,εείθ’
419 3850 507 3903 ὅτε
538 3853 1007 3925 καρτερικώτατος
1034 3856 1285 3926 γέγονας,
1316 3857 1618 3928 τηνικαῦτα
1653 3856 1793 3928 πρὸς

92 3932 161 3985 τὸ
224 3935 483 3990 ἐπίπονον
527 3940 688 3994 τοῦτο
731 3942 945 3997 στάδιον
984 3944 1253 4000 εἵλκυσεν.
1288 3947 1411 3999 Ἔτι
1447 3940 1541 3997 οῦν
1578 3945 1686 3998 τῶν
1732 3947 1790 3997 ἐν

92 4015 180 4085 τῷ
208 4018 403 4089 κόσμῳ
435 4024 824 4094 στρεφομένων
852 4030 1126 4102 μεμνήσῃ,
1156 4029 1249 4083 καὶ
1274 4028 1366 4082 τόν
1394 4028 1612 4099 οἰκέτην
1638 4026 1787 4092 ἄξεις

92 4104 183 4166 εἰς
217 4104 383 4173 μέσον
423 4107 513 4161 τὸν
560 4110 687 4163 σόνο
718 4114 928 4167 ἐκεῖνον
980 4116 1081 4186 μὲν
1109 4116 1219 4188 γάρ
1255 4134 1315 4171 σε
1345 4112 1500 4188 οἶμαι
1555 4116 1789 4171 αἰνίττε-

96 4191 255 4258 σθαι,
308 4193 438 4247 ὅταν
494 4196 662 4271 λέγῃς
710 4200 793 4253 ὄτι
840 4201 1027 4256 πολλοί
1080 4205 1191 4259 τῶν
1253 4204 1523 4275 βιωτικῶν
1581 4203 1791 4275 ἀνδρῶν

95 4277 283 4353 ταύτῃ
315 4284 707 4353 περιπεσόντες
742 4290 809 4361 τῇ
838 4289 979 4361 νόσῳ
1003 4290 1267 4365 ταχίστης
1305 4293 1400 4346 καὶ
1434 4292 1645 4355 τελείας
1672 4290 1792 4345 ἕτυ·

1012 594 1105 649 Λῡ
1142 592 1521 649 ΞΤΑΟΙΙΗΗΜ
1560 593 1602 647 Α
1644 590 1951 649 D/EMONE
1993 589 2353 647 VEXATUM.
2399 591 2528 650 LIB.
2572 594 2638 649 11.

220 4548 3456 4589 -——_______________________________

3487 592 3590 650 “8

1898 726 1991 779 χον
2016 708 2359 778 ἀπαλλαγῆς.
2406 709 2546 762 Ἀλλ’
2580 711 2609 761 6
2641 711 2883 784 οἰκέτης,
2917 711 2964 766 ὦ
3009 713 3252 781 φίλτατε,
3298 714 3327 765 6
3372 712 3466 778 c6;
3492 715 3587 766 καὶ

1893 797 2009 849 ὅσοι
2072 796 2180 849 τῶν
2224 796 2406 849 αὐτῶν
2434 797 2627 869 ἔτυχον
2677 798 2892 870 ἐκείνῳ,
2935 800 3035 854 οὐκ
3085 801 3180 854 ἐπί
3247 803 3359 865 τοῖς
3402 805 3585 867 αὐτοῖς

1894 882 2044 955 αὐτῷ
2087 884 2570 956 προσεπλάκησαν,
2611 879 2810 959 οἷσπερ
2856 889 2951 942 καὶ
2991 890 3054 942 σύ
3094 888 3192 944 νῦν
3218 905 3232 919 ο
3263 890 3456 960 ἐκείνῳ
3486 892 3587 962 μέν

1893 972 2005 1043 γάρ
2032 972 2125 1025 καὶ
2157 973 2270 1034 τοῖς
2297 972 2554 1036 τοιούτοις
2585 972 2728 1046 ὑπὲρ
2762 974 2855 1029 τοῦ
2884 976 3117 1046 φοϐῆσαι
3158 977 3339 1049 μόνον,
3382 980 3476 1032 καὶ
3504 979 3587 1050 τῷ

1894 1054 2047 1125 φόϐῳ
2098 1053 2325 1123 ποιῆσαι
2380 1054 2642 1125 βελτίους,
2694 1057 2856 1111 τοῦτο
2906 1060 3161 1129 ἐπαφῆκε
3202 1061 3264 1114 τὸ
3317 1061 3507 1133 θηρίον
3554 1064 3587 1117 6

1897 1142 2033 1205 Θεός
2056 1157 2069 1170 ·
2102 1141 2186 1193 σοὶ
2219 1140 2296 1205 δέ,
2329 1140 2469 1195 ὥστε
2509 1144 2887 1213 ἀγωνίσασθαι
2920 1148 3206 1216 γενναίως,
3243 1150 3337 1202 καὶ
3361 1152 3585 1222 νικῆσαι

1894 1228 2190 1299 λαμπρῶς,
2224 1229 2318 1281 καί
2351 1229 2441 1281 τὸν
2473 1231 2575 1301 τῆς
2626 1232 2906 1305 ὑπομονῆς
2955 1234 3329 1305 ἀναδήσασθαι
3385 1239 3588 1307 στέφα-

1893 1334 2003 1370 νον.
2053 1317 2199 1386 Νίκη
2223 1316 2280 1369 δέ
2324 1317 2493 1379 ἐστιν,
2522 1318 2620 1389 οὐχ
2648 1320 2774 1373 ὅταν
2810 1340 2914 1386 τις,
2949 1323 3045 1376 τοῦ
3072 1323 3305 1395 θεάτρου
3352 1324 3434 1377 ἔτι
3462 1343 3587 1379 συν-

1895 1400 2152 1465 εστῶτος,
2195 1403 2494 1456 παλαίοντα
2538 1405 2701 1459 αὐτὸν
2757 1408 2989 1472 ἐλκύσας
3023 1411 3288 1481 ἀπαγάγῃ
3323 1411 3419 1465 τοῦ
3463 1413 3589 1467 ἀντ-

1896 1492 2231 1561 αγωνιστοῦ,
2286 1493 2402 1545 ἀλλ’
2471 1494 2601 1547 ὅταν
2652 1496 2767 1566 ἀφῇ
2831 1498 3219 1569 συμπλακῆναι
3268 1500 3587 1565 διαπαντὸς,

1895 1576 2013 1631 εἶτα
2049 1580 2296 1634 παλαίων
2324 1581 2415 1633 καὶ
2448 1580 2537 1634 διά
2560 1582 2662 1651 τῆς
2694 1582 2935 1653 ἀθυμίας
2966 1587 3044 1644 εἰς
3064 1585 3389 1656 ἐνθυμήσεις
3411 1599 3437 1628 ι
3464 1588 3592 1641 ἀτό-

1896 1683 2029 1730 πους
2057 1666 2204 1733 ἄγων
2232 1668 2428 1739 ἰσχύσῃ
2458 1668 2647 1739 μηδέν.
2676 1671 2785 1723 Καὶ
2807 1671 2889 1724 ὅτι
2923 1670 3068 1725 οὕτω
3091 1672 3244 1725 ταῦτ’
3273 1673 3407 1743 ἔχει,
3448 1675 3590 1727 ἐκεῖ·

1897 1751 1989 1804 θεν
2039 1753 2421 1823 συλλογιοῦμαι
2472 1755 2672 1819 καλῶς.
2721 1758 2894 1810 Παντί
2937 1776 3043 1812 που
3091 1759 3250 1829 δῆλόν
3313 1762 3450 1826 ἐστι,
3484 1762 3591 1815 κᾶν

1896 1840 2063 1903 αὐτὸς
2109 1839 2424 1909 μετριάζειν
2473 1841 2686 1913 ἐθέλῃς,
2733 1845 2857 1898 ὅσον
2889 1847 2990 1917 τῆς
3041 1846 3137 1900 τοῦ
3178 1849 3393 1902 οἰκέτου
3444 1848 3594 1920 ζωῆς

1903 1925 2128 1996 βελτίων
2158 1928 2190 1996 ή
2226 1927 2293 1997 σὴ
2322 1927 2650 1999 διενήνοχεν.
2682 1930 2892 1985 Οὐκοῦν
2920 1934 3015 1987 καὶ
3043 1934 3202 2003 λόγος
3234 1937 3329 1989 σοῦ
3364 1937 3444 2007 τῷ
3470 1937 3594 2008 Θεῷ

1898 2014 2100 2068 πλείων
2144 2015 2237 2069 καὶ
2280 2017 2524 2085 φροντὶς,
2556 2018 2590 2089 ἢ
2631 2017 2863 2073 ἐκείνου.
2898 2020 3103 2075 Τούτου
3128 2023 3185 2075 δὲ
3228 2025 3378 2088 ⁸Σντος
3406 2025 3591 2095 δήλου,

1896 2105 2120 2155 κάκεῖνο
2147 2103 2352 2173 ὁμοίως
2377 2102 2531 2158 ἔσται
2566 2105 2824 2178 φανερὸν,
2854 2107 2937 2161 ὅτι
2972 2110 3021 2161 εἰ
3060 2110 3253 2179 μίσους
3281 2110 3421 2181 αὐτη
3459 2129 3591 2183 συγ-

1896 2188 2141 2260 χώρησις
2167 2187 2259 2262 ἦν,
2293 2192 2394 2244 οὐκ
2434 2191 2503 2245 ἀν
2538 2194 2620 2257 εἰς
2655 2192 2717 2246 δν
2764 2195 2969 2265 μᾶλλον
3013 2198 3208 2267 ήγάπα
3253 2198 3459 2270 ταύτην
3503 2201 3595 2266 ἐξ·

1897 2274 2089 2339 έτεινε,
2116 2276 2209 2327 τὸν
2260 2276 2461 2345 ἦττονα
2486 2278 2619 2332 πολὺ
2649 2279 2780 2334 ὄντα
2817 2282 3009 2336 τοῦτον
3035 2285 3246 2354 ταχέως
3274 2285 3371 2339 τοῦ
3399 2287 3595 2357 δαίμο-

1898 2375 1987 2421 νος
2019 2360 2355 2430 ἐξαρπάσας.
2392 2364 2499 2415 Καὶ
2525 2365 2625 2416 οὐκ
2674 2367 2785 2419 ἀπὸ
2808 2368 3003 2421 τούτου
3034 2370 3194 2439 μόνον
3229 2370 3390 2424 τοῦτο
3440 2374 3597 2443 ἰσχυ-

1904 2446 2165 2517 ρισαίμην
2207 2446 2274 2501 ἂν
2308 2447 2506 2517 ἔγωγε,
2542 2450 2681 2503 ἀλλά
2718 2453 2814 2506 καὶ
2846 2454 2906 2519 ἐξ
2941 2454 3146 2521 αὐτῶν,
3172 2449 3247 2510 ὧν
3293 2459 3593 2526 ἐγκαταλε-

1898 2532 2117 2602 λεῖφθαι
2148 2533 2347 2598 δοκεῖς,
2390 2535 2456 2588 ἐκ
2505 2536 2714 2591 τούτων
2762 2540 3020 2610 μάλιστα,
3056 2543 3137 2596 ὅτι
3183 2545 3387 2616 σφόδρα
3438 2547 3597 2617 μέλει

1900 2620 1978 2691 τῷ
2012 2621 2131 2691 Θεῷ
2159 2621 2269 2674 τῶν
2300 2622 2430 2687 σῶν,
2459 2624 2737 2690 ἀποδεῖξαι
2766 2630 3123 2701 πειράσομαι.
3161 2630 3224 2684 Εἰ
3248 2633 3347 2701 μὲν
3369 2634 3479 2703 γὰρ
3518 2635 3596 2705 μὴ

1899 2708 2104 2779 πολλὴν
2131 2710 2375 2780 ἐποιήσω
2408 2712 2666 2783 σπουδὴν,
2693 2715 2829 2785 μηδὲ
2857 2716 3168 2788 ἀποδημίας
3191 2720 3415 2772 ἐστείλω
3441 2720 3594 2792 [179]

1900 2796 2139 2866 μακράς,
2178 2796 2321 2850 ὥστε
2365 2800 2726 2868 συγγενέσθαι
2758 2803 3019 2873 ἀνδράσιν
3057 2805 3234 2873 ἁγίοις
3267 2807 3363 2860 καὶ
3390 2807 3597 2872 ἱκανοῖς

1896 2881 1965 2933 τά
1986 2881 2213 2935 τοιαῦτα
2233 2883 2383 2937 λύειν
2405 2885 2602 2957 δεσμά,
2618 2889 2750 2951 ἴσως
2768 2888 2834 2942 ἄν
2856 2906 2941 2954 τις
2961 2892 3141 2962 ήπόρη
3152 2909 3208 2945 σε
3231 2893 3340 2946 τῶν
3358 2894 3593 2960 πολλῶν,

1895 2968 1958 3020 οὐ
2003 2968 2210 3039 σφόδρα
2256 2970 2355 3041 τῆς
2384 2972 2563 3037 αἰτίας
2608 2973 2777 3045 οὔσης
2807 2978 3094 3048 ἐναργοῦς,
3127 2979 3195 3032 δι’
3235 2982 3303 3053 ἦν
3332 2980 3594 3037 τοσοῦτον

1898 3056 2049 3108 εἴασε
2078 3057 2296 3127 χρόνον·
2325 3060 2513 3133 ἐπειδὴ
2543 3062 2601 3115 δὲ
2634 3065 2729 3116 καὶ
2771 3066 2970 3129 τόπους
3014 3067 3310 3138 μαρτύρων
3356 3070 3595 3124 καταλα-

1902 3141 2036 3207 ϐὼν,
2071 3142 2201 3197 ἔνθα
2234 3146 2420 3200 πολλοὶ
2466 3150 2561 3202 καὶ
2589 3150 2699 3202 τῶν
2744 3151 3067 3223 ἀνθρώπους
3101 3154 3391 3210 ἐσθιόντων
3439 3156 3595 3229 ἰάθη-

1903 3246 2023 3295 σαν,
2074 3233 2168 3285 καὶ
2216 3236 2330 3297 τοῖς
2375 3234 2708 3306 θαυμαστοῖς
2755 3242 2851 3294 καὶ
2892 3243 3163 3309 γενναίοις
3212 3244 3449 3308 ἐκείνοις
3500 3248 3595 3300 καὶ

1902 3320 2173 3406 μηδέποτε
2207 3322 2610 3398 διημαρτηκόσι
2666 3329 2837 3383 πολὺν
2866 3332 3007 3403 ὑπὲρ
3039 3334 3230 3385 τούτου
3265 3334 3593 3406 συνῴκησας

1897 3405 2111 3492 χρόνον,
2163 3409 2259 3461 καὶ
2300 3412 2451 3464 οὐδὲν
2495 3414 2633 3478 ὅλως
2672 3416 2998 3487 παραλιπὼν
3040 3418 3151 3472 τῶν
3198 3422 3474 3492 φερόντων
3510 3424 3593 3488 εἰς

1895 3493 1997 3564 τὴν
2022 3491 2118 3545 τοῦ
2150 3494 2356 3560 πάθους
2390 3498 2738 3573 ἀπαλλαγὴν,
2769 3504 3074 3574 ἐπανῆλθες
3107 3491 3280 3559 πάλιν
3302 3508 3396 3560 τὸν
3431 3507 3593 3561 πολέ-

1900 3595 2023 3649 μιον
2054 3578 2193 3649 ἔχων
2231 3581 2370 3651 μετὰ
2411 3586 2635 3651 σαυτοῦ,
2674 3590 2917 3662 φανεράν
2960 3592 3056 3645 καὶ
3097 3594 3302 3664 ἐναργῆ
3355 3595 3595 3659 καὶτοῖς

1903 3667 2110 3738 σφόδρα
2151 3670 2402 3739 ἀνοήτοις
2438 3675 2538 3743 τῆς
2575 3676 2707 3747 περί
2756 3678 2815 3731 σὲ
2854 3678 2990 3732 Θεοῦ
3037 3681 3295 3752 προνοίας
3327 3682 3594 3753 ἐκόμισας

1900 3754 2000 3825 τήν
2029 3755 2327 3821 ἀπόδειξιν.
2365 3759 2499 3813 Οὐδὲ
2524 3762 2636 3833 γάρ
2675 3763 2742 3818 ἂν
2771 3766 3042 3837 τοσαύτην
3068 3768 3229 3838 χάριν
3257 3769 3590 3833 ἐνεπόδισεν,

1898 3841 2105 3928 οὐδ’ῗᾶν
2128 3844 2255 3907 τοὺς
2284 3846 2451 3899 αὐτοῦ
2483 3847 2707 3913 δούλους
2733 3853 3089 3924 αἰσχυνθῆναι
3120 3856 3400 3925 ἠνέσχετο,
3434 3858 3482 3909 εί
3516 3858 3592 3928 μή

1900 3927 2108 3998 σφόδρα
2137 3929 2276 3999 πρὸς
2304 3932 2406 4003 τὴν
2436 3934 2792 4007 εὐδοκίμησιν
2826 3941 2918 3993 καὶ
2956 3941 3057 4009 τὴν
3088 3941 3359 4009 ὠφέλειαν
3389 3927 3592 4013 μᾶλλον

1892 4013 2043 4084 ἐώρα
2089 4016 2189 4085 τὴν
2240 4017 2362 4087 σήν.
2416 4020 2569 4075 '000‘
2624 4024 2765 4095 ὅπερ
2810 4026 2960 4079 δοκεῖ
3008 4030 3237 4098 σημεῖον
3291 4025 3435 4082 εἰναι
3489 4030 3592 4099 τῆς

1896 4102 2334 4173 ἐγκαταλείψεως
2360 4107 2455 4161 τοῦ
2502 4110 2662 4175 Θεοῦ,
2689 4113 2850 4167 τοῦτο
2875 4115 2974 4182 τῆς
3007 4116 3210 4187 πολλῆς
3260 4117 3427 4171 αὐτοῦ
3459 4118 3589 4189 περί

1899 4190 1960 4243 σέ
1996 4190 2380 4262 φιλοστοργίας
2410 4198 2507 4251 καὶ
2540 4201 2779 4271 σπουδῆς
2809 4204 3037 4275 σημεῖόν
3063 4205 3199 4259 ἐστι.

1964 4299 1991 4329 ⁸
2012 4298 2163 4348 Savil.
2191 4304 2244 4349 et.
2266 4302 2402 4353 Colb.
2427 4307 2493 4362 εἰς
2517 4307 2683 4371 μυρίας
2704 4309 2995 4372 ἐνθυμήσεις.

662 4766 963 4882 ΤΟΥ
1021 4773 1519 4891 ΑΥΤΟΥ
1598 4774 2013 4893 ΠΡΟΣ
2074 4774 2986 4891 ΣΤΑΓΕΙΡΙΟΝ

995 4967 1117 5020 ΚΑΙ
1151 4969 1259 5023 ΟΤΙ
1309 4971 1357 5023 Η
1389 4969 1657 5025 ΛΘΥΜΙΑ
1690 4972 2153 5027 ΧΑΛΕΠΩΤΕΡΑ
2185 4972 2306 5025 ΚΑΙ
2338 4968 2709 5023 ΔΑΙΜΟΝΟΣ.

1359 5115 1727 5204 ΛΟΓΟΣ
1778 5116 2370 5203 ΔΕΥΤΕΡΟΣ.

174 5287 247 5335 α’.
267 5279 453 5334 Ταῦτα
472 5282 569 5353 μὲν
585 5282 717 5353 ἡμῖν
733 5278 873 5352 ὑπὲρ
888 5276 1091 5350 τῆς’τοῦ
1107 5276 1240 5330 Θεοῦ
1260 5279 1517 5348 προνοίας
1528 5280 1787 5351 εἰρήσθω,

103 5370 203 5423 καὶ
238 5371 321 5423 ὅτι
361 5372 461 5425 οὐκ
501 5371 978 5445 ἀποστρεφόμενος
1006 5368 1126 5423 οὐδέ
1171 5367 1363 5439 μισῶν,
1396 5369 1530 5423 ἀλλά
1552 5371 1647 5423 καί
1666 5370 1787 5422 λίαν

104 5456 365 5523 ἀγαπῶν,
394 5460 571 5532 τούτῳ
590 5458 859 5531 γυμνάζει
880 5459 956 5530 τῷ
982 5458 1186 5531 τρόπῳ.
1217 5455 1435 5528 Ἐπειδὴ
1462 5457 1519 5510 δὲ
1549 5457 1643 5513 καὶ
1675 5458 1792 5510 ἐτέ-

106 5558 217 5612 ρως
249 5545 455 5617 σφόδρα
489 5548 626 5621 ἔφης
642 5550 850 5618 ἀλγεῖν,
877 5548 953 5609 ὡς
983 5549 1078 5601 καὶ
1102 5546 1361 5612 πολλάκις
1389 5565 1450 5601 σε
1475 5546 1791 5602 ἀναπείθειν

104 5630 197 5683 τὸν
230 5631 463 5698 δαίμονα
494 5639 575 5700 εἰς
597 5638 831 5705 πέλαγος
860 5636 894 5707 ἢ
916 5635 1057 5689 κατά
1080 5635 1347 5707 κρημνῶν
1370 5636 1631 5706 ἀφανίσαι
1662 5652 1793 5689 σαυ-

104 5716 221 5782 τὸν,
257 5716 291 5791 ἢ
331 5718 476 5791 ἀλλῳ
516 5726 626 5778 τινί⁵
662 5726 887 5797 τοιούτῳ
923 5724 1110 5794 τρόπῳ
1158 5723 1258 5793 τὴν
1303 5725 1587 5795 παροῦσαν
1623 5741 1792 5779 κατα-

107 5804 271 5860 λῦσαι
304 5806 472 5879 ζωὴν,
504 5812 600 5864 καὶ
647 5815 789 5887 ὑπὲρ
825 5814 1029 5868 τούτων
1054 5812 1225 5885 μικρὰ
1264 5811 1610 5882 διαλεχθῆναι
1663 5811 1789 5881 βού-

1896 5277 2104 5350 ταύτης
2139 5278 2340 5350 μᾶλλον
2375 5278 2408 5351 ἢ
2453 5278 2684 5342 ἐκείνου,
2730 5278 2872 5349 τάχα
2905 5278 2961 5332 δέ
3010 5278 3103 5331 καί
3144 5279 3315 5350 μόνης
3356 5282 3581 5356 ταύτης.

1894 5368 2007 5423 Καὶ
2033 5368 2194 5439 δῆλον
2234 5369 2295 5434 ἐξ
2326 5361 2401 5423 ὧν
2436 5367 2621 5421 πολλοὶ
2659 5368 2753 5422 καὶ
2783 5367 2891 5421 τῶν
2939 5367 3014 5439 μὴ
3046 5368 3433 5441 δαιμονῶντων
3474 5375 3586 5427 ἀπὸ

1892 5458 1989 5511 τοῦ
2034 5458 2325 5511 λυπεῖσθαι
2361 5456 2519 5527 μόνον
2556 5455 2785 5510 τοιαῦτα
2832 5454 3196 5525 βουλεύονται.
3237 5459 3456 5530 Ταύτην
3490 5457 3585 5516 οὖν

1894 5545 2089 5599 ἔκϐαλε
2122 5544 2220 5600 καὶ
2248 5544 2517 5598 ἀπέλασον
2548 5544 2645 5613 τῆς
2678 5541 2878 5613 ψυχῆς,
2914 5544 3006 5597 καὶ
3036 5544 3294 5617 οὐδεμίαν
3325 5547 3436 5613 ἐξει
3473 5548 3584 5603 λοι-

1894 5637 1994 5690 πὸν
2024 5638 2228 5698 ἐκεῖνος
2258 5632 2432 5703 ἰσχὺν,
2467 5632 2527 5685 οὐ
2562 5632 2721 5704 μόνον
2749 5633 2885 5704 πρὸς
2903 5632 2965 5686 τὸ
2997 5633 3209 5689 πείθειν
3236 5638 3304 5689 τά
3332 5638 3580 5705 τοιαῦτα,

1893 5725 2007 5779 ἀλλ’
2043 5723 2164 5777 οὐδὲ
2214 5721 2351 5793 πρὸς
2398 5721 2462 5773 τὸ
2496 5724 2781 5794 παραινεῖν
2828 5720 2927 5793 τὴν
2955 5724 3151 5795 ἀρχήν.
3187 5724 3301 5777 Νῦν
3333 5725 3431 5794 μὲν
3465 5727 3580 5799 γάρ

1891 5811 2142 5878 καθάπερ
2168 5810 2219 5861 οἱ
2240 5808 2564 5880 τοιχωρύχοι
2589 5809 3121 5882 καταλαμϐανούσης
3143 5810 3353 5871 νυκτὸς,
3382 5811 3444 5864 τὸ
3467 5814 3587 5883 φῶς

104 5890 269 5963 λομαι
328 5894 438 5949 τῶν
499 5896 797 5969 λογισμῶν.
863 5903 938 5957 Οὐ
998 5900 1108 5974 γάρ
1158 5897 1369 5954 ἐκείνου
1422 5899 1579 5971 μόνον
1637 5900 1787 5953 ἐστὶν
1888 5896 2315 5962 ἀποσϐέσαντες,
2346 5898 2443 5951 καὶ
2476 5898 2768 5968 ὑφελέσθαι
2805 5898 2874 5952 τά
2905 5900 3056 5964 ὄντα,
3088 5899 3181 5952 καὶ
3208 5898 3334 5962 τοὺς
3368 5899 3579 5955 τούτων

105 5977 247 6052 αὕτη
279 5984 314 6054 ή
362 5984 659 6057 συμϐουλὴ,
699 5988 838 6043 ἀλλά
884 5990 981 6047 καὶ
1005 5990 1107 6063 τῆς
1134 5987 1369 6061 ἀθυμίας
1400 5987 1499 6058 τῆς
1533 5985 1652 6057 σῆς,
1686 5987 1785 6040 καὶ
1886 5986 2106 6059 κυρίους
2133 5983 2272 6058 μετά
2296 5986 2498 6058 πολλῆς
2517 5987 2827 6056 ἀποσφάξαι
2850 5985 2951 6056 τῆς
2969 5985 3216 6050 εὐκολίας
3231 5984 3475 6042 δύναιντ’
3497 5990 3579 6043 ἄν·
