4490 6718
420 557 520 613 649

418 688 539 727 eum
576 688 674 727 sua
707 672 965 726 facilitate
990 668 1239 738 jugulare
1271 668 1499 731 possunt
1526 679 1538 713 :
1564 661 1637 714 ita
1670 669 1718 717 et
1746 661 1835 717 hic
1864 662 1981 716 vice

419 765 598 818 noctis
621 779 682 818 ac
705 762 1051 817 tenebrarum
1071 768 1358 810 mmrorcm
1381 750 1683 820 effundens,
1702 755 1985 824 cogitatio-

420 871 517 910 nes
540 870 749 918 omnes,
778 868 899 923 quae
922 850 988 903 ad
1015 848 1290 901 munimen
1319 854 1564 900 nostrum
1590 862 1713 903 esse
1732 856 1984 917 possunt,

420 948 719 1003 subducere
736 944 887 1014 prius
912 956 975 993 ac
1004 937 1172 990 furari
1196 938 1407 1003 nititur,
1432 947 1488 991 ut
1507 938 1778 995 desertam
1796 948 1849 993 et
1870 940 1986 993 sine

422 1040 694 1110 adjutorio
739 1036 978 1089 animant
1023 1029 1285 1084 invadens
1320 1031 1489 1100 plagis
1526 1048 1644 1087 eam
1685 1034 1987 1087 innumeris

421 1130 716 1185 confodiat.
753 1127 821 1177 At
852 1136 981 1176 vero
1001 1135 1125 1175 cum
1145 1122 1268 1191 quis
1298 1138 1392 1193 spe
1415 1125 1468 1177 in
1501 1122 1665 1179 Deum
1694 1123 1863 1179 fultus
1891 1123 1987 1177 has

424 1223 679 1275 tenebras
727 1214 1009 1283 disiecerit
1034 1223 1196 1283 atque
1224 1216 1290 1270 ad
1332 1214 1513 1270 Solem
1544 1216 1769 1285 justitia:
1794 1213 1987 1268 confu-

422 1310 596 1380 giens,
624 1309 769 1360 illius
798 1305 981 1360 radios
1010 1304 1064 1359 in
1086 1306 1264 1360 anima
1298 1322 1395 1362 sua
1424 1309 1667 1378 recipere
1694 1306 1987 1366 studuerit,

424 1401 673 1470 protinus
692 1399 1078 1467 cogitationum
1094 1416 1314 1455 suarum
1334 1400 1623 1453 tumultum
1650 1400 1701 1451 in
1721 1399 1987 1451 latronem

424 1493 575 1547 illum
609 1491 975 1548 transfundet.
1008 1492 1142 1548 Nam
1166 1503 1218 1548 et
1243 1494 1335 1562 qui
1369 1493 1611 1546 facinora
1639 1491 1768 1543 talia
1800 1504 1989 1558 aggre-

424 1582 671 1645 diuntur,
711 1599 833 1638 cum
878 1586 1002 1655 quis
1044 1586 1166 1640 illos
1205 1581 1655 1652 dep-.ehenderit,
1697 1594 1761 1633 ac
1809 1580 1991 1634 lumen

424 1673 744 1731 ostenderit.
778 1683 1042 1738 tremunt,
1078 1674 1345 1728 ﬂuctuant
1378 1680 1540 1738 atque
1574 1669 1989 1736 perturbantur.

410 1756 479 1811 Et
504 1758 794 1826 quomodo,
830 1758 1055 1827 inquies,
1073 1756 1245 1826 possit
1270 1754 1390 1822 quis
1416 1751 1518 1805 hoc
1545 1750 1732 1805 dolore
1757 1748 1994 1812 liberart,

411 1848 512 1901 nisi
542 1848 686 1917 prius
712 1850 970 1918 eripiatur
1004 1864 1033 1901 a
1064 1848 1308 1902 daemone
1331 1842 1629 1913 agitatore?
1654 1841 1768 1896 Non
1786 1840 1995 1895 dmmon

409 1948 491 1993 est
521 1941 611 2009 qui
657 1956 945 1996 maerorem
995 1946 1209 2000 movet,
1240 1935 1335 1990 sed
1383 1950 1581 1990 mceror
1627 1934 1803 2004 potius
1853 1934 1998 1989 vires

410 2030 640 2085 dsemoni
668 2032 1037 2095 administrat,
1070 2028 1524 2098 cogitationesque
1552 2028 1719 2081 malas
1740 2029 1993 2097 suggerit.

411 2126 707 2179 Attestatur
745 2125 867 2180 huic
907 2124 1101 2179 rationi
1145 2130 1343 2175 nostra:
1390 2120 1727 2176 beatissimus
1755 2120 1950 2175 Paulus
1981 2138 1994 2174 :

412 2233 517 2270 non
548 2219 686 2270 enim
710 2218 1031 2280 daemonem,
1060 2215 1154 2270 sed
1184 2213 1592 2269 immoderatum
1614 2213 1852 2268 dolorem
1882 2227 1999 2266 me—

411 2316 589 2364 tuens.
620 2307 907 2362 Corinthiis
932 2307 1135 2373 scribit,
1162 2316 1220 2361 ut
1250 2314 1470 2375 pareant
1492 2305 1709 2362 demum
1735 2304 1999 2375 peccanti,

414 2395 498 2450 Ne
517 2401 647 2468 forte
666 2398 1021 2451 abundantiori
1045 2396 1246 2451 tristitia
1265 2395 1587 2450 absorbeatur
1600 2396 1687 2466 qui
1707 2395 1823 2449 talis
1837 2403 1909 2448 est
1926 2393 2003 2464 (Ξ.

413 2487 593 2542 Cora.
623 2488 695 2559 7),
737 2488 1207 2558 inquit.C:eterum
1232 2486 1664 2543 utconcedamus
1706 2486 2004 2540 daemonem

414 2580 589 2633 acrius
615 2580 835 2644 instare,
865 2594 929 2633 ex
957 2580 1135 2633 animo
1162 2591 1338 2633 autem
1372 2587 1461 2633 tuo
1488 2580 1697 2648 pulsum
1725 2592 1845 2631 esse
1871 2590 2008 2631 mte-

418 2684 616 2735 rorem,
649 2669 776 2739 quid
800 2669 909 2738 jam
937 2669 1038 2723 erit
1060 2684 1125 2723 ex
1154 2668 1255 2723 hoc
1280 2666 1773 2737 detrimentiiquid
1801 2666 1887 2720 hic
1913 2682 2008 2735 per

418 2774 478 2814 se
506 2760 652 2813 solus
673 2769 764 2813 aut
792 2774 1011 2828 parvum
1033 2769 1125 2813 aut
1149 2775 1399 2829 magnum
1443 2758 1615 2830 possit
1651 2766 1838 2811 contra
1868 2758 2006 2810 nos?

417 2852 488 2906 At
514 2867 642 2906 vero
670 2866 889 2913 mceror,
922 2851 1144 2905 absente
1168 2851 1413 2905 daemone
1432 2892 1448 2914 ,
1477 2849 1643 2904 multa
1670 2864 1769 2919 per
1793 2863 1853 2903 se
1881 2846 2007 2901 hor-

420 2940 586 2994 renda
612 2938 776 2995 efficit
795 2981 810 3004 ,
838 2941 1199 3010 plurimosque
1227 2955 1413 2994 eorum
1445 2941 1534 3009 qui
1564 2939 1663 2994 sibi
1707 2947 2007 2993 nexueruut

423 3030 664 3099 laqueos,
696 3032 1072 3085 consciverunt
1098 3030 1325 3100 gladios,
1354 3030 1438 3084 vel
1460 3029 1602 3083 ﬂuvii
1634 3044 1693 3083 se
1722 3029 1879 3082 undis
1906 3029 2005 3081 de—

422 3119 635 3186 derunt,
667 3120 744 3175 \el
773 3121 878 3175 alio
902 3123 1088 3190 quovis
1108 3136 1304 3189 genere
1330 3120 1612 3189 perdidere
1638 3120 1864 3187 seipsos,
1891 3117 2011 3173 solo

422 3210 607 3265 dolore
650 3212 701 3264 in
744 3211 1029 3265 violentam
1076 3220 1300 3264 mortem
1348 3211 1608 3279 impulsos
1659 3211 2009 3279 reperiemus.

422 3303 577 3369 Quod
603 3303 645 3357 si
677 3304 815 3358 inter
843 3317 936 3356 eos
963 3304 1226 3373 quiSpiam
1253 3302 1496 3358 fortassis
1522 3301 1683 3356 fuerit
1710 3311 1958 3372 arreptus
1981 3316 2013 3357 a

425 3392 697 3458 daemone,
742 3391 899 3462 hujus
942 3406 1155 3462 quoque
1202 3391 1432 3461 perditio
1478 3407 1587 3447 non
1627 3391 1890 3457 dmmoni,
1917 3391 2012 3446 sed

424 3483 673 3539 maeroris
715 3482 980 3555 tyrannidi
1028 3498 1091 3536 ac
1145 3482 1411 3537 violentia:
1465 3483 1656 3537 merito
1706 3482 2013 3552 imputanda

424 3575 546 3628 erit.
580 3573 646 3627 Et
672 3573 971 3643 quomodo,
1002 3573 1239 3643 inquies,
1271 3587 1487 3641 possum
1532 3587 1637 3627 non
1670 3587 1901 3627 mmrore
1928 3570 2013 3626 af-

428 3666 553 3721 ﬁci?
579 3665 636 3720 Si
662 3680 692 3719 a
719 3666 1073 3719 multitudinis
1103 3665 1352 3735 opinione
1380 3664 1447 3720 de
1478 3662 1778 3734 huiusmodi
1808 3679 1866 3718 re
1897 3663 2015 3717 lon-

427 3758 645 3829 gissime
671 3758 929 3813 recedens
950 3799 965 3824 ,
994 3758 1105 3811 sola
1150 3771 1379 3827 superna
1426 3757 1646 3811 sentias.
1676 3754 1828 3809 Nune
1869 3756 2013 3810 enim

429 3846 633 3904 idcirco
651 3863 713 3903 ea
740 3864 828 3903 res
854 3849 1029 3917 gravis
1052 3859 1213 3918 atque
1233 3845 1500 3901 horrenda
1521 3845 1616 3899 tibi
1641 3845 1873 3909 videtur,
1891 3848 2016 3916 quia

429 3940 619 4011 vulgus
647 3940 716 3993 ita
744 3940 1033 3995 existimat.
1062 3940 1222 4010 Atqui
1252 3938 1299 3993 si
1325 3938 1522 3992 omissa
1566 3937 1710 3991 inani
1736 3936 2017 4009 fallacique

432 4030 826 4085 existimatione
857 4030 1023 4099 ipsam
1064 4044 1177 4084 rem
1208 4027 1511 4099 diligentius
1551 4027 1895 4083 considerare
1926 4044 2020 4083 vo-

435 4119 618 4185 lueris,
656 4119 895 4173 invenies
930 4119 1131 4173 nullam
1172 4120 1347 4174 inesse
1383 4117 1435 4173 ei
1473 4116 1742 4173 maestitia:
1781 4116 2021 4172 occasio-

434 4226 556 4266 nem
583 4229 597 4265 :
619 4212 757 4281 quod
775 4212 886 4281 jam
909 4226 1052 4279 sazpe
1072 4212 1318 4282 superius
1336 4209 1682 4264 ostendimus.
1707 4208 2017 4279 Equalium

433 4318 564 4358 vero
590 4312 799 4357 tuorum
842 4303 1011 4373 gratia
1042 4303 1203 4373 (reor
1240 4303 1381 4358 enim
1408 4310 1459 4356 te
1484 4301 1775 4356 intuentem
1804 4300 2016 4356 illorum

437 4397 673 4451 ltetitiam
714 4412 779 4452 ae
818 4397 1066 4451 fiduciam
1103 4413 1225 4453 eum
1254 4397 1537 4462 fratribus,
1566 4396 1818 4451 confundi
1860 4406 2021 4468 atque

438 4502 504 4541 ex
533 4487 742 4541 tristitia
770 4488 1087 4559 concidere)
1129 4505 1231 4559 ego
1259 4489 1312 4543 id
1354 4489 1613 4543 veraciter
1640 4488 1865 4542 dixerim
1910 4507 1925 4543 :
1974 4490 2019 4545 si

438 4577 676 4648 quidem,
701 4579 805 4632 illis
836 4580 886 4632 in
906 4580 1233 4635 continentia
1254 4590 1309 4635 et
1326 4580 1611 4635 sobrietate
1636 4580 1869 4648 atquein
1896 4582 2025 4635 reli-

438 4684 542 4739 qua
566 4670 687 4722 vita:
713 4669 1045 4739 philosophia
1073 4671 1407 4741 degentibus,
1435 4672 1547 4741 ipse
1574 4671 1626 4725 in
1655 4670 2020 4742 lupanaribus,

440 4762 495 4815 in
523 4761 659 4815 ludis
691 4762 823 4814 etin
848 4762 977 4816 aleis
1020 4770 1075 4816 et
1120 4763 1601 4819 eomessationibus
1633 4772 1840 4832 tempus
1862 4778 2024 4821 omne

443 4867 819 4918 consumeres,
859 4854 1191 4909 rationabilis
1234 4856 1472 4925 profecto
1513 4865 1654 4911 esset
1685 4856 1771 4909 hic
1822 4870 2027 4912 mror

445 4955 568 4999 tuus
594 4964 609 4999 :
636 4946 719 4998 sin
746 4953 922 5000 autem
953 4946 1195 5001 eamdem
1239 4949 1442 5004 incedis
1465 4949 1602 5003 viam
1628 4988 1643 5011 ,
1685 4945 1812 5016 quid
1849 4962 2026 5003 cauare

444 5037 692 5107 estquod
718 5038 967 5108 nugaris?
994 5038 1253 5108 Equidem
1284 5042 1329 5095 si
1359 5041 1485 5095 mihi
1516 5038 1582 5093 ad
1607 5038 1835 5108 aliquem
1863 5054 1931 5093 ex
1962 5040 2026 5095 iis

446 5144 624 5184 sermo
654 5140 816 5195 esset,
846 5130 938 5201 qui
966 5131 1116 5187 facile
1140 5134 1466 5188 extolluntur
1493 5130 1737 5186 laudibus
1756 5171 1772 5196 ,
1813 5146 1876 5185 ea
1905 5148 2027 5202 qua:

445 5222 605 5276 modo
621 5221 861 5278 dicturus
888 5239 1004 5278 sum
1034 5224 1271 5295 profecto
1288 5228 1589 5281 tacuissem.
1617 5223 1878 5291 Quoniam
1900 5242 2029 5283 vero

444 5328 507 5367 ea
535 5313 664 5368 mihi
689 5316 756 5371 de
780 5326 831 5371 te
848 5332 971 5387 spes
990 5327 1093 5385 est,
1114 5318 1256 5388 quod
1279 5316 1680 5388 quamtnmlibet
1699 5318 1817 5385 quis
1838 5324 1891 5372 te
1914 5319 2033 5372 lau-

448 5404 537 5457 det
563 5416 720 5474 atque
749 5408 1041 5465 admiretur
1059 5452 1074 5477 ,
1106 5425 1396 5479 numquam
1422 5407 1733 5463 modestiam
1774 5408 1991 5463 deseres
2011 5450 2027 5474 ,

447 5504 607 5565 atque
634 5498 978 5557 nihilominus
1008 5503 1146 5557 inter
1173 5512 1441 5558 extremos
1484 5511 1534 5556 te
1572 5501 1741 5571 ipsum
1787 5510 1986 5555 statues
2010 5543 2027 5568 ,

448 5597 637 5642 cuncta
661 5589 790 5645 nihil
821 5603 1062 5651 metuens
1085 5604 1177 5649 aut
1200 5594 1541 5650 dissimulans
1560 5593 1762 5662 loquar.

522 5677 776 5747 Stagirius
814 5698 878 5735 ea:
913 5685 1157 5741 dilationis
1183 5685 1447 5739 inmitibus
1476 5682 1689 5737 multum
1728 5685 2028 5753 profecerat.

450 5800 520 5813 --—
544 5772 712 5826 Tanta
754 5774 895 5826 enim
940 5776 1098 5830 audio
1143 5777 1233 5832 tibi
1278 5774 1565 5830 accessisse
1611 5774 1821 5844 pietatis
1861 5776 2035 5829 incre-

456 5872 655 5927 menta,
687 5874 741 5917 ut
763 5878 869 5917 non
893 5863 1001 5931 jam
1041 5879 1159 5923 cum
1186 5867 1596 5924 adolescentulis
1624 5867 1727 5921 illis
1747 5908 1761 5931 ,
1791 5866 1885 5922 scd
1911 5882 2033 5922 cum

458 5952 657 6025 magnis
703 5953 1133 6022 admirandisque
1181 5958 1309 6013 viris
1356 5959 1549 6015 virtute
1600 5957 1911 6015 contendas.
1978 5963 2035 6021 1η

764 6046 1038 6108 ΡΔἸἪΟΙ..
1087 6050 1203 6110 (in.
1249 6055 1302 6113 Χ
1319 6056 1499 6119 Ll'll.

1240 554 1329 607 AD
1372 543 1747 604 STAGIRIUM
1787 542 1833 597 Α
1870 525 2166 593 ΒᾹΞΜΟΝΕ
2208 521 2565 579 VEXATUM.
2605 520 2731 577 LIB.
2775 520 2838 577 ll.

3570 521 3674 575 430

2093 662 2240 716 nullo
2267 670 2318 714 te
2357 658 2461 711 illis
2492 656 2792 713 inferiorem
2842 661 3021 724 aiunt,
3049 674 3155 713 non
3205 661 3409 717 ratione
3448 664 3676 734 jejuuii:

2089 768 2195 822 quo
2222 751 2365 806 enim
2394 758 2570 817 pacto,
2616 764 2735 802 cum
2765 765 2956 818 panem
2988 758 3042 803 ct
3065 764 3255 819 aquam
3296 762 3495 807 tantum
3523 756 3573 808 in
3600 758 3677 811 ci-

2092 841 2216 894 butn
2264 853 2478 902 sumas,
2526 837 2681 907 idque
2728 838 2950 892 alternis
2986 838 3210 894 diebus?
3240 857 3344 896 non
3385 843 3679 913 vigiliarum

2093 931 2427 1001 prolixitatc,
2459 944 2579 984 cutn
2610 940 2664 984 ttt
2694 929 2792 999 ipsi
2824 930 3002 999 plures
3033 947 3133 985 una
3180 945 3363 988 noctes
3410 936 3682 993 insomnes

2096 1023 2357 1092 transigas
2383 1038 2396 1085 ;
2430 1038 2535 1076 non
2565 1023 2758 1077 diurno
2786 1024 3045 1085 instituto,
3076 1040 3182 1095 quo
3210 1036 3261 1080 te
3288 1042 3498 1097 quoque
3520 1030 3684 1097 pluri-

2096 1129 2214 1168 mos
2241 1114 2449 1168 illorum
2480 1119 2858 1172 transcendere
2886 1115 3023 1171 fama
3069 1126 3170 1172 est.
3200 1118 3375 1172 Audio
3402 1134 3467 1173 ex
3500 1121 3564 1173 iis
3595 1124 3684 1188 qui

2097 1202 2292 1258 isthine
2311 1203 2631 1272 adveniunt,
2655 1207 2748 1260 tibi
2770 1222 2929 1262 omne
2959 1216 3166 1276 tempus
3197 1208 3248 1262 in
3275 1209 3527 1280 lacrymis
3558 1225 3685 1279 per-

2099 1296 2379 1365 petuisque
2402 1297 2732 1351 orationibus
2758 1298 3031 1360 consumi;
3061 1307 3114 1352 et
3142 1300 3589 1369 quemadmodum
3615 1301 3647 1354 ii
3665 1340 3685 1366 ,

2098 1386 2188 1454 qui
2218 1387 2430 1440 silentio
2456 1402 2513 1439 se
2543 1386 2893 1451 devoverunt,
2922 1402 3084 1456 seque
3111 1389 3252 1457 ipsos
3290 1391 3500 1459 tugurio
3538 1392 3685 1445 hrevi

2100 1476 2456 1540 incluserunt,
2489 1478 2615 1531 nihil
2656 1478 2945 1547 loquuntur
2969 1519 2984 1544 ,
3015 1480 3084 1532 ita
3109 1487 3165 1533 et
3208 1488 3260 1533 te
3288 1481 3433 1533 aiunt
3463 1482 3512 1535 in
3542 1490 3685 1535 tanta

2100 1576 2398 1621 versantem
2431 1568 2767 1623 multitudine
2792 1568 3098 1639 persistere.
3124 1568 3293 1623 Porro
3312 1571 3686 1625 contritionetn

2100 1654 2278 1709 cordis
2309 1657 2402 1722 tui,
2445 1658 2745 1726 squalorem
2786 1674 2849 1712 ac
2877 1658 3115 1714 dolorem
3144 1668 3202 1714 et
3236 1658 3290 1713 hi
3318 1660 3406 1730 qui
3437 1672 3689 1717 enarrant

2104 1744 2512 1810 exhorrescunt,
2547 1748 2910 1816 plurimosque
2955 1748 3041 1803 hic
3086 1749 3213 1803 dum
3270 1760 3355 1803 tua
3411 1762 3689 1806 narrarent

2104 1833 2342 1889 instituta
2395 1848 2845 1906 compunxerunt.
2920 1836 3133 1892 Nullum
3191 1854 3440 1908 umquam
3507 1841 3689 1911 ingre-

2106 1926 2384 1993 dientium,
2409 1929 2576 1995 aiunt,
2602 1930 2842 2000 respicit,
2871 1929 2998 1983 nihil
3028 1945 3091 1984 ex
3119 1932 3389 1984 consuetis
3420 1932 3691 1986 laboribus

2103 2022 2308 2078 relaxat
2338 2040 2350 2075 :
2383 2022 2577 2091 sacpius
2602 2022 2757 2077 veriti
2788 2037 2970 2076 sumus
3013 2038 3080 2077 nc
3107 2023 3292 2077 oculos
3320 2026 3589 2094 perpetuis
3617 2026 3695 2077 la-

2102 2115 2299 2186 crymis
2336 2124 2648 2177 exczecaret,
2683 2129 2749 2168 ne
2785 2113 2975 2184 vigiliis
3006 2114 3203 2179 nimiis,
3237 2116 3615 2187 irretnissoque
3639 2130 3695 2171 et

2102 2206 2211 2274 jugi
2242 2206 2488 2260 lectionis
2515 2206 2691 2260 studio
2712 2206 2991 2261 cerebrum
3021 2206 3335 2263 offenderet.

2156 2296 2210 2349 9..
2234 2296 2346 2351 Hoc
2361 2312 2488 2366 ergo
2511 2306 2561 2351 te
2578 2312 2809 2353 interere
2827 2298 3041 2353 conficit
3055 2308 3215 2369 atque
3246 2300 3533 2369 perturbat,
3554 2302 3693 2371 quod

2108 2387 2341 2457 aequales
2373 2396 2490 2441 tuos
2523 2395 2665 2441 tanta
2693 2388 3008 2444 excellentia
3037 2404 3255 2460 superas
3279 2432 3294 2455 ,
3325 2392 3465 2461 quod
3496 2394 3698 2447 acerri-

2110 2493 2257 2532 mum
2286 2486 2339 2532 et
2367 2478 2728 2547 impudentem
2761 2488 2946 2535 nactus
2975 2478 3337 2536 adversarium
3360 2522 3374 2546 ,
3401 2491 3549 2536 tanto
3578 2498 3700 2551 spa-

2111 2569 2185 2623 tio
2213 2578 2387 2624 tecum
2428 2570 2626 2639 pariter
2650 2578 2928 2627 currentes
2955 2573 3254 2627 excessisti.
3287 2574 3476 2627 Annon
3508 2573 3701 2627 merito

2108 2659 2351 2716 dicebam
2382 2674 2667 2716 maerorem
2700 2662 2837 2717 hunc
2867 2674 3201 2732 prmsumpta:
3240 2664 3413 2718 solum
3439 2679 3559 2719 esse
3586 2665 3701 2734 opi-

2112 2752 2317 2815 nionis;
2347 2752 2392 2807 si
2423 2752 2763 2806 examinetur
2786 2767 2935 2815 vero,
2968 2768 3205 2807 sunnnas
3234 2753 3388 2807 nobis
3418 2755 3611 2809 lmtitim
3636 2768 3700 2808 ac

2113 2842 2511 2913 tranquillitatis
2538 2843 2848 2897 occasiones
2873 2842 3150 2913 prmbcre?
3170 2843 3298 2909 Quae
3317 2844 3460 2899 enim
3480 2846 3696 2910 utilitas,

2112 2949 2296 3002 qumso
2326 2942 2395 3000 te,
2427 2948 2457 2987 a
2481 2932 2726 2987 daemone
2755 2949 2861 2987 non
2900 2933 3131 3001 corripi,
3163 2934 3207 2987 si
3256 2934 3377 2988 vitae
3406 2933 3702 2989 institutum

2113 3025 2442 3095 negligatur?
2470 3025 2614 3094 quod
2640 3024 2894 3078 damnum
2925 3026 3160 3094 corripi,
3204 3025 3249 3080 si
3281 3026 3385 3079 vita
3434 3038 3579 3081 recte
3624 3028 3705 3080 in-

2115 3120 2296 3171 stituta
2321 3126 2376 3171 et
2396 3126 2645 3171 accurata
2669 3116 2777 3171 sit?
2796 3118 2866 3170 At
2887 3115 3111 3171 fortasse
3137 3117 3476 3172 confunderis
3498 3134 3560 3173 ac
3582 3134 3707 3173 eru-

2118 3207 2325 3269 bescis.
2364 3222 2485 3261 cum
2518 3216 2571 3261 te
2597 3206 2697 3261 sub
2725 3207 2895 3261 oculis
2941 3208 3293 3277 quorumdam
3339 3209 3556 3278 dejicit?
3600 3210 3704 3263 Sed

2118 3296 2222 3352 hoc
2253 3298 2345 3352 tibi
2371 3314 2437 3351 ex
2468 3300 2654 3353 eadem
2699 3298 2906 3352 ratione
2934 3299 3210 3367 contingit,
3240 3300 3381 3368 quod
3411 3299 3707 3355 multitudi-

2118 3390 2202 3444 nis
2222 3389 2473 3461 opinione
2511 3389 2780 3459 negotium
2830 3389 2964 3456 hoc,
3008 3406 3113 3444 non
3156 3391 3434 3447 ratiocinio
3477 3393 3705 3448 metiris.

2116 3478 2357 3548 Namque
2380 3477 2573 3534 cadere
2602 3493 2708 3533 non
2734 3479 2783 3532 id
2811 3490 2913 3543 est,
2942 3478 3084 3548 quod
3115 3488 3170 3534 tu
3200 3489 3253 3535 te
3280 3482 3384 3551 pati
3412 3482 3580 3546 dicis,
3611 3488 3707 3537 sed

2117 3568 2173 3622 in
2216 3576 2490 3637 peccatum
2521 3582 2773 3623 corruere
2803 3586 2817 3621 :
2845 3570 2897 3622 in
2927 3568 3031 3623 hoc
3058 3584 3188 3623 sane
3231 3584 3359 3624 casu
3398 3571 3613 3639 dolere,
3652 3577 3707 3627 in

2119 3659 2223 3713 hoc
2264 3658 2582 3715 erubescere
2605 3659 2874 3713 convenit.
2905 3658 3013 3713 Nos
3042 3668 3222 3714 contra
3271 3661 3325 3715 in
3355 3660 3419 3715 iis
3443 3677 3562 3733 quae
3591 3665 3710 3719 nul-

2121 3752 2226 3806 lam
2259 3752 2458 3808 habent
2503 3753 2837 3807 verecundia:
2862 3756 3123 3807 rationem
3151 3752 3558 3821 confundimur;
3590 3773 3709 3829 qua:

2121 3854 2299 3899 autem
2323 3860 2508 3900 revera
2524 3855 2648 3900 sunt
2668 3846 2861 3915 turpia,
2884 3848 3359 3919 exsecrationeque
3379 3863 3441 3903 ac
3458 3864 3712 3921 supremo

2122 3934 2277 4005 digna
2307 3936 2541 3989 cruciatu
2562 3977 2577 3999 ,
2609 3952 2671 3991 ea
2696 3936 2821 3991 dum
2854 3946 3255 4007 perpetramus,
3284 3938 3418 3993 nihil
3462 3956 3561 3995 nos
3588 3942 3711 3997 mali

2126 4028 2230 4096 pati
2257 4026 2597 4082 arbitramur.
2628 4028 2803 4098 Atque
2826 4029 3003 4083 anima
3032 4029 3245 4098 quidem
3272 4030 3497 4100 singulis
3524 4032 3715 4088 diebus

2126 4128 2469 4189 peccatorum
2517 4120 2569 4173 vi
2608 4130 2892 4176 corraente
2913 4161 2929 4186 ,
2959 4120 3133 4175 nullus
3175 4132 3260 4175 est
3303 4124 3393 4191 qui
3425 4122 3637 4193 lugeat;
3668 4126 3714 4180 si

2125 4208 2340 4279 quando
2365 4226 2493 4265 vero
2521 4226 2714 4280 corpus
2748 4212 2852 4266 hoc
2874 4212 3073 4281 aliquid
3110 4214 3344 4282 patitur,
3385 4214 3436 4269 id
3465 4231 3595 4271 vero
3617 4217 3718 4271 du-

2126 4318 2245 4356 rum
2273 4311 2434 4371 atque
2480 4304 2815 4359 intolerabile
2843 4320 2963 4359 esse
2992 4305 3221 4360 videtur.
3245 4305 3434 4361 Nonne
3462 4307 3514 4362 id
3539 4308 3715 4377 potius

2127 4404 2212 4449 est
2251 4411 2281 4447 ιι
2324 4394 2569 4449 dzemone
2597 4396 2793 4465 corripi
2814 4437 2829 4457 ,
2858 4396 2903 4449 si
2932 4396 3069 4449 adeo
3094 4397 3467 4452 miserabiliter
3504 4400 3716 4456 animus

2127 4486 2408 4551 afﬁciatur,
2430 4495 2590 4555 atque
2616 4487 2688 4539 ita
2710 4488 2851 4541 circa
2882 4502 3058 4541 rerum
3076 4487 3274 4555 judicia
3304 4488 3554 4544 fallatur?
3582 4490 3713 4545 Nam

2128 4580 2175 4633 si
2203 4578 2255 4632 id
2282 4578 2497 4648 quidem
2522 4594 2588 4633 ex
2615 4578 2875 4633 ebrietate
2906 4579 3164 4647 patereris
3184 4621 3199 4643 ,
3228 4580 3478 4635 confundi
3523 4583 3717 4635 merito

2130 4688 2196 4726 ac
2226 4686 2456 4727 maerere
2501 4670 2811 4735 debuisses,
2844 4672 3039 4741 quippe
3079 4672 3131 4725 id
3182 4673 3469 4729 voluntatis
3513 4676 3716 4729 crimen

2133 4778 2315 4830 esset;
2347 4766 2429 4820 sin
2453 4775 2630 4819 autem
2669 4764 2890 4818 alterius
2932 4766 3179 4819 νίιιιριιῑίιι
3213 4766 3263 4820 id
3294 4768 3386 4829 fit,
3420 4783 3525 4821 non
3557 4770 3600 4822 is
3628 4771 3719 4838 qui

2134 4870 2361 4913 vexatur
2384 4867 2540 4927 atque
2565 4873 2682 4912 eam
2710 4856 3013 4912 violentiam
3036 4857 3243 4920 tolerat,
3267 4859 3362 4913 sed
3391 4858 3434 4913 is
3462 4860 3553 4930 qui
3574 4861 3718 4917 illam

2134 4950 2317 5017 infert,
2344 4950 2662 5004 erubescere
2689 4948 2869 5003 debet.
2901 4948 3031 5002 Nam
3062 4959 3116 5003 et
3147 4950 3200 5003 in
3229 4950 3405 5021 platea
3433 4952 3479 5005 si
3507 4952 3721 5021 quando

2133 5043 2419 5098 commissa
2448 5057 2621 5111 pugna
2647 5041 2780 5096 alter
2804 5041 3028 5096 alterum
3061 5042 3341 5112 impellens
3366 5043 3549 5113 dejicit
3567 5085 3584 5112 ,
3613 5063 3720 5101 non

2135 5133 2444 5199 cadentem,
2475 5132 2569 5187 sed
2616 5132 2974 5202 impellentem
3002 5148 3315 5189 accusamus
3340 5150 3549 5190 omnes.
3584 5137 3724 5194 Utile

2135 5226 2351 5296 quidem
2370 5234 2455 5280 est
2476 5225 2816 5290 erubescere,
2844 5224 2937 5279 sed
2968 5234 3075 5278 tum
3110 5224 3347 5293 profecto
3372 5242 3495 5281 cum
3526 5229 3723 5299 aliquid

2138 5318 2464 5388 gesserimus
2484 5316 2625 5385 quod
2652 5317 2739 5371 ille
2765 5316 2981 5385 dignum
3010 5316 3245 5370 cruciatu
3262 5316 3483 5385 judicet.
3508 5321 3597 5389 qui
3626 5335 3724 5373 nos

2134 5409 2470 5479 judicaturus
2501 5408 2554 5461 in
2587 5408 2690 5461 fine
2720 5416 2819 5460 est.
2845 5406 3107 5473 Quamdiu
3151 5419 3329 5463 autem
3376 5410 3503 5462 nihil
3542 5410 3725 5479 hujus-

2140 5504 2283 5559 modi
2316 5503 2469 5557 nobis
2493 5500 2693 5555 conscii
2717 5498 2993 5564 fuerimus,
3020 5499 3169 5569 cujus
3198 5502 3275 5555 rei
3300 5502 3467 5569 gratia
3494 5502 3722 5557 confun-

2140 5595 2350 5651 dimur?
2380 5593 2561 5661 Neque
2585 5591 2725 5645 enim
2771 5590 2816 5645 si
2840 5590 2961 5661 quis
2988 5592 3103 5645 sine
3129 5590 3333 5645 ratione
3362 5591 3601 5662 nihilque
3631 5592 3723 5646 ιω.

2142 5704 2234 5744 sus
2264 5698 2315 5742 te
2343 5684 2575 5742 exederet
2596 5726 2610 5749 ,
2650 5692 2739 5738 aut
2779 5685 2830 5738 in
2860 5695 3052 5739 terram
3078 5683 3359 5752 dejiceret,
3388 5694 3549 5753 tuque
3575 5685 3718 5739 omni

2143 5777 2547 5836 mansuetudine
2575 5778 2808 5832 tolerans
2831 5777 3037 5839 abires,
3067 5776 3395 5832 confusionis
3431 5792 3491 5831 ea
3520 5791 3608 5831 res
3635 5793 3722 5831 ett—-

2143 5888 2245 5944 set,
2272 5877 2365 5935 sed
2387 5874 2733 5947 pbi1050phire
2759 5872 3213 5941 maximarumque
3243 5868 3476 5925 laudum.
3503 5869 3652 5935 Quod
3676 5872 3721 5923 si

2146 5970 2448 6027 hominibus
2494 5966 2712 6037 injurias
2739 5957 3113 6029 inferentibus,
3143 5962 3192 6016 id
3237 5960 3474 6028 perferre
3518 5962 3719 6029 glorio-

3272 6046 3350 6099 2U
