4490 6738
838 592 932 649 (Si

832 743 951 782 sum
974 736 1056 781 est
1076 770 1090 793 ,
1123 743 1257 785 eone
1276 770 1291 795 ,
1322 731 1409 800 qui
1437 746 1624 788 omnes
1650 736 1883 805 nequitia
1928 736 2278 799 transcendit,
2313 735 2415 789 hoc

838 818 1012 887 ipsum
1047 822 1307 887 faciente,
1336 822 1424 890 qui
1469 823 1610 878 illius
1654 827 1925 879 vesaniam
1974 827 2180 881 fortiter
2216 826 2412 889 tulerit,

837 912 987 971 quasi
1036 926 1151 964 rem
1179 913 1569 981 vituperatione
1592 915 1802 984 dignam
1832 916 2045 981 fecerit,
2080 919 2268 972 rubore
2298 933 2417 987 pcr-

835 999 888 1051 fu
902 1000 1134 1055 ndetur?
1162 1002 1227 1056 Et
1268 1006 1391 1073 quid
1420 1006 1518 1060 hac
1548 1008 1924 1064 contrarietate
1947 1011 2051 1064 diei
2083 1009 2420 1065 irrationabi-

837 1087 942 1141 lius
972 1091 1180 1158 possit?
1211 1092 1267 1146 Si
1299 1094 1439 1147 enim
1466 1109 1530 1147 ex
1559 1110 1683 1149 casu
1708 1097 1796 1151 illo
1815 1112 2106 1169 exsurgens
2132 1110 2283 1169 turpe
2322 1099 2421 1153 ali-

839 1181 967 1249 quid
986 1192 1075 1235 aut
1101 1183 1275 1238 facere
1304 1185 1651 1252 inducereris,
1683 1198 1773 1242 aut
1799 1188 1962 1259 loqui,
1993 1206 2059 1245 ne
2080 1192 2190 1259 ipse
2206 1189 2417 1259 quidem

838 1284 1000 1339 super
1028 1271 1111 1326 his
1140 1281 1191 1326 te
1219 1274 1397 1343 lugere
1427 1291 1487 1329 ac
1507 1276 1691 1332 dolere
1722 1280 2058 1349 prohzberem
2090 1298 2103 1331 :
2133 1281 2213 1335 sin
2239 1290 2416 1335 autem

843 1365 1018 1418 omnia
1048 1380 1166 1418 eum
1197 1368 1485 1435 gratiarum
1515 1371 1725 1426 actione
1757 1373 1972 1437 toleras,
1996 1382 2151 1441 atque
2174 1373 2239 1425 ad
2261 1388 2421 1427 oran-

840 1455 964 1508 dum
993 1465 1043 1509 te
1069 1458 1247 1511 statim
1270 1462 1559 1526 convertis,
1592 1464 1715 1532 quid
1744 1474 1825 1517 est
1863 1464 2003 1533 quod
2036 1466 2125 1517 tibi
2156 1480 2418 1519 verecun-

838 1544 980 1600 diam
1026 1557 1117 1601 aut
1142 1551 1509 1606 confusionem
1541 1555 1749 1622 pariat?
1778 1555 1881 1609 Sed
1928 1556 2165 1610 fortassis
2207 1558 2336 1611 dura
2366 1568 2421 1613 et

837 1636 1378 1707 dolendajudieantur
1405 1642 1592 1708 probra
1623 1645 1689 1697 ab
1717 1644 1834 1697 aliis
1861 1647 1909 1698 in
1940 1662 2036 1699 nos
2063 1647 2321 1716 cerjecta.

913 1729 1130 1791 Quinam
1157 1748 1267 1784 vere
1290 1733 1607 1785 dwmouiaei.
1633 1765 1705 1774 —
1729 1736 1795 1789 Et
1837 1738 1963 1807 quid
2009 1738 2268 1808 ejusmodi
2318 1739 2419 1793 ho-

840 1820 1073 1875 rninibus
1101 1822 1204 1877 dici
1234 1823 1637 1893 vituperabilius
1682 1828 1883 1897 possit,
1925 1832 2013 1898 qui
2065 1848 2233 1901 neque
2262 1831 2417 1903 digna

837 1909 1251 1979 exprobratione
1281 1915 1383 1970 rite
1410 1928 1630 1986 possunt
1656 1918 2003 1976 discernere?
2047 1922 2134 1975 Isti
2166 1925 2307 1978 enim
2339 1941 2422 1978 re—

844 2014 974 2054 vera
1001 2003 1171 2057 insani
1198 2014 1342 2071 sunt,
1372 2021 1434 2060 ac
1462 2007 1725 2063 dzcnionio
1748 2010 1909 2078 pleni,
1938 2013 2025 2080 qui
2063 2028 2240 2067 rerum
2268 2027 2423 2069 natu-

838 2106 951 2144 ram
986 2102 1042 2146 ut
1067 2107 1187 2148 sese
1214 2094 1406 2150 habeat
1434 2098 1625 2152 intueri
1647 2116 1932 2168 numquam
1962 2102 2295 2169 didicerunt,
2324 2105 2419 2159 sed

837 2198 898 2236 ea
929 2198 1045 2253 quze
1072 2196 1193 2238 sunt
1232 2187 1473 2241 laudibus
1500 2189 1806 2258 dignissima
1847 2193 2181 2261 vituperant,
2206 2203 2260 2247 et
2301 2210 2418 2263 qua:

837 2282 962 2327 sunt
1007 2276 1373 2343 exprobranda
1420 2279 1469 2330 iu
1523 2279 1863 2334 laudabilium
1913 2284 2235 2338 transferunt
2278 2284 2420 2339 ordi-

838 2380 979 2418 nem.
1013 2365 1261 2421 Plurimis
1292 2378 1345 2422 et
1371 2368 1666 2437 phrenetici
1696 2383 1985 2441 prtesentes
2018 2375 2311 2430 maledictis
2339 2375 2418 2428 in-

837 2466 1141 2521 sectantur;
1171 2458 1262 2512 sed
1294 2462 1384 2530 qui
1414 2462 1497 2515 illa
1524 2463 1746 2517 audiunt
1784 2465 1954 2519 nullas
1991 2481 2048 2520 se
2087 2467 2191 2535 pati
2230 2476 2417 2519 contu-

840 2547 1027 2601 melias
1056 2549 1382 2606 existimant.
1411 2552 1477 2606 Et
1506 2564 1557 2605 tu
1600 2554 1756 2621 igitur
1779 2570 1899 2609 eum
1931 2566 2166 2610 amentes
2197 2556 2313 2610 illos
2344 2558 2417 2611 ita

847 2638 987 2707 loqui
1015 2640 1168 2693 audis
1190 2682 1204 2705 ,
1255 2643 1358 2695 noli
1386 2645 1760 2697 contumeliam
1793 2657 1882 2700 aut
1909 2647 2269 2701 confusionem
2298 2663 2416 2702 eam

842 2745 957 2785 rem
987 2732 1311 2796 existimare,
1334 2751 1399 2789 ne
1418 2751 1543 2790 vere
1566 2737 1773 2805 probris
1796 2748 1845 2792 te
1866 2738 2082 2808 dignum
2104 2741 2412 2805 constituas,

837 2823 962 2878 dum
989 2835 1171 2879 contra
1201 2835 1253 2881 te
1284 2827 1447 2882 Deum
1476 2843 1749 2897 provocas.
1780 2830 1910 2885 Cum
1933 2832 2073 2885 enim
2100 2848 2161 2886 ea
2180 2848 2297 2902 qua:
2322 2846 2419 2900 pro

839 2924 1018 2968 nostra
1044 2916 1413 2972 emendatione
1434 2928 1487 2973 et
1510 2920 1732 2975 utilitate
1758 2935 1787 2973 a
1815 2920 1925 2975 Deo
1946 2920 2270 2987 inferuntur,
2298 2937 2422 2990 pro-

842 3004 939 3057 bro
969 3005 1061 3059 tibi
1082 3021 1199 3061 esse
1225 3008 1517 3073 arbitraris,
1545 3008 1663 3063 vide
1688 3025 1794 3079 quo
1810 3010 1911 3065 hoc
1936 3012 2132 3065 malum
2164 3020 2418 3081 emerget.

912 3095 965 3149 5.
1007 3095 1158 3160 Quod
1187 3097 1230 3150 si
1256 3098 1336 3152 vis
1356 3100 1443 3168 qui
1474 3101 1579 3153 sint
1604 3116 1785 3155 revera
1816 3101 2127 3156 confusione
2154 3112 2207 3156 et
2233 3118 2426 3172 expro-

845 3184 1087 3242 bratione
1112 3187 1256 3256 digni
1289 3190 1624 3258 perspicere:
1653 3206 1850 3261 paucos
1880 3207 1911 3247 e
1939 3193 2118 3248 multis
2148 3195 2236 3249 tibi
2263 3210 2425 3249 cona-

845 3289 943 3328 nor
968 3278 1268 3331 ostendere.
1320 3279 1427 3333 Eos
1477 3280 1713 3350 inspice,
1765 3283 1852 3351 qui
1904 3282 2183 3337 mulierum
2239 3284 2422 3339 forvum

842 3366 987 3419 omni
1014 3367 1189 3421 studio
1217 3368 1409 3422 addicti
1438 3379 1579 3434 sunt,
1614 3373 1701 3439 qui
1732 3374 1967 3440 pecuniis
1995 3390 2162 3442 usque
2187 3376 2249 3428 ad
2283 3376 2424 3430 insa-

840 3456 981 3510 niam
1013 3457 1252 3523 inhiant,
1282 3459 1369 3529 qui
1408 3462 1655 3529 potentia:
1683 3478 1744 3515 ac
1793 3463 1973 3533 glorin
2019 3475 2139 3517 sunt
2190 3464 2423 3533 cupidis—

839 3548 999 3612 simi,
1042 3558 1206 3620 utque
1254 3552 1352 3604 ista
1378 3564 1803 3622 consequantur,
1843 3570 1997 3623 :‘gerc
2038 3557 2211 3609 omnia
2237 3568 2288 3610 et
2313 3557 2418 3624 pati

842 3638 1124 3704 sustinent,
1152 3639 1240 3708 qui
1269 3641 1433 3695 livore
1462 3650 1517 3696 et
1545 3642 1737 3696 invidia
1768 3643 2061 3710 tabescunt,
2085 3646 2171 3714 qui
2204 3646 2331 3698 nihil
2363 3662 2421 3701 se

842 3726 1158 3782 laedentibus
1185 3728 1533 3797 insidiantur,
1584 3733 1672 3800 qui
1715 3742 1883 3787 atram
1914 3734 2071 3788 bilem
2119 3738 2419 3804 patiuntur,

838 3815 927 3883 qui
955 3816 1074 3869 vitm
1095 3819 1372 3885 prmsentis
1398 3822 1681 3875 vanitatem
1722 3837 1928 3877 summa
1956 3825 2101 3879 rabie
2130 3835 2417 3881 sectantur.

841 3905 943 3958 Ista
970 3922 1155 3961 revera
1184 3918 1340 3978 atque
1365 3909 1447 3962 his
1469 3912 1661 3965 similia
1691 3916 1923 3968 vesaniae
1948 3927 2072 3969 sunt
2092 3930 2273 3985 opera,
2298 3932 2423 3985 Sup-

840 3995 1103 4066 plicioque
1143 3997 1334 4067 digna;
1395 4000 1490 4053 ista
1535 4002 1743 4070 probris
1799 4015 1956 4074 atque
1993 4007 2236 4061 irrisione
2281 4008 2424 4062 inse-

840 4085 1051 4140 ctanda.
1080 4086 1246 4141 Porro
1267 4089 1310 4142 si
1340 4092 1459 4158 quis
1485 4091 1608 4145 dum
1636 4095 1975 4161 perturbatur
2000 4110 2028 4147 a
2059 4096 2318 4159 daemone,
2346 4098 2422 4150 sic

843 4192 1053 4246 quoque
1079 4193 1339 4233 summam
1366 4182 1417 4235 in
1459 4183 1564 4236 vita
1591 4184 1979 4253 philosophiam
2010 4187 2289 4253 exhibeat,
2316 4203 2421 4241 non

842 4268 1018 4322 solum
1046 4283 1150 4323 non
1180 4272 1585 4340 exprobrandus
1609 4316 1622 4339 ,
1654 4289 1838 4329 verum
1884 4277 2223 4332 admirandus
2269 4292 2423 4331 coro-

842 4359 1157 4430 nandusquc
1205 4362 1274 4416 ab
1319 4363 1565 4417 omnibus
1590 4374 1700 4428 est,
1730 4367 1817 4435 qui
1851 4376 1927 4420 tot
1975 4368 2241 4437 tantisque
2288 4383 2423 4433 prm—

840 4450 1053 4519 peditus
1107 4452 1367 4517 vinculis,
1415 4468 1628 4508 cursum
1668 4456 1800 4510 adeo
1852 4457 2173 4512 laboriosum
2216 4460 2418 4523 currit,

841 4540 1165 4610 arduamqne
1197 4551 1251 4596 et
1275 4558 1515 4611 asperam
1540 4547 1849 4600 conscendit
1874 4549 2085 4602 virtutis
2108 4548 2267 4601 viam.
2298 4548 2419 4603 Ca:-

842 4640 1012 4685 terum
1031 4633 1212 4686 nescio
1232 4648 1336 4702 quo
1356 4642 1507 4703 pacto
1522 4650 1607 4688 me
1625 4650 1759 4704 pene
1781 4646 1833 4691 et
1848 4638 1989 4693 aliud
2012 4640 2417 4709 etfugerit,quod

844 4724 957 4790 ipse
983 4725 1099 4792 plus
1138 4726 1301 4781 habes
1341 4742 1497 4796 quam
1529 4727 1720 4782 fratres
1758 4730 1967 4798 reliqui.
2017 4730 2069 4784 ld
2115 4740 2290 4785 autem
2338 4742 2418 4786 est

844 4812 1145 4879 huiusmodi
1167 4834 1179 4868 :
1200 4815 1255 4870 Si
1276 4817 1399 4885 quid
1423 4834 1452 4872 a
1482 4827 1531 4872 te
1559 4829 1833 4888 peccatum
1857 4831 1957 4885 est,
1990 4821 2141 4875 facile
2173 4838 2265 4891 per
2284 4821 2418 4876 hanc

848 4915 1145 4966 presserant
1171 4905 1221 4957 id
1252 4920 1408 4961 omne
1428 4907 1637 4963 deletur
1659 4926 1721 4963 ac
1748 4912 2054 4966 remittitur.
2085 4914 2257 4982 Atque
2280 4928 2309 4967 a
2331 4930 2415 4968 me

846 4986 949 5044 hoc
976 5002 1128 5045 antea
1159 5002 1426 5049 ostensum
1449 5008 1547 5063 est,
1574 5014 1694 5053 cum
1716 5001 1781 5056 de
1809 5002 2029 5069 Lazaro,
2054 5010 2107 5057 et
2126 5002 2191 5058 de
2214 5004 2303 5057 illo
2325 5004 2415 5073 qui

845 5082 985 5148 apud
1010 5082 1315 5140 Corinthios
1340 5086 1628 5143 fornicatus
1670 5103 1780 5157 est,
1810 5109 2110 5150 sermonem
2140 5096 2413 5150 haberem.

846 5173 952 5225 Sed
993 5177 1160 5243 patri,
1191 5178 1402 5248 inquies
1424 5220 1440 5246 ,
1468 5180 1631 5236 timeo
1657 5199 1670 5235 :
1702 5184 1801 5237 etsi
1826 5188 2004 5239 omnia
2034 5203 2150 5241 mea
2179 5188 2417 5241 modeste

845 5277 908 5315 ac
939 5262 1126 5319 leniter
1150 5270 1383 5335 perferre
1413 5272 1634 5340 possim.
1666 5274 1934 5342 quomodo
1974 5276 2109 5329 illius
2150 5292 2329 5330 casum
2355 5291 2419 5331 ac

848 5352 1118 5407 vesaniam
1163 5356 1358 5423 feram,
1406 5362 1451 5414 si
1495 5363 1708 5431 quando
1738 5364 1863 5431 quid
1919 5365 2104 5417 horum
2158 5366 2417 5420 senserit?

852 5449 1115 5507 llactenus
1140 5453 1350 5522 quidem
1378 5456 1507 5510 nihil
1540 5460 1817 5527 persensit.
1846 5460 1938 5514 Est
1964 5470 2141 5513 autem
2172 5460 2417 5516 maximae

852 5540 1294 5606 pusillanimitatis
1314 5559 1497 5599 eorum
1530 5552 1716 5617 gratia,
1746 5567 1864 5619 qua:
1893 5561 2072 5621 postea
2102 5554 2411 5624 aliquando,

850 5630 932 5685 vel
967 5632 1124 5686 etiam
1163 5636 1381 5690 omnino
1435 5652 1539 5691 non
1586 5652 1836 5696 eventura
1866 5653 2006 5707 sunt,
2036 5661 2263 5699 maerore
2305 5646 2414 5715 jam

850 5737 947 5777 nos
997 5737 1061 5776 ac
1103 5721 1289 5781 dolore
1328 5728 1611 5785 conficere.
1643 5729 1793 5785 Unde
1836 5734 1975 5785 enim
2024 5736 2173 5787 nobis
2213 5748 2418 5792 constet

853 5817 964 5869 haec
999 5813 1066 5870 ad
1093 5814 1233 5871 illius
1268 5831 1578 5887 perventura
1624 5822 1902 5877 notitiam?
1942 5824 2050 5877 lmo
2077 5840 2203 5880 vero
2224 5828 2289 5880 sit
2318 5828 2418 5881 hoc

854 5909 1005 5973 plane
1033 5908 1367 5981 perspicumn
1392 5951 1408 5978 ,
1461 5913 1918 5983 conccdamnsque
1942 5956 1954 5977 ,
1988 5916 2031 5969 si
2070 5917 2147 5969 vis
2166 5958 2180 5981 ,
2222 5929 2417 5973 cuncta

853 5999 998 6057 illam
1030 6002 1387 6065 nasciturum,
1434 6002 1759 6075 plurimaque
1810 6006 2057 6061 atrociter
2110 6006 2410 6061 facturum:

1574 603 1630 654 S.
1672 600 1948 659 JOANNIS
1984 600 2453 658 CHRYSOSTOMI
2493 603 2806 663 ARCHIEP.
2846 607 3372 667 CONSTANTINOP.

3992 613 4101 670 με

2528 717 2687 774 laudo
2718 730 2768 776 te
2807 723 3073 792 equidem,
3098 724 3143 778 si
3193 722 3333 777 illius
3374 720 3561 775 doleas
3606 720 3808 785 riceuu,
3837 738 4101 781 Caeterum

2526 808 2651 863 nolo
2678 812 2728 865 id
2753 828 2873 867 eum
2903 821 2994 870 tuo
3027 815 3348 869 detrimento
3393 811 3574 866 facias.
3620 810 3823 880 Quippe
3864 828 3960 869 eos
4007 823 4102 885 qui

2522 914 2585 955 ea
2613 916 2733 971 qua:
2761 919 2972 959 sursum
2998 918 3120 960 sunt
3145 907 3387 975 sapiunt,
3427 914 3479 959 et
3508 919 3612 957 non
3640 918 3757 972 qum
3783 918 3946 971 super
3991 915 4109 959 ιετ-

2522 1007 2660 1059 ram,
2692 1010 2797 1047 non
2820 996 2991 1050 solum
3020 997 3089 1051 ab
3117 999 3191 1050 ira
3223 1008 3274 1051 et
3314 995 3736 1064 concupiscentia
3779 994 4107 1063 exterisque

2525 1084 3030 1152 perturbationibus,
3057 1088 3149 1141 sed
3172 1103 3200 1140 a
3230 1103 3460 1142 maerore
3491 1088 3649 1140 etiam
3671 1084 3941 1139 abstinere
3968 1099 4110 1139 con-

2524 1174 2686 1230 venit.
2717 1173 2815 1228 llic
2842 1176 2985 1228 enim
3020 1177 3171 1244 longe
3203 1178 3459 1245 pluribus,
3486 1194 3643 1247 quam
3671 1186 3796 1231 sunt
3820 1175 4111 1245 perturba-

2524 1264 2696 1317 tiones
2720 1263 2855 1327 illa),
2888 1280 2990 1319 nos
3028 1266 3376 1320 incommodis
3399 1268 3592 1331 allicit;
3631 1281 3955 1338 prorsusque
4007 1280 4109 1318 ne-

2522 1367 2673 1407 cesse
2696 1362 2780 1407 est
2823 1354 3078 1408 adversus
3128 1356 3274 1409 illum
3316 1374 3413 1411 nos
3458 1359 3739 1413 fortissime
3786 1360 4104 1427 insurgere.

2524 1443 2624 1496 nisi
2650 1446 2869 1497 omnino
2896 1444 3070 1512 perire
3096 1446 3336 1499 velimus.
3367 1447 3497 1501 Nam
3541 1450 3585 1502 si
3618 1448 3829 1517 quidem
3860 1453 3975 1519 ipse
4000 1448 4109 1501 hu-

2520 1532 2755 1601 jusmodi
2774 1534 3135 1588 calamitatum
3164 1539 3298 1604 patri
3323 1547 3511 1592 auctor
3529 1537 3734 1592 futurus
3760 1553 3929 1601 esses,
3951 1550 4108 1592 recte

2524 1636 2654 1676 sane
2682 1622 2973 1691 trepidares
3004 1638 3068 1677 ac
3090 1633 3369 1691 tremeres,
3395 1629 3484 1697 qui
3513 1636 3669 1681 tanta:
3689 1627 3761 1680 illi
3790 1628 4106 1695 perditionis

2524 1724 2683 1765 causa
2708 1726 2889 1773 esses;
2918 1713 3001 1766 sin
3027 1722 3205 1768 autem
3248 1716 3474 1783 ipsemet
3510 1716 3731 1770 summis
3756 1716 3913 1769 malis
3937 1727 4108 1783 atque

2525 1801 2873 1856 incommodis
2902 1800 3041 1857 affici
3068 1804 3199 1869 vult,
3226 1806 3356 1860 nihil
3383 1816 3435 1861 te
3463 1806 3649 1860 borum
3671 1805 3877 1875 penitus
3908 1806 4103 1873 tangit,

2526 1894 2625 1947 nisi
2648 1895 2700 1947 in
2726 1905 2978 1963 quantum
3008 1897 3144 1961 patri
3172 1898 3255 1965 pie
3281 1898 3671 1952 condolendum
3699 1905 3800 1950 est.
3830 1895 4103 1950 Prmterea

2524 1986 2788 2039 nescimus
2815 1986 3081 2054 quomodo
3127 1987 3426 2057 hujusmodi
3470 1989 3707 2042 nuntium
3757 1988 3844 2041 ille
3896 1988 4109 2040 laturus

2523 2074 2623 2137 sit;
2645 2073 2867 2141 plurima
2881 2076 3022 2129 enim
3043 2092 3184 2146 sepe
3204 2089 3385 2133 contra
3402 2093 3557 2148 quam
3584 2078 3909 2145 sperabatur,
3928 2092 4106 2130 emcr-

2522 2173 2727 2217 serunt.
2760 2163 2890 2218 Nam
2922 2176 2976 2219 et
3003 2167 3129 2221 illud
3157 2184 3317 2222 unum
3342 2178 3423 2222 est
3450 2183 3515 2221 ex
3547 2168 3629 2232 iis,
3660 2182 3776 2235 qua:
3806 2181 3927 2219 raro
3955 2169 4105 2219 aeci-

2521 2254 2684 2319 dunt;
2715 2265 2771 2309 at
2815 2256 2916 2311 hoc
2938 2258 3209 2326 probabile
3231 2268 3312 2315 est
3331 2301 3345 2323 ,
3384 2274 3445 2313 ac
3469 2259 3779 2327 plerumque
3807 2258 3943 2312 solet
3970 2274 4103 2313 eve-

2520 2347 2655 2403 nire.
2687 2347 2846 2404 Unde
2875 2350 2925 2403 id
2952 2351 3127 2421 colligi
3154 2352 3361 2420 potest?
3385 2351 3552 2404 llabet
3577 2350 3900 2404 adulterinos
3927 2351 4067 2404 ﬁlios
4086 2394 4102 2415 ,

2519 2457 2654 2510 quos
2680 2451 2737 2497 et
2768 2444 2978 2512 plurimi
3023 2444 3179 2508 facit;
3230 2459 3388 2515 porro
3434 2445 3546 2497 haec
3592 2444 3731 2497 illius
3770 2446 3967 2497 amoris
4022 2445 4104 2497 vis

2522 2533 2783 2601 ejusmodi
2812 2550 3095 2591 memorem
3133 2535 3375 2590 facillime
3401 2536 3565 2589 lenire
3596 2536 3804 2604 poterit.
3831 2534 3910 2589 Ne
3940 2536 4104 2605 igitur

2524 2624 2716 2679 frustra
2749 2628 2971 2696 teipsum
3000 2630 3139 2682 curis
3164 2629 3452 2682 excrucies.
3507 2626 3639 2681 Nam
3680 2628 3721 2681 si
3752 2629 3913 2696 patris
3939 2643 4103 2681 causa

2522 2715 2807 2771 dolendum
2836 2728 2947 2783 est,
2976 2720 3089 2787 ejus
3120 2720 3355 2788 profecto
3381 2720 3456 2774 rei
3482 2720 3646 2789 gratia
3676 2720 3957 2773 dolendum
3978 2729 4101 2784 est,

2523 2807 2663 2876 quod
2680 2808 3117 2863 irrationabilibus
3132 2810 3591 2880 sumptibus,quod
3605 2810 4097 2876 comessationibus,

2525 2900 2665 2967 quod
2697 2901 2829 2953 fastu
2851 2910 2902 2954 et
2934 2902 3206 2972 tyrannide
3228 2945 3242 2967 ,
3269 2903 3408 2972 quod
3440 2905 3682 2971 prresenti
3712 2904 3972 2958 adulterio
3996 2904 4094 2958 de-

2525 2991 2666 3044 ditus
2690 2992 2775 3044 sit.
2803 2994 2879 3043 An
2912 3002 2965 3044 tu
2996 2992 3259 3046 modicum
3284 2994 3456 3047 scelus
3476 2993 3743 3048 existimas
3773 3008 3954 3059 uxore,
3984 3009 4098 3047 mae

2526 3090 2605 3134 tre
2630 3092 2822 3144 vestra,
2850 3082 3119 3147 incolumi,
3151 3084 3364 3138 alterius
3395 3084 3581 3151 puellae
3619 3084 3865 3137 maculari
3894 3099 4095 3138 cauen-

2525 3173 2656 3233 bitu,
2687 3174 2921 3243 filiosque
2950 3190 3013 3228 ex
3062 3175 3244 3228 illicito
3275 3190 3553 3243 procreare
3598 3174 3963 3227 matrimonio?
3994 3175 4099 3229 [Sta

2525 3266 2691 3329 luctu,
2725 3265 2823 3318 ista
2857 3267 3102 3336 lacrymis
3128 3265 3309 3335 digna,
3338 3281 3455 3334 qua:
3474 3275 3654 3335 aperta
3682 3277 3802 3319 sunt
3827 3268 3984 3330 mala,
4009 3279 4101 3318 at-

2523 3371 2627 3426 que
2673 3356 2727 3410 in
2757 3357 2917 3410 finem
2943 3358 3194 3425 perducta
3224 3372 3238 3411 :
3268 3372 3385 3425 qme
3436 3372 3564 3411 vero
3609 3357 3680 3410 tui
3720 3372 3876 3411 causa
3924 3357 4100 3409 futura

2523 3460 2664 3513 sunt,
2684 3452 2795 3505 lieri
2819 3460 2993 3520 potest
3016 3460 3072 3503 ut
3100 3450 3275 3516 gravia
3304 3451 3428 3514 sint,
3453 3449 3565 3503 fieri
3595 3450 3740 3513 item,
3768 3459 3823 3502 ut
3847 3450 4105 3517 Opinione

2522 3540 2756 3605 leviora;
2789 3555 3011 3595 summa:
3042 3555 3169 3594 vero
3204 3550 3345 3593 esset
3380 3540 3623 3593 amentia:
3663 3539 3715 3592 in
3759 3538 3914 3592 rebus
3961 3538 4104 3592 adeo

2525 3632 2746 3688 incertis
2776 3642 2924 3687 certo
2964 3646 3025 3686 se
3061 3631 3171 3699 jam
3208 3632 3441 3685 cruciatu
3484 3630 3764 3685 conﬁcere.
3812 3631 3879 3685 Ut
3918 3641 4103 3685 autem

2522 3725 2882 3781 concedamus
2912 3724 3123 3778 interim
3172 3724 3314 3776 illum
3345 3722 3805 3777 vehementissima
3853 3722 4103 3789 indigna—

2525 3818 2669 3871 tione
2696 3814 3107 3879 concitandum,
3136 3822 3191 3868 at
3217 3814 3469 3868 citissime
3500 3812 3768 3867 scdabitur
3790 3853 3803 3875 ,
3853 3821 3906 3865 et
3943 3821 4104 3865 ante-

2523 3922 2682 3976 quam
2709 3906 2865 3974 plane
2892 3906 3220 3971 incendatur,
3243 3904 3626 3973 exstinguetur.
3653 3902 3822 3957 llomo
3848 3902 3989 3955 enim
4019 3910 4105 3955 tot

2524 3997 2730 4051 deliciis
2756 3995 2984 4061 deditus,
3016 3996 3474 4064 maximarumque
3500 4008 3676 4049 rerum
3704 3993 3845 4045 curis
3869 3990 4069 4058 implici
4088 4024 4103 4032 -

2526 4099 2630 4155 tus,
2659 4088 2918 4158 parasitos
2953 4099 3007 4142 et
3031 4096 3383 4143 assentatores
3409 4086 3647 4141 nutriens
3667 4126 3681 4149 ,
3712 4082 4003 4152 puellmque
4030 4082 4103 4134 il-

2526 4182 2628 4236 lius
2652 4197 2835 4236 amore
2862 4183 3105 4237 incensus
3125 4220 3140 4246 ,
3169 4197 3235 4235 ex
3264 4195 3366 4250 qua
3393 4179 3542 4233 vobis
3584 4192 3654 4230 ex
3682 4173 3963 4228 medietate
3987 4173 4102 4225 fra-

2526 4282 2635 4327 tres
2665 4272 2839 4337 habet,
2867 4274 3024 4328 etiam
3054 4273 3097 4327 si
3139 4282 3257 4326 tuos
3302 4284 3458 4324 casus
3504 4265 3824 4336 perceperit,
3856 4262 4100 4316 dolorem

2526 4366 2798 4420 minimum
2820 4374 2876 4421 et
2904 4365 3053 4419 nihili
3080 4363 3377 4419 faciendum
3408 4362 3599 4428 capiet.
3633 4357 3791 4425 quue
3810 4370 3914 4409 non
3944 4371 4010 4409 ex
4032 4355 4102 4411 iis

2524 4456 2693 4511 solum
2712 4472 2829 4525 qua:
2851 4456 2982 4521 dixi,
3001 4456 3093 4510 sed
3116 4470 3180 4508 ex
3199 4450 3475 4520 prateritis
3494 4447 3735 4515 conjieio.
3764 4445 3908 4498 Nosti
3928 4446 4102 4510 enim,

2524 4549 2677 4619 plane
2707 4549 2868 4612 nosti,
2897 4562 3017 4603 cum
3045 4556 3097 4598 te
3124 4545 3210 4596 ille
3232 4541 3449 4595 nimium
3473 4547 3627 4592 antea
3655 4536 3914 4603 diligeret,
3940 4544 4103 4603 teque

2521 4641 2755 4694 omnium
2785 4640 2902 4693 loco
2927 4638 3167 4697 haberet,
3197 4648 3263 4687 ex
3306 4646 3412 4701 quo
3438 4640 3488 4685 te
3526 4629 3590 4681 ad
3616 4628 3992 4681 monachorum
4020 4630 4104 4681 vi-

2522 4743 2627 4787 tam
2656 4728 3003 4789 transtulisti,
3036 4724 3256 4778 affectus
3294 4722 3466 4777 omnis
3494 4721 3581 4773 ille
3622 4732 3777 4786 quam
3806 4716 4103 4772 exstinctus

2520 4825 2605 4878 sit.
2624 4822 2755 4876 Rem
2778 4819 2919 4873 enim
2950 4816 3039 4869 ille
3064 4823 3116 4869 te
3138 4813 3313 4868 facere
3335 4822 3567 4879 turpem,
3598 4822 3659 4860 ac
3685 4805 3938 4874 majorum
3970 4821 4107 4860 suo-

2519 4929 2638 4970 rum
2663 4908 2947 4980 splendore
2975 4906 3237 4975 indignam
3259 4947 3272 4969 ,
3315 4902 3637 4973 gloriamque
3663 4911 3808 4950 suam
3836 4906 3887 4950 te
3914 4896 4102 4950 detur-

2522 5018 2647 5071 pare
2673 4998 2915 5054 dicebat:
2943 5007 2995 5054 et
3016 4998 3116 5052 nisi
3138 5006 3339 5050 natura:
3361 4993 3505 5046 illum
3532 4988 3816 5043 necessitas
3832 4987 4097 5041 cohibuis-

2522 5102 2622 5155 set,
2654 5101 2705 5146 te
2729 5090 2946 5145 forsitan
2987 5088 3301 5143 abdicasset.
3348 5083 3548 5149 itaque,
3588 5078 3687 5131 nisi
3718 5088 3887 5131 tamen
3938 5079 4103 5133 nimis

2521 5187 2756 5253 ineptum
2774 5182 2911 5254 quod
2927 5181 3097 5237 dicam
3115 5168 3756 5238 videatur,arbitrorillum
3774 5183 3883 5221 rem
3896 5179 4101 5237 gestam

2521 5290 2642 5331 cum
2667 5275 2933 5344 voluptate
2958 5271 3279 5330 auditurum,
3307 5262 3454 5331 quasi
3479 5273 3661 5328 poenas
3693 5257 3920 5324 dederis,
3958 5260 4104 5327 quod

2521 5376 2706 5423 orante
2735 5366 2823 5420 illo
2849 5362 3063 5432 sapius,
3085 5366 3242 5425 atque
3266 5371 3297 5407 a
3323 5354 3441 5405 vita:
3470 5351 3618 5403 istius
3648 5349 3915 5402 tolerantia
3938 5356 3993 5403 te
4014 5366 4103 5405 re-

2520 5473 2733 5514 movere
2748 5456 3012 5524 cupiente,
3031 5446 3305 5503 consilium
3325 5443 3487 5512 ipsius
3505 5455 3784 5509 numquam
3800 5440 4101 5497 admiseris.

2591 5553 2645 5606 4.
2677 5551 2744 5603 Et
2771 5548 2838 5601 de
2880 5552 3028 5613 patre
3056 5539 3271 5610 quidem
3311 5552 3372 5591 ac
3403 5536 3588 5589 timore
3626 5543 3745 5597 tuo,
3774 5550 3875 5604 quo
3903 5536 3970 5591 de
4008 5536 4107 5590 illo

2520 5642 2753 5697 maxime
2780 5636 3041 5691 sollicitus
3070 5646 3129 5687 es
3148 5673 3163 5696 ,
3204 5631 3300 5684 ista
3330 5627 3485 5682 habui
3515 5641 3631 5695 qua:
3656 5625 3882 5682 dicerem
3901 5669 3917 5693 ,
3943 5626 4103 5681 sufli-

2522 5732 2715 5786 cientia
2739 5768 2753 5789 ,
2785 5737 2845 5781 ut
2873 5740 3014 5790 reor,
3047 5723 3111 5777 ad
3139 5735 3349 5775 omnem
3382 5717 3736 5786 hujuscemodi
3772 5729 3967 5772 metum
3999 5732 4103 5771 ex-

2523 5820 2858 5877 cludendum.
2882 5818 3139 5886 Quoniam
3168 5826 3298 5867 vero
3324 5808 3576 5869 malorum
3604 5820 3809 5864 tuorum
3837 5822 4101 5861 summam

2525 5930 2646 5970 esse
2682 5912 2989 5975 asserebas,
3022 5906 3161 5977 quod
3203 5918 3372 5973 neque
3398 5901 3462 5957 de
3491 5901 3677 5957 futuris
3715 5917 3895 5972 posses
3929 5901 4096 5954 eonfi-

2530 6004 2675 6072 dere,
2708 6018 2874 6075 neque
2900 6004 3062 6058 scires
3094 5994 3458 6066 hujusmodine
3482 6009 3727 6066 umquam
3753 5991 3969 6048 vinculis
3992 5990 4097 6045 Sol-
