4490 6790
490 602 588 655 433

490 709 691 762 vetulus
719 722 898 773 esses,
931 724 997 764 an
1040 712 1091 765 in
1124 710 1279 764 titiam
1312 722 1476 778 usque
1504 719 1737 774 pugnare
1777 713 1825 758 tc
1856 702 1941 757 illc
1969 702 2062 756 de-

489 802 775 869 crevisset,
804 802 892 873 qui
936 804 1027 857 tibi
1068 814 1335 857 certamen
1377 800 1477 853 hoc
1521 798 1827 864 proposuit,
1858 812 1924 850 ne
1958 798 2068 866 ipse

489 892 701 961 quidem
741 894 1082 965 exploratum
1127 910 1190 949 ac
1232 902 1439 947 certum
1483 886 1681 956 aliquid
1725 887 1936 953 dicere,
1980 898 2069 942 aut

493 983 787 1040 futurorum
816 996 1039 1041 eventus
1066 985 1272 1055 aperire
1303 994 1515 1050 possum
1541 996 1556 1043 ;
1588 978 1715 1032 illud
1743 987 1914 1055 tamen
1957 982 2069 1034 scio

492 1077 788 1145 manifeste,
822 1078 1023 1148 tibique
1050 1089 1359 1146 persuasum
1385 1072 1563 1139 cupio,
1594 1045 1851 1128 utrumvis
1880 1072 2065 1127 horum

493 1169 792 1240 contingat,
826 1184 921 1239 pro
955 1178 1134 1223 nostra
1170 1166 1393 1220 utilitate
1427 1161 1676 1216 futurutn.
1707 1162 1855 1229 Quod
1892 1166 1936 1217 si
1967 1164 2068 1218 hoc

493 1259 671 1313 animo
697 1258 889 1325 fueris,
922 1260 1028 1313 cito
1051 1268 1357 1326 supremum
1384 1250 1524 1306 hunc
1550 1252 1806 1309 malorum
1828 1294 1844 1320 ,
1873 1265 1925 1308 ut
1952 1255 2029 1307 ais
2050 1293 2065 1319 ,

495 1350 745 1403 verticem
774 1348 868 1403 abs
900 1359 950 1403 te
975 1347 1199 1402 arcebis.

566 1437 901 1491 Prasmiorum
938 1449 1009 1491 est
1049 1448 1243 1505 tempus
1279 1434 1537 1502 futurum,
1566 1433 1791 1487 laborant
1827 1448 2065 1502 prwscns.

493 1558 566 1568 —
588 1529 667 1582 Ad
698 1528 811 1583 haec
836 1528 961 1583 illud
985 1540 1191 1597 quoque
1219 1524 1309 1577 tibi
1334 1523 1667 1593 cogitandum
1695 1534 1795 1587 est,
1824 1524 2070 1593 praemio-

498 1633 613 1671 rum
651 1628 705 1673 et
741 1632 1055 1672 coronarum
1096 1625 1301 1681 tempus
1338 1628 1457 1668 esse
1501 1614 1731 1669 futurum
1774 1613 2025 1667 s:eculum
2051 1651 2066 1675 ,

495 1709 924 1764 colluctationum
954 1722 1077 1761 vero
1100 1720 1163 1758 ac
1192 1704 1426 1758 laborum
1455 1720 1708 1775 praesens.
1736 1703 1886 1769 Quod
1919 1702 2070 1755 nobis

495 1801 725 1868 apertius
757 1799 1023 1853 insinuare
1053 1795 1236 1849 volens
1264 1795 1445 1850 beatus
1472 1798 1662 1851 Paulus
1692 1796 1902 1851 dicebat
1935 1812 1947 1846 :
1982 1794 2070 1848 Sic

495 1906 663 1955 curro,
693 1906 792 1942 non
818 1887 961 1956 quasi
987 1886 1040 1938 in
1070 1886 1349 1949 incertum;
1378 1887 1448 1940 sic
1476 1904 1662 1957 pugno,
1690 1903 1789 1939 non
1816 1885 1961 1955 quasi
1985 1899 2070 1936 ue-

494 1998 598 2033 rem
637 1980 895 2033 verberans
928 1992 947 2030 :
973 1976 1061 2029 sed
1097 1979 1285 2045 castigo
1327 1994 1506 2046 corpus
1548 1995 1747 2043 meum,
1775 1987 1817 2030 et
1847 1975 2068 2030 servituti

494 2068 725 2138 subjicio,
758 2082 819 2119 ne
845 2066 975 2134 forte
997 2065 1111 2118 aliis
1140 2067 1438 2134 praedicans,
1468 2067 1577 2136 ipse
1607 2066 1846 2135 reprobus
1883 2065 2068 2135 eﬂiciur

496 2159 569 2227 (Ι.
599 2158 716 2214 Cor.
752 2157 806 2212 9.
836 2156 929 2209 26.
955 2155 1068 2226 27).
1097 2157 1164 2210 At
1194 2171 1318 2210 Vero
1348 2173 1464 2210 cum
1494 2157 1558 2211 ad
1583 2158 1737 2212 linem
1763 2155 2067 2209 certaminis

497 2251 745 2310 venisset,
772 2247 985 2300 demum
1012 2245 1218 2301 beatam
1249 2248 1391 2301 illam
1423 2248 1598 2301 emisit
1620 2260 1802 2299 vocem
1829 2263 1842 2298 :
1872 2243 2069 2296 Bonum

491 2349 739 2391 certamen
778 2336 992 2402 eertavi,
1021 2353 1220 2390 cursum
1256 2337 1622 2401 eansumutavi,
1651 2336 1801 2404 [idem
1840 2333 2056 2395 servavi,

490 2430 596 2498 iam
624 2428 841 2495 reposita
870 2435 941 2479 cst
974 2427 1097 2480 mihi
1122 2443 1308 2480 corona
1342 2427 1556 2496 justitite
1584 2425 1673 2493 (2.
1709 2424 1839 2477 Tim.
1872 2424 1925 2478 4.
1953 2423 2017 2491 7)
2051 2442 2064 2478 :

492 2518 775 2573 ostendens
804 2518 963 2571 vitam
994 2532 1205 2573 omnem
1235 2519 1289 2571 in
1313 2516 1691 2573 certaminibus
1715 2526 1768 2570 et
1802 2515 2069 2569 laboribus

492 2609 645 2663 nobis
669 2624 788 2663 esse
812 2608 1091 2678 agendam,
1118 2610 1162 2663 si
1187 2609 1427 2679 cupimus
1450 2617 1646 2664 aeterna
1676 2606 1859 2676 requie
1887 2604 2068 2660 bonis-

492 2716 594 2771 que
619 2700 719 2754 illis
749 2701 1042 2755 innumeris
1071 2700 1288 2770 perfrui.
1319 2700 1410 2755 Sin
1444 2711 1619 2755 autem
1655 2700 1841 2768 aliquis
1871 2698 1941 2751 ita
1968 2711 2064 2750 ne-

489 2790 691 2859 gligens
713 2790 814 2855 sit,
847 2800 903 2843 ut
931 2798 1079 2858 putet
1102 2805 1160 2845 se
1185 2800 1237 2845 et
1263 2790 1419 2859 hujus
1444 2790 1566 2844 vita:
1595 2789 1947 2859 voluptatibus
1966 2829 1981 2855 ,
2012 2797 2068 2841 et

494 2882 722 2950 praemiis
749 2898 811 2936 ac
837 2881 1041 2950 gaudiis
1070 2897 1188 2950 quae
1223 2882 1274 2935 in
1303 2882 1446 2935 ctclis
1476 2890 1653 2950 parata
1690 2890 1811 2935 sunt
1845 2880 1908 2934 iis
1927 2921 1943 2946 ,
1975 2880 2062 2950 qui

491 2973 698 3027 labores
727 2973 1092 3039 sustinuerint,
1125 2974 1223 3028 frui
1256 2987 1429 3043 posse,
1459 2973 1543 3028 hic
1576 2974 1809 3043 seipsum
1848 2988 2065 3042 prorsus

489 3065 624 3119 fallit
657 3081 720 3121 ac
761 3066 977 3135 decipit.
1018 3066 1149 3121 Nam
1189 3067 1326 3121 sicut
1364 3066 1419 3119 in
1456 3065 1670 3120 athletis
1697 3066 1785 3134 qui
1827 3074 2064 3134 tempore

487 3160 836 3214 certaminum
863 3160 1098 3229 requiem
1128 3161 1335 3230 qumrit,
1363 3160 1729 3215 confusionem
1752 3160 1850 3214 sibi
1879 3174 2064 3228 perpe-

491 3260 631 3303 tuam
657 3260 814 3319 atque
842 3250 1182 3319 ignominiam
1212 3259 1399 3321 parat;
1428 3252 1517 3321 qui
1545 3268 1675 3307 vero
1704 3252 1756 3305 in
1791 3252 1961 3307 stadio
1988 3251 2066 3305 la-

488 3342 645 3395 bores
681 3356 866 3396 omnes
906 3340 1110 3396 fortiter
1145 3342 1372 3409 tolerat,
1401 3358 1654 3398 coronam
1682 3351 1736 3397 et
1764 3343 1983 3413 gloriam
2010 3354 2063 3399 et

488 3431 668 3486 laudes
694 3441 749 3486 et
773 3432 823 3485 in
856 3432 969 3501 ipso
995 3434 1302 3499 certamine,
1328 3442 1380 3488 et
1404 3442 1521 3503 post
1542 3433 1771 3488 solutum
1800 3434 2058 3489 theatrum

487 3536 518 3575 a
542 3523 925 3591 spectatoribus
948 3523 1290 3592 consequitur
1319 3541 1332 3576 :
1360 3524 1429 3578 ita
1468 3524 1520 3578 in
1561 3524 1711 3579 nobis
1741 3539 1951 3595 quoque
1979 3526 2055 3578 fit.

486 3615 615 3670 Nam
643 3617 688 3670 is
714 3619 803 3686 qui
834 3619 1073 3673 laborum
1102 3629 1307 3688 tempus
1329 3620 1488 3690 quieti
1513 3620 1734 3683 dedicat,
1764 3629 1884 3674 tunc
1914 3620 2058 3690 inge-

487 3706 672 3762 miscet
696 3718 750 3762 et
774 3709 1017 3763 stridebit
1041 3710 1305 3775 dentibus,
1334 3710 1542 3781 quando
1572 3711 1621 3764 in
1653 3721 1848 3765 (eterna
1876 3713 2057 3781 requie

486 3797 751 3853 debuisset
803 3800 960 3855 linem
1011 3802 1246 3856 laborum
1297 3803 1564 3869 nancisci,
1612 3811 1768 3872 atque
1819 3811 2053 3856 extrema

486 3888 739 3958 supplicia
777 3889 925 3945 luere
965 3901 1180 3960 cogetur
1212 3909 1224 3945 :
1252 3894 1341 3961 qni
1388 3908 1513 3946 vero
1557 3908 1829 3961 presseras
1873 3909 2056 3948 omnes

487 3989 726 4047 prompte
750 3995 814 4035 ac
851 3980 1076 4036 libenter
1100 3984 1249 4049 tulit,
1277 3994 1331 4037 et
1363 3982 1447 4038 hic
1475 3983 1604 4037 etin
1646 3982 1822 4037 futuro
1863 3986 2057 4039 smculo

485 4070 807 4125 clarissimus
830 4072 932 4126 erit
950 4114 964 4135 ,
993 4088 1222 4143 veraque
1248 4085 1301 4129 et
1340 4075 1619 4128 immortali
1655 4074 1821 4144 gloria
1848 4076 2053 4130 beatus.

485 4157 615 4213 Nam
641 4160 685 4213 si
715 4161 768 4215 in
791 4163 1134 4229 saecularibus
1160 4165 1247 4234 qui
1279 4180 1454 4220 rerum
1484 4172 1719 4234 tempora
1745 4165 2053 4231 confundit,

483 4249 730 4304 omnibus
765 4252 865 4305 sibi
897 4254 1177 4323 prepositis
1204 4255 1496 4309 commodis
1524 4256 1760 4322 excidet,
1793 4266 1949 4326 atque
1979 4258 2059 4311 in-

482 4343 720 4396 numeris
743 4358 801 4398 se
830 4347 1213 4401 calamitatibus
1241 4358 1500 4418 exponet,
1530 4348 1683 4418 longe
1723 4348 1771 4401 id
1804 4350 1971 4419 magis
2001 4350 2053 4404 in

484 4432 641 4487 rebus
682 4436 1041 4503 spiritualibus
1084 4441 1343 4507 patietur,
1373 4441 1459 4509 qui
1492 4449 1784 4508 temporum
1815 4440 2054 4496 ordinem

481 4522 705 4591 ignorat.
752 4524 890 4580 Dixit
928 4528 1070 4581 enim
1104 4528 1346 4583 Christus
1384 4546 1397 4581 :
1435 4528 1501 4582 In
1544 4529 1729 4581 mundo
1770 4547 2057 4598 pressuram

483 4616 719 4669 habebitis
740 4617 921 4686 (Joan.
948 4619 1031 4673 ιο.
1054 4618 1164 4692 53).
1189 4620 1378 4674 Beatus
1400 4635 1525 4674 vero
1545 4620 1756 4684 Paulus,
1781 4620 1847 4674 Et
1864 4640 2052 4688 ouuies,

480 4708 571 4767 ait,
594 4708 677 4773 qui
707 4709 789 4775 pie
812 4709 981 4763 volunt
1009 4712 1165 4764 vivere
1188 4712 1239 4764 in
1262 4710 1457 4764 Christo
1476 4709 1600 4763 Iesu
1625 4715 2056 4784 persequutionem

481 4800 733 4864 patientur
762 4800 837 4869 (2.
870 4801 998 4855 Tim.
1029 4805 1082 4858 5.
1114 4802 1235 4872 l2);
1268 4817 1372 4856 non
1399 4802 1539 4857 solas
1568 4802 1839 4857 hominum
1872 4822 2054 4873 perse-

480 4890 764 4956 quutiones
788 4892 991 4960 dicens,
1020 4896 1112 4950 sed
1139 4904 1192 4949 et
1218 4893 1513 4947 daemonum
1542 4893 1775 4948 insidias.
1804 4896 1904 4951 Job
1924 4914 2055 4967 quo-

479 4994 600 5047 que,
630 4979 881 5050 Tentatio,
903 4986 1089 5054 inquit,
1108 4996 1179 5039 est
1201 4986 1299 5038 vita
1320 4984 1534 5037 hominis
1554 5001 1704 5054 super
1725 4995 1910 5040 terram
1934 4988 2053 5059 (Job

479 5072 532 5123 7.
558 5074 635 5141 l).
655 5073 789 5140 Quid
817 5091 943 5147 ergo
966 5077 1194 5146 angeris.
1216 5076 1355 5145 quod
1384 5077 1433 5128 in
1459 5092 1707 5132 (erumna:
1730 5082 2055 5147 temporibus

481 5158 724 5211 vexeris?
745 5159 893 5214 Tunc
914 5160 1052 5215 enini
1074 5160 1356 5214 dolendum
1383 5169 1543 5221 esset,
1575 5159 1620 5212 si
1646 5161 1785 5229 quod
1810 5163 2055 5218 Christus

482 5258 743 5311 pressura:
764 5257 968 5318 tempus
993 5248 1279 5317 deputavit,
1305 5248 1354 5301 id
1383 5263 1478 5301 nos
1497 5248 1801 5305 deliciarum
1826 5263 1879 5307 et
1906 5256 2053 5323 quic-

483 5338 548 5389 tis
578 5338 907 5408 faceremus;
939 5341 981 5394 si
1014 5357 1118 5409 quo
1158 5350 1394 5407 tempore
1439 5355 1671 5409 pugnare
1713 5358 1775 5397 ac
1817 5344 2053 5399 laborare

475 5426 608 5494 jussi
650 5444 865 5498 sumus,
903 5445 967 5485 eo
1004 5438 1371 5498 torperemus;
1401 5429 1446 5483 si
1490 5428 1645 5484 latam
1688 5431 2053 5489 incederemns

481 5518 638 5582 viam,
665 5534 785 5575 cum
812 5523 895 5577 illc
920 5539 1014 5594 per
1037 5530 1311 5592 angustam
1352 5524 1663 5592 praeceperit
1689 5526 1942 5581 eundum.
1978 5528 2051 5582 lla

482 5610 623 5664 enim
661 5618 960 5671 necessario
996 5618 1104 5686 jam
1149 5615 1301 5671 nobis
1332 5616 1577 5671 ferendus
1606 5629 1748 5673 esset
1788 5621 2053 5675 cruciatus

483 5702 573 5755 ille
600 5704 971 5771 sempiternus.
1009 5709 1142 5775 Quid
1184 5724 1340 5779 ergo.
1375 5708 1609 5776 inquies,
1639 5708 1705 5763 de
1742 5710 1845 5765 illis
1879 5711 2011 5767 dicis
2033 5753 2049 5778 ,

482 5794 570 5860 qni
601 5803 652 5846 et
689 5793 738 5845 in
778 5792 881 5845 isto
923 5798 1119 5851 saeculo
1145 5800 1452 5868 gradiuntur
1492 5800 1541 5852 in
1579 5799 1884 5866 latitudine,
1917 5810 1971 5856 et
1999 5803 2052 5856 in

484 5883 657 5936 futuro
696 5883 933 5952 requiem
978 5884 1204 5941 habituri
1244 5890 1403 5945 sunt?
1430 5889 1594 5956 Quem
1635 5898 1687 5942 tu
1726 5890 1850 5943 mihi
1891 5892 2048 5947 talem

482 5973 664 6027 λεὶ-Μ
692 5991 787 6045 rgo
822 5976 961 6030 enim
1004 5978 1165 6031 solius
1194 5981 1390 6036 Clu-isti
1434 5982 1603 6037 verbis
1647 5984 1924 6053 acquiesco
1962 5984 2043 6039 di-

1327 597 1415 652 AD
1439 591 1807 650 STAGlillUM
1846 593 1887 645 Α
1928 588 2225 648 ὓτῖΞΜΟΝΕ
2270 592 2613 648 YEXATUSI.
2654 595 2780 648 LIB.
2820 596 2881 649 ll.

3645 604 3742 658 ἆῗὶὶ

2176 705 2343 758 contis
2375 722 2389 758 :
2417 706 2641 773 Angusta
2678 717 2722 758 et
2759 717 2897 758 arcta
2937 707 3015 759 via
3052 719 3155 774 est,
3188 727 3298 775 (μαι)
3325 711 3392 762 ad
3428 712 3574 764 vitam
3612 718 3748 766 (ια-ιι

2176 793 2387 865 (Matth.
2423 795 2474 848 7.
2509 797 2594 866 ll)
2632 815 2643 847 :
2675 796 2815 866 quod
2845 806 3019 851 autem
3062 814 3155 867 per
3183 813 3452 869 angustam
3480 804 3615 855 viam
3648 806 3749 857 late

2175 884 2236 938 iri
2280 902 2383 937 non
2425 886 2608 953 possit,
2651 888 2895 941 omnibus
2933 889 3168 957 profecto
3212 890 3389 958 liquet.
3420 893 3475 946 Si
3521 894 3662 946 enim
3696 894 3749 946 in

2172 974 2526 1028 exterioribus
2545 979 2919 1033 certaminibus
2942 979 3113 1032 nullus
3134 979 3332 1048 absque
3360 981 3637 1036 sudoribus
3659 998 3749 1038 co-

2174 1078 2356 1117 ronam
2376 1065 2696 1130 retulit,cum
2713 1076 2885 1124 tamen
2903 1070 3139 1138 ejusdem
3159 1078 3357 1124 natur-.1:
3369 1081 3643 1125 consortes
3660 1073 3751 1125 ha-

2174 1155 2297 1210 beat
2315 1155 2673 1212 adversarios:
2699 1161 2785 1213 ubi
2812 1160 2965 1215 nobis
2980 1160 3201 1215 virtutes
3223 1161 3323 1215 illa:
3350 1176 3573 1231 nequam
3596 1160 3749 1215 oblu-

2173 1255 2401 1313 ctantur,
2421 1264 2526 1318 quo
2549 1261 2700 1318 pacto
2720 1253 2832 1306 sine
2860 1254 3080 1308 summis
3096 1253 3361 1308 laboribus
3386 1255 3752 1323 pressurisque

2174 1345 2226 1390 ct
2240 1337 2493 1407 angustiis
2513 1338 2593 1391 illa
2602 1355 2713 1392 rmn
2732 1341 2987 1395 insaniam
3004 1357 3255 1412 superare
3270 1344 3595 1412 poterimus?

2244 1430 2296 1485 5.
2328 1430 2590 1502 Exemplis
2616 1443 2903 1487 sanctorum
2931 1434 2985 1488 id
3010 1436 3241 1488 ostendit.
3269 1465 3336 1474 —
3356 1435 3459 1489 Sed
3485 1436 3625 1490 enim
3653 1452 3749 1489 nos

2173 1520 2419 1588 quamdiu
2450 1524 2744 1577 rationibus
2771 1525 2870 1578 ista
2904 1523 3222 1579 ventilamus
3243 1564 3258 1588 ,
3287 1538 3406 1578 cum
3436 1524 3589 1578 liceat
3615 1540 3747 1578 cou-

2174 1609 2353 1679 lugerc
2382 1612 2447 1664 ad
2489 1613 2673 1667 beatos
2703 1614 2820 1669 illos
2858 1630 2922 1669 ac
2964 1616 3311 1679 fortissimos,
3352 1615 3442 1685 qui
3488 1616 3751 1685 prioribus

2174 1698 2322 1754 fuere
2350 1704 2715 1771 temporibus?
2739 1705 2992 1759 Examina
3020 1707 3321 1777 diligentius
3346 1722 3438 1762 eos
3462 1749 3477 1772 ,
3511 1709 3599 1777 qui
3634 1707 3749 1762 fuc-

2173 1799 2296 1843 rnnt
2341 1793 2783 1858 nominalissimi,
2824 1794 3131 1864 videbisque
3170 1812 3354 1851 onmes
3398 1797 3449 1849 in
3493 1798 3747 1867 angustiis

2174 1880 2419 1935 fiduciam
2446 1897 2569 1951 erga
2596 1883 2759 1938 Deum
2782 1883 3049 1939 habuisse.
3074 1887 3246 1954 Atque
3272 1886 3458 1955 primo,
3480 1889 3523 1939 si
3554 1888 3744 1953 placet,

2171 1971 2327 2040 primi
2380 1974 2615 2041 parentis
2667 1974 3008 2043 inSpiciamus
3064 1976 3260 2039 lilium,
3317 1991 3508 2045 agnum
3552 1975 3746 2032 Christi

2172 2062 2322 2117 Abel.
2360 2063 2407 2117 ls
2432 2080 2549 2118 cum
2579 2066 2628 2118 in
2657 2066 2802 2120 nullo
2822 2066 2907 2136 jus
2939 2067 3206 2133 violasset,
3229 2082 3291 2123 ea
3318 2083 3505 2137 passus
3531 2080 3611 2123 est
3631 2086 3749 2139 qua:

2171 2162 2443 2206 merentur
2476 2154 2545 2219 ii,
2579 2158 2667 2223 qni
2713 2156 3023 2224 gravissime
3073 2160 3426 2225 peccaverint.
3460 2159 3568 2214 Nos
3604 2163 3746 2213 enim

2173 2252 2508 2306 peccatorum
2537 2252 2837 2298 nostrorum
2866 2261 3050 2315 poenas
3072 2247 3279 2311 damus,
3306 2250 3621 2305 tentationes
3643 2252 3748 2305 sci-

2173 2330 2329 2395 licet;
2353 2341 2408 2384 at
2433 2348 2561 2387 vero
2585 2334 2759 2401 justus
2785 2336 2873 2391 ille
2900 2337 3038 2391 nulla
3060 2339 3161 2393 alia
3184 2354 3339 2392 causa
3361 2343 3624 2396 cruciatus
3642 2356 3742 2411 est,

2173 2421 2273 2475 nisi
2313 2422 2434 2492 quia
2466 2422 2640 2492 justus
2668 2435 2801 2480 erat.
2845 2428 2921 2481 Ac
2954 2428 3202 2496 quamdiu
3242 2430 3442 2484 nullum
3481 2434 3747 2487 excellens

2175 2512 2384 2566 virtutis
2412 2528 2521 2567 sua:
2547 2514 2917 2571 documentum
2939 2518 3103 2582 dedit,
3126 2520 3447 2589 agnoscebat
3474 2521 3615 2575 illum
3642 2522 3743 2577 fta-

2174 2610 2286 2667 ter;
2316 2603 2402 2656 ubi
2432 2619 2559 2659 vero
2583 2620 2647 2659 ex
2679 2607 2935 2662 sacriﬁcio
2963 2609 3139 2663 clarus
3165 2611 3370 2666 meritis
3397 2612 3599 2675 eluxit,
3635 2624 3743 2668 tttm

2166 2693 2275 2762 jam
2304 2704 2544 2750 naturam
2565 2712 2774 2768 quoque
2804 2700 2968 2767 ipsam
3001 2702 3087 2755 ille
3117 2703 3393 2772 ignoravit,
3424 2705 3612 2759 invidia
3642 2707 3745 2761 scio

2169 2785 2293 2840 licet
2316 2796 2565 2841 emeatus.
2587 2788 2740 2844 Unde
2764 2804 2890 2844 vero
2911 2793 3045 2845 nosti
3067 2807 3131 2846 an
3154 2794 3312 2847 modo
3331 2810 3536 2863 quoque
3558 2797 3741 2850 eadem

2167 2891 2322 2931 causa
2349 2876 2616 2933 diabolum
2646 2878 2924 2934 adversum
2955 2890 3004 2935 te
3030 2883 3373 2937 concitaverit
3396 2884 3619 2954 vitaeque
3641 2894 3742 2939 tua:

2168 2968 2337 3040 fulgor
2366 2970 2516 3026 illum
2544 2972 2610 3026 ad
2643 2972 2777 3027 hanc
2803 2988 3030 3044 pugnam
3059 2976 3395 3029 evocaverit?
3419 2976 3569 3043 Quod
3597 2977 3640 3029 si
3669 2977 3741 3030 rio

2166 3060 2293 3114 deas
2314 3061 2411 3115 ista
2431 3063 2754 3131 loquentem,
2782 3064 2938 3118 laudo
2961 3065 3172 3134 quidem
3202 3066 3548 3121 humilitatem
3574 3079 3737 3134 tuam,

2168 3168 2273 3206 non
2314 3163 2487 3208 tamen
2532 3156 2599 3208 ab
2641 3156 2737 3210 hac
2778 3158 3036 3211 sententia
3078 3158 3349 3212 desistam.
3380 3159 3434 3215 Si
3474 3161 3615 3215 enim
3653 3162 3741 3215 ille

2165 3244 2376 3313 adipem
2400 3244 2629 3299 oll‘erens
2655 3247 2725 3300 ita
2754 3246 2860 3301 Deo
2886 3262 3040 3303 carus
3063 3256 3415 3319 acceptusque
3443 3249 3561 3317 fuit,
3585 3252 3630 3305 is
3652 3254 3737 3320 qui

2166 3334 2295 3390 nihil
2339 3336 2702 3403 extrinsecus,
2748 3338 2842 3393 sed
2884 3339 3116 3409 seipsum
3155 3349 3322 3395 totum
3365 3340 3555 3397 obtulit
3592 3343 3735 3405 Deo.

2163 3426 2330 3482 multo
2356 3427 2596 3496 profecto
2626 3430 2792 3499 magis
2820 3429 3099 3485 adversum
3128 3447 3187 3486 se
3219 3434 3527 3502 provocavit
3561 3434 3737 3488 inimi-

2161 3532 2301 3571 cum.
2329 3518 2470 3573 Deus
2497 3529 2672 3575 autem
2700 3529 2752 3575 te
2777 3521 2925 3575 illum
2952 3522 3199 3578 invadere
3226 3525 3482 3593 permisit,
3509 3525 3660 3579 sicuti
3684 3536 3738 3581 et

2162 3619 2285 3665 tunc
2306 3611 2505 3666 caedem
2527 3611 2668 3666 illam
2690 3611 3096 3683 haudquaquam
3117 3614 3406 3683 impedivit,
3429 3615 3524 3669 sed
3551 3630 3736 3684 passus

2159 3710 2244 3756 est
2261 3700 2464 3771 justum
2494 3702 2544 3756 in
2574 3704 2892 3773 sanguinarii
2920 3718 3105 3759 manus
3134 3704 3387 3772 incidere,
3417 3721 3588 3776 neque
3612 3722 3733 3761 eum

2160 3793 2383 3862 eripuit,
2418 3794 2505 3864 qui
2534 3806 2752 3865 propter
2778 3811 2837 3851 se
2864 3805 3020 3867 atque
3045 3798 3115 3853 ob
3153 3797 3409 3853 honorem
3440 3813 3594 3853 suum
3620 3814 3735 3852 ma-

2160 3884 2417 3938 ctabatur.
2454 3885 2632 3940 Noluit
2660 3888 2803 3941 enim
2848 3888 2921 3942 illi
2961 3903 3186 3943 coronas
3211 3905 3335 3944 suas
3368 3890 3531 3944 minui
3564 3908 3576 3943 :
3604 3906 3737 3960 quo-

2160 3974 2300 4029 circa
2326 3973 2391 4028 ad
2418 3974 2576 4029 linem
2605 3990 2772 4044 usque
2798 3976 2945 4031 illum
2971 3992 3188 4032 currere
3215 3980 3471 4047 permisit.
3502 3979 3569 4034 Et
3592 3982 3731 4050 quis,

2161 4066 2397 4135 inquies,
2424 4068 2688 4122 cruciatus
2711 4077 2796 4123 est
2824 4069 3004 4123 mors?
3035 4069 3247 4124 Utinam
3274 4071 3486 4142 quidem
3518 4072 3657 4128 hunc
3680 4084 3736 4128 et

2158 4171 2258 4227 ego
2277 4158 2508 4213 subirem
2531 4160 2849 4216 cruciatum!
2878 4160 2979 4216 ista
3001 4178 3141 4217 nunc
3160 4162 3310 4228 dicis,
3338 4165 3731 4231 amantissime;

2158 4255 2214 4300 at
2240 4248 2387 4315 prius
2414 4263 2502 4303 res
2526 4252 2762 4306 omnium
2789 4254 3099 4322 gravissima
3128 4268 3246 4308 esse
3287 4256 3585 4325 putabatur,
3615 4272 3732 4310 om-

2160 4339 2317 4408 nique
2347 4354 2498 4409 paena
2529 4342 2900 4397 miserabilior.
2932 4344 3132 4399 Idcirco
3161 4345 3212 4398 in
3240 4345 3354 4413 lege
3382 4345 3545 4416 Moysi
3577 4347 3610 4400 ii
3642 4348 3732 4416 qui

2160 4432 2385 4485 maxima
2412 4448 2634 4502 qumque
2663 4433 3008 4504 deliquissent
3033 4451 3096 4490 ac
3120 4438 3271 4491 venia
3299 4437 3531 4507 indigna,
3563 4452 3732 4494 morte

2160 4521 2566 4576 ninlctabantur.
2597 4522 2700 4577 Sed
2728 4532 2781 4577 et
2805 4524 2942 4593 apud
2975 4525 3116 4593 ipsos
3140 4541 3352 4596 quoque
3380 4537 3627 4582 externos
3653 4529 3731 4582 lc-

2158 4614 2511 4681 gumlatores,
2543 4614 2631 4682 qui
2674 4614 2725 4668 in
2766 4616 3011 4670 maximis
3050 4616 3469 4686 turpissimisque
3526 4618 3732 4689 ﬂagitiis

2158 4702 2663 4771 deprehenduntur,
2694 4721 2799 4758 non
2839 4706 2946 4759 alio
2978 4706 3236 4773 supplicio
3272 4704 3605 4772 abiciuntur,
3637 4711 3738 4762 sed

2162 4803 2334 4849 tamen
2380 4795 2852 4863 perditissimorum
2897 4795 3164 4849 hominum
3208 4796 3523 4865 supplicium
3559 4798 3729 4865 justus

2159 4886 2247 4940 ille
2277 4887 2586 4956 perpetitur.
2617 4888 2720 4940 imo
2749 4902 2873 4941 vero
2900 4901 2966 4941 eo
2987 4887 3221 4956 gravius,
3252 4888 3391 4957 quod
3418 4899 3470 4943 et
3499 4888 3730 4945 fraterna

2158 4979 2342 5033 dextra
2384 4993 2667 5047 percussus
2695 4978 2959 5033 occubuit.
2990 4980 3127 5048 Quid
3165 4992 3341 5036 autem
3371 4982 3436 5035 de
3463 4981 3572 5035 Noe
3598 4982 3729 5036 dici-

2159 5072 2314 5124 mus?
2340 5071 2467 5124 Nam
2506 5080 2557 5123 et
2596 5072 2707 5139 ipse
2746 5071 2923 5140 justus
2952 5088 3015 5125 ac
3046 5072 3309 5141 perfectus
3352 5072 3447 5126 fuit
3475 5071 3626 5140 (Gen.
3657 5074 3717 5141 6)

2157 5161 2461 5230 cunctisque
2498 5163 2761 5229 corruptis
2796 5163 2943 5217 solus
2975 5164 3165 5232 placuit
3194 5163 3335 5228 Deo,
3365 5164 3580 5233 reliquis
3609 5179 3728 5218 om-

2159 5255 2309 5306 nibus
2342 5254 2489 5309 illum
2529 5256 2936 5311 offendentibus.
2978 5258 3282 5312 Innumeras
3318 5258 3471 5327 plane
3507 5259 3727 5311 tribula-

2158 5346 2328 5399 tiones
2369 5347 2583 5415 pertulit
2618 5348 2809 5400 multas
2833 5356 2883 5401 et
2915 5347 3099 5401 malas.
3130 5347 3313 5417 Neque
3340 5350 3478 5400 enim
3512 5356 3567 5399 ut
3595 5346 3727 5401 Abel

2156 5437 2409 5491 continuo
2438 5447 2675 5491 mortuus
2700 5450 2800 5501 est,
2834 5453 3002 5507 neque
3032 5438 3079 5491 id
3114 5453 3297 5507 passas
3324 5438 3462 5506 quod
3491 5438 3607 5491 leve
3634 5438 3726 5491 tibi

2156 5528 2395 5591 videtur;
2428 5529 2519 5583 sed
2553 5529 2907 5597 longissimam
2945 5528 3101 5581 vitam
3135 5527 3407 5589 toleravit,
3446 5536 3523 5580 tot
3560 5541 3729 5581 annos

2159 5620 2221 5671 iis
2250 5620 2336 5687 qui
2382 5618 2555 5674 ferunt
2593 5634 2752 5672 onera
2789 5619 3203 5687 gravissimeque
3245 5631 3455 5686 semper
3496 5617 3727 5685 pondere

2157 5721 2466 5782 premuntur
2493 5712 2658 5765 nihilo
2690 5710 2855 5764 levius
2883 5720 2971 5763 aut
2990 5710 3215 5778 quietius
3240 5708 3481 5764 allectus.
3506 5708 3614 5763 lluc
3634 5722 3727 5759 an-

2159 5811 2262 5856 tem
2285 5801 2459 5855 statim
2481 5803 2810 5871 apertissime
2833 5801 3083 5869 probabo,
3113 5800 3237 5854 hinc
3262 5800 3463 5853 initium
3483 5814 3721 5853 sumens.

2159 5896 2367 5948 Annum
2396 5894 2656 5963 integrum
2684 5894 2782 5948 iste
2803 5892 3000 5945 carceri
3021 5890 3261 5945 addictus
3287 5890 3399 5951 fuit,
3422 5889 3728 5953 carcerique

2165 5983 2442 6054 prrvgrino
2472 5993 2523 6038 ct
2551 5982 2835 6040 horrendo.
2876 5981 2944 6038 Ut
2970 5982 3108 6040 cnim
3140 5980 3363 6039 ferarum
3412 5988 3463 6032 ct
3508 5995 3727 6051 serpun-
