4490 6784
808 570 911 624 455

808 683 940 737 tium
964 681 1352 737 multitudinem
1375 682 1634 746 omittam,
1657 683 1967 751 quibuscum
1994 692 2138 735 tanto
2161 691 2396 749 tempore

808 773 947 825 vixit
988 774 1040 825 in
1089 772 1252 825 tantis
1294 774 1507 826 relictus
1546 773 1837 841 angustiis,
1880 774 2002 841 quid
2051 773 2195 825 illum
2236 770 2396 825 animi

811 864 1059 918 habuisse
1102 873 1251 932 putas
1299 868 1433 918 inter
1468 865 1601 917 adeo
1646 865 1882 931 ingentes
1930 873 2004 917 tot
2048 866 2396 918 tonitruorum

810 955 1048 1023 fragores
1090 965 1247 1023 atque
1293 957 1631 1009 nimborum?
1673 957 1879 1026 Quippe
1923 956 2142 1012 inferior
2178 959 2399 1027 abyssus

809 1046 1268 1117 disrumpebatur,
1302 1050 1546 1117 superior
1582 1065 1785 1103 summa
1821 1050 2049 1119 impetus
2076 1053 2124 1105 vi
2152 1050 2395 1105 demitte-

811 1141 984 1203 batur,
1012 1155 1133 1193 eum
1164 1140 1481 1195 intrinsecus
1511 1142 1599 1195 ille
1629 1158 1747 1195 cu:n
1782 1142 1961 1197 hheris
1990 1144 2202 1197 sederet
2228 1142 2393 1196 solus.

811 1230 923 1283 Etsi
960 1232 1103 1285 enim
1135 1232 1201 1284 de
1230 1231 1332 1285 line
1362 1231 1648 1286 confideret
1674 1274 1689 1298 ,
1722 1250 1814 1301 per
1851 1250 2034 1287 eorum
2078 1243 2250 1287 tamen
2281 1249 2398 1302 qua:

812 1322 1010 1376 liebant
1036 1323 1422 1377 vehementiam
1453 1335 1597 1377 metu
1626 1326 1733 1379 fere
1761 1336 2110 1395 prwmortuus
2136 1334 2267 1376 erat.
2301 1323 2398 1379 Ubi

809 1416 951 1469 enim
979 1430 1078 1469 nos
1104 1430 1225 1468 cum
1258 1415 1549 1472 habeamus
1578 1418 1765 1471 domos
1808 1419 1857 1469 in
1901 1427 2039 1469 terra
2080 1416 2235 1468 altius
2276 1414 2397 1469 fun-

808 1508 993 1573 datas,
1050 1510 1313 1577 urbesque
1366 1509 1755 1572 inhabitemus,
1809 1518 1984 1561 tamen
2034 1513 2077 1561 si
2126 1506 2400 1561 videamus

810 1602 1040 1670 pluviam
1080 1602 1159 1655 vel
1206 1602 1360 1668 paulo
1399 1601 1763 1655 vehementius
1801 1600 1959 1654 solito
2000 1600 2241 1663 demitti,
2273 1616 2401 1653 con-

808 1693 1033 1745 ridimus
1081 1700 1331 1761 metuque
1381 1693 1795 1761 constringimur
1839 1709 1851 1745 :
1894 1693 2021 1761 quid
2076 1694 2163 1746 ille
2212 1706 2400 1761 passus

807 1784 1132 1849 :rstimetur,
1164 1798 1285 1837 cum
1318 1785 1464 1837 solus
1496 1786 1637 1837 intus
1662 1795 1833 1849 esset,
1866 1786 2225 1853 3')yS~.lIIllq”c
2257 1785 2397 1836 illam

808 1872 1110 1926 horrificam
1131 1914 1145 1936 ,
1178 1888 1240 1928 ac
1271 1874 1412 1927 varia
1444 1892 1625 1927 eorum
1645 1917 1658 1939 ,
1691 1890 1808 1942 qua:
1847 1874 2272 1935 suifocabantur,
2302 1887 2399 1942 gev

807 1979 937 2018 nera
962 1965 1359 2020 consideraret?
1390 1966 1625 2034 Denique
1663 1965 1905 2019 sufficere
1940 1966 2074 2019 solet
2103 1964 2169 2017 ad
2203 1962 2399 2018 ferien-

806 2053 907 2107 dos
931 2069 1138 2107 summo
1166 2070 1363 2123 pavore
1390 2057 1615 2120 animos,
1648 2055 1830 2109 urbem
1861 2072 2041 2118 uuam,
2076 2056 2155 2110 vel
2179 2055 2397 2110 domum

808 2144 969 2197 etiam
1024 2145 1071 2198 vi
1124 2144 1297 2214 aliqua
1358 2145 1717 2199 inundationis
1773 2146 2078 2215 absorptam
2137 2147 2399 2217 undisquc

804 2245 1045 2304 opertam
1084 2250 1341 2301 eernere;
1374 2245 1429 2290 at
1458 2252 1584 2291 vero
1613 2236 1825 2306 quando
1857 2236 1906 2289 id
1943 2237 2087 2289 orbis
2120 2237 2398 2291 universus

805 2340 996 2394 passus
1031 2334 1145 2393 est,
1177 2326 1281 2381 dici
1328 2343 1431 2380 non
1479 2338 1650 2396 potest
1690 2330 1776 2396 qui
1821 2327 2043 2381 allectus
2082 2329 2150 2382 sit
2191 2328 2270 2381 vir
2310 2329 2397 2382 ille

807 2433 929 2471 cum
964 2418 1016 2472 iu
1047 2419 1239 2473 mediis
1278 2418 1523 2472 ﬂuctibus
1566 2419 2019 2475 circumferretur.
2054 2419 2243 2473 Totum
2271 2435 2396 2489 ergo

808 2525 1005 2562 annum
1052 2509 1199 2562 illum
1246 2509 1297 2562 iu
1346 2526 1411 2563 eo
1460 2520 1601 2563 metu
1649 2512 1774 2578 egit.
1825 2510 1959 2564 Cum
2009 2526 2137 2566 vero
2184 2510 2395 2563 tandem

807 2602 1059 2654 diluvium
1105 2609 1399 2666 cessasset,
1451 2602 1704 2670 paulatim
1754 2601 1967 2672 quidem
2012 2602 2121 2671 jam
2173 2601 2397 2656 cedebat

812 2703 1016 2755 metus,
1066 2690 1160 2745 sed
1203 2706 1403 2746 mceror
1448 2694 1778 2761 augebatur,
1835 2693 2286 2763 prodeuntemque
2329 2708 2393 2746 ex

810 2797 931 2837 area
961 2790 1249 2851 tempestas
1278 2782 1381 2837 alia
1422 2785 1632 2851 excepit
1666 2785 1841 2853 priore
1881 2799 1987 2837 non
2030 2784 2229 2844 minor,
2276 2798 2394 2837 cum

813 2878 1107 2930 intui-retur
1148 2875 1465 2929 horrendam
1508 2877 1647 2929 illam
1687 2876 2059 2941 solitudinem,
2108 2890 2396 2941 necemque

811 2966 953 3018 illam
980 2966 1285 3031 violentam,
1314 2974 1475 3035 atque
1503 2966 1903 3021 interfectorum
1934 2981 2153 3034 corpora
2187 2967 2310 3019 limo
2334 2980 2397 3019 ac

810 3058 921 3111 luto
949 3057 1232 3126 permixta,
1255 3066 1583 3126 cunctosque
1606 3058 1803 3127 pariter
1828 3057 2090 3123 homines,
2123 3068 2175 3111 et
2194 3058 2393 3121 asinos,

809 3159 864 3200 et
903 3158 1093 3201 cetera
1122 3146 1205 3202 his
1231 3148 1391 3202 etiam
1435 3149 1745 3217 ignobiliora
1782 3150 2126 3203 animantium
2171 3163 2395 3217 genera,

810 3255 916 3293 uno
950 3255 1168 3307 prorsus
1214 3240 1502 3295 miserabili
1548 3241 1792 3311 sepulcro
1843 3242 2052 3296 obruta.
2115 3240 2244 3294 Nam
2298 3241 2395 3293 etsi

806 3332 1090 3387 admodum
1120 3342 1428 3403 peccatores
1452 3334 1661 3388 fuerant
1681 3334 1770 3402 qui
1802 3334 1922 3388 talia
1956 3332 2191 3402 perpessi
2219 3340 2393 3397 erant,

808 3420 971 3476 homo
1000 3432 1175 3478 tamen
1200 3432 1314 3478 erat
1336 3422 1466 3489 Noe,
1499 3423 1928 3493 contribulesque
1956 3437 2081 3477 suos
2109 3436 2211 3476 non
2241 3430 2393 3491 pote-

808 3526 890 3571 rat
916 3532 1019 3571 non
1049 3516 1312 3571 miserari.
1336 3516 1541 3586 Quippe
1558 3527 1612 3571 et
1626 3516 1873 3572 Ezechiel
1898 3532 2019 3570 cum
2037 3515 2211 3585 justus
2229 3524 2392 3581 esset,

806 3619 965 3678 atque
995 3608 1259 3664 lsraelitas
1284 3610 1515 3663 maxime
1542 3610 1778 3664 omnium
1808 3610 2076 3679 improbos
2104 3624 2395 3679 cognosce-

806 3708 909 3761 ret,
932 3699 1117 3753 videns
1143 3708 1319 3754 tamen
1351 3700 1469 3755 illos
1487 3700 1714 3771 jugulari
1742 3711 1793 3755 et
1820 3716 2089 3765 corruere,
2124 3701 2223 3755 hoc
2253 3700 2391 3756 idem

810 3807 998 3864 passus
1026 3800 1142 3857 est,
1191 3802 1352 3863 atque
1383 3794 1729 3865 illacrymavit
1753 3837 1767 3859 ,
1809 3795 2017 3848 etiamsi
2055 3802 2207 3847 antea
2254 3794 2393 3848 Deus

808 3900 1022 3939 omnem
1074 3884 1171 3953 ipsi
1220 3884 1431 3939 illorum
1483 3887 1804 3955 impietatem
1853 3886 2180 3947 revelasset,
2233 3895 2392 3954 atque

810 3975 941 4043 ipsis
966 3974 1133 4029 oculis
1160 3975 1466 4030 intuendam
1497 3977 1828 4045 pra-buisset,
1859 3986 1916 4029 ut
1937 3992 2057 4031 cum
2078 3976 2195 4030 illos
2218 3974 2390 4045 puniri

808 4066 1115 4133 iuSpiceret,
1147 4079 1267 4119 eam
1315 4066 1671 4121 calamitatem
1716 4066 1927 4120 fortiter
1971 4064 2256 4134 perferret.
2288 4062 2393 4119 Sed

808 4165 985 4209 tamen
1038 4172 1158 4210 cum
1212 4164 1360 4209 tanto
1422 4158 1767 4225 prmscientia:
1821 4158 2012 4211 solatio
2067 4165 2395 4227 pra-paratus

806 4256 969 4311 esset,
1020 4247 1086 4300 ita
1130 4263 1343 4317 quoque
1388 4249 1680 4317 angebatur
1720 4264 1903 4303 eorum
1946 4250 2217 4317 cladibus,
2268 4265 2391 4304 cor-

807 4354 1073 4409 ruensque
1100 4341 1361 4396 clamabat
1386 4361 1399 4396 :
1423 4341 1536 4396 Ileu
1570 4343 1718 4409 mihi,
1747 4340 1993 4407 Domine,
2026 4343 2161 4396 delos
2192 4354 2243 4395 tu
2270 4343 2390 4396 reli-

803 4433 948 4501 quias
992 4431 1155 4485 Israel
1199 4432 1407 4502 (Ezech.
1443 4434 1496 4489 9.
1530 4434 1624 4504 8)?
1654 4435 1767 4489 Non
1800 4436 1965 4490 semel
1999 4444 2174 4490 autem
2216 4435 2388 4489 solum

805 4537 1091 4590 perpessus
1111 4532 1213 4584 est,
1247 4524 1340 4576 sed
1368 4534 1421 4577 et
1450 4525 1685 4579 secundo
1708 4541 1827 4579 cum
1858 4526 2167 4581 Jechoniam
2198 4541 2388 4581 cerne-

802 4622 886 4671 ret
915 4612 1170 4667 occisum.
1203 4613 1383 4685 itaque
1414 4624 1466 4667 et
1490 4614 1622 4681 Noe,
1651 4617 1858 4671 tametsi
1887 4617 2161 4672 innumera
2190 4618 2393 4674 sciebat

803 4702 1015 4757 illorum
1048 4720 1169 4758 esse
1199 4704 1424 4769 scelera,
1457 4720 1562 4757 non
1596 4715 1771 4760 tamen
1804 4706 2083 4762 Ezechiele
2107 4710 2217 4763 sive
2246 4709 2391 4762 Mose

804 4795 992 4849 fortior
1014 4806 1159 4850 erat:
1186 4798 1382 4866 quippe
1403 4808 1456 4853 et
1482 4797 1571 4853 ille
1598 4813 1740 4868 smpe
1765 4798 1953 4853 eadem
1979 4814 2096 4869 quic
2134 4800 2389 4868 pr0pheta

806 4901 993 4953 passus
1038 4897 1152 4950 est;
1200 4900 1483 4957 pecrantes
1523 4890 1735 4944 intuens
1780 4890 2064 4957 Hebraeos,
2125 4900 2247 4945 tunc
2296 4905 2391 4946 eos

806 4976 1036 5031 maxime
1074 4977 1453 5038 miserabatur,
1500 4980 1712 5049 quando
1755 4981 2005 5050 puniendi
2053 4991 2235 5045 erant,
2278 4997 2389 5034 ma-

802 5068 987 5136 gisque
1013 5067 1125 5135 ipse
1150 5084 1305 5136 quam
1334 5071 1420 5138 qui
1452 5071 1804 5138 puniebantur
1827 5073 2136 5141 augebatur.
2164 5075 2231 5127 At
2255 5082 2387 5126 tem-

802 5174 934 5229 pore
961 5158 1073 5214 Noe
1109 5161 1385 5214 calamitas
1428 5162 1583 5231 longe
1626 5170 1742 5215 erat
1787 5164 2029 5231 gravior,
2073 5164 2269 5232 quippe
2300 5163 2385 5216 illa

802 5249 913 5303 sola
943 5249 1206 5318 ejusmodi
1238 5252 1541 5306 morsillata
1561 5261 1659 5305 est.
1682 5252 1812 5305 Cum
1832 5252 1988 5321 igitur
2013 5260 2090 5306 tot
2120 5268 2387 5320 premere-

803 5355 889 5399 tur
916 5346 1089 5409 malis,
1118 5348 1423 5412 solitudine,
1451 5349 1664 5404 miseria
1690 5350 1865 5418 gentis
1889 5364 2019 5415 sum,
2050 5352 2384 5421 pereuntium

804 5438 1159 5505 nmltitudine,
1194 5443 1379 5497 mortis
1407 5458 1625 5513 genere,
1660 5452 1817 5499 terra:
1847 5444 2007 5498 totius
2034 5444 2381 5509 desolatione,

799 5539 961 5600 atque
1004 5533 1233 5601 undique
1263 5548 1462 5589 ntmror
1503 5536 1859 5599 incresceret,
1892 5534 1981 5605 qui
2007 5550 2067 5590 se
2095 5535 2383 5591 vehemen-

804 5622 1009 5677 tissime
1035 5634 1346 5678 concuteret
1372 5665 1384 5687 ,
1418 5626 1662 5694 adjicitur
1690 5628 1943 5682 continuo
1970 5627 2077 5681 nati
2103 5640 2384 5682 contume-

798 5715 869 5769 lia
892 5756 906 5780 ,
953 5730 1041 5769 res
1076 5714 1290 5786 quidem
1321 5716 1699 5781 intolerabilis,
1736 5718 2074 5787 turpitudinis
2102 5728 2151 5774 et
2183 5718 2385 5774 doloris

805 5805 1146 5863 incredibilis.
1176 5810 1384 5874 Quanto
1416 5812 1556 5867 enim
1588 5811 1879 5866 amicorum
1911 5812 2108 5880 probra
2137 5811 2384 5881 graviora

802 5915 959 5964 quam
991 5900 1323 5957 inimicorum
1354 5914 1497 5967 sunt,
1531 5914 1679 5959 tanto
1707 5902 1911 5973 injuria:
1939 5918 1968 5957 a
2003 5903 2125 5957 filiis
2148 5911 2382 5971 accepta:

792 5991 903 6047 illis
949 5994 1103 6049 etiam
1152 5994 1598 6052 intolerabiliores
1648 6004 1789 6051 sunt.
1840 5996 1972 6052 Cum
2025 5996 2167 6051 enim
2221 6009 2377 6064 quem

1516 566 1571 621 S.
1611 566 1887 623 JOANNIS
1913 563 2383 623 CHRYSOSTOMI
2423 564 2738 625 ARCUIEP.
2772 570 3303 631 CONSTANTINOP.

3991 562 4101 617 456

2504 693 2792 750 genuerat,
2839 702 2995 755 quem
3040 687 3391 751 educaverat,
3434 700 3592 756 quem
3619 688 3901 755 erudierat,
3931 690 4097 759 cuius

2502 770 2671 837 gratia
2697 773 2907 830 labores
2934 777 3192 846 plurimos
3217 792 3278 832 ac
3302 776 3512 831 dolores
3539 791 3797 845 curasque
3824 781 4095 836 tolerave-

2504 872 2624 926 rat,
2669 880 2789 918 eum
2822 882 2931 935 prre
2962 872 3169 925 ca-teris
3197 868 3729 925 contumeliosissime
3761 884 3818 923 se
3859 881 4097 927 tractam

2502 965 2771 1019 cerneret,
2822 974 2888 1012 ne
2932 958 3077 1015 ferre
3116 961 3325 1030 quidem
3369 962 3530 1015 animi
3576 959 3811 1014 dolorem
3856 971 4093 1028 poterat.

2503 1042 2836 1100 Contumelia
2866 1053 3061 1119 quippe
3104 1053 3269 1107 libero
3299 1054 3520 1117 homini,
3553 1063 3661 1107 tum
3690 1068 3785 1121 per
3809 1068 3867 1106 se
3892 1063 3978 1106 est
4007 1055 4096 1105 inn

2506 1136 2812 1203 tolerabilis,
2863 1150 2971 1194 tum
3016 1144 3060 1196 si
3102 1160 3130 1196 a
3181 1146 3303 1199 ﬁliis
3347 1149 3671 1211 manaverit,
3720 1147 3771 1200 in
3812 1157 4093 1213 stuporem

2503 1228 2665 1281 animi
2690 1232 2984 1297 convertit,
3016 1238 3232 1301 utpote’
3283 1240 3636 1293 atrocissima.
3678 1239 3753 1292 Tu
3789 1238 3945 1291 velim
3978 1252 4090 1289 non

2504 1316 2557 1371 id
2583 1318 2742 1372 modo
2776 1318 2984 1376 facinus
3009 1324 3316 1379 consideres
3336 1367 3350 1389 ,
3384 1329 3476 1381 sed
3505 1346 3567 1382 ex
3605 1346 3669 1383 eo
3695 1330 3808 1398 ipso
3833 1327 4096 1396 conjicias

2503 1425 2661 1479 quam
2694 1411 2781 1466 ille
2808 1414 3192 1469 contumeliose
3237 1418 3401 1485 priori
3435 1420 3581 1473 omni
3612 1431 3849 1489 tempore
3880 1430 4094 1488 patrem

2505 1499 2769 1557 habuerit.
2809 1505 2907 1571 Qui
2950 1506 3091 1559 enim
3139 1521 3457 1575 pra-sentem
3502 1513 3677 1567 adhuc
3719 1524 3874 1565 tantae
3918 1511 4097 1566 cladis

2506 1602 2763 1648 terrorem
2796 1595 3053 1660 habebat,
3095 1612 3159 1653 ac
3188 1615 3357 1670 nuper
3385 1618 3449 1656 ex
3493 1619 3704 1657 carcere
3732 1604 3820 1657 illo
3848 1604 4093 1667 exierat,

2505 1685 2756 1754 orbisque
2783 1687 2942 1740 totius
2966 1687 3323 1745 calamitatem
3351 1694 3578 1754 videbat,
3599 1710 3660 1747 ac
3686 1709 3751 1746 ne
3773 1695 3849 1745 sic
3870 1692 4093 1761 quidem

2504 1776 2816 1829 emendatus
2858 1775 3062 1842 fuerat,
3110 1779 3203 1834 sed
3246 1797 3366 1835 cum
3414 1799 3571 1851 quem
3602 1784 3818 1836 minime
3844 1785 4092 1834 oinnium

2506 1864 2797 1931 debuerat,
2844 1870 3181 1925 contumeliis
3218 1872 3506 1934 afficiebat,
3557 1888 3727 1941 neque
3758 1873 4093 1925 inlinitorum

2506 1957 2809 2010 mortalium
2858 1973 2987 2013 nece
3010 2002 3025 2023 ,
3076 1976 3249 2030 neque
3286 1964 3569 2017 solitudine
3596 2004 3610 2024 ,
3651 1977 3817 2029 neque
3850 1963 3940 2015 Dei
3973 1964 4089 2029 ira,

2506 2064 2676 2115 neque
2712 2048 2813 2100 alia
2852 2050 2955 2103 ulla
2998 2066 3180 2106 earum
3223 2070 3400 2109 rerum
3440 2070 3555 2122 quae
3597 2063 3707 2107 tum
3752 2054 4094 2123 contigerant

2505 2137 2693 2189 melior
2735 2137 2957 2192 allectus
2988 2140 3155 2194 fuerat
3182 2161 3195 2195 τ
3218 2143 3510 2208 cttjusmodi
3558 2142 3643 2193 ille
3672 2153 3794 2194 ante
3822 2142 4088 2196 diluvium

2504 2225 2629 2290 fuit,
2669 2243 2789 2281 cmn
2836 2230 3093 2298 plurimos
3138 2233 3383 2297 haberet,
3431 2234 3518 2301 qui
3562 2248 3621 2287 se
3652 2232 3996 2288 hortarentur
4020 2234 4088 2288 ad

2502 2317 2665 2371 vitia?
2708 2319 2856 2375 'l'unc
2883 2322 3025 2375 enim
3057 2324 3322 2393 profecto,
3371 2334 3495 2380 tunc
3539 2326 3869 2381 molestiores
3892 2327 4093 2381 ﬂuctus

2495 2410 2672 2479 justus
2703 2411 2791 2465 ille
2823 2415 3072 2481 pertulit,
3106 2432 3261 2486 quam
3304 2416 3502 2471 fuerint
3538 2418 3626 2488 qui
3657 2428 3777 2489 post
3805 2419 3856 2473 in
3882 2418 4092 2474 diluvio

2500 2502 2859 2573 contigerunt,
2912 2520 3033 2559 cum
3082 2522 3175 2575 per
3224 2508 3389 2561 lilium
3435 2523 3608 2573 suum,
3666 2519 3774 2563 tum
3816 2526 3911 2580 per
3950 2513 4091 2565 alios

2500 2609 2707 2649 omnes.
2746 2594 2874 2649 Nam
2921 2596 2973 2650 in
3015 2597 3215 2651 diluvio
3252 2599 3461 2668 quidem
3492 2601 3604 2654 sola
3637 2600 3780 2654 illum
3812 2616 4076 2670 aquarum

2501 2688 2786 2742 multitudo
2825 2692 3175 2759 angustabat;
3218 2702 3341 2745 ante
3366 2692 3619 2745 diluvium
3650 2702 3822 2747 autem
3852 2694 4090 2762 undique

2502 2781 2752 2849 nequitire
2774 2782 2967 2852 abyssi)
2983 2783 3452 2852 comprimcbatur,
3472 2797 3533 2835 ac
3548 2782 3908 2837 vehementius
3924 2799 4089 2851 quam

2504 2873 2754 2928 [luctibus
2797 2874 3004 2929 insidiis
3054 2874 3497 2944 nequissimorum
3548 2872 3817 2927 hominum
3864 2875 4094 2929 collide-

2504 2966 2678 3018 batur.
2708 2965 2864 3019 Solus
2890 2966 3032 3019 enim
3055 2966 3270 3019 relictus
3293 2965 3341 3017 in
3372 2972 3518 3017 tanta
3545 2964 3888 3019 seelestnrum
3914 2965 4091 3018 homi-

2503 3075 2627 3112 num
2682 3058 3173 3129 ilagitiosorumque
3204 3060 3578 3126 multitudine,
3625 3060 3724 3114 etsi
3767 3060 3898 3115 nihil
3939 3064 4091 3118 aliud

2504 3153 2843 3222 patiebatur,
2900 3153 3172 3207 irrisioncs
3223 3163 3396 3205 tamen
3444 3153 3697 3221 plurimas
3750 3168 3813 3207 ac
3862 3154 4088 3209 dicteria

2504 3246 2740 3316 quotidie
2789 3247 2993 3301 ferebat
3017 3266 3028 3297 :
3055 3246 3209 3314 idque
3251 3247 3292 3298 si
3343 3264 3445 3298 non
3478 3256 3632 3299 antea
3657 3287 3671 3308 ,
3715 3254 3821 3299 tum
3853 3250 4090 3303 maxime

2502 3338 2715 3406 quando
2742 3338 2847 3391 illis
2872 3338 2938 3392 de
2963 3353 3082 3391 arca
3112 3338 3254 3393 etde
3300 3338 3491 3391 futuris
3533 3337 3768 3391 cladibus
3808 3340 3963 3393 verba
4007 3340 4089 3393 fa-

2502 3428 2697 3483 ciebat.
2725 3427 2867 3483 lstud
2893 3442 3020 3483 vero
3040 3438 3288 3497 quantam
3319 3428 3423 3482 vim
3450 3426 3643 3481 habeat
3669 3427 3732 3481 ad
3764 3429 4088 3496 perturban-

2502 3520 2599 3574 dos
2628 3521 2854 3583 animos,
2886 3529 3109 3575 testatur
3128 3520 3215 3589 qui
3243 3535 3309 3575 ex
3338 3528 3489 3573 utero
3512 3519 3698 3573 matris
3726 3519 4089 3575 sanctiﬁcatus

2500 3622 2582 3667 est
2610 3612 2887 3677 Jcremias,
2913 3614 2999 3682 qui
3025 3622 3304 3683 pr0pterca
3329 3611 3657 3682 prophetiam
3679 3626 3885 3681 quoque
3908 3613 4084 3682 ipsam

2502 3704 2802 3773 relinquere
2832 3704 3205 3757 meditabatur.
3236 3702 3363 3757 Dixi
3390 3704 3561 3766 enim,
3595 3702 3782 3772 inquit,
3810 3719 3911 3757 ncn
3955 3722 4085 3772 pro-

2501 3796 2712 3864 phetabo
2741 3795 2871 3866 (Jer.
2902 3795 2992 3850 20.
3021 3795 3102 3865 9).
3134 3795 3398 3849 Praeterea
3431 3792 3483 3845 id
3512 3793 3706 3857 solum,
3733 3792 3872 3861 quod
3902 3795 4086 3850 nullus

2501 3888 2570 3940 illi
2598 3896 2711 3940 erat
2742 3887 3026 3951 unanimis,
3058 3886 3341 3951 nullusque
3366 3882 3477 3936 suis
3501 3882 3735 3936 moribus
3762 3883 4078 3945 conformis,

2498 3988 2753 4047 quantum
2786 3976 2859 4029 illi
2903 3975 3042 4029 taedii
3067 4017 3080 4038 ,
3122 3982 3377 4044 quantum
3423 3982 3574 4040 putas
3602 3973 3845 4027 maeroris
3869 3972 4084 4028 oﬁ‘ude-

2501 4068 2615 4120 rat?
2644 4066 2825 4135 Neque
2857 4067 2976 4121 ideo
3003 4075 3205 4118 tantum
3228 4062 3537 4132 angebatur,
3564 4078 3744 4118 verum
3774 4079 3841 4119 ex
3866 4065 4084 4119 illorum

2499 4158 2837 4212 miseratione
2857 4155 3121 4213 cruciatus
3143 4154 3452 4207 innumeros
3468 4153 3778 4221 patiebatur.
3799 4154 3913 4209 Non
3935 4158 4084 4211 enim

2502 4257 2623 4301 tunc
2653 4248 2821 4301 solum
2852 4253 3080 4302 mcerent
3106 4244 3203 4297 viri
3230 4243 3393 4312 justi,
3419 4258 3537 4297 cum
3566 4260 3759 4314 pravos
3784 4247 4084 4302 morientes

2497 4339 2780 4409 aspiciunt,
2808 4338 2899 4391 sed
2928 4337 3091 4391 etiam
3117 4348 3237 4388 cum
3270 4343 3549 4403 peccantes
3575 4335 3785 4401 vident;
3815 4337 3921 4391 imo
3949 4353 4084 4393 vero

2498 4431 2663 4483 multo
2704 4427 2932 4496 amplius
2975 4426 3079 4479 hoc
3120 4439 3278 4494 quam
3327 4424 3419 4479 illo
3469 4426 3964 4497 cruciantur:un
4012 4442 4081 4481 ex

2498 4519 2772 4589 prephetis
2805 4517 3055 4570 facillime
3086 4515 3433 4571 animadverti
3471 4526 3663 4586 potest.
3708 4518 3857 4572 Alius
3883 4518 4085 4587 quippe

2498 4611 2705 4663 illorum
2735 4624 2913 4663 amare
2946 4606 3334 4676 ingemiscens:
3363 4606 3468 4674 Var,
3501 4610 3687 4679 inquit,
3718 4610 3913 4673 anima,
3958 4610 4084 4677 quia

2498 4702 2645 4770 periit
2676 4702 2791 4770 pius
2830 4701 2892 4754 de
2922 4712 3085 4763 terra,
3130 4716 3216 4753 nec
3260 4711 3331 4755 est
3373 4703 3426 4755 in
3474 4702 3787 4767 hominibus,
3830 4702 3917 4771 qui
3944 4703 4083 4769 quod

2496 4805 2683 4847 rectum
2719 4803 2791 4847 est
2828 4793 2981 4862 faciat
3012 4790 3196 4862 (Mich.
3227 4793 3278 4848 7.
3316 4793 3391 4865 Ξ).
3426 4794 3575 4848 Alius
3598 4793 3664 4848 ad
3694 4794 3858 4848 Deum
3885 4792 4081 4859 loqne-

2496 4887 2647 4940 batur
2676 4903 2689 4939 :
2717 4885 2887 4953 Quare
2938 4883 3198 4936 ostendisti
3237 4885 3359 4937 mihi
3388 4885 3582 4938 labores
3610 4894 3657 4938 et
3688 4885 3885 4937 dolores
3910 4880 4084 4935 videre

2495 4977 2719 5044 (Hahae.
2760 4978 2809 5030 l.
2844 4975 2923 5045 3).
2952 4974 3020 5028 Ει
3047 4973 3113 5028 de
3142 4974 3205 5028 iis
3232 4977 3318 5043 qui
3363 4976 3573 5045 injuriis
3602 4971 4077 5043 opprimebantur,

2495 5072 2716 5125 nimium
2766 5067 3055 5123 condolens
3100 5068 3310 5138 lugebat
3356 5069 3539 5123 dicens
3574 5084 3587 5119 ε
3622 5066 3803 5118 Facies
3851 5064 4080 5119 homines

2493 5175 2544 5215 ut
2588 5164 2745 5231 pisces
2776 5161 2929 5214 maris
2957 5177 3055 5214 non
3096 5161 3328 5217 habentes
3359 5163 3534 5215 ducem
3563 5158 3724 5227 (Ibid.
3761 5156 3872 5223 Η).
3921 5156 4077 5223 Quod

2491 5259 2533 5311 si
2569 5267 2691 5311 tunc
2714 5256 2809 5309 ista
2830 5254 3223 5325 contingebant,
3245 5271 3365 5311 cum
3386 5256 3531 5323 leges
3548 5248 3846 5303 constitutae
3866 5259 4076 5314 essent,

2492 5361 2540 5404 et
2577 5347 2841 5417 principes
2863 5388 2876 5411 ,
2908 5356 2961 5401 et
2981 5347 3197 5417 judicia,
3233 5358 3287 5402 et
3313 5343 3617 5401 sacerdotes
3640 5382 3654 5403 ,
3684 5350 3733 5394 ct
3765 5341 4071 5410 prophetae,

2490 5449 2543 5494 et
2568 5437 2853 5508 supplicia,
2887 5439 3161 5494 considera
3192 5448 3387 5508 quanta
3429 5431 3764 5501 impudentia:
3804 5435 4074 5503 magnitu-

2490 5530 2617 5584 dine
2644 5529 2743 5585 sub
2770 5528 2879 5585 Noe
2914 5539 3104 5585 cuncta
3144 5529 3349 5584 scelera
3389 5522 3853 5579 committebantur
3875 5566 3892 5589 ,
3937 5540 4067 5579 cum

2492 5622 2636 5676 nullo
2676 5620 2863 5676 horum
2904 5622 3077 5677 adhuc
3123 5618 3367 5674 homines
3413 5613 3804 5670 cobiberentur.
3858 5617 3924 5671 Et
3968 5619 4073 5670 sub

2492 5714 2762 5782 prophetis
2790 5714 3002 5784 quidem
3036 5726 3139 5765 non
3180 5706 3335 5759 valde
3378 5704 3611 5775 longaeva
3652 5715 3765 5761 erat
3801 5718 3939 5771 vita,
3972 5708 4072 5761 sed

2488 5807 2818 5877 septuaginta
2856 5806 2941 5859 vel
2980 5800 3248 5870 octoginta
3292 5797 3444 5852 anuis
3486 5798 3894 5861 terminabatur;
3944 5812 4074 5853 tunc

2552 5941 2568 5971 ι
2606 5944 2909 5998 "39,14ij
2934 5931 3246 5998 atrocissima,
3272 5930 3446 5998 desunt
3470 5934 3518 5984 ia
3538 5931 3666 5998 (olli.
3692 5940 3746 5998 et
3765 5931 3809 5978 ia
3837 5936 4079 5983 tex‘tuﬁa-

2499 6001 2598 6062 vil.,
2624 5992 2974 6051 setl'babentur
2998 5996 3044 6043 in
3070 5992 3225 6043 Morel.
3255 6003 3303 6044 et
3328 5997 3373 6045 in
3397 5996 3610 6060 margine
3632 5992 3767 6043 sant.
