4392 6680
169 559 272 617 455

166 692 270 744 την
297 678 704 752 ἀπειλημμένος
752 680 1132 749 στενοχωρίαν.
1182 676 1234 728 τί
1271 677 1373 728 οῖει
1420 674 1648 745 πάσχειν
1683 673 1843 728 αὑτὸν

173 766 276 820 61:6
323 767 419 822 :05
451 772 694 841 πατάγου
747 772 856 824 τῶν
910 767 1166 840 βροντῶν,
1209 766 1314 819 ὑπὸ
1365 765 1458 819 τοῦ
1497 766 1672 836 ψόφου
1736 765 1846 817 τῶν

171 853 379 923 ὑετῶν;
415 860 682 923 Ἀϐυσσος
729 861 762 928 ἡ
817 859 914 928 μὲν
972 853 1216 907 κάτωθεν
1256 855 1648 926 ἀνερρήγνυτο,
1703 855 1737 922 ή
1789 852 1846 904 δὲ

171 946 373 1001 ἀνωθεν
405 947 734 1018 κατεφέρετο
767 957 819 984 δι’
871 946 900 995 6
942 942 1000 994 δὲ
1044 942 1190 995 ἔνδον
1231 943 1463 1014 ἐκάθητο
1511 942 1671 1012 μόνος
1710 939 1848 1008 μετά

169 1033 277 1087 τῶν
309 1037 456 1089 υἱῶν.
513 1035 576 1088 EE
605 1033 714 1102 γάρ
744 1031 837 1083 καὶ
888 1029 1030 1101 ὑπὲρ
1058 1030 1152 1083 τοῦ
1208 1032 1396 1096 τέλους
1451 1025 1565 1099 εἶχε
1600 1027 1843 1098 θαρρεῖν.

171 1122 303 1175 ἀλλά
337 1126 400 1192 τῇ
425 1122 534 1174 τῶν
561 1117 861 1188 γινομένων
903 1117 1219 1189 σφοδρότητι
1254 1114 1717 1190 προαπετεθνήκει
1769 1112 1847 1182 τῷ

169 1209 296 1262 δέει.
327 1210 500 1260 Ὅπου
535 1207 643 1276 γὰρ
685 1206 848 1275 ήμεῖς
879 1206 1056 1269 οίκίας
1101 1207 1312 1277 ἔχοντες
1361 1202 1708 1274 ἡδρασμένας
1753 1202 1845 1254 ἐπὶ

170 1295 269 1364 τῆς
302 1295 422 1363 γῆς,
462 1293 553 1345 καὶ
585 1292 768 1355 πόλεις
791 1292 1088 1356 οἰκοῦντες,
1121 1294 1271 1362 ὅμως
1299 1292 1428 1342 ὅταν
1482 1288 1684 1357 ἴδωμεν
1716 1305 1846 1342 κατ-

168 1382 453 1451 ἐνεχθέντα
483 1380 840 1452 σφοδρότερον
863 1381 1041 1449 ὀλίγον
1065 1380 1160 1433 τοῦ
1197 1377 1460 1446 συνήθους
1484 1375 1657 1441 ὑετὸν,
1685 1393 1846 1429 κατα-

170 1473 438 1540 πίπτομεν
478 1471 569 1522 καὶ
599 1470 1017 1541 συστελλόμεθα,
1064 1468 1116 1521 τί
1162 1466 1263 1519 οὑκ
1312 1464 1377 1518 ἂν
1426 1466 1633 1528 ἐκεῖνος
1674 1464 1842 1518 ἔπαθε

173 1562 329 1630 μόνος
352 1559 496 1612 ἔνδον
527 1558 622 1622 ὢν,
653 1561 748 1614 καὶ
771 1562 869 1631 τὴν
889 1555 1332 1631 φρικωδεστάτην
1365 1554 1578 1624 ἐκείνην
1609 1553 1842 1609 ἄϐυσσον

169 1646 364 1700 ἐννοῶν
401 1649 492 1700 καὶ
514 1650 622 1702 τῶν
659 1648 1068 1715 ἀποπνιγέντων
1091 1645 1158 1698 τά
1178 1643 1408 1714 διάφορα
1431 1641 1564 1712 γένη
1593 1659 1608 1707 ;
1637 1642 1842 1695 Ἱκανὸν

172 1734 268 1804 μὲν
293 1720 385 1788 οῦν
417 1736 680 1805 ἐκπλῆξαι
712 1735 887 1805 ψυχὴν
911 1733 1004 1786 καὶ
1037 1731 1099 1784 :6
1125 1731 1278 1784 πόλιν
1325 1731 1454 1801 μίαν
1482 1729 1515 1800 ἢ
1555 1731 1649 1783 καὶ
1669 1730 1844 1782 οἰκίαν

171 1822 339 1892 μόνην
363 1823 780 1876 ἐπικλυσθεῖσαν
813 1817 1154 1886 καλυφθῆναι
1185 1821 1297 1881 τοῖς
1323 1818 1550 1888 κύμασι,
1571 1817 1633 1870 τὸ
1659 1817 1716 1870 δὲ
1743 1817 1842 1888 τὴν

168 1909 493 1979 οἰκουμένην
523 1911 700 1962 πᾶσαν
721 1907 879 1960 τοῦτο
909 1905 1122 1968 παθεῖν,
1163 1905 1282 1958 οὑδέ
1323 1905 1469 1958 ἐστιν
1503 1907 1696 1969 εἰπεῖν,
1727 1903 1845 1968 πῶς

171 1998 237 2049 ἂν
259 1997 472 2069 διέθηκε
507 1998 598 2049 τὸν
653 1999 712 2048 ἐν
751 1994 901 2065 μέσῳ
938 1993 1016 2063 τῷ
1063 1993 1340 2065 κλυδωνίῳ
1389 1993 1838 2065 περιφερόμενον.

167 2085 273 2137 ἰ’ὸν
310 2087 406 2154 μὲν
463 2080 555 2136 οῦν
594 2081 840 2135 ἐνιαυτὸν
875 2081 1081 2133 ἐκεῖνον
1131 2079 1370 2151 τοσούτῳ
1405 2081 1678 2151 συνείχετο
1711 2079 1838 2134 δέει.

181 2173 396 2243 Ἐπειδὴ
419 2173 474 2225 δέ
502 2188 628 2224 ποτε
669 2171 697 2221 ὁ
725 2167 1106 2239 κατακλυσμὸς
1150 2168 1444 2230 ἐπαύσατο,
1486 2168 1514 2220 6
1550 2169 1646 2238 μὲν
1679 2167 1842 2236 φόϐος

169 2261 402 2314 ἐνεδίδου
441 2258 646 2321 λοιπον,
682 2255 990 2309 ἐπετείνετο
1030 2255 1086 2309 δὲ
1126 2257 1194 2309 τὰ
1241 2256 1339 2326 τῆς
1386 2256 1625 2325 ἀθυμίας
1673 2253 1842 2323 αὑτῷ,

169 2349 262 2399 καὶ
323 2352 420 2415 τῆς
472 2341 703 2396 κιϐωτοῦ
757 2342 1112 2413 προκύψαντα
1138 2342 1348 2410 χειμὼν
1375 2340 1845 2409 ἐτεροςδιεδέχετο

167 2434 261 2487 τοῦ
293 2432 554 2504 προτέρου
579 2431 676 2500 οὑχ
697 2431 897 2499 ἥττων,
943 2431 1041 2496 τὴν
1087 2429 1290 2499 πολλὴν
1329 2428 1566 2499 ἐρημίαν
1609 2426 1842 2498 ὀρῶντα,

169 2519 374 2572 καὶτὸν
405 2517 577 2586 βίαιον
627 2515 856 2569 θάνατον
884 2517 1109 2578 ἐκεῖνον,
1159 2518 1253 2568 καὶ
1295 2514 1405 2567 τῶν
1450 2512 1846 2585 ἀναιρεθέντων

168 2607 238 2660 τὰ
265 2605 488 2675 σώματα
518 2607 582 2674 τῇ
610 2604 714 2657 ίλύῖ
743 2603 1065 2674 πεφυρμένα
1093 2605 1185 2656 καὶ
1217 2603 1294 2672 τῷ
1324 2602 1499 2674 πηλῷ,
1521 2605 1612 2656 καὶ
1638 2601 1847 2664 πάντας

167 2693 303 2764 ὁμοῦ
334 2692 647 2765 ἀνθρώπους
671 2709 730 2745 τε
761 2691 858 2744 καὶ
889 2691 1044 2754 ὅνους
1082 2692 1176 2744 καὶ
1203 2693 1271 2744 τά
1307 2691 1512 2744 τούτων
1548 2690 1845 2761 ἀτιμότερα

168 2782 298 2851 γένη
347 2784 445 2853 μιᾷ
490 2785 556 2851 τῇ
613 2779 951 2850 ἐλεεινοτάτη
991 2779 1409 2850 καταχωοθέντα
1453 2783 1620 2850 ταφῇ.
1653 2781 1844 2854 Είγάρ

168 2874 264 2926 καὶ
297 2873 500 2942 σφόδρα
530 2871 844 2942 ἁμαρτωλοὶ
872 2873 920 2924 οἱ
956 2871 1128 2926 ταῦτα
1163 2871 1487 2934 πεπονθότες
1533 2865 1693 2940 ἦσαν,
1727 2870 1842 2925 ἀλλ’

168 2961 320 3028 ὅμως
347 2958 630 3030 ἄνθρωπος
668 2954 737 3030 ἦν
768 2960 797 3012 ὀ
826 2959 978 3023 Νῶε,
1019 2959 1111 3013 καὶ
1141 2957 1343 3028 ἔπασχέ
1369 2975 1422 3011 τι
1454 2957 1592 3029 πρὸς
1622 2957 1684 3011 τὺ
1715 2959 1844 3028 ὀμό-

169 3047 356 3115 φυλον.
384 3048 493 3099 Καὶ
530 3047 638 3118 γάρ
665 3049 693 3100 6
721 3047 980 3119 ’Ῑεζεκιὴλ
1001 3047 1205 3110 δίκαιος
1235 3047 1332 3110 ῶν,
1357 3047 1452 3100 καὶ
1479 3048 1604 3109 τοὺς
1635 3047 1847 3118 Ἰσραη-

168 3132 324 3197 λίτας
373 3133 604 3204 μάλιστα
636 3135 852 3189 πάντων
895 3135 1291 3206 πονηροτάτους
1323 3134 1500 3198 είδὼς,
1556 3135 1645 3189 ὅτε
1673 3152 1839 3189 κατα-

172 3221 573 3291 σφαττομένους
619 3217 725 3275 είδε
775 3222 869 3276 καὶ
918 3224 1375 3286 καταπίπτοντας,
1399 3220 1555 3275 τοῦτο
1582 3221 1643 3276 :6
1669 3223 1847 3276 κοινὸν

171 3307 344 3360 ἔπαθε
377 3308 469 3361 καὶ
509 3308 794 3381 ἐδάκρυσε·
835 3311 1010 3364 καίτοι
1048 3311 1134 3364 διά
1164 3309 1321 3364 τοῦτο
1351 3309 1640 3382 προλαϐὼν
1663 3312 1690 3365 ό
1715 3311 1846 3377 Θεὸς

171 3395 390 3447 ἃπασαν
421 3395 568 3467 αὑτῷ
588 3396 686 3467 τὴν
716 3397 968 3451 ἀσέϐειαν
996 3396 1175 3452 αὐτῶν
1197 3396 1518 3466 ἐξεκάλυψε,
1547 3398 1640 3451 καὶ
1663 3397 1846 3462 αὑτοῖς

170 3481 467 3552 ὀφθαλμοῖς
515 3485 685 3553 αὑτὴν
737 3486 1068 3540 ἐποπτεῦσαι
1099 3485 1534 3557 παρεσκεύασεν,
1595 3486 1658 3539 ἵν’
1714 3487 1844 3542 ὅταν

168 3569 370 3634 αὑτοὺς
421 3573 817 3643 κολαζομένους
863 3573 970 3646 ίδῃ,
1020 3573 1283 3643 γενναίως
1322 3574 1524 3646 ἐνέγκῃ
1562 3575 1662 3646 τὴν
1707 3592 1843 3645 συμο

171 3657 366 3730 φοράν.
409 3658 549 3712 Ἀλλ’
575 3661 724 3730 ὅμως
776 3661 869 3714 καὶ
912 3661 1180 3732 τοσαύτης
1221 3662 1576 3734 παραμυθίας
1625 3679 1845 3735 προπα-

172 3745 644 3815 ρασκευασθείσης
666 3747 835 3818 αὑτῷ,
887 3747 983 3800 καὶ
1027 3749 1200 3812 οὑτως
1223 3748 1508 3820 ήλέγχετο,
1539 3750 1633 3803 καὶ
1661 3749 1845 3804 πεσὼν

168 3831 302 3884 ἐϐόα
348 3832 540 3900 λέγων·
575 3834 762 3902 ΟΤμοι,
814 3833 1014 3904 Κύριε,
1049 3837 1387 3906 ἐξαλείφεις
1436 3837 1519 3890 σὺ
1553 3837 1622 3891 τὸ
1665 3837 1845 3892 κατά-

167 3922 390 3973 λοιπον
416 3919 521 3973 τοῦ
564 3921 802 3990 Ἰσραήλ
824 3940 844 3987 ;
871 3925 982 3994 (Ἰὺχ
1012 3924 1160 3990 ἅπαξ
1187 3925 1244 3979 δὲ
1276 3925 1432 3979 τοῦτο
1459 3925 1625 3978 ἔπαθε
1657 3929 1840 3997 μόνον,

168 4007 308 4061 ἀλλά
331 4008 424 4060 καὶ
448 4007 608 4061 πάλιν
650 4010 740 4062 ὅτε
791 4011 882 4064 τὸν
925 4013 1184 4082 Ἰεχονίαν
1235 4007 1374 4066 εἶδεν
1425 4014 1838 4084 ἀναιρούμενον.

167 4092 334 4147 Ὠστε
361 4097 453 4149 καὶ
484 4098 512 4149 ὀ
543 4097 663 4150 Νῶε
688 4100 734 4151 εί
759 4101 853 4153 καὶ
882 4101 1053 4172 μυρία
1080 4101 1261 4164 αὑτοῖς
1304 4099 1519 4171 συνῄδει
1547 4101 1711 4166 κακὰ,
1741 4101 1843 4155 οὐκ

167 4177 238 4251 ἦν
264 4181 386 4235 οὔτε
413 4183 623 4247 τούτου,
650 4184 774 4238 οῦτε
834 4187 927 4240 τοῦ
990 4188 1235 4250 Μωσέως
1287 4187 1678 4258 ἀνδρειότερος.
1731 4188 1843 4242 Καὶ

167 4270 280 4342 γάρ
310 4272 404 4326 καὶ
453 4271 659 4337 ἐκεῖνος
696 4274 764 4328 τά
794 4274 932 4327 αὑτά
983 4273 1133 4346 [187]
1171 4273 1248 4344 τῷ
1277 4277 1529 4346 προφήτῃ
1582 4275 1843 4340 πολλάκις

169 4357 358 4424 ἔπαθε,
390 4361 482 4412 καὶ
521 4361 929 4433 ἁμαρτάνοντας
967 4362 1129 4434 ὀρῶν,
1166 4363 1255 4416 ὅτε
1309 4363 1670 4434 τιμωρεῖσθαι
1715 4363 1842 4428 ἔδει,

169 4447 346 4515 ἤλγει,
378 4448 472 4500 καὶ
511 4449 706 4518 μᾶλλον
742 4451 767 4490 b
790 4450 1031 4504 ὠδυνᾶτο
1075 4449 1181 4502 τῶν
1228 4449 1606 4521 κολαζομένων
1641 4451 1842 4507 αὑτῶν.

181 4535 305 4587 Ἑπὶ
335 4535 390 4587 δέ
410 4536 502 4588 τοῦ
526 4537 646 4589 Νῶε
682 4539 775 4591 καὶ
803 4542 835 4608 ἡ
873 4537 1126 4608 συμφορά
1165 4537 1523 4610 χαλεπωτέρα
1558 4534 1650 4608 ῆν·
1686 4541 1844 4610 μόνος

177 4622 281 4694 γάρ
306 4625 511 4686 ἐκεῖνος
558 4625 794 4688 τοιοῦτος
824 4627 1039 4693 ἐγένετο
1067 4625 1315 4688 θάνατος.
1349 4625 1638 4690 Τοσούτοις
1665 4627 1844 4681 τοίνυν

170 4709 516 4780 συνεχομένῳ
557 4715 766 4774 κακοῖς,
799 4714 864 4781 τῇ
919 4711 1172 4780 μονώσει,
1199 4716 1266 4784 τῇ
1297 4713 1433 4784 πρὸς
1475 4713 1538 4766 :6
1570 4715 1842 4783 ὁμόφυλον

169 4799 506 4870 συμπαθείᾳ,
534 4799 611 4869 τῷ
641 4799 834 4869 πλήθει
862 4801 970 4852 τῶν
1001 4802 1384 4865 ἀπολωλότων,
1417 4803 1496 4873 τῷ
1525 4803 1714 4874 τρόπῳ
1743 4803 1840 4872 τῆς

167 4887 448 4957 τελευτῆς,
502 4889 566 4957 τῇ
599 4886 698 4955 τῆς
723 4887 830 4958 γῆς
865 4887 1089 4957 ἐρημίᾳ,
1124 4891 1218 4942 καὶ
1256 4890 1518 4945 πάντοθεν
1564 4889 1714 4960 αὐτῷ
1742 4891 1842 4960 τῆς

167 4977 411 5046 ἀθυμίας
433 4975 727 5047 αἰρομένης
752 4975 844 5028 καὶ
872 4974 1226 5046 ἀκμαζούσης
1262 4978 1526 5049 σφοδρῶς,
1544 4976 1841 5031 ἐπιτίθεται

167 5065 371 5127 εὑθέως
398 5067 491 5118 καὶ
520 5067 552 5134 ἡ
587 5062 677 5116 τοῦ
702 5063 888 5126 παιδὸς
923 5063 1101 5134 ὕϐρις,
1133 5066 1365 5135 πρᾶγμα
1407 5066 1710 5138 ἀφόρητον,
1747 5065 1840 5117 καὶ

165 5152 370 5222 πολλῆς
401 5154 497 5223 μὲν
530 5151 810 5221 αἰσχύνης,
849 5150 1048 5220 πολλῆς
1079 5149 1135 5202 δὲ
1184 5151 1352 5219 γέμον
1401 5152 1610 5222 ὀδύνης.
1643 5162 1665 5190 ε
1691 5152 1841 5222 Ὂσῳ

163 5238 279 5310 γάρ
302 5240 409 5293 τῶν
429 5241 532 5294 ὑπὸ
556 5239 663 5292 τῶν
702 5238 910 5309 ἐχθρῶν
939 5238 1006 5292 τὰ
1035 5237 1185 5309 παρά
1210 5237 1318 5290 τῶν
1349 5239 1518 5306 φίλων
1539 5238 1715 5308 ὀνείδη
1743 5237 1841 5309 βα-

167 5324 396 5397 ρύτερα,
412 5328 649 5397 τοσούτῳ
674 5327 877 5381 τούτων
899 5326 1076 5379 αὑτῶν
1102 5326 1171 5379 τά
1204 5326 1356 5396 παρά
1392 5326 1502 5379 τῶν
1527 5325 1733 5379 παίδων
1759 5325 1841 5378 ἔτι

170 5411 372 5479 μᾶλλον
397 5414 787 5485 ἀφορητότερα.
811 5412 978 5464 Ὅταν
1005 5411 1112 5482 γάρ
1146 5411 1206 5464 ὃν
1246 5411 1554 5480 ἐγέννησεν,
1583 5411 1642 5463 ὃν
1689 5410 1844 5482 ἐθρε-

161 5499 291 5567 ψεν,
318 5499 376 5550 ὃν
409 5500 746 5564 ἐπαίδευσεν,
767 5499 905 5569 ὑπὲρ
923 5491 982 5550 05
1017 5497 1244 5560 πολλοὺς
1269 5497 1501 5568 μόχθους
1527 5498 1623 5550 καὶ
1647 5496 1843 5561 πόνους

165 5587 266 5640 καὶ
297 5588 577 5658 φροντίδας
604 5590 878 5660 ἠνέσχετο,
904 5585 1089 5640 τοῦτον
1114 5588 1366 5641 ἁπάντων
1387 5585 1842 5658 ὑϐριστικώτερον

233 5833 264 5863 ⁸
289 5831 371 5879 Sic
395 5829 540 5878 Savil.
569 5837 618 5879 el
637 5830 774 5880 Colb.
813 5835 982 5882 Morel.
1007 5847 1123 5880 vero
1140 5832 1405 5893 ἀνεφέρετο.

236 5895 264 5933 δ
283 5893 419 5944 Colb.
443 5894 571 5950 ἠλέει
604 5894 684 5940 καὶ
709 5897 902 5953 μᾶλλον,
931 5897 1086 5944 Savil.
1119 5892 1397 5950 ἐδει,ἡλέει,
1414 5895 1493 5940 καὶ
1518 5892 1694 5952 μᾶλλον
1711 5894 1842 5954 ἦὶγει

166 5958 252 6008 καὶ
276 5956 489 6004 ὠδυνᾶτο
499 5989 511 6001 .

235 6019 261 6049 ⁸
297 6016 540 6068 Νοηυυὶιέι
562 6029 608 6064 ιη
632 6017 956 6078 sequentibus
978 6033 1004 6068 e
1029 6021 1210 6069 Saxilio
1229 6015 1515 6068 addidimus.
1545 6016 1678 6066 Emr.

1056 564 1147 618 AD
1187 556 1567 616 S'I'AGIRIL'M
1606 553 1651 609 Α
1691 550 1999 609 ΒίΕΜΟΝΕ
2046 548 2406 607 VEXATUM.
2449 549 2576 606 LIB.
2618 550 2684 609 ll.

1948 666 2100 738 αὑτῷ
2147 667 2486 738 κεχρημένον
2525 668 2632 740 ἴδῃ.
2669 669 2792 724 οὑδέ
2839 670 3084 738 ἐνεγκεῖν
3137 671 3196 723 τὸ
3250 671 3382 725 πολὺ
3431 671 3628 735 πένθος

1947 765 2236 838 δυνήσεται
2267 767 2366 837 τῆς
2399 766 2574 838 ψυχῆς
2599 771 2627 822 ὀ
2657 768 2817 822 τοῦτο
2847 768 3054 822 παθών.
3093 769 3158 821 Ἦ
3187 768 3296 838 γὰρ
3330 767 3485 839 ῦϐρις
3513 772 3626 829 τοῖς

1947 865 2253 936 ἐλευθέροις
2282 867 2376 919 καὶ
2409 867 2528 921 καθ’
2560 867 2758 938 ἐαυτῆν
2785 869 2885 938 μὲν
2911 866 3057 919 ἐστιν
3085 866 3378 936 ἀφόρητος,
3413 867 3538 919 ὅταν
3568 867 3626 921 δὲ

1946 961 2038 1012 καὶ
2083 959 2235 1031 παρά
2264 959 2370 1012 τῶν
2405 961 2608 1016 παίδων
2632 963 2870 1034 γίνηται.
2903 961 3008 1015 κᾶν
3039 963 3118 1024 εἰς
3147 961 3402 1013 ἔκστασιν
3431 960 3628 1028 ἀγάγοι

1947 1053 2036 1106 τὸν
2091 1054 2393 1123 πάσχονταο
2433 1053 2576 1107 οὕτω
2639 1055 2915 1126 βαρυτάτη
2961 1053 3107 1107 ἐστίν
3141 1051 3190 1108 δ,
3221 1053 3294 1104 Συ
3333 1051 3389 1105 δέ
3426 1069 3513 1121 μοι
3551 1051 3627 1123 μὴ

1949 1146 2108 1216 μόνον
2142 1147 2318 1199 ἐκεῖνο
2363 1143 2424 1198 τὸ
2468 1146 2724 1217 τόλμημα
2777 1149 2965 1212 ἐννόει,
2997 1146 3134 1202 ἀλλά
3175 1145 3266 1200 καὶ
3298 1146 3406 1200 ἀπὸ
3438 1147 3626 1200 τούτου

1948 1242 2209 1312 μάνθανε,
2266 1243 2383 1306 πῶς
2422 1243 2568 1314 αὑτῷ
2592 1245 2685 1296 καὶ
2717 1241 2806 1296 τὸν
2847 1241 3156 1312 ἔμπροσθεν
3190 1239 3382 1311 χρόνον
3411 1238 3626 1292 ξιτ-αντα

1945 1335 2145 1406 ἐχρῆτο
2175 1327 2327 1399 οὗτος
2349 1336 2378 1388 6
2405 1335 2687 1406 ὑϐριστής.
2726 1336 2783 1387 '0
2802 1335 2909 1406 γὰρ
2933 1336 2990 1387 ἐν
3021 1353 3080 1405 χε
3093 1334 3211 1404 ρτῖν
3244 1334 3323 1386 ἔτι
3352 1331 3442 1385 τὸν
3462 1333 3620 1401 φόϐον

1944 1434 2052 1487 τῶν
2085 1435 2466 1504 γεγενημένων
2494 1433 2655 1504 ἔχων,
2711 1435 2804 1486 καὶ
2835 1435 2959 1504 ἄρτι
3012 1438 3111 1504 τῆς
3157 1434 3379 1504 εἱρκτῆς
3409 1433 3625 1502 ἐκείνης

1945 1525 2314 1596 ἀπαλλαγεὶς,
2373 1526 2463 1580 καὶ
2531 1526 2631 1596 τῆς
2684 1525 3006 1596 οἰκουμένης
3053 1524 3150 1588 τὰς
3210 1526 3492 1598 συμφορὰς
3546 1525 3624 1578 ἔτι

1947 1613 2185 1687 θεωρῶν,
2219 1619 2314 1671 καὶ
2344 1617 2480 1688 μηδέ
2509 1617 2650 1671 οὕτω
2706 1616 3122 1688 σωφρονισθείς,
3157 1616 3271 1671 ἀλλ’
3297 1617 3526 1688 ὑϐρίσας
3547 1620 3626 1681 είς

1943 1709 2003 1761 ὃν
2039 1710 2243 1779 ἥκιστα
2294 1711 2510 1764 πάντων
2553 1711 2739 1782 ἐχρῆν,
2784 1712 2878 1766 καὶ
2931 1711 3066 1782 μηδέ
3113 1709 3191 1780 τῷ
3255 1708 3471 1780 θανάτῳ
3517 1711 3625 1762 τῶν

1946 1806 2178 1870 πολλῶν,
2208 1805 2343 1878 μηδὲ
2369 1809 2433 1878 τῇ
2459 1809 2684 1878 ἐρημίᾳ,
2736 1810 2870 1878 μηδέ
2909 1812 2974 1878 τῇ
3005 1809 3141 1878 ὀργῇ
3173 1807 3263 1860 τοῦ
3301 1807 3458 1870 Θεοῦ,
3491 1807 3625 1878 μηδέ

1944 1896 2089 1970 ἀλλῳ
2117 1899 2222 1952 τινὶ
2269 1898 2378 1952 τῶν
2405 1899 2527 1952 τότε
2579 1898 3001 1970 συμϐεϐηκότων
3049 1899 3270 1969 βελτίων
3315 1901 3624 1969 γενόμενος,

1943 1997 2026 2061 τίς
2057 1992 2126 2069 ἧν
2151 1997 2256 2069 πρὸ
2281 1997 2374 2051 τοῦ
2405 1995 2821 2066 κατακλυσμοῦ,
2855 1998 2943 2050 ὅτε
2976 1997 3070 2049 κα)¹
3100 1996 3328 2058 πολλοὺς
3353 1992 3463 2065 εἶχε
3500 2000 3626 2062 τοὺς

1943 2093 2398 2164 παρακαλοῦντας
2431 2095 2524 2147 ἐπὶ
2552 2095 2652 2166 τήν
2690 2094 2889 2148 κακίαν
2935 2095 3131 2157 αὑτόν;
3178 2094 3310 2148 Τότε
3346 2094 3476 2165 γὰρ,
3506 2097 3626 2150 τότε

1945 2183 2322 2256 χαλεπώτερον
2349 2182 2638 2238 κλυδώνιον
2695 2185 2983 2255 ὑπέμεινεν
3003 2187 3030 2238 6
3059 2184 3265 2247 δίκαιος
3295 2186 3503 2248 ἐκεῖνος
3531 2185 3626 2238 τοῦ

1949 2278 2089 2348 μετά
2135 2279 2307 2332 ταῦτα
2350 2280 2444 2332 ἐπὶ
2497 2280 2593 2332 τοῦ
2646 2281 3034 2351 κατακλυσμοῦ
3076 2280 3370 2350 γενομένου
3403 2281 3496 2333 καὶ
3537 2281 3627 2334 διά

1946 2373 2153 2439 τοῦτον,
2191 2374 2284 2429 καὶ
2310 2374 2397 2428 διά
2427 2377 2554 2439 τοὺς
2581 2376 2772 2440 ἄλλους
2804 2376 3069 2440 ἅπαντας.
3105 2375 3229 2430 Ἐπὶ
3261 2376 3358 2446 μὲν
3385 2377 3493 2448 γὰρ
3530 2378 3626 2431 τοῦ

1949 2473 2335 2544 κατακλυσμοῦ
2391 2472 2594 2544 πλῆθος
2652 2473 2860 2528 ὑδάτων
2914 2475 3075 2528 αὑτὸν
3138 2477 3381 2546 περιεῖχε
3445 2477 3626 2546 μόνον,

1949 2570 2055 2640 1:96
2099 2570 2154 2623 δέ
2205 2570 2391 2624 τούτου
2427 2572 2624 2636 κακίας
2660 2571 2884 2642 ἀϐύσσῳ
2919 2572 3182 2626 πάντοθεν
3213 2572 3508 2642 συνείχετο,
3533 2575 3628 2626 καὶ

1946 2668 2056 2722 τῶν
2085 2668 2520 2740 κυμάτωναὺτῷ
2553 2671 2908 2742 σφοδρότερον
2956 2673 3011 2725 αί
3055 2669 3166 2724 τῶν
3224 2671 3478 2743 πονηρῶν
3528 2672 3629 2725 ἀν-

1944 2766 2088 2838 δρῶν
2144 2767 2432 2820 ἐπιϐουλαὶ
2461 2769 2956 2841 πῳπρρήγνυντο.
2995 2768 3173 2832 Μόνος
3199 2769 3307 2839 γὰρ
3341 2770 3422 2832 είς
3443 2769 3630 2824 τοσοῦ.

1944 2881 2034 2918 τον
2067 2863 2270 2935 πλῆθος
2295 2864 2647 2935 ἀπολειφθεὶς
2672 2863 2881 2936 ἀνδρῶν
2911 2864 3244 2936 παρανόμων
3273 2865 3366 2918 καὶ
3393 2866 3625 2936 μιαρῶν,

1945 2964 1994 3016 εί
2043 2963 2138 3016 καὶ
2201 2963 2366 3035 μηδὲν
2415 2963 2622 3034 ἔπασχε
2670 2962 2880 3029 δεινὸν,
2935 2961 3051 3016 ἅλ’
3103 2963 3255 3033 ὅμως
3303 2963 3472 3018 πολὺν
3537 2963 3628 3019 τὸν

1945 3054 2158 3124 γέλωτα
2208 3057 2305 3109 καὶ
2354 3055 2524 3110 πολλά
2575 3055 2646 3108 τά
2703 3053 3014 3127 σκώμματα
3057 3054 3271 3127 ἔφερεν,
3329 3058 3378 3109 εί
3427 3058 3627 3129 καὶμὴ

1947 3148 2234 3220 πρότερον,
2264 3147 2379 3202 ἀλλ’
2399 3149 2488 3202 ὅτε
2515 3149 2644 3220 περὶ
2673 3148 2776 3218 τῆς
2796 3146 3030 3203 κιϐωτοῦ
3064 3148 3289 3202 καὶτῶν
3322 3148 3629 3220 μελλουσῶν

1947 3247 2132 3310 αὐτοῖς
2155 3247 2427 3316 διελέγετο
2465 3246 2782 3320 συμφορῶν.
2839 3247 3009 3301 Τοῦτο
3062 3249 3119 3302 δὲ
3152 3249 3289 3319 ὅσην
3319 3247 3432 3319 ἔχει
3467 3247 3630 3303 δύνα-

1951 3357 2044 3410 μιν
2067 3341 2206 3412 πρὸς
2230 3342 2293 3395 :6
2321 3341 2552 3413 ταράξαι
2571 3340 2768 3412 ψυχὴν,
2796 3342 3195 3413 μαρτυρήσειεν
3223 3341 3288 3396 ἀν
3319 3343 3453 3412 ἡμῖν
3489 3344 3520 3396 6
3564 3345 3628 3397 ἐκ

1948 3436 2152 3501 κοιλίας
2171 3437 2471 3506 ἀγιασθεὶς,
2491 3439 2520 3492 ό
2541 3436 2627 3491 διά
2646 3437 2804 3491 τοῦτο
2828 3438 2924 3492 καὶ
2945 3437 3044 3508 τῆς
3064 3437 3400 3510 προφητείας
3419 3436 3627 3508 μέλλων

1945 3537 2299 3607 ἀφίστασθαι.
2324 3537 2514 3591 Εἶπον
2543 3535 2714 3608 εγάρ,
2765 3537 2951 3606 φησὶν,
2981 3537 3064 3589 Οὐ
3089 3535 3175 3606 μὴ
3204 3537 3622 3606 προφητεύσω.

1944 3637 2129 3706 Χωρὶς
2158 3636 2216 3690 δέ
2247 3635 2454 3689 τούτων
2476 3635 2610 3689 αὐτὸ
2644 3635 2805 3706 μόνον
2829 3635 2890 3688 :6
2931 3635 3134 3706 μηδένα
3169 3634 3462 3706 ὀμόψυχον,
3491 3634 3626 3706 μηδὲ

1944 3739 2246 3811 ὁμότροπον
2262 3738 2429 3810 ἔχειν,
2448 3738 2623 3809 πόσην
2644 3737 2858 3809 ἀηδίαν,
2887 3736 3060 3807 πόσην
3087 3736 3238 3808 αὑτῷ
3257 3735 3624 3802 κατεσκεύαζε

1945 3834 2043 3904 τήν
2099 3833 2369 3903 ἀθυμίανς
2421 3833 2498 3886 06
2545 3832 2706 3886 τοῦτο
2731 3831 2788 3886 δὲ
2820 3830 2997 3901 μόνον,
3023 3829 3157 3884 ἀλλά
3185 3831 3280 3884 καὶ
3310 3830 3389 3901 τῷ
3428 3830 3626 3884 συναλ-

1943 3927 2062 3994 γεῖν
2115 3924 2300 3987 αὑτοῖς
2329 3923 2498 3994 μυρία
2527 3921 2732 3994 ἔπασχε
2757 3923 2924 3978 δεινά.
2961 3922 3037 3976 06
3085 3922 3192 3994 γάρ
3225 3923 3395 3993 δήπου
3442 3923 3630 3978 τελευ-

1943 4016 2154 4082 τῶντας
2178 4017 2339 4088 μόνον
2363 4015 2658 4088 ἐνορῶντες
2693 4017 2867 4080 οὓτως
2900 4014 3157 4085 ἀλγοῦσιν
3182 4014 3332 4087 [188]
3354 4017 3404 4070 οί
3428 4016 3627 4072 δίκαιοι

1944 4112 2071 4175 τοὺς
2107 4111 2395 4182 πονηροὺς,
2438 4109 2852 4182 ἁμαρτάνοντας
2884 4108 2942 4162 δέ
3000 4108 3102 4162 οὐκ
3149 4108 3252 4171 ἔτι,
3283 4108 3422 4163 ἀλλά
3450 4110 3630 4182 πολλῷ

1951 4205 2150 4275 μᾶλλον
2185 4205 2362 4275 τούτῳ
2416 4203 2725 4265 δάκνονται,
2763 4203 2797 4274 ἢ
2855 4203 3068 4274 ἐκείνῳ·
3103 4203 3200 4257 καὶ
3241 4201 3400 4256 τοῦτο
3431 4203 3488 4257 δὲ
3521 4203 3631 4258 ἀπὸ

1946 4300 2056 4353 τῶν
2106 4299 2399 4372 προφητῶν
2421 4300 2488 4355 ἄν
2507 4317 2593 4364 τις
2645 4297 2806 4370 μάθοι
2845 4297 3045 4361 καλῶς.
3098 4297 3158 4350 '0
3192 4297 3291 4368 μὲν
3343 4297 3451 4369 γάρ
3499 4297 3630 4352 ἐϐόα

1949 4398 2163 4470 πικρόν·
2199 4398 2397 4467 Οἵμοι,
2449 4397 2644 4466 ψυχὴ,
2699 4397 2789 4451 ὅτι
2837 4397 3156 4451 ἀπόλωλεν
3197 4394 3463 4462 εὐλαϐὴς
3508 4395 3628 4449 ἀπὸ

1947 4492 2057 4561 τῆς
2107 4494 2241 4562 γῆς,
2265 4493 2362 4548 καί
2400 4497 2433 4547 ὀ
2478 4492 2786 4560 κατορθῶν
2829 4493 2900 4546 ἐν
2937 4491 3272 4559 ἀνθρώποις
3300 4493 3412 4560 οὐκ
3437 4492 3627 4560 ὑπάρ-

1944 4603 2054 4656 χει.
2073 4587 2302 4658 Ἕτερος
2330 4586 2386 4641 δὲ
2416 4586 2567 4653 ἔλεγε
2604 4585 2742 4656 πρὸς
2762 4583 2853 4637 τὸν
2878 4584 3030 4636 Θεόνο
3064 4585 3248 4638 Ἰνίιτί
3271 4601 3372 4653 μοι
3392 4583 3628 4650 ἔδειξας

1944 4687 2171 4752 κόπους
2208 4687 2306 4738 καὶ
2336 4686 2564 4752 πόνους
2595 4683 2974 4748 ἐπιϐλέπειη
3023 4685 3134 4738 Καὶ
3187 4683 3325 4752 ὑπέρ
3365 4682 3473 4736 τῶν
3506 4683 3628 4736 ἀδι⁹

1945 4802 2038 4838 κου
2048 4785 2223 4854 μένων
2237 4785 2294 4839 δέ
2314 4786 2518 4857 σφόδρα
2531 4785 2886 4856 κοπτόμενος.
2904 4783 3122 4855 ἐθρήνει
3137 4785 3330 4852 λέγων·
3346 4787 3450 4838 Ποι
3461 4783 3628 4849 ιξσεις

1942 4886 2085 4951 τοὺς
2111 4885 2466 4955 ἀνθρώπους
2493 4887 2574 4951 ὡς
2601 4886 2742 4950 τοὺς
2783 4886 2992 4954 ἰχθύας
3024 4884 3133 4953 τῆς
3170 4885 3491 4953 θαλάσσης
3515 4887 3626 4940 οὐκ

1943 4979 2198 5049 ἔχοντας
2235 4981 2593 5048 ἡγούμενον.
2653 4979 2716 5030 EE
2762 4977 2820 5031 δὲ
2869 4978 2990 5031 τότε
3041 4977 3216 5032 ταῦτα
3255 4979 3486 5045 ἐγίνετο,
3530 4978 3625 5032 καὶ

1942 5077 2122 5146 νόμων
2173 5076 2382 5138 ὄντων,
2438 5077 2530 5128 καὶ
2587 5075 2902 5146 ἀρχόντων,
2938 5075 3033 5128 καὶ
3077 5075 3479 5146 δικαστηρίων,
3531 5075 3622 5128 καὶ

1946 5171 2156 5235 ἱερέων,
2206 5169 2300 5222 καὶ
2352 5166 2674 5239 προφητῶν,
2730 5169 2824 5221 καὶ
2860 5167 3153 5232 κολάσεων,
3203 5167 3456 5236 ἐννόησον
3505 5165 3630 5237 μεθ⁴

1941 5265 2075 5334 δσης
2105 5258 2410 5332 ὑπερϐολῆς
2433 5258 2650 5312 ἅπαντα
2669 5258 2935 5328 ἐτολμᾶτο
2964 5257 3058 5310 ἐπὶ
3082 5258 3175 5312 τοῦ
3207 5255 3352 5320 Νῶε,
3375 5257 3464 5310 ὅτε
3499 5255 3624 5310 τού-

1943 5372 2052 5408 των
2077 5353 2232 5406 οὑδέν
2264 5353 2512 5420 κατεῖχεν
2533 5348 2750 5414 αὑτούς.
2791 5351 2900 5403 Καὶ
2934 5349 3028 5402 ἐπὶ⁵
3053 5347 3153 5420 μὲν
3188 5348 3296 5401 τῶν
3325 5349 3624 5420 προφητῶν

1942 5447 2063 5500 οὑδέ
2092 5447 2258 5510 πολὺς
2281 5443 2424 5513 ὁτῆς
2454 5443 2601 5512 ζωῆς
2634 5443 2822 5514 χρόνος
2852 5438 2942 5512 ἦν,
2977 5440 3092 5494 ἀλλ’
3119 5440 3492 5512 ἐϐδομήκοντα
3527 5441 3620 5512 ἔτη

1945 5545 2038 5597 καὶ
2060 5544 2410 5613 ὀγδοήκονταο
2427 5540 2549 5594 τότε
2571 5540 2627 5594 δὲ
2654 5540 2744 5595 καὶ
2777 5541 2856 5602 εἰς
2878 5538 3133 5603 ἑξακόσια
3161 5539 3254 5610 ἐτη
3281 5537 3373 5593 καὶ
3400 5538 3619 5591 πλείονα

1942 5640 1970 5694 6
1995 5639 2102 5693 τῶν
2122 5636 2218 5691 ἀνθ
2228 5638 2422 5708 ρώπων
2447 5637 2678 5692 ἐτείνετο
2692 5636 2827 5706 βίος.
2848 5635 2942 5690 ’ἶν’
2959 5631 3052 5690 οῦν
3073 5635 3248 5690 πάντα
3268 5634 3335 5688 τά
3358 5631 3621 5705 εἰρημένα

2004 5890 2031 5931 d
2065 5891 2204 5958 Ηαξς,
2221 5893 2348 5958 οὑτω
2371 5894 2607 5958 βαρυτάτῃ
2629 5893 2772 5958 ἐστίν,
2794 5892 2973 5958 desunt
2995 5895 3043 5943 in
3065 5891 3198 5958 (ἴσῃ).
3225 5899 3277 5958 et
3300 5894 3348 5942 in
3372 5898 3510 5945 lexlu
3532 5895 3622 5946 Sa-

1947 5955 2054 6011 \'il..
2084 5956 2173 6018 sed
2195 5955 2511 6018 babepl‘ur‘in
2538 5955 2707 6018 Morel:
2740 5962 2792 6004 et
2814 5957 2862 6003 in
2882 5958 3101 6018 margine
3127 5955 3278 6005 Savil.

2015 6021 2038 6047 θ
2076 6017 2222 6067 Savil.
2245 6024 2295 6067 el
2316 6017 2450 6069 Colb.
2479 6017 2626 6073 εἷπον,
2655 6016 2824 6066 Morel.
2855 6017 2970 6066 εἶπε.
