4490 6730
452 624 517 677 .‘37
1245 613 1335 669 AD
1374 606 1745 666 STAGIRIUM
1788 606 1831 659 Δ
1872 591 2171 656 ολεδιοΝε
2213 593 2225 619 ‘

1245 613 1335 669 AD
1374 606 1745 666 STAGIRIUM
1788 606 1831 659 Δ
1872 591 2171 656 DIEMONE
2213 590 2565 647 VEXATUM.
2608 588 2739 645 LIB.
2777 588 2844 644 ll.

418 753 543 793 vero
569 736 635 791 ad
664 744 944 792 sexcentos
967 745 1137 786 annos
1165 736 1220 783 et
1246 727 1383 780 ultra
1411 725 1641 779 lmmana
1669 722 1774 774 vita
1802 715 2004 787 pertin-

416 832 591 902 gebat.
630 829 701 886 Ut
738 829 897 898 igitur
940 826 1043 879 alia
1086 821 1350 883 omittam,
1398 826 1527 888 quot
1572 813 1784 886 negotia
1824 807 2004 863 subire

417 901 704 994 cogebatur
733 921 822 991 qui
864 918 999 971 adeo
1028 913 1290 982 prolixum
1322 910 1424 964 iter
1447 908 1695 980 gradiens
1723 901 2000 963 currebat,

418 991 707 1073 ac'viribus
737 1012 863 1065 totis
894 1005 1205 1062 intendebat
1247 1004 1298 1057 in
1341 1013 1482 1057 tanta
1534 1001 1633 1054 vim
1676 991 2006 1065 longitudine

419 1125 484 1164 ne
514 1122 697 1177 parum
729 1101 946 1172 quidem
973 1097 1257 1161 divertere,
1287 1110 1406 1150 cum
1430 1093 1657 1162 plurima
1679 1094 1858 1143 essent
1887 1098 2006 1153 qua:

422 1192 797 1268 prohiberent?
826 1191 892 1243 Et
916 1188 1039 1257 quid
1069 1186 1190 1241 dico
1219 1186 1467 1257 plurima,
1500 1198 1620 1236 cum
1650 1187 1757 1233 tota
1784 1188 2007 1246 prorsus

419 1290 525 1342 vita
565 1302 595 1339 a
630 1284 823 1337 finibus
859 1280 925 1333 ad
966 1280 1097 1333 fines
1144 1287 1299 1332 terra:
1340 1285 1484 1330 esset
1527 1268 1865 1341 hujusmodi,
1898 1273 2006 1319 tota

420 1377 693 1447 scopulis,
721 1372 991 1436 sentibus,
1024 1370 1242 1434 belluis,
1309 1366 1590 1437 squalore,
1646 1370 1796 1432 peste
1824 1358 1839 1389 ¹
1868 1399 1883 1423 ,
1932 1355 2011 1409 al-

423 1483 573 1536 gore,
605 1464 971 1534 maleficisque
998 1464 1185 1533 plena?
1208 1459 1466 1531 Equidem
1499 1454 1705 1510 facilius
1732 1448 2007 1504 existima-

426 1557 593 1613 verim
639 1555 1067 1625 augustissimam
1108 1552 1352 1606 semitam
1394 1542 1809 1619 profundissima
1853 1544 2011 1592 nocte

423 1662 640 1717 semper
694 1643 983 1709 incedere,
1048 1658 1204 1713 quam
1261 1640 1367 1694 illis
1416 1632 1749 1705 temporibus
1801 1626 2013 1682 virtutis

426 1741 566 1794 viam
592 1754 605 1790 :
631 1744 709 1790 tot
733 1731 978 1787 homines
1048 1733 1232 1793 erant,
1269 1728 1362 1801 qui
1389 1739 1614 1798 gressus
1646 1723 1795 1779 illius
1823 1732 1994 1776 cona-

430 1837 613 1885 rentur
657 1833 921 1879 evertere.
975 1818 1112 1875 Cum
1166 1819 1309 1874 enim
1362 1814 1612 1871 omnibus
1664 1818 2015 1880 quacumque

430 1922 595 1978 velint
624 1932 782 1987 agere
820 1915 1023 1969 licitum
1052 1913 1141 1978 sil,
1169 1926 1305 1966 unus
1344 1924 1473 1965 vero
1507 1906 1654 1962 solus
1691 1900 2013 1957 contrariam

431 2012 680 2069 omnibus
707 2007 921 2063 incedat
943 2006 1084 2058 viam
1106 2045 1121 2069 ,
1149 2001 1360 2072 quando
1386 2001 1430 2055 is
1456 1998 1523 2053 ad
1551 1998 1709 2051 finem
1737 1989 2018 2063 pervenire

433 2103 659 2173 poterit,
700 2097 911 2154 cunctis
942 2096 1089 2150 illum
1124 2102 1268 2148 retro
1296 2088 1692 2161 impellentibus
1718 2094 1876 2154 atque
1902 2079 2017 2150 pul-

432 2169 713 2247 santibus?
759 2188 927 2256 Cujus
967 2184 1111 2239 enim
1152 2179 1477 2237 difficultatis
1514 2177 1737 2233 sitcum
1778 2169 2019 2242 plurimis

432 2282 675 2351 degendo
702 2287 847 2334 recte
873 2275 1120 2347 operari,
1151 2272 1471 2327 documento
1500 2268 1654 2323 nobis
1685 2272 1810 2320 sunt
1839 2264 1895 2325 ii,
1928 2260 2018 2330 qui

435 2374 593 2427 modo
616 2385 827 2441 quoque
847 2366 1163 2423 solitudines
1187 2369 1487 2431 occupant,
1515 2373 1635 2412 cum
1669 2367 1846 2409 tamen
1878 2360 2023 2406 recte

438 2461 647 2516 vivendi
671 2464 892 2516 formam
913 2459 1110 2527 ubique
1130 2453 1557 2513 disseminatatn,
1579 2444 2027 2510 concordiamque

437 2563 491 2608 et
511 2562 751 2607 mutuum
773 2564 1008 2604 amorem
1038 2562 1144 2601 non
1167 2545 1415 2614 exiguum
1445 2553 1667 2595 cernere
1696 2537 1749 2590 in
1779 2540 2027 2604 promptu

438 2646 525 2699 sit.
553 2643 703 2697 'l‘uuc
728 2656 853 2696 vero
881 2640 1007 2695 nihil
1037 2640 1227 2693 horum
1260 2634 1484 2690 inveniri
1512 2639 1747 2702 poterat;
1779 2626 1872 2682 sed
1900 2638 2031 2679 con-

442 2744 521 2788 tra
550 2734 695 2787 illum
720 2747 908 2787 omnes
945 2730 1072 2784 feris
1096 2726 1345 2784 omnibus
1372 2722 1714 2779 immaniores
1743 2725 1915 2773 erant.

511 2824 566 2880 6.
587 2823 891 2892 Exemplum
920 2821 1133 2875 Abrahae
1162 2820 1373 2890 profert.
1386 2844 1459 2856 —
1477 2813 1615 2882 Quid
1632 2812 1789 2883 igitur
1806 2810 1907 2863 hac
1921 2808 2027 2861 vita

442 2916 753 2979 luctuosius,
773 2912 899 2984 quid
920 2910 1273 2967 laboriosius?
1289 2907 1546 2978 Equidem
1577 2915 1918 2960 ostensurum
1943 2914 2030 2953 me

442 3008 789 3077 promiseram
827 3005 974 3060 illum
1009 3002 1174 3056 nihilo
1198 3000 1418 3056 meliore
1444 2997 1747 3053 conditione
1779 2992 1940 3046 fuisse
1967 2989 2031 3043 iis

443 3098 530 3167 qui
568 3111 783 3165 semper
820 3110 984 3148 onera
1015 3093 1213 3158 ferunt,
1246 3100 1300 3145 et
1326 3103 1613 3158 numquam
1653 3084 2029 3153 requiescunt;

444 3190 537 3244 sed
582 3191 751 3243 oratio
793 3186 961 3240 multo
999 3185 1230 3255 amplius
1276 3180 1450 3236 effecit
1485 3197 1498 3233 :
1532 3194 1636 3232 non
1681 3175 1853 3230 solum
1891 3172 2032 3226 enim

447 3284 550 3336 non
592 3279 830 3343 meliore,
861 3277 954 3332 sed
1002 3286 1057 3332 et
1082 3277 1237 3347 longe
1284 3273 1527 3345 graviore
1552 3271 1654 3325 illis
1682 3284 1744 3323 ac
1773 3266 2036 3320 deteriore

447 3374 750 3429 conditione
793 3370 956 3425 fuisse
1000 3369 1156 3423 nobis
1206 3366 1477 3438 patefecit.
1527 3362 1749 3418 Videtur
1796 3357 2035 3429 plurimis

448 3465 717 3519 Abraham
746 3470 954 3516 aetatem
994 3476 1207 3513 omnem
1255 3472 1514 3529 prospere
1555 3471 1619 3510 ac
1652 3451 1937 3522 tranquilie
1958 3450 2035 3503 vi-

450 3558 592 3611 xisse
625 3573 638 3610 :
665 3554 913 3625 quocirca
943 3552 1205 3607 feliciores
1228 3563 1469 3619 quosque
1494 3556 1548 3600 et
1570 3546 1802 3614 undique
1841 3542 2038 3596 floren-

452 3658 531 3702 tes
567 3647 643 3701 illi
688 3659 1003 3715 comparare
1029 3643 1223 3699 solent.
1254 3641 1365 3711 Age
1391 3655 1519 3708 ergo
1551 3638 1885 3706 inquiramus
1911 3635 2035 3687 dili~

452 3738 662 3807 gentius
704 3751 824 3806 qua:
852 3734 927 3789 illi
956 3734 1310 3803 contigerunt.
1338 3729 1436 3784 Hic
1464 3728 1591 3781 mihi
1623 3727 1833 3780 videtur
1878 3726 2037 3795 longe

453 3830 693 3901 graviora
737 3843 897 3899 quam
938 3826 1051 3881 Noe
1096 3837 1360 3895 quamque
1404 3820 1537 3875 Abel
1590 3832 1907 3890 perpessus;
1940 3815 2036 3869 sed

454 3937 555 3992 ego
579 3921 747 3976 satius
778 3935 899 3975 esse
928 3933 992 3972 ac
1020 3916 1214 3971 melius
1230 3914 1411 3985 judico
1439 3912 1570 3967 nihil
1597 3911 1805 3965 interim
1832 3909 2032 3973 dicere,

454 4011 629 4082 quoad
674 4027 854 4065 rerum
907 4010 1133 4078 diligens
1192 4005 1453 4062 discussio
1507 4003 1823 4058 sententiam
1884 4001 2034 4054 ferat.

454 4104 585 4170 Qua:
614 4101 774 4171 igitur
801 4100 880 4155 illi
908 4100 957 4154 in
988 4098 1205 4152 Perside
1226 4108 1280 4151 et
1310 4111 1479 4166 usque
1503 4095 1568 4149 ad
1592 4092 2039 4164 septuagesimum

456 4205 652 4246 anitum
675 4192 1011 4260 contigerunt
1038 4187 1227 4253 tristia,
1252 4185 1436 4241 nullus
1464 4193 1649 4253 aperte
1673 4183 1813 4238 seire
1843 4188 2037 4251 potest.

455 4283 636 4353 Neque
661 4283 803 4337 enim
827 4283 1011 4336 beatus
1026 4279 1234 4350 Moyses
1254 4278 1370 4347 ejus
1401 4276 1557 4330 nobis
1580 4275 1838 4343 temporis
1871 4274 2041 4326 histo-

456 4378 587 4432 riam
612 4375 846 4442 tradidit,
878 4374 971 4428 sed
1004 4373 1089 4428 illa
1137 4370 1280 4427 omni
1324 4376 1481 4424 tntate
1520 4367 1738 4431 omissa,
1767 4380 1797 4419 a
1825 4374 2040 4435 septua-

456 4469 659 4536 gesimo
708 4481 851 4520 anno
895 4465 1220 4520 narrationis
1265 4478 1377 4519 sum
1427 4462 1565 4532 cepit
1610 4458 1838 4514 initium.
1886 4456 2038 4523 Quod

462 4570 634 4611 tamen
664 4566 717 4609 et
756 4556 869 4624 ipse
898 4557 1040 4625 paria
1074 4557 1136 4609 iis
1165 4570 1284 4625 quae
1312 4553 1440 4608 Noae
1486 4564 1766 4623 perpessus
1790 4550 1879 4614 sit,
1918 4564 2040 4602 cum

461 4649 596 4702 inter
619 4654 695 4699 tot
722 4645 913 4714 impios
950 4661 1011 4699 ac
1038 4645 1295 4699 barbaros
1336 4644 1484 4698 solus
1523 4644 1773 4714 pietatem
1818 4640 2040 4703 coleret,

462 4739 563 4794 hoc
589 4752 714 4793 sane
739 4737 1023 4801 incertum,
1052 4747 1108 4789 ut
1138 4735 1338 4805 reliqua
1366 4736 1758 4805 obscurumque
1787 4749 1890 4788 non
1919 4743 2000 4787 est
2026 4748 2040 4784 :

463 4833 570 4887 imo
592 4830 641 4885 id
670 4826 1087 4899 insipientissimi
1114 4842 1326 4897 quoque
1376 4826 1531 4882 facile
1576 4827 1875 4896 conjectare
1917 4836 2041 4893 pos-

462 4925 589 4978 sint.
620 4921 814 4978 Vcrum
859 4920 957 4974 ista
1000 4930 1211 4989 quoque
1242 4916 1401 4971 modo
1426 4919 1756 4981 omittamus,
1789 4924 1947 4984 atque
1973 4912 2042 4966 ab

464 5016 630 5085 ipsius
677 5010 1101 5087 peregrinatione
1137 5008 1431 5076 ordiamur,
1486 5009 1616 5063 illud
1659 5010 1827 5078 primo
1871 5004 2042 5075 inqui-

462 5115 645 5162 rentes
674 5105 995 5175 diligentius,
1022 5111 1219 5173 quanto
1245 5100 1446 5154 itineris
1474 5102 1646 5170 spatio
1676 5098 2041 5156 Chaldmorum

466 5207 607 5253 terra
630 5213 659 5253 a
688 5196 968 5255 Palmslina
994 5195 1175 5261 distet,
1195 5202 1285 5249 aut
1308 5209 1547 5265 quaenam
1580 5193 1737 5248 fuerit
1761 5193 1859 5246 via:
1901 5190 2043 5245 illius

462 5289 719 5358 conditio,
741 5289 1006 5360 quomodo
1032 5298 1156 5343 tunc
1174 5285 1271 5341 sibi
1300 5284 1508 5339 misceri
1532 5285 1602 5337 illi
1624 5283 1907 5352 potuerint,
1926 5282 2044 5352 quis

463 5378 621 5435 fuerit
665 5381 875 5437 vivendi
933 5380 1143 5436 modus.
1187 5380 1303 5435 Non
1350 5378 1491 5434 enim
1548 5376 1668 5447 quia
1716 5375 1869 5429 facile
1921 5383 2047 5429 tunc

463 5469 633 5540 justus
660 5472 748 5528 ille
776 5473 1030 5538 obcdivit,
1053 5489 1140 5529 res
1164 5474 1283 5528 ideo
1308 5474 1474 5528 facilis
1494 5470 1851 5535 existimetur;
1873 5482 2047 5538 neque

463 5561 714 5628 quoniam
742 5564 978 5623 breviter
1003 5566 1174 5621 Moses
1212 5565 1291 5619 rei
1316 5576 1481 5634 gcsun
1518 5563 1741 5635 digessit
1782 5561 2043 5626 ordinem,

464 5663 597 5719 epus
643 5650 816 5719 ipsum
864 5657 1149 5713 verborum
1197 5656 1508 5711 brevitatem
1557 5665 1710 5724 putes
1738 5654 2048 5710 imitatum:

468 5739 566 5795 ista
593 5744 732 5795 enim
760 5742 941 5802 dicere
971 5760 1025 5805 et
1055 5764 1275 5805 narrare
1300 5747 1610 5803 facillimum
1638 5756 1739 5813 est,
1772 5763 1930 5817 agere
1956 5763 2050 5801 au-

470 5844 574 5890 tem
612 5836 810 5892 laboris
856 5838 1293 5915 difficultatisque
1334 5842 1719 5914 plenissimum.
1752 5840 1864 5896 Via:
1893 5842 2051 5910 igitur

471 5931 619 5984 istius
642 5931 1027 6001 longitudinem
1072 5937 1455 6007 regionumque
1491 5934 1936 6005 intercapedinem
1965 5934 2047 5987 tli-

521 6042 535 6073 ¹
570 6045 649 6093 Si"
683 6045 845 6104 Colit;
868 6043 955 6093 scil
980 6045 1113 6094 ςειτιι.
1144 6048 1392 6111 εμςοτοιη
1418 6052 1563 6112 ρειηε,

3598 584 3703 637 ἓτό

2111 706 2362 776 ligentius
2390 702 2544 759 nobis
2566 715 2817 757 enarrare
2842 706 3059 769 possent
3088 698 3175 769 qui
3207 694 3330 752 inde
3355 696 3422 751 ad
3451 712 3547 752 nos
3575 709 3700 767 per‘

2111 796 2407 859 venissent,
2441 795 2487 849 si
2514 792 2730 864 quidem
2762 791 2853 846 ulli
2886 791 3014 845 tales
3034 797 3216 845 essent
3246 804 3261 843 :
3295 802 3416 841 nam
3445 786 3696 843 hactenu.

2109 886 2324 940 illorum
2369 883 2569 939 nemini
2611 880 2885 953 congressi
2928 896 3143 946 sumus;
3185 895 3348 934 unum
3380 893 3509 933 vero
3539 893 3602 932 ex
3637 878 3701 932 iis

2109 975 2201 1046 qui
2230 990 2295 1029 ex
2323 975 2570 1029 citeriore
2613 972 2886 1044 provincia
2932 970 3221 1027 adveniunt
3266 969 3429 1035 nacti,
3470 983 3591 1023 cum
3637 968 3703 1021 ab

2110 1068 2200 1122 illo
2245 1066 2637 1136 iuquireremus
2692 1073 2951 1135 quantum
3006 1062 3212 1119 itineris
3265 1076 3426 1133 agere
3486 1069 3705 1116 coactus

2111 1168 2271 1226 esset,
2304 1159 2517 1229 triginta
2548 1167 2602 1212 et
2641 1158 2877 1229 quinque
2918 1155 3127 1210 dierum
3174 1169 3451 1209 numerum
3495 1150 3702 1205 audivi-

2111 1266 2231 1306 mus
2261 1268 2275 1306 :
2308 1258 2363 1305 et
2389 1250 2713 1319 Babylonem
2740 1246 2955 1317 quidem
2986 1245 3077 1300 ille
3103 1258 3394 1313 numquam
3425 1257 3484 1297 se
3506 1242 3704 1295 vidisse

2112 1343 2206 1410 ait,
2237 1342 2451 1396 audisse
2479 1349 2654 1395 tamen
2690 1338 2757 1393 ab
2779 1337 2841 1392 iis
2864 1338 2953 1408 qui
2996 1337 3067 1392 ibi
3112 1336 3328 1392 fuerant
3371 1332 3703 1388 tantumdem

2114 1434 2319 1489 itineris
2359 1443 2561 1489 restare
2577 1429 2988 1492 conficiendum,
3017 1436 3075 1482 ut
3096 1444 3160 1483 eo
3186 1427 3577 1498 perveniretur.
3611 1426 3708 1480 At—

2115 1543 2219 1597 que
2271 1525 2572 1597 lmjusmodi
2627 1524 2880 1579 distantia
2936 1521 3176 1576 locorum
3227 1528 3283 1575 et
3325 1529 3450 1574 tunc
3496 1528 3614 1574 erat
3650 1525 3707 1573 et

2120 1632 2260 1671 nunc
2306 1626 2389 1672 est
2422 1635 2435 1670 :
2469 1631 2631 1686 porro
2673 1616 2879 1670 itineris
2918 1611 3157 1668 conditio
3186 1625 3293 1666 non
3320 1625 3385 1665 ea
3416 1608 3575 1664 modo
3601 1618 3706 1674 est,

2118 1723 2238 1778 quze
2264 1714 2389 1760 tunc
2418 1706 2579 1760 fuisse
2607 1705 2860 1760 creditur.
2894 1703 3050 1760 Nunc
3093 1703 3235 1758 enim
3260 1710 3315 1757 et
3346 1699 3712 1755 mansionibus

2122 1798 2394 1868 perpetuis
2418 1796 2726 1851 distinctum
2753 1803 2856 1858 est,
2876 1802 2931 1848 et
2956 1793 3175 1847 urbibus
3200 1806 3263 1845 ac
3288 1792 3427 1844 villis
3455 1789 3710 1859 frequen—

2123 1889 2263 1943 tibus
2289 1896 2559 1953 ornatum,
2603 1886 2945 1954 viatoresque
2987 1882 3249 1953 plurimos
3295 1881 3590 1946 offendunt,
3622 1878 3712 1949 qui

2123 1982 2246 2037 illuc
2292 1980 2705 2053 proficiscuntur
2759 1977 2899 2048 quod
2950 1992 3055 2031 non
3102 1975 3279 2029 minus
3324 1973 3391 2028 ad
3415 1971 3716 2027 securitatis

2122 2075 2383 2128 rationem
2408 2072 2568 2135 valet,
2594 2086 2751 2139 quam
2793 2069 3122 2134 mansiones,
3144 2066 3304 2121 urbes
3346 2077 3507 2134 atque
3555 2061 3715 2115 villae.

2124 2166 2390 2221 Prmtcrca
2418 2172 2473 2218 et
2493 2179 2555 2217 ex
2581 2161 2854 2231 provincia
2880 2161 3154 2214 civitatum
3182 2158 3455 2228 principes
3480 2153 3721 2223 deligunt

2127 2259 2290 2322 viros,
2332 2256 2576 2324 corporis
2621 2251 2987 2323 magnitudine
3015 2259 3068 2304 et
3095 2249 3291 2303 robore
3332 2247 3541 2301 cunctis
3586 2260 3723 2315 frac-

2126 2348 2402 2409 cellentes,
2441 2344 2727 2415 jaculoque
2753 2351 2807 2397 et
2834 2340 2995 2395 funda
3044 2348 3246 2393 tantum
3286 2338 3527 2391 valentes
3551 2350 3715 2405 quan.

2131 2450 2241 2493 tmn
2271 2440 2353 2493 vel
2381 2438 2638 2507 sagittarii
2659 2434 2985 2507 sagittis,vel
3012 2434 3203 2489 armati
3229 2432 3384 2504 pilis;
3406 2431 3725 2501 statutisque

2132 2531 2356 2587 ducibus
2382 2530 2575 2599 quibus
2611 2528 2686 2582 illi
2724 2528 3115 2596 obtemperent,
3145 2526 3247 2578 hoc
3273 2524 3352 2578 eis
3382 2522 3600 2577 unicum
3645 2521 3727 2575 iu-

2128 2625 2360 2693 jungunt
2386 2636 2603 2686 minus,
2617 2621 2893 2689 solamque
2918 2618 3123 2671 itineris
3146 2616 3327 2670 tuendi
3353 2630 3535 2670 curam
3556 2622 3729 2667 custo-

2132 2714 2383 2782 diamque
2420 2712 2755 2783 permittunt.
2788 2708 2867 2764 Ad
2911 2708 3025 2762 haec
3053 2707 3207 2761 aliam
3240 2706 3398 2776 longe
3440 2704 3523 2757 his
3556 2703 3732 2757 omni-

2131 2805 2232 2859 bus
2255 2803 2647 2874 diligentiorem
2672 2816 2855 2856 curam
2869 2796 3565 2869 excogitarunt.llabitacula
3583 2794 3727 2849 enim

2134 2896 2281 2951 mille
2308 2895 2553 2965 passibus
2582 2894 2649 2949 ab
2675 2892 2907 2947 invicem
2937 2890 3186 2945 distincta
3213 2888 3403 2942 itinere
3434 2896 3543 2940 toto
3563 2885 3729 2939 fabri-

2136 2999 2339 3053 cautes,
2372 2997 2660 3042 nocturnos
2691 2987 2801 3041 illic
2828 2993 3068 3039 statuere
3097 2980 3368 3044 custodes,
3388 2995 3486 3050 per
3515 2979 3730 3033 illorum

2137 3082 2347 3136 labores
2368 3090 2417 3134 et
2436 3080 2641 3150 vigilias
2670 3068 2960 3133 maximum
2990 3083 3179 3131 contra
3203 3074 3470 3127 latronum
3502 3071 3730 3140 impetus

2140 3171 2411 3226 munimen
2428 3168 2719 3223 viatoribus
2743 3167 3150 3222 constituentes.
3166 3164 3317 3219 Tunc
3332 3177 3458 3218 vero
3480 3162 3609 3214 nihil
3630 3161 3732 3215 ho-

2141 3284 2257 3323 rum
2278 3278 2414 3332 erat,
2434 3282 2538 3320 non
2556 3266 2694 3319 villae
2716 3273 3005 3335 perpetuas,
3023 3278 3125 3318 non
3152 3263 3330 3329 urbes,
3351 3277 3455 3315 non
3492 3261 3733 3314 mansio-

2142 3376 2258 3425 nes,
2278 3375 2383 3412 non
2414 3357 2727 3423 diversoria,
2750 3372 2856 3410 non
2886 3354 3094 3410 itineris
3121 3354 3274 3419 socii,
3300 3368 3405 3416 non
3431 3352 3628 3422 aliquid
3650 3350 3735 3407 dc-

2141 3455 2301 3525 nique
2332 3450 2824 3521 hujusmodi.Libet
2847 3463 2991 3504 nunc
3022 3449 3271 3503 omittere
3295 3447 3502 3501 semita:
3534 3445 3738 3515 asperi-

2143 3554 2304 3599 tatem
2322 3544 2565 3613 aerisque
2580 3541 3017 3612 inmqualitatem,
3038 3554 3177 3609 qum,
3197 3537 3296 3593 etsi
3317 3537 3492 3591 desint
3511 3536 3737 3605 alia,per

2143 3651 2203 3691 se
2230 3635 2516 3689 viatoribus
2533 3643 2657 3688 sunt
2691 3631 3088 3687 molestissima.
3122 3629 3310 3683 Testes
3338 3627 3467 3682 mihi
3502 3627 3736 3697 suntqui

2144 3726 2406 3780 vehiculis
2423 3725 2785 3795 jumentisqne
2808 3722 3092 3787 vehuntur,
3110 3730 3164 3775 et
3185 3736 3251 3774 ne
3271 3720 3349 3773 sie
3369 3719 3584 3789 quidem
3606 3733 3737 3773 con-

2140 3829 2289 3872 sueta
2305 3818 2492 3872 itinera
2508 3816 2705 3871 audent
2724 3815 2988 3879 incedere,
3009 3814 3106 3868 nisi
3124 3814 3271 3883 prius
3287 3827 3348 3867 ea
3366 3820 3531 3866 strata
3553 3811 3739 3881 lapidi-

2142 3910 2240 3964 bus
2261 3909 2511 3974 viderint,
2531 3907 2815 3976 foveasque
2835 3906 3052 3960 relictas
3072 3920 3099 3956 a
3129 3903 3455 3958 torrentibus
3481 3902 3551 3956 im
3560 3902 3739 3972 pleve—

2143 4001 2267 4063 rint,
2288 4009 2342 4055 et
2356 4007 2545 4053 cuneta
2563 3996 3043 4067 complanaverint.
3061 3993 3325 4049 Cmtcrum
3346 3992 3721 4047 tuncinhabita

2145 4094 2235 4150 bili
2256 4094 2469 4163 regione
2493 4098 2610 4146 erat
2626 4090 2706 4144 via
2734 4090 2821 4143 illa
2842 4088 3262 4157 desertior,ipsis
3278 4086 3550 4141 montibus
3580 4101 3714 4154 aspe

2147 4189 2277 4252 rior,
2300 4184 2685 4255 pr.cruptisque
2702 4182 2950 4235 omnibus
2972 4192 3026 4235 et
3045 4179 3347 4248 prwcipitiis
3366 4178 3717 4248 periculosior

2145 4278 2393 4334 Nondum
2426 4276 2476 4329 id
2504 4274 2643 4344 quod
2672 4282 2756 4326 est
2785 4272 3018 4325 omnium
3068 4268 3440 4338 gravissimum
3468 4268 3599 4331 dixi,
3632 4281 3735 4336 qua

2146 4367 2449 4423 conditione
2494 4365 2809 4418 commercia
2857 4371 2983 4415 tunc
3024 4369 3240 4425 essent,
3289 4358 3433 4430 quod
3493 4359 3737 4429 graviora

2145 4458 2354 4529 negotia
2382 4455 2681 4511 facessebat
2703 4468 2862 4524 quam
2908 4452 3037 4523 ipsa)
3079 4451 3201 4514 viae,
3228 4466 3352 4506 cum
3385 4464 3575 4505 onmes
3610 4460 3735 4503 tunc

2146 4568 2241 4623 per
2263 4560 2467 4622 gentes,
2497 4550 2606 4602 imo
2657 4562 2806 4611 vero,
2832 4555 2893 4600 ut
2934 4545 3114 4600 verius
3143 4546 3348 4614 loquar,
3377 4560 3473 4615 per
3498 4543 3740 4597 civitates

2149 4644 2301 4699 divisi
2330 4649 2528 4698 essent.
2545 4639 2731 4710 Neque
2751 4640 2891 4694 enim
2919 4638 3073 4692 sicuti
3099 4637 3308 4691 nuncin
3339 4636 3568 4690 maxima
3589 4634 3739 4690 orbis

2152 4748 2300 4806 parte
2319 4734 2405 4788 uni
2426 4734 2649 4803 imperio
2671 4732 2928 4800 uniusque
2942 4729 3126 4783 ditioni
3148 4728 3399 4782 mortales
3420 4741 3608 4780 omnes
3625 4741 3731 4781 ser-

2150 4830 2381 4892 viebant,
2400 4825 2713 4893 eisdemque
2736 4820 3167 4892 gubernabantur
3205 4818 3431 4888 legibus,
3452 4816 3547 4871 sed
3574 4816 3741 4871 veluti

2148 4932 2339 4987 corpus
2363 4918 2413 4969 in
2443 4917 2607 4968 multa
2634 4912 2873 4967 membra
2898 4912 3197 4977 concisum,
3228 4910 3297 4963 ita
3342 4909 3615 4963 hominum
3647 4922 3740 4978 ge-

2148 5028 2249 5067 nus
2270 5011 2624 5080 disgregatum
2646 5015 2782 5070 erat,
2800 5004 3091 5075 hostesque
3107 5019 3172 5057 ex
3207 5002 3442 5057 hostibus
3456 5001 3633 5073 justus
3650 5000 3740 5054 ille

2149 5114 2356 5161 mutare
2377 5105 2427 5158 in
2450 5102 2565 5157 dies
2582 5099 2891 5171 cogebatur,
2907 5098 3068 5153 etiam
3089 5104 3367 5165 antequam
3385 5095 3592 5164 priores
3609 5090 3745 5146 ellu-

2150 5209 2521 5269 geret,rursus
2542 5197 2596 5250 in
2630 5197 2764 5250 alios
2788 5193 3045 5255 incidens,
3062 5206 3180 5244 cum
3204 5187 3326 5243 alibi
3343 5186 3555 5256 quidem
3577 5186 3741 5254 pluri-

2153 5308 2363 5350 morum
2386 5293 2709 5356 dominatus,
2726 5288 2849 5343 alibi
2875 5285 3047 5338 nullus
3067 5278 3444 5335 dominationis
3480 5276 3613 5330 ordo
3631 5292 3733 5333 ser-

2155 5395 2387 5441 varetur.
2406 5383 2540 5451 Quid
2579 5382 2737 5452 igitur
2766 5379 2865 5431 hoc
2904 5375 3026 5429 vitm
3060 5388 3255 5445 genere
3294 5368 3745 5425 molestius?Non

2155 5478 2298 5530 enim
2316 5476 2411 5529 sibi
2430 5473 2526 5526 soli
2548 5470 2813 5525 metuebat
2826 5482 2886 5520 ac
2905 5463 3146 5535 pavebat,
3165 5477 3350 5518 verum
3367 5461 3505 5532 patri
3522 5470 3576 5515 et
3592 5460 3741 5513 uxori

2158 5578 2211 5624 et
2229 5567 2423 5638 nepoti.
2436 5563 2719 5620 Servorum
2739 5576 2949 5632 quoque
2966 5572 3071 5612 non
3088 5556 3274 5627 exigua
3291 5562 3404 5609 erat
3420 5567 3565 5618 cura,
3583 5550 3743 5605 etiam

2158 5678 2275 5716 cum
2304 5660 2444 5713 domi
2468 5664 2666 5720 essent,
2706 5654 2899 5709 nedum
2921 5662 3046 5707 tunc
3060 5650 3273 5721 quando
3302 5663 3397 5720 per
3414 5646 3585 5701 aliena
3620 5643 3745 5699 ferri

2159 5750 2500 5821 cogebantur.
2524 5748 2602 5802 Ac
2637 5748 2680 5801 si
2713 5746 2927 5817 quidem
2964 5742 3295 5813 exploratum
3337 5738 3425 5792 ille
3449 5736 3744 5800 habuisset,

2158 5841 2368 5915 quando
2386 5840 2471 5895 hic
2486 5856 2637 5895 error
2659 5839 2816 5894 linem
2841 5838 3026 5893 fuisset
3046 5833 3337 5899 habiturus,
3352 5846 3456 5885 non
3479 5829 3612 5883 adeo
3633 5843 3754 5898 gra-

2160 5956 2251 5995 ves
2272 5939 2374 5992 illa:
2390 5951 2533 5989 cur.e
2567 5935 2726 5988 fuisse
2762 5932 3068 5987 viderentur
3097 5941 3273 5984 :tmnc
3310 5940 3436 5979 vero
3457 5938 3577 5978 cum
3614 5919 3745 5977 εἰιιιο

2165 6035 2369 6107 plicner
2398 6040 2554 6104 atque
2572 6029 2843 6086 indelinitc
2868 6026 3121 6080 audisset.
3141 6019 3203 6075 In
3226 6031 3428 6087 terram,
3451 6034 3553 6071 non
3574 6020 3749 6077 ismm,
