4490 6738
804 517 911 575 459

798 628 1335 697 vciiilam,sedquant
1367 635 1704 679 moustravero
1726 626 1813 678 tibi
1830 624 1978 695 (Gen.
2002 623 2085 676 12.
2106 624 2182 691 1),
2209 622 2385 677 omnia

798 728 980 774 mente
1014 717 1711 787 circumibal,ingente5que
1746 716 2001 769 tumultus
2034 714 2213 767 animo
2250 713 2385 766 acci—

798 809 993 879 piebat,
1008 824 1128 863 cum
1161 823 1423 879 nusquam
1452 808 1643 862 sistere
1665 805 2036 874 cogitationem
2066 814 2266 871 posset,
2294 800 2383 854 sed

795 900 1054 970 suspicari
1075 900 1321 970 plurima,
1340 900 1585 967 curisque
1606 897 1723 966 angi
1746 904 2046 964 cogeretur.
2069 895 2223 950 Credi
2244 897 2384 947 enim

797 1002 978 1062 potest
1022 993 1087 1046 ad
1136 994 1280 1046 orbis
1319 1002 1472 1045 terra:
1516 989 1668 1052 fines,
1700 986 2080 1057 Oceanumque
2126 989 2295 1057 ipsum
2329 1000 2387 1037 se

799 1085 1164 1153 profecturum
1226 1092 1587 1151 exspectasse.
1637 1081 1820 1149 Itaque
1866 1080 1969 1134 etsi
2015 1096 2122 1134 non
2169 1092 2383 1132 omnem

800 1176 1141 1243 perlustravit
1166 1184 1386 1238 terram,
1416 1187 1601 1226 curam
1631 1181 1807 1225 tamen
1838 1170 2060 1240 hujusce
2104 1170 2201 1223 sibi
2233 1166 2386 1236 perﬁ-

796 1264 973 1320 ciendi
1005 1265 1207 1319 itineris
1233 1263 1702 1333 sustinuit.Neque
1724 1263 1866 1316 enim
1888 1262 2066 1315 animo
2086 1262 2153 1313 ita
2177 1267 2389 1328 paratus

795 1364 930 1420 erat,
948 1356 1096 1426 quasi
1127 1356 1193 1409 ad
1224 1357 1390 1410 solam
1440 1371 1607 1425 usque
1651 1354 1986 1408 Palmstinam
2032 1350 2386 1419 profecturus,

794 1446 891 1499 sed
910 1446 1062 1517 quasi
1092 1446 1287 1515 ubique
1313 1447 1586 1515 jubentem
1610 1454 1948 1513 sequttturus,
1967 1440 2176 1495 etiamsi
2202 1439 2387 1492 orbem

798 1548 969 1593 totum
1000 1539 1276 1609 pervagari
1301 1540 1596 1607 juberctur,
1626 1534 1831 1587 etiamsi
1862 1532 1929 1585 ad
1960 1546 2052 1586 eas
2091 1546 2209 1601 quae
2239 1538 2388 1583 extra

801 1628 1095 1685 habitatam
1138 1637 1264 1681 sunt
1311 1626 1513 1680 insulas
1550 1624 1829 1679 accedere.
1880 1622 2033 1689 Quod
2080 1622 2124 1676 si
2169 1636 2390 1690 sperare

797 1719 1124 1773 contrarium
1154 1725 1423 1786 prmcepto
1451 1715 1729 1770 indeﬁnito
1761 1714 2097 1777 suaderetur,
2125 1714 2175 1767 id
2206 1729 2391 1767 rursus

795 1817 911 1861 erat
940 1807 1397 1862 molestissimum.
1426 1806 1472 1861 ls
1498 1807 1640 1861 enim
1671 1806 1757 1874 qui
1786 1820 1947 1874 grave
1972 1804 2168 1872 aliquid
2195 1804 2393 1857 tolera-

798 1908 951 1952 turus
977 1907 1080 1965 est,
1115 1899 1282 1951 multo
1304 1897 1405 1951 fert
1432 1898 1619 1957 levius,
1654 1896 1697 1947 si
1728 1905 1913 1962 aperte
1958 1894 2090 1945 sciat
2136 1892 2260 1961 quid
2289 1894 2390 1945 sibi

798 1989 1167 2043 sustinendum
1193 1989 1280 2052 sit,
1311 1997 1363 2041 et
1386 1986 1452 2039 ad
1496 1984 1621 2053 quid
1665 1999 1783 2037 sese
1831 1998 2134 2051 praeparare
2172 1982 2383 2046 debeat,

796 2094 956 2147 quam
987 2078 1030 2130 si
1055 2093 1147 2145 per
1168 2076 1345 2130 omnia
1376 2075 1790 2145 cogitationibus
1822 2073 2053 2143 jactetur
2104 2072 2385 2140 ambiguis,

795 2178 849 2224 et
876 2183 1013 2223 nunc
1039 2170 1181 2233 Lota,
1213 2167 1372 2222 modo
1404 2168 1576 2221 tristia
1618 2176 1910 2236 exspectet,
1946 2180 2042 2219 nee
2076 2164 2243 2233 pos~rit
2270 2162 2386 2217 cui-

796 2275 954 2330 quam
1001 2258 1192 2313 horum
1253 2258 1548 2324 conﬁdere,
1598 2272 1719 2311 cum
1769 2269 2050 2325 utrumque
2081 2255 2281 2323 pariter
2310 2254 2389 2306 iu-

798 2361 1005 2407 certum
1036 2351 1221 2405 haberi
1250 2352 1438 2421 possit.

869 2443 921 2495 7.
957 2443 1087 2507 Quot
1126 2442 1335 2494 adversa
1363 2440 1530 2493 tulerit
1557 2439 1835 2492 Abraham.
1858 2468 1929 2477 —
1954 2438 2022 2493 Et
2042 2438 2138 2491 ist?
2174 2436 2390 2507 quidem

793 2541 1078 2601 antequam
1121 2533 1171 2585 in
1221 2531 1603 2600 repromissatn
1647 2540 1846 2585 terram
1890 2531 2193 2598 pervener
2227 2547 2238 2579 :
2270 2543 2391 2581 cum

792 2641 923 2681 vero
955 2625 1165 2679 tandem
1192 2626 1244 2678 in
1278 2626 1612 2679 Palaestinam
1644 2625 1903 2690 venisset,
1937 2631 1989 2676 et
2018 2638 2075 2676 se
2096 2621 2204 2691 jam
2236 2620 2389 2689 quie-

794 2726 970 2771 turmn
997 2725 1260 2785 speraret,
1295 2724 1421 2769 tunc
1452 2731 1578 2769 vero
1606 2714 1777 2783 major
1808 2713 1955 2766 illum
1988 2712 2039 2765 in
2070 2719 2225 2779 portu
2251 2720 2387 2763 tem-

795 2818 974 2878 pestas
1022 2807 1256 2877 excepit.
1302 2806 1399 2859 Est
1441 2815 1617 2859 autem
1664 2820 1727 2859 ea
1777 2818 1880 2857 non
1922 2803 2141 2857 minima
2188 2800 2389 2855 doloris

798 2904 955 2968 ratio,
983 2904 1090 2956 imo
1113 2902 1349 2955 omnium
1382 2899 1886 2963 iutolerabilissima,
1910 2913 2031 2952 cum
2052 2897 2173 2967 quis
2198 2895 2391 2949 adver-

794 2997 869 3052 sis
896 3012 955 3051 se
992 3004 1236 3065 ereptum
1268 3005 1493 3064 putans,
1524 3005 1683 3062 atque
1712 2992 1777 3045 ad
1811 2992 1969 3045 ﬁnem
2004 2991 2177 3059 ipsum
2209 3004 2393 3058 perve-

796 3090 940 3143 uisse
960 3130 975 3154 ,
1014 3104 1140 3142 cura
1170 3089 1280 3156 jam
1318 3087 1463 3139 omni
1498 3094 1553 3139 et
1581 3084 1901 3154 cogitatione
1930 3082 2140 3135 solutus
2160 3122 2175 3146 ,
2206 3094 2391 3134 rursus

794 3181 1003 3235 initium
1036 3179 1179 3233 aliud
1211 3180 1471 3231 malorum
1493 3178 1725 3246 experiri
1752 3176 2115 3245 compellitur.
2147 3173 2278 3228 Nam
2302 3173 2392 3243 qui

794 3270 858 3325 ad
883 3270 1103 3325 ferenda
1133 3268 1356 3323 adversa
1384 3268 1558 3321 adhuc
1586 3278 1804 3337 paratus
1829 3276 1930 3333 est,
1955 3267 2191 3336 :equiore
2212 3266 2393 3319 animo

797 3362 897 3415 ista
928 3377 1051 3414 cum
1082 3361 1183 3416 sibi
1228 3360 1541 3424 infereutur,
1575 3359 1804 3427 excipiet
1838 3376 1850 3412 :
1883 3367 1937 3411 at
1965 3373 2093 3412 vero
2120 3356 2168 3412 si
2204 3356 2393 3427 positis

798 3468 1047 3506 curarum
1078 3451 1508 3521 cogitationibus,
1538 3450 1735 3519 aliquid
1768 3449 2070 3518 ltujusmodi
2093 3449 2387 3517 contingat,

799 3541 1005 3597 duabus
1034 3558 1101 3595 ex
1134 3543 1374 3611 partibus
1406 3542 1666 3605 turbatur,
1694 3556 1755 3593 ac
1776 3548 2074 3609 expugnatu
2098 3538 2265 3592 facilis
2285 3548 2389 3604 est,

799 3641 909 3686 tum
943 3631 1065 3699 qttia
1099 3632 1461 3700 inexspectata
1494 3646 1581 3685 res
1613 3639 1716 3695 est,
1751 3640 1862 3683 tum
1890 3631 2013 3699 quia
2047 3644 2261 3684 omnem
2300 3644 2396 3682 cu.

800 3737 915 3776 ram
943 3730 998 3776 et
1043 3729 1355 3790 apparatum
1387 3721 1649 3790 deposuit.
1680 3722 1937 3789 Quienam
1966 3736 2094 3790 ergo
2123 3721 2221 3774 ista
2255 3728 2393 3774 tem-

800 3821 982 3883 pestas
1006 3810 1142 3866 fuit?
1170 3810 1359 3866 Fames
1377 3812 1447 3865 ita
1465 3811 1635 3865 valida
1656 3812 1993 3866 Palmstinam
2015 3820 2390 3881 occupaverat,

801 3914 859 3958 ut
880 3904 1002 3958 inde
1031 3905 1283 3959 continuo
1312 3919 1600 3975 exsurgere
1624 3915 1842 3959 coactus
1868 3905 1958 3972 sit,
1977 3915 2137 3974 atque
2160 3904 2213 3957 in
2231 3902 2397 3973 [Egy-

802 4005 951 4065 ptum
976 3995 1259 4064 proﬁcisci.
1284 3995 1399 4063 Quo
1420 4010 1543 4049 cum
1568 3996 1920 4063 pervenisset,
1937 3994 2100 4049 veluti
2132 3994 2395 4047 malorum

799 4088 957 4142 linem
1015 4088 1363 4152 inventurus,
1409 4086 1510 4139 alia
1556 4086 1705 4139 illum
1750 4100 1937 4138 rursus
1976 4084 2114 4138 fame
2157 4083 2399 4137 acerbior

799 4180 1075 4235 calamitas
1100 4179 1311 4245 invasit,
1344 4177 1478 4232 adeo
1509 4187 1565 4230 ut
1591 4176 1658 4230 de
1687 4191 1891 4229 summa
1920 4191 2099 4229 rerum
2129 4174 2398 4244 periclita-

800 4283 968 4338 retur,
996 4282 1153 4342 atque
1202 4286 1269 4326 eo
1310 4270 1516 4324 timoris
1543 4268 1801 4324 deductus
1825 4267 1913 4331 sit,
1945 4276 2003 4322 ut
2028 4266 2167 4336 quod
2193 4265 2397 4335 gravis-

802 4364 995 4416 simum
1028 4370 1109 4415 est
1136 4361 1395 4425 omnium,
1426 4373 1646 4413 uxorem
1691 4358 1896 4413 scilicet
1953 4358 2146 4413 aliena:
2190 4354 2395 4411 libidini

800 4469 1093 4525 exponere,
1119 4463 1263 4507 metu
1289 4462 1503 4507 coactus
1528 4452 1768 4520 eligeret.
1792 4451 1850 4505 ln
1870 4462 2070 4506 tantam
2090 4451 2230 4506 enim
2271 4459 2399 4504 tunc

804 4545 1181 4600 necessitatem
1206 4545 1438 4608 devenit,
1469 4553 1525 4597 ut
1553 4546 1713 4597 etiam
1737 4544 2073 4597 simulatione
2104 4551 2347 4597 uteretur
2378 4558 2393 4595 :

800 4653 905 4707 quo
930 4636 1055 4706 qttid
1078 4636 1181 4689 dici
1220 4635 1573 4689 miserabilius
1610 4636 1813 4705 possit?
1858 4636 1973 4702 Quo
2014 4634 2157 4689 enim
2216 4633 2398 4688 animo

804 4730 952 4781 illum
981 4726 1144 4782 fuisse
1174 4728 1469 4793 existimas,
1500 4742 1618 4781 eum
1648 4728 1797 4781 uxori
1825 4728 1894 4781 ita
1922 4728 2203 4782 consulere
2232 4742 2394 4796 coge-

801 4828 965 4884 retur,
997 4829 1051 4873 et
1080 4818 1281 4873 diceret
1310 4837 1322 4871 :
1354 4818 1475 4874 Seio
1504 4836 1593 4890 ego
1634 4818 1771 4889 quod
1815 4817 1997 4871 mulier
2036 4817 2220 4870 decora
2265 4820 2396 4887 [acie

802 4911 889 4963 sis.
921 4909 1028 4962 Erit
1050 4928 1167 4980 ergo
1195 4928 1307 4963 cum
1337 4921 1382 4964 te
1403 4913 1615 4965 viderint
1639 4910 1897 4982 rEggplii,
1924 4911 2110 4963 dicturi
2137 4922 2253 4965 sunt
2276 4910 2395 4979 quia

810 4999 953 5053 Uxor
980 5001 1115 5053 illius
1136 5012 1240 5067 est;
1271 5013 1316 5055 et
1344 5004 1637 5072 inter/icient
1658 5021 1755 5069 me,
1784 5014 1828 5057 et
1858 5002 2177 5057 reservabant
2194 5012 2258 5057 te.
2300 5002 2393 5057 Dic

808 5109 928 5162 ergo
962 5094 1080 5160 quia
1126 5093 1289 5149 Soror
1315 5094 1453 5149 illius
1484 5113 1615 5161 sum,
1648 5106 1701 5148 ut
1725 5097 1843 5149 bene
1864 5098 1985 5149 milii
2006 5098 2068 5149 sit
2092 5106 2284 5165 propter
2324 5104 2388 5162 te,

805 5185 1029 5245 rivatquc
1048 5186 1217 5239 anima
1240 5203 1349 5239 mea
1366 5187 1425 5239 ob
1445 5188 1661 5257 gratiam
1690 5188 1761 5239 tui
1786 5186 1936 5255 (Gen.
1967 5187 2052 5240 12.
2075 5187 2153 5241 Η.
2184 5187 2392 5255 15).11ἱς

806 5274 984 5329 verbis
1032 5291 1157 5331 usus
1209 5286 1289 5330 est
1337 5278 1425 5347 qui
1485 5289 1700 5347 propter
1741 5277 1926 5343 Deum,
1959 5287 2017 5331 et
2072 5277 2315 5346 patriam,
2340 5286 2393 5331 et

807 5365 1045 5433 domum,
1070 5378 1123 5422 et
1171 5369 1393 5435 amicos,
1441 5378 1494 5424 et
1531 5378 1803 5440 cognatos,
1847 5369 2057 5436 aliaque
2102 5368 2391 5421 domestica

806 5458 981 5509 omnia
1023 5458 1329 5525 dimiserat;
1378 5462 1466 5530 qui
1524 5460 1682 5517 talem
1730 5476 2019 5515 utrumnam
2081 5468 2392 5527 tantumque

805 5548 1005 5604 laboris
1053 5559 1158 5603 tam
1212 5551 1417 5620 prolixo
1474 5562 1713 5622 tempore
1753 5554 1804 5607 in
1859 5554 2047 5609 itinere
2106 5568 2393 5622 perpessus

805 5640 977 5695 fuerat
1005 5661 1016 5696 :
1052 5656 1104 5698 et
1134 5652 1307 5700 tamen
1341 5644 1467 5700 nihil
1498 5645 1797 5717 ltujusmodi
1826 5648 2073 5718 loquutus
2094 5656 2194 5714 est,
2225 5656 2345 5714 puta
2371 5663 2385 5699 :

806 5732 1035 5805 Reliquit
1081 5753 1165 5792 me
1212 5737 1366 5803 Deus,
1401 5747 1454 5792 et
1479 5748 1749 5793 aversatus
1778 5749 1877 5803 est,
1922 5755 2123 5809 suaque.
2166 5754 2291 5793 cura
2337 5747 2390 5791 et

805 5826 1129 5897 providentia
1157 5832 1415 5897 exclusit;
1447 5831 1539 5885 sed
1584 5831 1792 5887 fortiter
1833 5834 2006 5886 omnia
2058 5850 2120 5889 ac
2162 5834 2391 5889 ﬁdeliter

801 5922 1017 5991 pet-tulit
1045 5942 1058 5978 :
1086 5934 1133 5979 et
1162 5928 1249 5995 qui
1282 5926 1507 5980 maxime
1526 5924 1784 5991 omnium,
1813 5940 1975 5981 uxore
2009 5943 2099 5998 pcr
2124 5942 2385 5983 summam

1515 512 1573 568 S.
1614 511 1893 568 JOANNIS
1928 508 2403 567 CIIRYSOSTOMI
2440 509 2766 565 Αιιειιιερ.
2806 504 3344 565 (ΣΟΝΞΤΛΝΤΙΝΟΡ.

3980 510 4087 566 4C0

2492 620 2598 674 vim
2622 622 2963 676 contumeliis
2983 621 3169 677 affecta
3195 619 3348 675 irasci
3370 617 3647 684 debuerat,
3677 624 3864 689 agebat
3904 632 4088 679 omnia

2492 727 2557 763 ne
2589 712 2908 766 contumelia
2953 712 3234 767 manifesta
3284 710 3455 765 ﬁeret.
3492 709 3599 762 lloc
3627 724 3753 761 vero
3784 714 4089 780 cujusmodi

2490 805 2737 859 mteroris
2781 819 2843 857 ac
2882 804 3084 859 doloris
3124 808 3211 869 sit,
3260 817 3504 860 sermone
3546 802 3799 869 explicari
3847 809 4087 873 nequit:

2492 905 2686 948 norunt
2714 894 2764 947 id
2786 911 2973 949 omnes
3000 898 3087 965 qui
3122 913 3321 952 uxores
3350 896 3628 955 duxerunt,
3662 901 3819 961 atque
3853 894 3904 945 in
3932 896 4085 948 zelo-

2499 986 2654 1057 typia:
2684 999 2934 1053 umquam
2964 987 3326 1053 suslticionem
3356 986 3673 1041 inciderunt.
3711 982 3814 1036 Sed
3843 992 3898 1035 et
3923 983 4085 1035 Salo-

2494 1092 2616 1129 mon
2644 1090 2884 1145 qumnam
2916 1076 2985 1127 sit
3023 1074 3137 1129 luec
3169 1077 3346 1145 passio
3379 1074 3815 1141 testatur,dicens
3845 1091 3858 1125 :
3892 1071 4093 1127 Plenus

2494 1168 2625 1220 enim
2650 1167 2755 1219 zelo
2785 1169 2928 1235 furor
2950 1166 3041 1218 viri
3068 1167 3179 1233 eius
3204 1170 3243 1233 ι,
3268 1185 3365 1220 non
3396 1177 3559 1234 parcet
3594 1168 3644 1219 in
3667 1168 3744 1219 die
3761 1165 3967 1235 judirii,
3996 1182 4082 1216 ne-

2494 1275 2590 1327 que
2616 1256 2751 1310 nullo
2770 1256 2927 1324 pretio
2958 1257 3254 1312 inimicitias
3276 1262 3451 1321 solvet,
3477 1276 3633 1326 neque
3664 1258 3806 1309 donis
3850 1257 4089 1327 plurimis

2496 1348 2894 1403 reconciliabilur
2942 1348 3124 1416 (Prov.
3168 1351 3221 1405 6.
3282 1352 3369 1405 '54.
3395 1352 3507 1417 '55).
3549 1352 3611 1403 Et
3654 1366 3880 1403 rursus:
3913 1348 4091 1401 Fortis

2496 1452 2549 1492 ut
2577 1457 2707 1493 mors
2734 1440 2952 1502 dilectio,
2997 1440 3157 1494 durus
3184 1451 3236 1494 ut
3274 1443 3502 1513 infernus
3545 1440 3683 1493 zelus
3723 1439 3894 1511 (Cant.
3923 1444 3974 1494 8.
4006 1441 4089 1505 6).

2494 1533 2646 1600 Quod
2673 1534 2715 1587 si
2746 1534 3015 1602 zelotypus
3043 1532 3113 1586 ita
3157 1536 3518 1600 excandescit,
3548 1534 3592 1586 is
3620 1533 3705 1602 qui
3735 1534 3895 1585 tantis
3926 1547 4091 1601 pres-

2495 1640 2585 1677 sus
2615 1634 2729 1679 erat
2751 1623 3117 1688 incommodis,
3138 1635 3195 1677 ut
3216 1636 3496 1696 cogeretur
3522 1626 3599 1680 eis
3624 1640 3828 1695 quoque
3853 1624 4091 1688 adulari,

2495 1716 2669 1785 quise
2698 1714 3031 1769 eontttmeliis
3075 1714 3370 1781 afﬁcerettt,
3404 1728 3456 1772 et
3482 1733 3616 1787 quos
3665 1715 3840 1770 ulcisci
3878 1714 4092 1768 debue-

2498 1818 2598 1872 rat,
2615 1817 2803 1861 cuncta
2832 1806 3004 1860 facere
3028 1812 3081 1858 ut
3102 1805 3353 1860 libidines
3376 1808 3671 1876 explerent,
3696 1820 3892 1875 suaque
3918 1820 4092 1858 uxore

2496 1901 2818 1963 fruerentur,
2851 1913 2955 1966 quo
2984 1912 3087 1950 non
3113 1895 3217 1949 dici
3258 1906 3432 1963 potest
3464 1896 3848 1951 miserabilior?
3878 1894 4090 1948 Interea

2494 2003 2613 2038 cum
2648 1986 2742 2039 ista
2776 2003 2987 2056 quoque
3037 1986 3204 2040 tristia
3253 1985 3411 2038 ﬁnem
3440 1990 3792 2056 θεειιρῐεςθιιι,
3833 1988 3933 2040 alia
3967 2000 4094 2040 rur-

2493 2092 2583 2129 sos
2626 2078 2849 2131 adversa
2889 2079 3261 2148 gignebantttr,
3293 2076 3523 2146 fantiqtte
3570 2081 3765 2134 bellum
3810 2081 4089 2134 successi}.

2492 2166 2690 2223 Omitto
2733 2184 2872 2221 nunc
2903 2170 3045 2222 rixas
3076 2178 3129 2222 et
3166 2169 3338 2237 jurgia
3370 2180 3663 2236 pastorum,
3697 2171 4091 2240 separationetn

2493 2276 2521 2313 a
2554 2257 2731 2313 fratris
2779 2257 2888 2313 ﬁlio
2919 2278 2931 2313 :
2964 2257 3206 2327 quamvis
3252 2258 3350 2311 ista
3378 2274 3611 2327 quoque,
3641 2261 3685 2314 si
3712 2277 3832 2315 cum
3874 2262 4093 2314 creteris

2496 2352 2886 2417 examinentur,
2920 2365 3204 2405 tumroretn
3235 2364 3339 2403 non
3366 2350 3690 2404 mediocrem
3721 2352 3913 2407 inferre
3958 2367 4091 2421 pose

2497 2444 2623 2497 sint.
2652 2441 2781 2496 Cum
2802 2442 2941 2495 enim
2974 2444 3017 2497 is
3046 2442 3133 2512 qui
3157 2450 3398 2496 servatus
3423 2441 3487 2493 ab
3511 2456 3575 2495 eo
3597 2442 3785 2507 fuerat,
3818 2445 4090 2511 tantisque

2497 2550 2593 2603 per
2641 2533 2787 2587 illum
2835 2536 3031 2603 potitus
3086 2534 3417 2600 commodis,
3466 2535 3556 2599 qui
3604 2536 3701 2588 sibi
3759 2536 3949 2589 cedere
3994 2553 4094 2603 per

2494 2625 2693 2689 omnia,
2759 2635 3104 2696 pastoresque
3150 2642 3274 2681 suos
3324 2629 3597 2696 inc-reme
3644 2627 3931 2693 debuerat;
3979 2626 4094 2691 Ιιιο,

2493 2716 2713 2785 optione
2762 2719 3052 2785 proposita,
3102 2716 3413 2772 fertiliorem
3460 2718 3559 2772 sibi
3595 2720 3865 2789 regionem
3889 2720 4091 2788 elegit,

2495 2805 2745 2860 incultam
2788 2806 2864 2861 illi
2904 2823 2966 2861 ac
3008 2810 3358 2863 descrtiorem
3401 2810 3741 2879 relinquens:
3771 2813 3919 2880 quis,
3966 2826 4094 2876 oro,

2497 2896 2654 2952 facile
2700 2899 2882 2963 ferret,
2932 2916 3039 2953 non
3080 2901 3201 2955 dico
3246 2901 3645 2968 detrimentum,
3675 2902 3767 2956 sed
3819 2904 4091 2972 injuriarn,

2496 3003 2618 3041 cum
2646 2988 2852 3043 videret
2876 3006 2955 3053 se,
2989 2992 3079 3060 qui
3113 2991 3286 3060 ipsum
3329 2992 3661 3057 houorasset,
3688 3008 3871 3061 parutn
3918 2993 4095 3047 Itono-

2499 3082 2645 3135 riﬁee
2692 3083 2928 3146 tractari,
2958 3098 3020 3135 ac
3044 3084 3307 3138 minorem
3349 3086 3591 3153 accipere
3615 3086 3857 3155 partem?
3883 3083 3938 3137 Id
3964 3084 4094 3153 qui-

2499 3172 2620 3227 dem
2669 3174 2811 3227 omui
2866 3174 3190 3228 detrimento
3243 3177 3458 3245 gravius
3498 3186 3772 3238 censetur;
3832 3175 3926 3229 sed
3968 3175 4089 3229 lucc

2502 3272 2679 3319 tamen
2729 3265 2971 3317 universa
3020 3276 3283 3335 pnetereo
3314 3283 3325 3317 :
3356 3265 3423 3319 de
3452 3265 3749 3335 patriarcha
3785 3267 3948 3332 enim,
3981 3280 4092 3321 nOn

2498 3354 2566 3410 de
2588 3357 2776 3423 quovis
2806 3355 3017 3410 homine
3048 3356 3199 3410 nobis
3229 3372 3408 3410 sermo
3434 3365 3537 3411 est.
4025 3339 4030 3342 I

2573 3446 2626 3500 8.
2654 3445 2924 3501 Successit
2955 3448 3029 3499 illi
3056 3446 3177 3499 fatui
3219 3446 3489 3501 Persicum
3533 3446 3750 3511 bellum,
3778 3449 4093 3517 cogiturque

2498 3538 2757 3592 adversus
2777 3538 2959 3593 hostes
2990 3539 3208 3592 victoria
3236 3539 3405 3592 elatos
3428 3539 3646 3592 militem
3674 3539 3866 3593 ducere
3896 3556 3958 3604 ις,
3988 3542 4082 3607 qui

2502 3630 2762 3699 principio
2786 3644 2891 3684 non
2920 3629 3147 3684 aﬁ‘uerat
3193 3628 3337 3696 belli,
3370 3630 3589 3700 integris
3638 3630 3811 3684 adhuc
3838 3648 4085 3697 namque

2502 3721 2760 3789 partibus,
2794 3721 2891 3775 sed
2936 3721 3157 3775 victoria
3197 3720 3309 3790 jam
3344 3722 3525 3791 potitis
3559 3722 3820 3787 hostibus,
3844 3739 3963 3777 cura
3989 3742 4086 3778 eos

2500 3830 2657 3869 nemo
2685 3814 2824 3869 ferre
2850 3824 3052 3883 posset,
3084 3812 3177 3867 sed
3228 3814 3316 3867 alii
3348 3812 3560 3882 quidem
3596 3816 3788 3882 passim
3824 3815 4091 3869 interfecti

2498 3917 2698 3974 essent,
2723 3908 2809 3961 alii
2836 3922 2895 3962 se
2917 3906 3136 3961 latebris
3161 3914 3214 3960 et
3244 3904 3382 3976 fuga!
3414 3905 3705 3972 dedissent,
3750 3917 3799 3959 et
3834 3908 4016 3976 reliqui
4038 3910 4098 3961 in

2499 4000 2809 4056 servitutem
2833 3999 3049 4054 abducti
3081 3997 3325 4053 fuissent.
3375 3997 3480 4053 Sed
3512 4007 3687 4051 tamen
3741 3996 3867 4050 nihil
3899 3998 4089 4053 borum

2502 4091 2650 4145 illum
2678 4099 2733 4143 ut
2759 4089 2905 4143 domi
2928 4100 3168 4144 maneret
3195 4088 3427 4154 induxit,
3452 4087 3545 4143 sed
3568 4087 3870 4141 vehementi
3902 4103 4097 4143 mcero-

2502 4196 2560 4235 re
2592 4180 2867 4249 perculsus
2894 4180 3165 4250 profectus
3188 4190 3292 4244 est,
3342 4181 3455 4250 ipse
3479 4193 3691 4248 quoque
3728 4178 3964 4247 ejusdem
3998 4195 4092 4235 ca-

2502 4272 2749 4326 lamitatis
2777 4274 3042 4341 particeps
3072 4271 3300 4337 futurus,
3326 4286 3490 4339 seque
3530 4271 3701 4339 ipsum
3743 4268 3882 4321 haud
3912 4268 4091 4324 dubie

2501 4365 2618 4418 neci
2643 4364 3000 4432 expositurus.
3024 4362 3155 4416 Nam
3176 4362 3313 4415 velle
3339 4376 3457 4413 cum
3483 4359 3730 4414 trecentis
3761 4358 3929 4413 servis
3956 4362 4092 4426 suis,

2501 4456 2583 4509 vel
2616 4455 2823 4508 modice
2857 4454 3115 4523 pluribus,
3145 4451 3430 4505 adversum
3462 4451 3671 4505 hostem
3713 4452 4093 4505 numerosissi-

2506 4562 2651 4600 tnum
2678 4546 2934 4600 dimicare
2952 4545 3083 4598 nihil
3103 4544 3244 4597 aliud
3286 4545 3523 4613 profecto
3563 4552 3697 4609 erat,
3722 4560 3878 4613 quam
3935 4560 3994 4599 se
4037 4555 4092 4599 et

2503 4638 2787 4707 captivitati
2812 4646 2864 4691 et
2894 4637 3152 4706 supplicio
3181 4645 3234 4690 et
3264 4637 3420 4692 morti
3453 4637 3808 4692 acerbissimce
3851 4652 4092 4705 expone-

2504 4746 2583 4785 re.
2620 4729 2895 4784 ProfeCtus
2931 4728 3106 4797 itaque
3128 4737 3229 4791 est,
3273 4736 3329 4780 ut
3351 4728 3462 4798 ipse
3505 4743 3715 4798 quoque
3757 4728 4091 4782 barbaricam

2503 4822 2884 4876 immanitatem
2915 4819 3271 4891 experiretur.
3301 4819 3496 4874 Verum
3556 4819 3648 4873 Dei
3671 4820 3948 4874 clementia
3971 4835 4093 4873 sero

2502 4925 2674 4982 vatus,
2701 4914 2830 4968 fusis
2858 4912 3124 4975 hostibus,
3148 4911 3342 4980 prmda:
3379 4927 3440 4965 ac
3461 4912 3669 4980 cognati
3715 4924 3935 4979 compos
3963 4923 4091 4963 cum

2502 5015 2815 5071 remeasset,
2844 5020 2938 5059 sua
2978 5020 3163 5058 rursus
3211 5002 3541 5058 incommoda
3594 5003 3723 5057 ﬁere
3778 5000 4089 5070 cogebatur,

2501 5115 2620 5154 cum
2652 5098 2721 5155 ob
2740 5098 3004 5153 defectum
3033 5096 3319 5151 liberorum
3342 5097 3542 5151 nullum
3563 5096 3885 5166 relinqueret
3916 5093 4090 5148 ltxre-

2500 5194 2681 5248 ditatis
2751 5206 3138 5246 successorem.
3166 5188 3283 5243 Noli
3303 5190 3443 5244 enim
3465 5191 3787 5251 existimare,
3814 5202 3934 5240 cum
3964 5202 4089 5241 eum

2501 5285 2652 5339 audis
2678 5283 2955 5351 conqueri,
2979 5292 3031 5335 et
3059 5282 3124 5334 ad
3150 5281 3313 5336 Deum
3344 5281 3541 5346 dicere,
3576 5280 3713 5345 Quid
3760 5279 3880 5330 mihi
3900 5278 4044 5331 dabis
4068 5280 4095 5333 .’

2504 5393 2596 5447 ego
2626 5386 2795 5428 autem
2823 5375 2929 5426 sine
2949 5374 3116 5426 liberis
3170 5390 3317 5444 pereo
3344 5375 3361 5441 (
3390 5372 3517 5426 Gen.
3567 5372 3653 5425 15.
3688 5369 3723 5421 2
3750 5367 3789 5438 ),
3829 5368 3963 5422 hanc
4015 5370 4089 5422 illi

2504 5478 2776 5524 recentem
2810 5466 2973 5521 fuisse
2999 5482 3062 5520 ac
3088 5482 3275 5520 novam
3304 5464 3633 5519 molestiam:
3658 5460 3770 5515 haec
3796 5462 3935 5515 enim
3961 5476 4089 5514 cura

2506 5572 2561 5616 et
2586 5557 2890 5615 sollicitudo
2931 5574 3050 5613 cum
3088 5574 3283 5629 sponsa
3316 5572 3418 5610 una
3448 5556 3499 5608 in
3530 5554 3742 5608 domum
3769 5554 3896 5625 justi
3943 5554 4090 5608 illius

2503 5657 2797 5718 intreterat,
2829 5654 2935 5707 imo
2984 5670 3110 5709 vero
3141 5663 3263 5706 ante
3315 5652 3487 5719 ipsum
3534 5650 3825 5719 ingressum
3848 5662 4082 5717 sponse.

2501 5750 2704 5819 Quippe
2726 5764 2913 5803 onmes
2934 5746 3329 5809 consuevimus,
3358 5758 3478 5797 cum
3520 5742 3796 5813 incipimus
3822 5741 3887 5795 de
3917 5753 4085 5793 uxore

2502 5845 2757 5914 cogitare,
2794 5843 2896 5912 iam
2928 5851 3050 5895 tunc
3079 5839 3153 5893 rei
3200 5838 3368 5908 ipsius
3400 5838 3539 5892 curis
3577 5837 3821 5892 omnibus
3867 5833 4083 5897 tentari,

2564 5959 2577 5989 ‘
2607 5963 2768 6015 Deest,
2798 5957 2918 6014 ejus,
2940 5955 2986 6001 itt
3011 5951 3137 6001 Coll).
