4490 6760
447 636 537 690 ιρι

444 766 665 820 quarum
698 750 935 806 omnium
954 763 1200 821 suprema
1232 754 1316 802 est
1341 745 1615 809 sterilitas,
1642 752 1921 811 metusque
1951 739 2017 793 il-

444 845 495 896 le
514 856 579 896 ex
619 858 680 897 ea
709 843 794 898 die
831 852 1044 897 nostros
1094 838 1301 893 animos
1353 837 1603 906 exagitat.
1636 832 1790 903 Quod
1819 833 1863 885 si
1890 845 2021 886 con-

442 934 609 1006 tingat
640 945 760 1003 post
789 932 1185 989 matrimonium
1234 929 1547 985 solemniter
1587 934 1882 997 peractum.
1910 923 2019 992 pri-

438 1042 583 1081 mum
614 1036 665 1081 et
682 1024 975 1081 secundum
1028 1021 1143 1076 sive
1194 1020 1403 1075 tertium
1433 1035 1630 1075 annum
1677 1017 1793 1071 sine
1838 1014 2020 1068 liberis

438 1120 683 1184 transire,
711 1126 839 1172 tunc
857 1114 967 1184 jam
991 1121 1211 1182 augetur
1243 1112 1415 1177 dolor,
1443 1127 1505 1167 ac
1534 1112 1655 1165 lazta
1681 1122 1804 1177 spes
1828 1105 2019 1160 minui-

433 1217 538 1265 tur.
574 1209 779 1262 Rursus
805 1205 987 1273 elapso
1017 1203 1202 1272 majori
1236 1213 1476 1273 tempore
1513 1199 1732 1256 omnino
1774 1212 1897 1266 spes
1920 1210 2018 1251 nos

434 1300 522 1355 illa
548 1297 767 1359 deserit,
800 1294 946 1350 solus
974 1310 1169 1349 mmror
1197 1296 1432 1349 animum
1462 1299 1708 1360 occupat,
1736 1290 2018 1359 omniaque

434 1391 554 1441 vita:
578 1384 811 1455 jucunda
838 1386 995 1440 simul
1058 1386 1397 1447 obnubilans,
1439 1383 1640 1437 nullum
1671 1381 1825 1435 nobis
1862 1381 2015 1435 volu-

435 1489 593 1548 ptatis
632 1492 848 1531 sensum
897 1479 1172 1547 permittit.
1206 1477 1388 1545 Itaque
1414 1475 1514 1529 etsi
1542 1475 1671 1528 nihil
1709 1474 2017 1544 contigisset

435 1566 671 1632 adversi,
703 1576 995 1638 cunctaque
1018 1567 1083 1621 ad
1107 1575 1287 1621 votum
1313 1566 1719 1629 successissent,
1754 1564 1855 1617 ista
1876 1563 2012 1619 libe-

434 1672 615 1711 rorum
642 1656 839 1712 orbitas
864 1658 999 1713 ltetis
1027 1658 1131 1712 illis
1156 1656 1316 1711 rebus
1344 1654 1578 1716 admota,
1609 1662 1853 1708 cunctam
1872 1654 2015 1707 illam

435 1746 838 1816 pl‘USpCl‘ilillCIII
888 1749 1163 1803 obnubere
1214 1762 1276 1801 ac
1304 1745 1540 1815 dejicere
1569 1744 1681 1798 sola
1734 1743 2013 1812 potuisset.

430 1840 564 1896 Nam
585 1840 864 1906 promissio
887 1841 972 1894 illa
998 1840 1177 1895 divina
1206 1838 1274 1894 ad
1318 1849 1613 1893 extremam
1662 1844 2014 1899 senectutem,

430 1928 645 1999 quando
706 1930 935 1984 maxime
972 1929 1356 1998 desperabatur
1400 1927 1610 1996 impleri
1663 1939 1837 1997 posse,
1879 1925 2016 1979 facta

431 2033 514 2078 est
545 2039 559 2087 ;
588 2021 752 2090 priori
779 2031 958 2075 autem
986 2030 1096 2076 toto
1141 2030 1385 2089 tempore
1414 2034 1444 2072 a
1482 2019 1625 2074 luctu
1684 2025 1739 2072 et
1782 2031 2015 2070 maerore

432 2125 722 2179 numquam
750 2121 1059 2165 vacaverat:
1092 2118 1397 2180 quantoque
1423 2108 1651 2177 amplius
1669 2107 1849 2176 augeri
1875 2106 2011 2159 divi-

434 2204 533 2258 tias
575 2202 809 2265 videbat,
860 2212 1005 2256 tanto
1056 2202 1269 2272 lugebat
1316 2198 1707 2264 vehementius,
1754 2213 1877 2251 eum
1906 2212 2013 2250 non

431 2303 594 2357 esset,
621 2291 810 2362 quihis
852 2293 1100 2346 omnibus
1152 2289 1487 2345 succederet.
1518 2288 1653 2355 Quid
1699 2303 1828 2342 vero
1863 2288 2013 2342 illum

431 2396 557 2440 tunc
600 2400 811 2454 passum
873 2394 1049 2454 putas,
1122 2382 1338 2453 quando
1386 2381 1634 2435 audivit:
1682 2379 2015 2450 Peregrinum

429 2479 523 2530 erit
547 2492 711 2530 semen
727 2485 867 2528 tuum
892 2477 945 2528 in
986 2486 1120 2528 terra
1164 2490 1265 2527 non
1291 2490 1405 2538 sua,
1448 2482 1494 2525 et
1521 2473 1573 2525 in
1608 2472 1892 2525 servitutem
1931 2487 2015 2524 eos

427 2570 676 2638 redigent,
699 2577 745 2620 et
774 2568 990 2637 aﬂliqrnt
1015 2608 1030 2629 ,
1055 2576 1204 2635 atque
1231 2566 1565 2618 Itttmiliabunt
1597 2564 1744 2617 annis
1764 2563 2014 2632 quadrin-

427 2658 589 2728 gentis
617 2657 635 2728 (
668 2655 795 2710 Gen.
847 2658 934 2712 15.
967 2658 1033 2711 15
1062 2656 1081 2727 )
1109 2656 1131 2709 ?
1161 2655 1304 2710 Uxor
1352 2665 1529 2709 autem
1572 2656 1816 2709 ancillam
1861 2668 2012 2709 suam

428 2762 570 2800 nunc
588 2748 683 2801 viri
723 2748 1056 2816 amplexibus
1094 2748 1346 2816 jungens,
1402 2761 1542 2800 nunc
1573 2756 1689 2813 post
1726 2760 1844 2799 eam
1874 2761 2010 2800 con-

425 2837 756 2907 junctionem
805 2837 1318 2904 expostulationibus
1364 2836 1511 2890 illum
1556 2845 1610 2891 et
1660 2835 2011 2905 querimoniis

426 2930 652 2999 agitans,
682 2929 954 2997 Deumque
980 2928 1234 2982 adversus
1272 2943 1394 2983 eum
1426 2942 1641 2991 vocans,
1672 2935 1726 2981 et
1751 2941 1868 2981 eam
1891 2941 2010 2995 qua:

434 3021 533 3074 tori
562 3020 827 3088 particeps
868 3019 1059 3085 fuerat,
1090 3034 1209 3073 cum
1244 3018 1353 3087 jam
1382 3019 1545 3072 lilium
1572 3018 1807 3086 paritura
1844 3025 2007 3083 esset,

426 3110 585 3165 domo
606 3110 893 3165 deturbare
913 3125 1130 3180 cogens,
1154 3124 1433 3180 quemnam
1457 3109 1509 3162 in
1541 3122 1825 3163 mmrorem
1855 3122 2010 3161 acer-

425 3202 702 3258 bissimum
736 3218 839 3257 non
888 3202 1314 3272 praecipitasset?
1346 3202 1444 3255 Ista
1487 3201 1640 3255 sicui
1671 3199 1899 3255 fortasse
1926 3200 2006 3254 le-

426 3293 509 3346 via
534 3292 802 3358 videntur,
831 3293 875 3346 is
904 3308 1027 3347 cum
1074 3293 1387 3362 cogitaverit
1436 3291 1660 3344 familias
1704 3298 1761 3345 et
1815 3288 2009 3345 domos

424 3385 656 3454 integras
685 3384 873 3439 barum
895 3401 1074 3441 rerum
1115 3400 1274 3440 causa
1298 3385 1491 3453 stepius
1539 3398 1772 3447 eversas,
1801 3381 2007 3451 justum

427 3475 575 3530 illum
620 3475 988 3531 admirabitur.
1045 3477 1159 3533 Etsi
1208 3478 1351 3532 enim
1386 3475 1588 3530 timoris
1636 3474 1801 3528 divini
1851 3489 2009 3528 causa

425 3562 633 3619 fortiter
653 3564 857 3619 ferebat
882 3567 1080 3632 omnia,
1106 3568 1266 3620 homo
1291 3575 1463 3619 tamen
1505 3572 1640 3628 erat,
1681 3564 1822 3618 etiis
1850 3563 2011 3618 rebus

424 3669 529 3708 non
557 3664 763 3723 poterat
783 3672 887 3710 non
914 3656 1034 3725 angi
1064 3666 1224 3724 atque
1248 3654 1495 3710 cruciari.
1520 3655 1727 3708 Rursus
1758 3663 1938 3709 autem
1957 3656 2008 3708 in

425 3746 639 3801 domum
662 3748 853 3802 ancilla
875 3747 1196 3818 regreditur,
1226 3748 1407 3815 illique
1433 3746 1655 3800 nothum
1696 3747 1854 3815 parit,
1887 3745 2007 3800 effi-

425 3837 668 3906 citurque
708 3838 979 3892 Abraham
1026 3848 1179 3907 pater
1235 3846 1353 3907 post
1404 3836 1532 3890 illud
1570 3838 1703 3891 adeo
1745 3837 2005 3905 prolixum

427 3937 637 3998 tempus
668 3945 681 3981 :
724 3928 999 3997 ineratque
1023 3930 1099 3985 rei
1143 3930 1386 3997 voluptas
1430 3927 1693 3997 qttzndam,
1723 3927 1815 3982 sed
1838 3928 2008 3996 major

426 4032 583 4073 causa
609 4018 834 4075 doloris.
864 4020 1074 4074 Nothus
1119 4020 1263 4074 enim
1311 4019 1400 4072 ille
1428 4018 1565 4071 ﬁlius
1608 4017 1824 4087 legitimi
1884 4032 2005 4072 eum

426 4108 768 4178 admonebat,
818 4112 1096 4182 majusque
1167 4112 1307 4166 illius
1348 4110 1674 4166 desiderium
1722 4110 2005 4179 injiciebat.

427 4198 576 4264 Quod
596 4201 737 4254 enim
763 4202 839 4255 illi
866 4203 1062 4258 dictum
1089 4214 1203 4256 erat
1236 4221 1248 4255 :
1276 4201 1398 4255 Non
1443 4202 1537 4255 erit
1567 4202 1655 4255 ille
1681 4202 1840 4254 [neres
1869 4210 2006 4265 tuus,

427 4291 514 4343 sed
534 4291 618 4359 qui
642 4293 923 4358 egredietur
947 4309 1009 4347 ea:
1035 4302 1080 4346 te
1104 4295 1121 4361 (
1146 4291 1284 4345 Ibid.
1309 4294 1342 4346 4
1365 4292 1382 4361 )
1407 4333 1423 4358 ,
1466 4292 1531 4345 de
1559 4290 1780 4345 lsmacle
1809 4292 2007 4345 dictum

430 4383 591 4438 fuisse
626 4386 983 4441 arbitrabatur
1016 4404 1030 4439 :
1066 4387 1267 4441 nullum
1308 4387 1448 4439 enim
1498 4397 1721 4439 eatenus
1768 4384 1833 4439 de
1876 4385 2007 4439 Sara

428 4489 740 4543 responsum
766 4487 1064 4547 acceperat.

499 4566 837 4621 Sodomorum
880 4571 1047 4623 clades
1098 4571 1295 4625 occasio
1333 4570 1560 4624 tumoris
1597 4568 1903 4623 Abralmmo.
1938 4597 2007 4607 —

429 4664 558 4720 Cum
588 4676 721 4718 vero
747 4660 958 4716 demum
988 4664 1268 4718 clariorem
1299 4664 1365 4717 de
1411 4663 1556 4718 Isaac
1604 4662 2009 4732 promissionem

432 4753 739 4823 accepisset,
762 4761 1074 4821 tempusque
1116 4763 1300 4820 partus
1329 4754 1603 4808 definitum
1636 4762 1795 4817 esset,
1826 4766 2010 4806 rursus

432 4858 708 4918 antequam
738 4846 851 4915 ejus
869 4845 982 4914 spei
1008 4845 1334 4913 voluptatem
1367 4846 1525 4900 ullam
1567 4846 1807 4910 sentiret,
1839 4843 2011 4896 Sodo-

434 4954 642 4993 morum
670 4935 845 4992 clades
879 4935 1145 5005 ingentem
1173 4934 1245 4988 illi
1260 4935 1508 4989 mteroris
1537 4936 1784 4989 nebulam
1803 4932 2009 4988 offudit.

433 5031 565 5089 Nam
593 5031 733 5103 quod
760 5046 847 5084 res
876 5029 988 5099 ipsa
1010 5027 1208 5098 justum
1233 5026 1402 5079 virum
1444 5028 1728 5082 immodice
1763 5027 2010 5081 turbave-

433 5126 523 5189 rit,
556 5139 622 5178 ex
654 5122 829 5176 verbis
859 5121 961 5175 illis
988 5134 1050 5173 ac
1076 5132 1231 5187 prece
1258 5132 1416 5187 quam
1446 5133 1544 5186 pro
1572 5119 1650 5173 eis
1674 5116 2011 5182 fudit,omni-

440 5216 541 5268 bus
569 5213 807 5283 profecto
837 5219 1064 5268 constat.
1092 5210 1222 5266 Cum
1265 5223 1391 5264 vero
1432 5209 1639 5278 lapsum
1669 5226 1699 5265 e
1743 5209 1880 5264 ccelo
1908 5208 2008 5260 im-

435 5306 584 5363 brem
607 5308 755 5363 illum
777 5309 998 5362 omnino
1028 5305 1314 5362 terribilem
1343 5314 1607 5369 cerneret,
1638 5315 1930 5372 cunctaque
1956 5303 2009 5356 in

436 5398 709 5464 pulverem
738 5407 791 5452 et
809 5398 1042 5453 cinerem
1088 5412 1364 5463 conversa,
1396 5411 1564 5465 neque
1599 5397 1649 5449 in
1696 5394 1873 5463 seipso
1899 5394 2009 5463 jam

434 5501 572 5543 erat.
603 5491 733 5546 Nam
756 5492 799 5546 si
814 5507 934 5546 cum
960 5491 1145 5560 procul
1197 5491 1384 5546 domos
1425 5491 1627 5560 aliquas
1684 5488 2012 5557 conﬂagrare

437 5578 686 5635 incendio
718 5584 981 5647 videmus,
1004 5589 1280 5650 stupemus
1318 5597 1381 5636 ac
1408 5583 1594 5636 dolore
1646 5580 1964 5635 conficimur
1996 5595 2010 5633 :

438 5670 563 5738 quid
605 5670 751 5726 illum
776 5691 989 5743 passum
1016 5672 1353 5732 arbitremur.
1379 5676 1538 5728 urbes
1588 5676 1819 5743 integras
1845 5682 1898 5729 et
1928 5689 2014 5727 rc-

439 5760 621 5829 giones
646 5775 768 5815 cum
798 5764 1183 5821 habitatoribus
1212 5763 1456 5817 incendio
1476 5780 1581 5817 non
1613 5774 1891 5831 conSueto,
1924 5763 2018 5819 sed

442 5868 581 5906 novo
606 5867 669 5907 ac
694 5855 913 5908 terribili
967 5858 1159 5913 ardere
1204 5856 1655 5924 conSpicientem?
1689 5858 1769 5910 An
1798 5859 1889 5911 tibi
1914 5874 2017 5912 non

441 5945 650 5999 videtur
671 5943 796 6013 justi
839 5945 994 6013 hujus
1018 5949 1237 6004 allectus
1270 5963 1542 6019 aequoreos
1584 5947 2019 6019 decumanosque

447 6036 631 6092 ﬂuetus
668 6035 911 6091 imitari?
953 6034 1101 6091 Sicut
1132 6041 1275 6095 enim
1316 6043 1368 6097 in
1414 6039 1546 6096 mari
1596 6048 1879 6110 antequam
1915 6041 2016 6094 llu-

1307 628 1397 683 AD
1434 626 1805 684 STAGIRIL'M
1848 624 1886 678 Α
1933 622 2229 680 ῡᾸΞΜΟΝΕ
2271 626 2623 683 VEXATUM.
2666 628 2789 685 LIB.
2827 628 2890 685 ll.

3602 637 3708 695 U2

2133 752 2250 795 ctus
2279 744 2370 796 alii
2393 744 2710 814 quieverint,
2731 744 2818 799 alii
2846 761 3027 803 rursus
3052 748 3250 802 montis
3277 748 3441 805 instar
3474 749 3705 809 intume-

2129 843 2306 896 scunt,
2336 835 2405 888 ita
2433 845 2487 890 et
2533 851 2629 905 per
2669 844 2832 889 totam
2868 837 2966 892 viri
2994 838 3155 894 vitam
3183 840 3471 912 contigisse
3500 847 3708 916 perspi-

2128 924 2260 979 cies.
2302 924 2430 978 Nam
2457 939 2577 979 cum
2614 926 2790 981 adhuc
2816 925 3166 985 Sodomorum
3217 946 3407 987 recens
3448 944 3592 989 esset
3620 937 3709 991 illa

2126 1016 2407 1079 desolatio,
2428 1032 2519 1071 rex
2540 1016 2756 1073 Geraraa
2780 1016 2991 1083 eadem,
3014 1034 3131 1088 quae
3179 1019 3408 1088 Pharao,
3438 1023 3491 1077 in
3521 1023 3707 1081 Saram

2125 1106 2463 1160 committere
2491 1118 2714 1163 conatus
2752 1118 2856 1175 est,
2889 1123 3179 1178 rursusque
3214 1113 3407 1169 mulier
3442 1113 3511 1169 ad
3540 1114 3707 1171 mise-

2122 1196 2346 1251 randam
2393 1197 2785 1253 simulationem
2839 1201 3215 1269 compellitur;
3248 1211 3407 1272 atque
3460 1205 3512 1260 in
3565 1220 3711 1276 opus

2127 1286 2464 1357 prorupisset
2510 1302 2571 1341 ea
2610 1289 2948 1353 contumelia,
2998 1288 3097 1344 nisi
3149 1291 3505 1359 prohibuisset
3545 1294 3705 1349 Deus.

2121 1379 2253 1433 Cum
2275 1386 2449 1431 autem
2478 1376 2529 1429 in
2556 1388 2710 1446 partu
2735 1377 2876 1431 illius
2917 1388 2971 1433 et
3012 1395 3146 1435 uxor
3164 1382 3323 1435 simul
3362 1390 3419 1436 et
3466 1381 3623 1447 filius,
3641 1397 3707 1438 ac

2121 1480 2229 1525 tota
2249 1470 2444 1525 familia
2468 1471 2761 1537 laetaretur,
2793 1470 2938 1524 solus
2958 1472 3113 1526 illein
3142 1484 3288 1529 tanto
3307 1477 3542 1531 omnium
3571 1492 3704 1548 gau-

2120 1562 2209 1616 dio
2240 1562 2405 1617 tristis
2428 1576 2546 1615 esse
2580 1576 2643 1615 ac
2694 1576 2923 1615 moerere
2964 1564 3275 1631 cogebatur,
3301 1568 3547 1621 ancillam
3576 1584 3700 1623 eum

2121 1652 2231 1707 filio
2260 1652 2454 1721 ejicere
2473 1651 2803 1720 compulsus.
2831 1651 2945 1706 Etsi
2974 1654 3120 1708 enim
3163 1654 3358 1710 nothus
3403 1666 3518 1711 erat
3543 1666 3703 1727 atque

2121 1759 2187 1798 ex
2214 1744 2407 1797 ancilla
2433 1752 2588 1797 natus
2618 1743 2829 1809 lsmael,
2849 1746 3106 1801 naturalis
3147 1757 3325 1802 tamen
3381 1748 3463 1803 vis
3504 1750 3704 1805 amoris

2121 1851 2186 1890 ex
2209 1834 2517 1904 indignitate
2546 1833 2712 1887 nihilo
2733 1834 2909 1888 minor
2934 1845 3069 1900 erat,
3098 1852 3271 1906 neque
3294 1839 3699 1896 imbecilliorem

2120 1938 2463 1997 paternorum
2496 1934 2757 1989 viscerum
2779 1933 3015 1991 dolorem
3041 1935 3235 1991 fecerat
3257 1936 3558 2007 ignobilitas
3582 1953 3699 1993 ma-

2120 2020 2216 2074 tris
2252 2039 2265 2073 :
2294 2021 2538 2094 istudque
2563 2040 2629 2079 ex
2665 2025 2779 2095 ipsa
2807 2025 3041 2080 historiae
3070 2028 3207 2081 serie
3232 2043 3516 2097 possumus
3544 2028 3699 2083 addi-

2117 2126 2286 2167 scere.
2322 2113 2415 2169 llle
2450 2116 2591 2169 enim
2615 2115 2790 2179 fortis,
2815 2117 2906 2172 ille
2934 2118 3303 2173 severissimus
3327 2126 3383 2174 et
3404 2120 3493 2190 qui
3519 2120 3700 2191 unige-

2121 2204 2289 2257 nitum
2320 2206 2551 2274 prOpriis
2579 2207 2825 2261 manibus
2849 2216 3035 2277 postea
3056 2208 3396 2263 mactandum
3444 2210 3696 2280 suscepit,

2121 2307 2284 2346 uxore
2328 2294 2428 2348 sibi
2470 2295 2572 2351 hoc
2603 2297 2946 2367 prmcipiente
2998 2314 3139 2368 aegre
3193 2298 3419 2367 ferebat,
3436 2316 3501 2355 ae
3539 2317 3698 2356 num-

2119 2398 2276 2452 quam
2329 2383 2401 2436 illi
2449 2386 2719 2451 cessisset,
2771 2404 3056 2457 numquam
3098 2392 3544 2459 obtemperasset,
3598 2393 3698 2448 etsi

2121 2482 2244 2528 tunc
2271 2474 2440 2544 major
2455 2476 2749 2533 accessisse
2784 2478 3057 2535 videretur
3081 2482 3394 2549 auctoritas,
3419 2483 3519 2537 nisi
3546 2483 3695 2539 illum

2120 2567 2281 2621 timor
2308 2568 2399 2622 Dei
2427 2568 2775 2625 vehementer
2825 2571 3146 2642 impulisset.
3179 2573 3361 2645 Itaque
3393 2590 3515 2631 eum
3543 2576 3698 2632 audis

2119 2658 2265 2712 illum
2299 2658 2645 2729 Deojubente
2670 2661 2917 2715 ancillam
2943 2663 3188 2719 emisisse
3234 2679 3356 2719 cum
3407 2664 3541 2730 filio,
3569 2682 3698 2723 cave

2116 2758 2271 2819 putes
2296 2750 2496 2805 doloris
2522 2766 2681 2805 sensu
2709 2753 2967 2818 caruisse,
3011 2752 3113 2807 hoc
3140 2770 3283 2808 enim
3305 2764 3420 2809 erat
3449 2756 3697 2826 impossi-

2113 2841 2471 2906 bile;verum
2519 2842 2660 2896 illius
2694 2843 2869 2911 potius
2920 2843 3241 2912 singularem
3282 2843 3546 2902 admirare
3564 2847 3695 2903 obe-

2112 2931 2388 3000 dientiam,
2414 2932 2554 3002 quod
2580 2946 2700 2987 eum
2728 2933 2887 2987 etiam
2924 2934 3279 2989 miserationis
3305 2934 3496 2989 affectu
3521 2946 3695 2992 retra-

2113 3022 2350 3088 heretur,
2387 3023 2495 3077 Deo
2523 3032 2697 3077 tamen
2730 3039 2833 3076 non
2863 3023 3208 3090 contradixit,
3239 3025 3332 3079 sed
3359 3027 3540 3081 emisit
3565 3041 3688 3082 cum

2115 3113 2224 3167 ﬁlio
2268 3126 2517 3178 matrem,
2568 3129 2824 3184 quorsum
2877 3114 3179 3184 profectura
3223 3125 3368 3171 esset
3422 3119 3686 3173 nesciens.

2115 3204 2399 3259 Tolerabat
2422 3213 2601 3259 autem
2644 3212 2806 3274 atque
2860 3204 3158 3259 sustinebat
3208 3220 3442 3261 mcerens
3476 3224 3490 3261 :
3521 3222 3695 3279 neque

2114 3296 2256 3351 enim
2284 3294 2372 3350 ille
2394 3304 2581 3349 natura
2605 3297 2850 3363 superior
2868 3304 3131 3349 evaserat.

2182 3384 2239 3439 9.
2269 3383 2346 3438 De
2368 3379 2619 3451 sacriﬁcio
2641 3381 2810 3437 Isaac.
2832 3412 2905 3423 —
2928 3384 3041 3438 l-loc
3064 3394 3242 3439 autem
3271 3393 3328 3440 et
3378 3385 3431 3439 in
3460 3385 3696 3455 legitimo

2113 3489 2300 3545 passus
2328 3482 2411 3529 est
2439 3473 2586 3527 filio:
2616 3474 2791 3527 nullus
2809 3474 2951 3527 enim
2978 3490 3100 3529 cum
3128 3488 3233 3529 non
3258 3475 3495 3532 doluisse
3519 3477 3690 3543 dicat,

2113 3580 2286 3635 neque
2336 3572 2558 3634 paterno
2611 3563 2807 3618 all‘ectu
2858 3564 3025 3620 fuisse
3076 3576 3425 3633 commotum,
3456 3584 3524 3624 ne
3567 3568 3692 3625 dum

2114 3656 2255 3709 ultra
2298 3654 2513 3710 modum
2560 3654 2701 3710 illius
2729 3654 3015 3710 ostendere
3065 3656 3251 3711 nititur
3277 3657 3691 3728 philOSOphiam,

2113 3746 2261 3800 illum
2290 3761 2496 3800 summa
2527 3747 2743 3801 laudum
2782 3747 3017 3801 omnium
3047 3747 3237 3816 privet.
3277 3747 3409 3802 Nam
3442 3751 3487 3804 si
3510 3751 3561 3805 in
3599 3752 3695 3806 fla-

2110 3838 2252 3906 gitiis
2280 3838 2601 3906 turpissimis
2621 3837 3005 3907 deprehensos,
3030 3852 3093 3891 ac
3116 3838 3426 3908 longiSsimo
3452 3848 3695 3911 tempore

2112 3931 2214 3983 vita
2230 3930 2448 3999 potitos,
2478 3928 2798 3998 ignotosque
2822 3937 2877 3982 et
2900 3943 3032 3997 quos
3057 3944 3345 3998 numquam
3372 3941 3529 3985 antea
3558 3932 3693 3985 vidi-

2110 4036 2249 4085 mus,
2273 4036 2393 4075 cum
2415 4028 2637 4088 repente
2681 4021 3042 4088 conspicimus
3092 4021 3144 4073 in
3203 4020 3317 4074 foro
3346 4020 3412 4075 ad
3464 4033 3692 4080 mortem

2111 4110 2254 4175 duci,
2283 4108 2647 4165 misericordia
2688 4123 2751 4163 ac
2774 4108 2960 4163 dolore
2988 4107 3319 4176 eonficimur,
3352 4125 3495 4179 saepe
3514 4121 3689 4165 autem

2112 4204 2271 4259 etiam
2297 4204 2716 4274 illaerymamur:
2748 4201 2791 4255 is
2810 4201 2896 4271 qui
2925 4201 3251 4270 unigenitum
3274 4211 3325 4255 et
3352 4203 3688 4259 carissimum

2113 4297 2297 4361 filium,
2332 4295 2420 4365 qui
2449 4304 2645 4363 praeter
2671 4308 2842 4363 spem,
2867 4292 2955 4361 qui
2993 4299 3113 4361 post
3149 4300 3352 4345 tantum
3404 4294 3683 4362 temporis,

2110 4387 2283 4457 quiad
2312 4396 2602 4440 extremam
2634 4391 2962 4438 senectutem
3006 4390 3160 4434 natus
3204 4390 3347 4447 erat,
3380 4380 3495 4436 hre
3539 4381 3680 4435 enim

2110 4480 2286 4533 omnia
2333 4476 2566 4531 excitant
2626 4475 2883 4543 majorem
2933 4472 3137 4527 doloris
3193 4471 3497 4539 ﬂammam,
3543 4473 3687 4527 hunc

2110 4570 2285 4625 adhuc
2305 4569 2557 4639 juvenem
2582 4567 2693 4621 suis
2742 4564 2987 4619 manibus
3026 4572 3263 4618 mactare
3307 4574 3364 4618 et
3406 4563 3693 4619 incendere

2106 4664 2309 4734 jussus,
2333 4661 2465 4715 nihil
2499 4659 2789 4713 humanum
2809 4671 2995 4726 passus
3038 4654 3411 4709 existimetur:
3440 4654 3564 4723 quid
3591 4655 3689 4708 ista

2112 4754 2409 4811 dicentibus
2436 4752 2769 4807 ridiculosius
2792 4749 2815 4801 ?
2838 4747 3074 4816 Namque
3094 4745 3138 4798 si
3167 4744 3299 4812 lapis
3313 4752 3474 4809 esset,
3501 4744 3543 4797 si
3574 4742 3684 4797 fer-

2115 4861 2255 4909 rum,
2284 4843 2328 4897 si
2352 4842 2566 4896 adamas
2582 4839 2830 4908 denique,
2886 4845 3137 4905 possetne
3165 4848 3269 4886 non
3323 4832 3541 4897 molliri,
3575 4848 3681 4886 non

2114 4937 2280 5004 frangi
2303 4936 2367 4988 ad
2385 4934 2633 4988 decorum
2654 4930 2746 4983 lilii
2786 4936 3056 4996 aspectum
3083 4924 3274 4995 ?(erat
3316 4924 3457 4980 enim
3493 4926 3543 4979 in
3573 4925 3692 4995 ipso

2112 5028 2283 5082 mtatis
2303 5025 2454 5094 ﬂore)
2490 5022 2555 5075 ad
2592 5020 2873 5075 verborum
2902 5016 3238 5088 prudentiam
3262 5026 3314 5072 et
3338 5017 3643 5086 religionem
3668 5016 3692 5069 ?

2112 5119 2461 5189 Interrogavit
2487 5125 2710 5187 patrem,
2740 5112 2869 5166 Ecce
2890 5112 3027 5183 ligna
3053 5121 3098 5165 et
3117 5111 3285 5181 ignem
3310 5125 3329 5162 :
3350 5108 3435 5162 ubi
3459 5118 3529 5162 est
3546 5109 3648 5162 ovis
3665 5109 3692 5162 ἲ

2112 5213 2334 5278 audivit,
2366 5211 2501 5264 Deus
2524 5207 2801 5280 providebit
2825 5205 2917 5259 sibi
2945 5220 3084 5259 orem
3123 5203 3174 5256 in
3219 5200 3585 5264 holocaustum,
3611 5200 3689 5268 [ili

2114 5307 2181 5358 mi
2209 5306 2227 5375 (
2253 5303 2381 5359 Gen.
2403 5302 2495 5356 29..
2519 5302 2549 5355 7
2577 5301 2595 5372 )
2626 5318 2638 5354 :
2664 5300 2895 5367 nihilque
2920 5293 3224 5365 perquisivit
3247 5290 3491 5357 amplius.
3519 5290 3677 5359 Aspi-

2116 5401 2290 5455 cicbat
2308 5408 2512 5470 patrem
2541 5411 2597 5449 se
2628 5395 2899 5464 rigantem,
2924 5404 3025 5443 nec
3044 5384 3437 5441 reluctabatur:
3464 5383 3685 5453 imposi-

2119 5504 2202 5548 tus
2252 5506 2381 5563 rogo
2422 5505 2527 5544 non
2574 5485 2845 5542 resiliebat
2880 5480 3109 5551 gladium
3127 5487 3313 5533 contra
3365 5489 3425 5530 se
3470 5475 3688 5537 vibrari,

2121 5600 2290 5654 neqtte
2318 5580 2635 5637 terrebatur.
2656 5574 2789 5642 Quid
2822 5572 2925 5626 hoc
2960 5570 3140 5624 animo
3162 5566 3460 5636 religiosius
3476 5564 3719 5642 iAude-'

2121 5677 2265 5729 hitne
2291 5688 2418 5741 ergo
2441 5671 2715 5742 quisquam
2747 5662 2921 5719 adhuc
2945 5660 3125 5715 dicere
3155 5658 3287 5713 nihil
3314 5658 3365 5711 in
3394 5656 3691 5726 hujusmodi

2121 5767 2366 5822 omnibus
2384 5775 2687 5834 perpessum
2706 5774 2825 5813 esse
2842 5754 3109 5811 Abraham
3128 5752 3152 5805 Ἰ
3169 5751 3223 5807 Si
3240 5751 3379 5805 enim
3401 5746 3691 5809 inimicum,

2123 5860 2165 5913 si
2193 5858 2399 5912 hostem
2427 5851 2801 5908 interfecturus
2840 5855 3003 5909 esset,
3041 5844 3201 5899 etiam
3232 5842 3276 5895 si
3304 5839 3479 5894 bellua
3510 5836 3693 5890 fuisset

2126 5960 2389 6011 immanis,
2422 5957 2546 5996 num
2579 5941 2678 5995 ista
2703 5939 2820 5992 sine
2848 5937 3031 5991 dolore
3052 5937 3409 6004 perpetrasset
3432 5928 3456 5981 ἲ
3481 5926 3593 5981 Non
3616 5936 3694 5979 est

2129 6038 2233 6104 ita,
2264 6051 2367 6090 non
2421 6045 2520 6087 est.
2571 6031 2686 6086 Noli
2736 6029 2933 6083 iustum
2968 6026 3136 6080 virum
3182 6030 3339 6077 tanta:
3374 6017 3701 6074 crudelitatis
