4490 6752
842 516 947 571 ἆΰδ

840 642 1096 696 arguere:
1124 627 1337 683 dolebat
1358 630 1595 699 profecto
1618 639 1775 700 atque
1795 631 2245 700 disrumpebatur.
2268 628 2430 691 Deus,

842 715 1052 781 inquit,
1097 716 1372 787 providebit
1405 721 1499 774 sibi
1546 722 1797 774 victimam
1834 723 1885 774 in
1926 723 2295 789 holocaustum,
2332 725 2428 793 ﬁli.

844 824 881 872 1.;
930 832 971 857 :tr
1039 853 1047 861 .
1078 832 1124 862 ι.;
1156 840 1186 853 -ι
1214 813 1419 868 ratione
1438 815 1596 869 verba
1625 816 1721 869 ista
1746 816 1899 884 plena
1930 816 2097 874 fuisse
2120 819 2432 873 arbitraris?

848 905 899 951 (.«
926 914 1053 952 nux.
1081 905 1086 950 ζ
1117 942 1120 945 .
1148 924 1160 955 ε
1198 925 1252 951 ενι
1283 917 1478 971 tamen,
1509 920 1571 959 ac
1602 906 2090 974 premebatdoloris
2115 910 2242 974 vim,
2274 920 2431 979 atque

848 1003 946 1047 Ista
965 1000 1140 1047 uenia
1160 1017 1218 1046 ea
1244 998 1513 1050 alacritate
1531 998 1898 1067 patrabat,qua
1924 997 2159 1055 facerent
2176 1003 2264 1071 qui
2286 1001 2427 1055 nullo

845 1086 1144 1141 istiusmodi
1196 1089 1575 1157 impedimento
1627 1092 2049 1146 continerentur.
2096 1094 2425 1149 immolatum

839 1174 1041 1230 interea
1075 1177 1237 1230 ﬁlium
1279 1179 1499 1248 (quippe
1536 1179 1821 1235 devotione
1848 1182 1996 1237 illum
2037 1185 2424 1255 immolaverat)

838 1279 1023 1319 sanum
1052 1282 1234 1321 rursus
1261 1278 1419 1338 atque
1447 1270 1768 1327 incolumem
1796 1276 2028 1330 restituit
2056 1278 2213 1332 matri
2236 1296 2247 1331 :
2268 1294 2423 1347 quem

836 1354 924 1409 illa
954 1358 1269 1427 suscipiens,
1291 1368 1574 1429 antequam
1604 1362 1802 1418 affatim
1826 1364 1969 1420 dulci
1990 1376 2115 1421 nato
2138 1368 2421 1435 frueretur,

835 1450 1069 1504 excessit
1110 1466 1141 1506 e
1175 1452 1283 1507 vita
1318 1470 1331 1505 :
1362 1454 1412 1508 id
1450 1454 1597 1524 justo
1640 1456 1713 1510 illi
1761 1458 1993 1512 maximo
2038 1459 2255 1513 maerori
2303 1459 2421 1514 fuit.

844 1536 960 1593 Etsi
1000 1541 1146 1596 enim
1191 1542 1353 1613 longo
1395 1545 1551 1599 simul
1580 1546 1821 1602 vixerant
1852 1558 2127 1619 tempore,
2174 1551 2306 1607 nihil
2347 1563 2425 1608 ta-

836 1643 962 1684 men
990 1633 1308 1700 persuadere
1326 1644 1552 1702 poterat,
1576 1644 1635 1691 ut
1664 1653 1785 1693 eum
1812 1654 1993 1696 casum
2026 1643 2195 1701 levius
2222 1646 2420 1703 ferret:

833 1723 945 1778 imo
975 1740 1104 1780 vero
1147 1726 1248 1782 hoc
1289 1728 1461 1798 ipsum
1489 1732 1749 1801 ampliore
1781 1734 1930 1789 illum
1960 1736 2149 1795 dolore
2172 1741 2425 1797 conﬁcie-

830 1811 940 1867 bat.
972 1812 1211 1886 Namque
1236 1820 1611 1877 consuevimus
1636 1838 1752 1891 eos,
1782 1827 1872 1895 qui
1900 1826 2127 1896 plurimo
2145 1831 2422 1887 nobiscum

830 1911 1075 1974 tempore
1102 1908 1385 1974 vixerunt,
1426 1926 1738 1983 summaque
1777 1918 1988 1972 virtutis
2013 1935 2123 1975 suae
2152 1931 2208 1975 et
2236 1923 2421 1977 amici-

829 1993 919 2048 the
948 1996 1103 2050 nobis
1139 1997 1452 2055 documenta
1485 2002 1740 2059 dederunt
1762 2048 1777 2071 ,
1824 2010 2054 2064 maxime
2089 2012 2323 2067 omnium
2355 2028 2418 2070 ac

831 2097 1047 2139 summo
1076 2086 1341 2142 desiderio
1370 2097 1662 2157 requirere.
1714 2096 1971 2167 Quodque
2000 2100 2099 2155 ista
2126 2103 2204 2158 sic
2225 2118 2284 2157 se
2316 2104 2416 2158 ha-

825 2171 1021 2239 beant,
1075 2175 1187 2243 ipse
1231 2179 1530 2247 patriarcha
1573 2184 1725 2239 nobis
1770 2186 2001 2254 indicat,
2052 2192 2143 2260 qui
2184 2192 2310 2248 fletu
2352 2211 2416 2251 ac

825 2263 1203 2322 lamentatione
1244 2269 1387 2323 illam
1433 2284 1787 2343 prosequutus
1827 2288 1930 2332 est.
1982 2281 2112 2347 Quis
2152 2283 2262 2353 jam
2294 2286 2418 2340 reli-

823 2368 956 2423 quas
980 2370 1135 2409 curas
1165 2372 1451 2415 recensere
1480 2364 1649 2429 possit
1672 2406 1687 2429 ,
1725 2382 1854 2435 quas
1880 2384 1977 2437 pro
2005 2370 2115 2425 ﬁlio
2135 2411 2150 2436 ,
2179 2388 2276 2442 pro
2300 2375 2417 2443 ejus

822 2458 1023 2510 uxore,
1075 2461 1172 2515 pro
1202 2447 1453 2505 fratribus
1479 2452 1619 2508 illius
1647 2460 1919 2526 suscepit,
1960 2462 2168 2530 aliaque
2190 2467 2367 2520 omnia
2398 2482 2414 2521 :

822 2550 943 2603 quae
970 2537 1060 2606 qui
1085 2538 1151 2592 ad
1179 2542 1431 2594 amussim
1477 2544 1819 2601 considerare
1858 2550 2022 2617 velit,
2070 2553 2225 2621 longe
2266 2555 2416 2609 labo-

822 2626 1101 2680 riosiorem
1137 2630 1265 2698 justi
1310 2631 1467 2701 hujus
1509 2635 1702 2701 vitam,
1732 2640 1979 2709 curisque
2007 2646 2411 2701 cumnlatiorem

820 2718 1136 2787 perspiciet,
1170 2736 1327 2790 quam
1354 2723 1468 2793 ejus
1508 2742 1663 2795 quem
1696 2731 1854 2797 paulo
1889 2740 2011 2787 ante
2037 2733 2407 2792 indicavimus.

821 2805 1096 2877 Prtecipua
1141 2812 1282 2864 enim
1326 2823 1528 2869 tantum
1578 2816 1851 2887 Scriptura
1899 2838 2159 2891 narrans,
2216 2839 2407 2883 czetera

821 2899 976 2953 nobis
1001 2901 1175 2955 omnia
1194 2907 1542 2961 examinanda
1569 2911 1802 2981 reliquit,
1832 2930 1950 2983 quze
1971 2916 2158 2971 diebus
2180 2922 2406 2991 singulis

819 2990 1109 3046 verisimile
1156 3004 1238 3048 est
1285 2996 1428 3050 dolui
1473 3001 1815 3069 contingere,
1872 3005 1962 3059 ubi
2007 2990 2285 3064 servorum
2328 3021 2411 3066 est

820 3081 1132 3148 multitudo,
1175 3086 1287 3148 vir,
1340 3103 1503 3153 uxor,
1548 3104 1613 3142 ac
1642 3093 1769 3156 lilii,
1812 3095 2204 3167 multarumque
2230 3117 2409 3156 rerum

818 3186 942 3223 citra
969 3186 1033 3227 ac
1061 3174 1383 3229 sollicitudo.
1408 3177 1480 3230 ita
1510 3195 1659 3245 sane,
1686 3181 1911 3250 inquies,
1942 3186 2035 3240 sed
2066 3188 2137 3241 illi
2160 3191 2407 3246 solatium

817 3260 1018 3315 ferebat
1046 3263 1097 3316 iu
1126 3266 1347 3335 singulis
1373 3268 1674 3337 hujusmodi
1710 3274 1980 3342 adversis,
2011 3280 2152 3346 quo'l
2195 3293 2411 3351 propter

820 3351 983 3403 Deum
1030 3353 1116 3406 illa
1147 3357 1323 3409 omnia
1354 3367 1639 3425 pateretur.
1695 3362 1761 3416 Et
1798 3373 1848 3417 te
1888 3366 2059 3434 ipsum
2094 3368 2253 3437 igitur
2277 3374 2405 3426 illud

814 3444 1199 3499 consolabitur.
1253 3447 1438 3503 Nullus
1484 3454 1624 3505 enim
1668 3455 1902 3522 profecto
1924 3499 1939 3523 ,
1974 3461 2072 3513 nisi
2108 3463 2244 3517 Deus
2266 3505 2279 3528 ,
2311 3466 2403 3519 tibi

815 3534 957 3591 hanc
986 3537 1169 3592 inferri
1195 3544 1538 3595 tentationvm
1574 3547 1830 3611 permisit.
1852 3548 1981 3601 Nam
2014 3553 2058 3605 si
2088 3568 2186 3608 nec
2213 3570 2402 3621 porcos

813 3626 1031 3695 quidem
1087 3630 1338 3684 ῘιιγηάεΤυ
1380 3636 1688 3701 ιετειμιῑμὶηιῑ
1734 3637 2006 3694 daemones
2045 3644 2157 3696 ausi
2209 3645 2404 3699 fuerint

820 3715 1029 3785 (Matth.
1053 3720 1101 3772 8.
1130 3720 1213 3774 50,
1243 3740 1425 3789 suum},
1452 3742 1547 3777 εεμς
1578 3728 1721 3793 ξιιλὲηδ
1747 3728 2202 3798 illej’icrmittcret,
2234 3737 2404 3791 multo

814 3807 993 3861 minus
1022 3815 1304 3878 pretiosam
1334 3830 1455 3867 anu
1484 3831 1579 3868 fugi.
1622 3818 1769 3872 “Sicut
1814 3821 1972 3890 igitur
2010 3824 2124 3879 viro
2160 3826 2233 3881 illi
2259 3828 2400 3898 quod

812 3895 1021 3952 fortiter
1067 3919 1238 3955 ornat:
1285 3916 1338 3957 et
1386 3922 1505 3957 cum
1547 3916 1838 3976 gratiarum
1880 3915 2087 3969 actione
2118 3917 2316 3981 ferret.
2349 3922 2400 3975 id

813 3989 1033 4042 multam
1063 3993 1281 4045 contulit
1312 3998 1632 4061 inuictulcm,
1662 4000 1732 4051 ita
1758 4003 1923 4068 pariet
1949 4013 2001 4057 et
2028 4006 2140 4067 tibi.
2170 4009 2213 4060 si
2244 4010 2401 4063 modo

814 4094 922 4132 non
950 4083 1180 4150 graviter
1206 4096 1363 4152 atqu:
1392 4086 1727 4151 indignanter
1755 4092 1891 4145 feras
1910 4134 1925 4159 ,
1955 4095 2046 4147 sed
2074 4098 2124 4149 in
2154 4101 2401 4155 omnibus

812 4170 1012 4237 gratias
1052 4188 1176 4239 agas
1205 4175 1622 4230 elementisatno
1652 4180 1781 4233 Deo.
1835 4181 1962 4236 Nam
1994 4194 2047 4238 et
2088 4186 2273 4241 beatus
2300 4189 2400 4245 Joh

809 4274 872 4313 ea
896 4276 1013 4329 qum
1037 4277 1222 4330 passus
1248 4275 1347 4324 cst,
1376 4267 1479 4318 Deo
1505 4270 1841 4335 permittente
1867 4289 2150 4343 perpessus
2171 4289 2252 4331 est
2282 4297 2294 4332 :
2318 4296 2401 4334 co-

810 4354 957 4407 ronis
987 4363 1159 4408 tamen
1190 4372 1293 4410 thn
1323 4359 1441 4412 ideo
1465 4369 1663 4414 tantmn
1686 4363 1914 4419 donatus
1935 4379 2035 4429 est,
2064 4373 2181 4438 quia
2213 4388 2397 4439 passus

809 4454 911 4509 est,
930 4462 1109 4500 verum
1130 4450 1283 4502 eti:.m
1302 4452 1421 4519 quia
1440 4464 1622 4508 contra
1637 4457 1857 4511 adversa
1876 4462 2052 4515 omnia
2071 4462 2217 4517 fortis
2235 4474 2396 4535 atque

812 4540 1122 4594 inviolabile
1153 4545 1412 4609 pa't'slitit;
1441 4547 1869 4619 admiramurque
1888 4554 2033 4607 llilllll
2057 4574 2263 4621 omnes,
2289 4574 2395 4613 non

811 4630 951 4696 quod
979 4632 1210 4695 privatus
1233 4636 1479 4689 omnibus
1508 4652 1535 4690 a
1566 4638 1774 4692 diabolo
1797 4640 1972 4706 fuerit,
2000 4645 2091 4698 sed
2114 4649 2233 4715 quia
2258 4651 2396 4704 inter

814 4715 927 4772 bare
952 4736 1125 4772 (unum
1156 4740 1258 4777 Mitt
1290 4728 1606 4794 peccaverit,
1641 4745 1708 4783 ne
1736 4731 1786 4783 in
1816 4731 1966 4785 labiis
1993 4735 2202 4803 quidem
2228 4741 2356 4791 suis.

885 4811 969 4864 10.
1001 4813 1147 4867 Redit
1176 4817 1241 4869 ad
1270 4821 1553 4886 exemplum
1585 4822 1757 4877 Isaac.
1781 4854 1855 4864 —
1878 4827 2139 4892 Quoniam
2172 4845 2298 4884 vero
2328 4831 2393 4885 dc

811 4901 914 4957 Job
948 4909 1271 4961 intentionem
1304 4910 1433 4975 feri,
1479 4913 1666 4967 vellem
1694 4917 1907 4984 quidem
1937 4919 2091 4989 longa
2123 4921 2288 4991 ipsius
2317 4925 2393 4977 la-

812 5005 1012 5062 menta,
1042 5001 1454 5071 passionumqne
1474 5005 1858 5064 vehementiam
1891 5017 2133 5085 persequi
2168 5036 2179 5070 :
2207 5033 2390 5073 verum

811 5102 878 5141 ne
904 5090 1157 5157 prolixior
1182 5092 1303 5155 sim,
1336 5095 1401 5147 ad
1429 5093 1573 5151 Isaac
1603 5099 1782 5155 redeo.
1818 5103 1979 5159 [‘orro
2006 5110 2048 5160 si
2073 5110 2222 5177 cupis
2251 5111 2390 5165 illius

809 5180 987 5233 omnia
1014 5180 1319 5251 diligentius
1346 5186 1622 5242 addiscere
1647 5232 1659 5252 ,
1703 5191 1891 5247 librum
1937 5196 2104 5265 ipSum
2139 5201 2188 5252 in
2215 5203 2386 5255 mani-

810 5268 908 5320 bus
939 5284 1176 5331 sumens.
1208 5275 1387 5342 aspice
1420 5277 1468 5329 in
1498 5280 1747 5349 abyssum
1778 5283 2087 5340 altissimam
2116 5291 2388 5346 calamita-

811 5366 921 5411 tum
954 5361 1079 5428 viri,
1127 5364 1513 5437 plurimumque
1554 5371 1622 5423 ibi
1667 5374 2084 5429 consolationem
2125 5380 2382 5437 invenies.

808 5449 1017 5517 Quanto
1042 5457 1183 5509 enim
1215 5458 1399 5511 melior
1424 5460 1595 5527 justus
1638 5463 1725 5517 ille
1763 5477 1842 5520 est
1888 5484 2043 5535 quam
2086 5486 2210 5536 nos,
2241 5484 2386 5528 tanto

807 5547 1060 5614 majorem
1093 5549 1194 5601 vim
1227 5555 1627 5622 expugnandam
1660 5558 1861 5619 habuit,
1899 5576 2068 5629 eoque
2096 5564 2383 5619 vehemen-

805 5640 906 5694 tius
934 5653 1113 5696 contra
1143 5644 1289 5698 illum
1316 5655 1439 5700 tunc
1467 5651 1818 5719 nequissimus
1848 5654 1934 5708 ille
1960 5659 2252 5712 concitatus
2279 5671 2380 5715 est.

799 5730 1063 5788 Ca‘terum
1116 5747 1264 5791 recte
1308 5736 1441 5793 facta
1475 5756 1577 5795 non
1608 5754 1709 5796 tam
1753 5748 2101 5802 tcutationum
2135 5768 2376 5817 numero,

797 5838 952 5892 quam
984 5842 1159 5881 rerum
1199 5828 1391 5886 virtute
1419 5834 1766 5889 mstimantur.
1824 5837 2001 5908 itaque
2029 5843 2125 5895 etsi
2160 5843 2378 5897 inferius

793 5912 934 5970 istud
962 5929 1230 5976 certamen
1260 5931 1375 5990 cst,
1408 5922 1535 5979 nihil
1567 5924 1614 5978 id
1645 5936 1757 5983 tuas
1792 5944 2014 5986 coronas
2055 5936 2245 6004 poterit
2279 5938 2375 5991 mi-

1587 520 1643 577 S.
1682 518 1961 579 JOANNIS
1997 514 2472 584 CHRYSOSTOMl
2510 515 2834 580 ARCHIEP.
2875 524 3407 593 CONSTANTINOP.

4022 547 4130 602 ιω

2540 644 2705 684 nuere
2732 648 2745 684 :
2779 648 2903 688 nam
2928 647 2982 690 et
3004 640 3049 693 is
3075 644 3161 711 qui
3192 644 3297 697 duo
3328 645 3523 699 talenta
3550 646 3759 713 obtulit.
3790 654 3919 709 nihil
3949 659 4131 714 minus

2542 721 2739 788 retulit,
2772 739 2929 792 quam
2962 729 3006 781 is
3031 734 3118 799 qui
3145 735 3408 791 obtulerat
3430 738 3678 808 quinque.
3706 739 3817 794 Cur
3845 743 3935 796 id?
3965 750 4125 812 Quia,

2540 815 2639 868 etsi
2666 832 2769 871 non
2801 817 2938 872 idem
2967 836 3277 893 proventus,
3306 831 3490 885 eadem
3519 842 3693 888 tamen
3722 834 3969 892 alacritas
3998 843 4121 900 fuit.

2536 907 2795 972 Quocirca
2840 922 2892 966 et
2932 914 3122 969 eodem
3171 919 3374 978 honore
3416 937 3635 996 uterque
3657 927 3848 995 potitus
3871 942 3988 995 est,
4021 951 4126 988 an-

2536 997 2689 1053 dicns
2724 1019 2735 1054 :
2766 1001 2913 1057 Intra
2937 1005 2987 1057 in
3024 1008 3265 1075 gaudium
3304 1012 3514 1069 Domini
3543 1020 3615 1072 tui
3641 1019 3849 1088 (Matth.
3880 1022 3969 1076 2’5.
3998 1026 4121 1095 2i).

2534 1090 2671 1153 Quid
2694 1108 2823 1163 ergo
2852 1094 3035 1151 Isaac?
3073 1098 3561 1170 Peregrinationem
3588 1112 3795 1180 quidem
3828 1113 3968 1168 illaut
4001 1090 4126 1171 Ion.

2531 1180 2804 1247 gissimam
2857 1188 3036 1245 subire
3080 1194 3325 1260 exemplo
3384 1202 3551 1264 patris
3611 1212 3908 1274 terramque
3960 1226 4118 1263 suam

2530 1269 2904 1342 derelinquere
2944 1291 3158 1338 coactus
3203 1301 3305 1338 non
3336 1296 3451 1351 est;
3484 1293 3577 1345 sed
3619 1297 3774 1363 plane
3801 1316 4119 1368 supremum

2531 1360 2791 1416 malorum
2824 1370 3062 1425 omnium
3088 1377 3200 1443 ipse
3226 1378 3512 1445 sustinuit,
3544 1393 3744 1439 metum
3783 1392 4007 1459 scilicet,
4048 1410 4121 1451 ne

2529 1453 2644 1507 sine
2694 1455 2875 1511 liberis
2920 1461 3228 1522 decederet.
3280 1469 3466 1525 Postea
3513 1489 3640 1527 vero
3672 1492 3827 1545 quam
3867 1500 3963 1549 per
3991 1502 4121 1539 ora-

2531 1547 2727 1601 tionem
2754 1564 2819 1602 eo
2861 1562 3005 1606 metu
3052 1556 3305 1616 liberatus
3344 1573 3423 1618 est
3449 1606 3464 1633 ,
3514 1567 3647 1620 alius
3686 1574 3938 1628 continuo
3986 1593 4116 1631 eum

2530 1642 2737 1710 excepit
2767 1642 2927 1697 timor
2955 1644 3113 1717 longe
3155 1654 3346 1721 major.
3400 1656 3579 1727 Neque
3604 1661 3742 1713 enim
3791 1678 3884 1730 par
3930 1678 4115 1721 metus

2530 1740 2610 1784 cst
2641 1747 2737 1800 pro
2762 1736 3002 1803 conjugis
3028 1740 3311 1797 sterilitate
3330 1788 3345 1811 ,
3386 1757 3438 1802 et
3468 1764 3565 1818 pro
3597 1751 3769 1806 radice
3799 1752 3905 1821 ipsa
3942 1758 4114 1826 trepi-

2528 1821 2676 1876 dare.
2708 1823 2795 1879 Sic
2832 1828 2971 1879 enim
3008 1838 3193 1897 partus
3234 1834 3509 1892 doloribus
3546 1839 4003 1911 disrumpebatur,
4051 1858 4113 1899 ut

2529 1914 2632 1966 vita
2660 1925 2828 1967 morte
2850 1918 2992 1970 omni
3023 1919 3096 1972 illi
3122 1933 3261 1978 esset
3284 1929 3549 1982 acerbior.
3596 1932 3661 1985 Et
3687 1933 3785 1988 hoc
3817 1934 3984 2002 ipsam
4010 1952 4113 1989 au-

2524 2003 2637 2057 dias
2668 2006 2791 2060 licet
2814 2008 3079 2064 dicentem
3115 2030 3130 2067 :
3157 2013 3221 2068 Si
3246 2018 3371 2070 milii
3398 2021 3469 2072 ita
3485 2025 3710 2090 futurum
3735 2036 3858 2089 erat,
3888 2028 3956 2080 ad
3982 2030 4112 2096 quid

2523 2088 2648 2140 mihi
2687 2090 2848 2145 vivere
2879 2092 3029 2161 (Gen.
3058 2096 3149 2150 25.
3180 2098 3319 2166 22)?
3367 2088 3546 2160 Famis
3580 2120 3757 2164 autem
3784 2088 3853 2165 et
3875 2113 3972 2165 iste
3994 2088 4108 2167 ἐχ-

2523 2180 2873 2248 perimentum
2918 2188 3087 2256 cepit,
3131 2194 3231 2245 etsi
3278 2208 3383 2248 non
3427 2207 3484 2250 ut
3528 2208 3677 2266 pater
3720 2203 3772 2257 in
3812 2203 4105 2275 Egyptian

2522 2269 2797 2326 descendit
2829 2291 2841 2326 :
2872 2276 2965 2330 sed
2996 2279 3135 2345 quod
3166 2280 3253 2336 ille
3276 2299 3404 2338 vere
3432 2286 3482 2339 in
3510 2286 3745 2359 Egypto
3773 2269 4014 2360 pertulit,
4049 2307 4108 2349 et

2524 2358 2623 2415 iste
2653 2364 2753 2430 pati
2779 2366 3172 2432 periclitabatur
3194 2413 3209 2435 ,
3251 2390 3476 2431 uxorem
3518 2358 3723 2437 scilicet
3742 2358 4003 2441 amittere.
4036 2389 4108 2442 Et

2524 2458 2727 2518 patrem
2778 2456 2991 2523 quidem
3020 2463 3412 2519 venerabantur
3452 2468 3656 2524 ﬁnitimi
3686 2487 3873 2529 omnes
3894 2518 3908 2542 ,
3961 2477 4105 2533 hunc

2522 2556 2650 2593 vero
2680 2558 2785 2597 non
2828 2560 2984 2601 secus
3027 2559 3185 2618 atque
3234 2554 3506 2610 inimicum
3533 2570 3586 2614 et
3631 2562 3837 2619 hostem
3868 2571 4105 2637 exagita-

2519 2628 2665 2693 bant,
2694 2648 2867 2701 neque
2894 2638 3118 2704 propriis
3139 2640 3286 2694 illum
3311 2643 3577 2700 laboribus
3594 2652 3791 2717 perfrui
3816 2628 4057 2712 sinebant
4084 2677 4101 2724 ;

2517 2735 2700 2775 verum
2748 2738 2869 2779 cum
2914 2726 3061 2780 illum
3107 2733 3365 2798 angustiis
3411 2736 3641 2806 undique
3691 2746 4100 2813 concluderent,

2518 2808 2740 2865 licenter
2758 2812 2854 2881 ipsi
2884 2815 3150 2871 laboribus
3170 2821 3334 2889 ipsius
3361 2821 3691 2882 fruebantur.
3715 2831 3949 2889 Tandem
3970 2808 4103 2893 vero

2515 2915 2635 2954 cum
2666 2903 2766 2957 sibi
2815 2904 2936 2959 illos
2964 2909 3167 2964 amicos
3193 2922 3377 2967 nactus
3400 2925 3583 2983 esset,
3615 2918 3857 2991 ﬁliosque
3882 2926 4101 2983 adultos

2515 3002 2798 3059 cerneret,
2847 3004 2972 3051 tunc
3000 3010 3170 3065 certe,
3196 3011 3323 3057 tunc
3350 3007 3559 3074 quando
3588 3024 3849 3066 summam
3878 3029 3937 3069 se
3959 3033 4099 3071 con-

2518 3086 2827 3141 solationem
2851 3091 3187 3147 inventurum
3210 3098 3476 3165 sperabat,
3499 3102 3833 3175 optimosque
3856 3122 4101 3163 senectu-

2520 3176 2585 3229 tis
2624 3193 2732 3231 sua:
2761 3190 3039 3236 curatores
3077 3182 3378 3241 habiturum
3404 3229 3419 3253 ,
3472 3191 3523 3244 in
3563 3206 3866 3261 supremum
3890 3201 4100 3254 corruit

2518 3281 2824 3322 maerorem.
2883 3271 3119 3327 Primum
3148 3276 3289 3330 enim
3335 3279 3505 3349 major
3542 3293 3668 3337 natu
3702 3284 3837 3340 ﬁlius
3867 3305 4096 3346 uxorem

2518 3358 2618 3411 sibi
2664 3360 3017 3430 alienigenam
3062 3374 3249 3421 contra
3292 3371 3458 3436 patris
3487 3382 3664 3427 votum
3708 3378 3881 3445 cepit,
3932 3390 3988 3433 et
4023 3392 4098 3436 eo

2513 3448 2629 3516 ipso
2664 3452 2807 3519 quod
2857 3469 3085 3523 pugnam
3114 3465 3167 3511 et
3208 3458 3403 3513 bellum
3435 3462 3487 3515 in
3525 3463 3736 3520 domum
3769 3468 4097 3524 introduxis-

2511 3548 2611 3605 set,
2655 3541 2801 3595 illum
2828 3558 3035 3598 summa
3061 3556 3114 3600 et
3144 3548 3445 3606 incredibili
3473 3553 3521 3606 vi
3552 3554 3749 3610 doloris
3776 3557 3967 3612 aﬁ‘ecit.
4004 3561 4094 3613 ln-

2513 3632 2745 3685 nnmeris
2764 3633 2904 3687 enim
2933 3635 3085 3691 malis
3111 3638 3367 3695 mulieres
3392 3641 3498 3697 illa:
3525 3658 3738 3699 soceros
3753 3647 4051 3704 afﬁciebant
4072 3668 4089 3703 :

2510 3738 2627 3791 qum
2671 3724 2849 3778 omnia
2899 3725 3171 3795 Scriptura
3214 3730 3497 3797 devitans,
3546 3749 3653 3787 uno
3699 3737 3857 3791 verbo
3894 3751 4091 3796 cuncta

2510 3814 2770 3885 signavit,
2825 3832 2945 3872 cum
2992 3818 3243 3875 diceret:
3283 3822 3410 3875 Cum
3459 3822 3685 3877 Rebecca
3728 3830 4090 3886 contendebant

2512 3908 2639 3977 (Id.
2668 3909 2757 3962 26.
2783 3910 2898 3979 55)
2929 3928 2942 3964 :
2975 3912 3293 3983 reliquitque
3335 3915 3387 3968 id
3434 3916 3631 3970 dictum
3677 3919 3754 3972 eis
3794 3920 4092 3990 intelligen-

2508 4002 2633 4055 dum
2654 4044 2668 4065 ,
2716 4002 2805 4073 qui
2854 4002 3044 4058 domos
3075 4005 3270 4061 habent
3296 4022 3358 4061 ac
3387 4008 3528 4062 ﬁlios
3560 4010 3670 4078 jam
3700 4021 3966 4067 uxoratos.
4008 4014 4088 4071 Illi

2509 4092 2650 4146 enim
2700 4094 2929 4149 maxime
2966 4097 3202 4150 omnium
3246 4110 3511 4153 noverunt
3556 4112 3815 4170 quantum
3863 4105 3984 4157 mali
4015 4107 4089 4160 sit

2507 4192 2868 4254 quantumque
2911 4186 3253 4254 detrimenti,
3306 4191 3351 4244 si
3395 4206 3582 4247 socrus
3612 4203 3664 4247 et
3704 4209 3868 4249 nurus
3899 4207 4087 4251 mutuo

2508 4275 2746 4328 rixentur
2772 4317 2785 4340 ,
2832 4276 2988 4346 idque
3015 4287 3141 4334 tunc
3167 4282 3397 4335 maxime
3417 4322 3430 4344 ,
3481 4297 3601 4336 cum
3632 4284 3801 4337 amba:
3842 4286 4084 4341 eamdem

2507 4365 2801 4421 inbabitent
2830 4368 3067 4422 domum.
3120 4370 3231 4424 lloc
3259 4380 3433 4424 autem
3458 4373 3580 4441 juge
3610 4374 3712 4427 illis
3737 4384 3849 4428 erat
3878 4376 4050 4431 incom

2506 4457 2740 4511 modum.
2776 4459 2857 4512 Ad
2888 4459 3001 4512 haec
3032 4460 3105 4512 illi
3136 4462 3350 4529 gravior
3376 4476 3584 4531 quoque
3608 4464 3849 4518 molestia
3876 4466 4085 4535 adjecta

2504 4558 2603 4613 est,
2632 4550 2845 4603 cmcitas
2872 4550 3096 4613 scilicet,
3125 4568 3241 4620 qnze
3263 4554 3555 4621 eujusmodi
3577 4556 3663 4620 sit,
3684 4557 3758 4609 illi
3790 4557 3885 4611 soli
3907 4559 4087 4615 sciunt

2502 4642 2592 4710 qui
2623 4643 2911 4711 patiuntur.
2956 4645 3219 4699 Pin-terea
3245 4646 3370 4700 dum
3401 4648 3737 4706 benediceret
3768 4652 3918 4720 ﬁliis,
3946 4668 4083 4708 con-

2505 4742 2580 4786 tra
2611 4750 2767 4803 quam
2800 4736 3053 4804 volebat,
3098 4740 3282 4793 matris
3317 4752 3433 4796 astu
3462 4752 3515 4797 et
3549 4753 3664 4800 arte
3696 4747 3952 4801 minorem
3985 4764 4083 4817 pro

2502 4825 2701 4893 majore
2730 4828 3003 4882 benedixit
3033 4845 3046 4882 :
3075 4844 3175 4897 qua
3204 4831 3254 4884 in
3286 4848 3343 4887 re
3373 4834 3443 4887 ita
3471 4835 3728 4902 indoluit,
3758 4847 3815 4892 ut
3845 4843 4081 4895 amarius

2500 4931 2655 4984 quam
2702 4920 2747 4973 is
2783 4921 2871 4989 qui
2920 4935 3106 4988 passus
3141 4919 3313 4977 fuerat
3351 4925 3643 4993 clamaret,
3693 4940 4081 4999 excusaretque

2499 5008 2874 5077 ignorantiam,
2897 5011 3037 5078 quod
3064 5025 3167 5065 non
3194 5013 3343 5068 illum
3363 5017 3538 5073 sciens
3552 5018 3920 5075 benedictione
3940 5021 4081 5075 frau-

2497 5099 2693 5164 dasset,
2726 5118 2911 5155 verum
2933 5103 3344 5161 circumventus.

2567 5191 2756 5263 (Ε’άὶρὶ
2794 5195 2929 5262 ﬁlios
2965 5194 3213 5265 intelligit.
3244 5227 3314 5237 —
3342 5197 3465 5254 llaec
3493 5208 3671 5254 autem
3699 5200 3873 5255 omnia
3901 5214 4077 5255 scena:

2496 5288 2802 5355 tragoediam
2829 5287 3194 5356 praeferebant,
3218 5288 3549 5360 fabulamque
3568 5291 3936 5346 Thebanorum
3953 5292 4080 5346 ador

2494 5378 2801 5433 lescentium
2843 5377 3141 5447 signabant.
3168 5379 3300 5434 Nam
3335 5390 3389 5435 et
3429 5382 3515 5437 hic
3553 5383 3713 5436 etiam
3748 5391 4071 5440 senectutem

2492 5470 3005 5538 occaecationemque
3033 5471 3196 5538 patris
3223 5473 3395 5541 major
3418 5483 3545 5527 natu
3575 5478 3922 5525 contemnens
3940 5517 3955 5541 ,
3986 5477 4070 5545 ju-

2492 5562 2695 5615 niorem
2752 5560 2970 5615 fratrem
3029 5562 3329 5619 deturbavit
3382 5569 3563 5617 domo.
3616 5564 3680 5617 Et
3725 5565 3769 5618 si
3822 5582 3924 5621 non
3980 5570 4072 5625 ille

2493 5653 2715 5713 necavit,
2751 5652 2803 5707 id
2843 5655 3026 5709 matris
3076 5656 3349 5726 impedivit
3396 5654 3656 5724 sapientia
3689 5674 3703 5711 :
3731 5668 3780 5713 et
3812 5660 3895 5715 hic
3922 5662 4065 5714 enim

2488 5748 2841 5803 comminatus
2852 5750 3162 5817 estczedem,
3184 5749 3450 5818 patrisque
3467 5758 3689 5806 mortem
3706 5753 4067 5822 operiebatur.

2488 5841 2637 5907 Quod
2667 5858 2784 5897 cum
2813 5854 2981 5898 mater
3003 5853 3155 5898 cauta
3184 5841 3474 5907 didicisset,
3509 5847 3746 5917 patrique
3774 5847 4058 5916 retulisset,

2490 5934 2633 5989 illum
2669 5935 2782 6007 ejus
2816 5937 3060 5992 manibus
3102 5933 3294 6005 eripuit
3320 5934 3428 6009 (Id.
3466 5936 3552 5993 27.
3590 5938 3773 6005 42—56)
3810 5954 3825 5993 :
3856 5948 4055 5993 etcum
