4490 6736
357 542 463 599 1.(ἷὸ

358 656 570 729 quidem
609 660 695 729 qui
736 675 793 713 sc
831 655 1180 713 venerabatur
1219 645 1610 715 benevolusque
1642 646 1741 701 sibi
1783 655 1934 709 erat,

360 760 604 819 parentes
637 750 769 819 fugae
801 746 1134 803 committere
1172 746 1470 808 coguntur;
1514 738 1808 807 improbum
1844 754 1939 790 auo

360 854 463 895 tem
493 843 579 912 qui
612 842 709 895 sibi
737 852 971 893 amaram
1015 829 1271 885 reddebat
1297 828 1459 881 vitam
1489 828 1624 898 (hoc
1653 830 1794 882 enim
1827 828 1938 895 ipsa

359 933 596 987 [Lbet-ca
644 928 903 996 indicat),
949 922 1088 990 apud
1133 934 1191 973 se
1231 919 1427 988 jugiter
1466 921 1736 974 tenebant.
1777 918 1941 986 Igitur

357 1046 478 1083 cum
514 1030 599 1081 ille
629 1024 934 1092 effugisset,
980 1017 1030 1069 in
1071 1016 1231 1068 domo
1265 1033 1475 1086 semper
1513 1018 1766 1071 educatus
1796 1018 1942 1083 (erat

357 1124 497 1174 enim
542 1121 795 1173 innocms
839 1110 1080 1163 habitans
1128 1109 1304 1174 domi,
1355 1121 1511 1179 atque
1552 1120 1607 1163 ut
1652 1109 1940 1178 plurimmn

358 1228 479 1265 cum
506 1220 671 1263 matre
699 1203 839 1257 domi
869 1202 1180 1269 manserat),
1206 1203 1395 1271 quibus
1426 1204 1689 1263 lamentis,
1718 1214 1822 1268 quo
1849 1197 1945 1249 do-

361 1307 499 1365 Iure,
530 1317 632 1369 quo
670 1296 868 1366 gemitu
912 1293 1205 1348 Rebeccam
1247 1296 1353 1364 jam
1394 1295 1533 1348 affici
1566 1306 1785 1347 necesse
1816 1289 1939 1355 fuit,

362 1392 726 1447 recordantem
758 1400 969 1453 semper
992 1386 1104 1447 filii,
1132 1387 1406 1455 virumque
1434 1387 1747 1442 intuentem,
1773 1389 1828 1433 et
1852 1396 1945 1447 per

360 1494 567 1538 {etatem
597 1489 650 1534 et
690 1494 781 1546 per
818 1477 1171 1531 infirmitatem
1199 1480 1364 1532 nihilo
1395 1478 1612 1530 meliore
1640 1474 1944 1527 conditione

360 1590 516 1645 quam
557 1569 860 1625 mortuum?
886 1570 1084 1635 Quibus
1112 1570 1238 1624 item
1280 1569 1507 1623 luetibus
1540 1580 1724 1619 senem
1753 1564 1943 1618 deten-

363 1680 470 1721 tum
505 1676 654 1736 putas
689 1664 813 1715 dum
850 1677 1155 1717 communes
1182 1678 1305 1717 suas
1332 1671 1383 1715 et
1410 1658 1590 1712 uxoris
1616 1657 1945 1710 calamitates

362 1762 489 1816 ﬂere
518 1754 831 1825 cogeretur?
861 1755 991 1808 Cum
1035 1770 1162 1808 vero
1202 1755 1285 1808 illa
1322 1752 1579 1807 moritura
1619 1758 1788 1815 esset,
1817 1751 1941 1817 quid

362 1868 465 1905 non
495 1849 645 1911 dixit,
677 1845 802 1913 quid
832 1861 933 1898 non
964 1846 1174 1915 loquuta
1202 1844 1319 1897 est?
1347 1842 1520 1895 Etiam
1548 1838 1749 1908 lapides
1779 1842 1943 1908 ipsius

361 1941 518 1995 verba
549 1937 860 2005 liquefacere
886 1938 1117 2005 potuisse
1144 1945 1287 2004 puto,
1316 1947 1437 1986 cum
1466 1944 1572 1981 non
1596 1930 1796 1985 videret
1821 1947 1944 2001 pro-

363 2050 426 2101 pe
456 2032 750 2083 adstantem
784 2028 945 2081 filium
972 2070 985 2093 ,
1019 2037 1175 2096 atque
1208 2026 1626 2092 illacrymantem
1654 2022 1941 2091 oculosque

362 2124 459 2177 sibi
490 2120 924 2189 comprimentem
946 2162 958 2183 ,
994 2132 1151 2189 atque
1183 2132 1243 2169 os
1268 2112 1670 2168 contrahentem
1696 2154 1709 2175 ,
1736 2115 1944 2183 aliaque

361 2213 537 2267 omnia
567 2219 840 2279 agentem,
873 2226 988 2280 qure
1017 2206 1324 2280 parentibus
1362 2214 1533 2257 morte
1564 2204 1673 2271 ipsa
1706 2206 1946 2259 videntur

360 2302 621 2372 graviora.
653 2303 719 2355 At
748 2317 874 2356 vero
899 2300 1063 2365 Isaac,
1089 2299 1214 2352 dum
1247 2296 1388 2349 illam
1412 2296 1482 2348 ita
1508 2294 1690 2349 efflare
1716 2297 1944 2351 animam

362 2402 637 2456 cerneret,
670 2409 774 2462 quo
810 2394 990 2447 animo
1028 2391 1189 2445 fuisse
1234 2388 1497 2458 putandus
1538 2396 1619 2442 est
1655 2397 1707 2442 et
1739 2397 1863 2444 tunc
1893 2398 1948 2444 et

363 2492 481 2553 post
511 2484 674 2553 ipsius
705 2484 964 2539 mortem?

435 2578 521 2631 Η.
549 2576 708 2631 Jacob
732 2596 828 2648 quo
860 2589 1005 2648 pacto
1034 2578 1242 2648 afﬂictus
1273 2580 1445 2647 fuerit.
1472 2608 1544 2620 —
1564 2579 1704 2633 Talis
1736 2578 1821 2632 ille
1851 2592 1949 2632 n0-

366 2669 445 2721 bis
472 2668 631 2723 fuisse
657 2680 903 2724 ostensus
932 2680 1042 2734 est,
1076 2686 1231 2739 quem
1270 2671 1445 2724 multis
1474 2671 1632 2726 fuisse
1659 2672 1946 2726 feliciorem

365 2760 697 2828 putabamus.
724 2761 840 2815 Jam
867 2776 991 2814 vero
1014 2760 1178 2813 Iacob
1202 2762 1365 2830 ipsius
1386 2762 1489 2816 vita
1516 2762 1809 2832 cujusmodi
1838 2760 1951 2815 fue-

367 2852 461 2914 rit,
491 2852 689 2921 absque
719 2852 1047 2907 discussiouc
1076 2853 1249 2922 aliqua
1284 2855 1447 2923 ipsius
1475 2856 1631 2909 verba
1669 2854 1899 2909 indicant
1932 2872 1945 2906 :

367 2944 456 3013 qui
498 2960 618 2998 eum
667 2946 995 2999 Pharaonem
1039 2945 1395 3015 alloqucretur
1436 2947 1611 3001 aiebat
1647 2965 1659 3001 :
1697 2946 1818 3000 Dies
1855 2948 1951 3000 mei

369 3036 511 3103 ναῖ’ιοί
544 3045 590 3087 et
619 3036 740 3089 muli
759 3078 775 3102 ,
806 3046 852 3088 et
881 3053 980 3088 non
1010 3048 1331 3103 pervenerunt
1360 3040 1427 3091 ad
1452 3039 1557 3092 dies
1585 3048 1784 3106 patrum
1811 3054 1951 3089 ntea-

368 3143 479 3179 rum
513 3126 669 3197 (Cen.
698 3128 787 3181 47.
815 3126 887 3196 9)
917 3145 931 3181 :
962 3129 1062 3180 hoc
1091 3138 1190 3193 est,
1222 3139 1275 3184 et
1301 3129 1599 3184 breviorem
1638 3139 1692 3183 et
1724 3128 1954 3182 laborio-

369 3218 564 3270 siorem
596 3218 699 3271 vixi
744 3219 926 3271 vitam.
962 3218 1155 3273 Verum
1185 3228 1239 3273 et
1272 3220 1471 3285 absque
1512 3219 1611 3274 hac
1652 3220 1791 3273 illius
1828 3234 1955 3274 scu-

371 3310 531 3362 tentia
580 3308 648 3363 ita
702 3318 827 3364 sunt
874 3321 1072 3379 apertae
1117 3312 1446 3367 calamitates
1493 3312 1646 3381 ejus,
1696 3321 1756 3367 ut
1803 3312 1955 3381 pauci

370 3399 651 3452 admodum
679 3401 783 3454 sint
813 3402 900 3471 qui
934 3402 1048 3455 illas
1079 3403 1336 3457 nesciant.
1370 3407 1515 3457 Avus
1550 3417 1780 3471 namque
1807 3401 1953 3471 ejus,

370 3490 468 3543 etsi
501 3491 836 3560 longinquam
868 3494 1346 3562 peregrinationem
1388 3510 1635 3549 emensus
1662 3505 1776 3559 est,
1802 3494 1952 3562 jussu

374 3580 464 3634 Dei
506 3580 606 3634 hoc
642 3582 797 3649 fecit,
834 3599 951 3652 qua:
986 3599 1072 3638 res
1102 3585 1334 3638 maximo
1360 3585 1460 3655 ipsi
1490 3584 1680 3638 solatio
1707 3583 1837 3647 fuit;
1873 3583 1957 3637 hic

372 3683 546 3727 autem
592 3675 807 3730 fratrem
848 3676 1053 3747 fugiens
1092 3677 1465 3743 insidiantem,
1509 3676 1957 3746 parricidiumque

373 3764 734 3829 meditantem,
768 3781 1004 3821 summos
1034 3768 1240 3822 itineris
1269 3768 1480 3823 labores
1509 3783 1697 3838 passus
1724 3776 1805 3822 cst
1833 3785 1845 3820 :
1873 3776 1957 3821 at-

372 3872 475 3925 que
506 3857 592 3911 ille
622 3858 831 3927 quidem
870 3860 1172 3913 necessario
1201 3860 1339 3913 victu
1374 3874 1666 3930 numquam
1697 3860 1956 3930 indiguit;

377 3946 498 4000 huic
528 3962 653 3999 vero
684 3948 735 4001 in
762 3958 886 4002 voto
914 3958 1057 4015 erat,
1090 3949 1402 4004 indumento
1437 3966 1498 4005 ac
1536 3966 1671 4020 pane
1708 3952 1824 4005 solo
1854 3967 1961 4007 non

377 4037 629 4106 indigere.
658 4038 908 4093 Servatus
928 4050 1127 4106 autem,
1151 4051 1307 4111 atque
1334 4041 1539 4097 itineris
1564 4042 1963 4112 fatigationibus

378 4129 531 4197 liber,
562 4147 681 4184 cum
709 4132 921 4187 tandem
948 4132 1010 4187 ad
1044 4132 1231 4188 affines
1254 4148 1384 4189 suos
1414 4134 1764 4204 pervenisset,
1793 4136 1881 4204 qui
1910 4134 1961 4189 in

377 4229 519 4273 tanta
554 4238 732 4276 rerum
767 4224 917 4293 cepia
957 4226 1184 4278 nutritus
1215 4224 1386 4281 fuerat
1424 4225 1625 4279 servire
1655 4227 1960 4296 cogebatur.

378 4310 489 4363 Non
521 4312 729 4381 ignoras
759 4326 935 4369 autem
966 4316 1275 4369 servitutem
1297 4358 1311 4381 ,
1343 4333 1463 4371 cum
1501 4332 1712 4384 semper
1738 4316 1961 4370 molesta

378 4401 467 4465 sit,
496 4414 605 4456 tum
635 4406 862 4459 maxime
888 4406 1051 4461 videri
1079 4408 1532 4472 molestissimam,
1554 4422 1673 4461 cum
1700 4408 1819 4476 quis
1844 4422 1965 4475 pro-

380 4492 588 4561 pinquis
616 4509 679 4548 ac
705 4498 917 4563 paribus
942 4499 1143 4554 servire
1169 4500 1394 4571 cogitur,
1425 4500 1579 4569 idque
1605 4514 1723 4553 cum
1750 4499 1865 4568 ejus
1890 4501 1962 4554 rei

381 4600 668 4655 numquam
721 4590 1013 4656 periculum
1062 4592 1281 4658 fecerit,
1328 4594 1423 4648 sed
1469 4594 1702 4663 priorem
1752 4608 1964 4646 omnem

380 4687 591 4731 (etatem
624 4677 674 4730 in
715 4678 956 4733 libertate
990 4695 1051 4735 ac
1087 4682 1289 4737 deliciis
1318 4685 1504 4755 egerit.
1545 4682 1696 4751 Quod
1726 4697 1845 4737 cum
1886 4682 1969 4736 in-

381 4772 658 4827 tolerabile
685 4786 802 4826 esse
829 4772 1117 4840 videretur,
1148 4775 1268 4829 forti
1293 4786 1466 4832 tamen
1491 4787 1543 4831 et
1572 4791 1764 4847 magno
1788 4776 1968 4830 animo

385 4866 608 4921 ferebat.
650 4866 816 4921 Porro
846 4866 970 4934 quid
1006 4884 1362 4922 mrumnarum
1393 4870 1445 4923 in
1473 4871 1577 4923 vita
1619 4870 1704 4923 illa
1744 4884 1837 4922 sua
1871 4884 1967 4936 pa-

385 4958 567 5013 storali
598 4972 781 5027 passus
822 4958 925 5022 sit,
960 4957 1128 5026 ipsum
1158 4960 1343 5012 audias
1375 4960 1497 5014 licet
1522 4962 1784 5015 dicentem
1817 4977 1829 5013 :
1857 4958 1969 5028 Ego

387 5050 729 5121 pcrsolvrbmn
762 5066 795 5101 a
836 5050 1026 5117 mcipso
1068 5053 1204 5119 furta
1242 5050 1343 5104 diei
1385 5061 1432 5104 et
1470 5054 1606 5122 furta
1648 5053 1805 5105 noctis
1834 5067 1853 5104 :
1882 5067 1973 5120 per

388 5144 518 5195 diem
545 5143 724 5195 urebar
749 5150 873 5194 wstu
893 5182 908 5205 ,
939 5149 984 5193 et
1020 5153 1161 5193 nocte
1200 5143 1349 5210 gelu,
1376 5143 1732 5209 recedebatque
1767 5159 1973 5196 somnus

390 5234 449 5285 ab
477 5235 635 5288 oculis
660 5234 779 5287 meis
806 5249 826 5287 :
851 5234 946 5285 ista
972 5232 1091 5284 mihi
1114 5234 1314 5302 fuerunt
1360 5234 1506 5285 anuis
1547 5235 1723 5304 viginti
1744 5233 1853 5305 (Id.
1879 5235 1968 5288 '51.

390 5325 607 5393 39-41).
641 5326 764 5379 llmc
792 5325 881 5379 ille
930 5337 1116 5395 passus
1144 5332 1255 5388 est,
1286 5326 1373 5393 qui
1399 5324 1563 5377 vitam
1599 5327 1802 5379 vixerat
1840 5326 1972 5379 sim-

390 5415 606 5483 plicem,
634 5420 720 5487 qui
753 5433 964 5488 semper
992 5417 1161 5470 fuerat
1187 5416 1349 5471 domi.
1380 5417 1611 5487 Postque
1637 5427 1715 5472 tot
1739 5419 1971 5485 labores,

392 5515 469 5561 tot
496 5508 851 5579 incommoda,
884 5520 1002 5582 post
1032 5511 1242 5580 longum
1272 5510 1400 5564 illud
1431 5512 1700 5566 servitutis
1742 5523 1969 5583 tempus,

394 5598 630 5653 fraudem
663 5602 801 5657 illam
830 5604 1214 5659 amarissimam
1248 5603 1501 5673 pertulit,
1530 5621 1631 5673 qua
1672 5606 1770 5660 sibi
1809 5609 1973 5661 altera

391 5691 613 5746 alterius
642 5692 758 5745 loco
789 5698 973 5750 tradita
1007 5713 1139 5750 uxor
1178 5706 1279 5750 est.
1324 5694 1453 5748 Nam
1495 5695 1539 5749 si
1582 5713 1686 5749 non
1725 5700 1977 5753 scrvisst

392 5785 546 5839 annis
582 5795 816 5853 septem,
847 5790 889 5838 si
928 5805 1030 5842 non
1060 5806 1121 5844 ea
1168 5803 1355 5859 passus
1391 5785 1605 5849 fuisset,
1642 5803 1761 5856 qua:
1787 5803 1975 5843 socero

392 5887 713 5948 conquestus
733 5877 883 5942 dixit,
907 5881 949 5931 si
972 5896 1076 5934 non
1099 5884 1387 5938 atnavisset
1408 5878 1656 5949 puellam,
1680 5880 1778 5933 hoc
1801 5880 1971 5948 ipsum
1992 5891 2021 5912 ν

396 5978 570 6025 tamen
592 5968 731 6041 quod
762 5969 862 6024 sibi
890 5970 1201 6029 lormosiore
1227 5974 1509 6043 promissa,
1537 5971 1721 6028 tradita
1750 5971 1846 6042 ipsi
1872 5987 1970 6042 pro

710 6059 973 6120 PATROL.
1022 6064 1137 6123 (in.
1188 6066 1412 6125 ΧΙΝΗ

1208 535 1297 589 AD
1337 528 1706 586 STAGIRIUM
1745 529 1789 582 A
1829 526 2131 584 DIEMONE
2172 526 2525 583 VEXATUM.
2573 529 2699 585 LIB.
2735 528 2795 584 ll.

3530 537 3635 592 460

2050 643 2134 696 illa
2167 642 2400 697 deterior
2429 642 2544 710 fuit,
2576 657 2830 714 quantum
2869 656 3021 715 putas
3048 650 3312 717 mmmris,
3340 652 3465 722 quid
3496 654 3603 709 indi
3616 683 3636 696 -

2046 736 2332 804 gnationis.
2364 737 2488 804 quid
2519 738 2719 793 doloris
2748 738 2905 794 beato
2935 740 3007 793 illi
3039 749 3160 796 tunc
3190 746 3467 811 przestittt?
3497 746 3637 803 Sane

2047 829 2091 882 si
2122 828 2239 894 quis
2268 829 2402 882 alius
2430 830 2479 884 id
2510 847 2698 900 passus
2725 840 2889 898 esset,
2928 847 3214 902 numquam
3245 852 3361 890 eam
3397 837 3637 894 fraudem

2048 928 2208 988 atque
2235 919 2479 987 injuriam
2506 923 2732 989 tulisset,
2760 922 2854 977 sed
2879 923 3024 977 omni
3052 924 3197 993 prius
3223 924 3462 981 affinium
3488 943 3640 983 ever-

2050 1026 2107 1062 sa
2139 1010 2300 1064 domo
2322 1054 2335 1077 ,
2364 1028 2423 1066 se
2454 1014 2566 1083 ipse
2594 1030 2713 1070 cum
2747 1015 2849 1069 illis
2874 1032 2975 1069 una
3004 1016 3388 1079 interfecisset,
3418 1026 3511 1073 aut
3535 1019 3640 1073 alio

2050 1104 2239 1172 quovis
2270 1105 2429 1159 modo
2468 1107 2783 1175 perdidisset
2816 1125 2829 1159 :
2857 1110 3108 1178 quoniam
3148 1124 3278 1164 vero
3318 1108 3613 1179 patientissi

2053 1211 2169 1249 nius
2193 1212 2255 1250 ac
2284 1197 2600 1266 longanimis
2636 1210 2751 1253 erat
2777 1199 2965 1266 Jacob,
2996 1201 3127 1255 nihil
3159 1201 3461 1271 lmjusmodi
3491 1201 3639 1267 fecit,

2053 1290 2145 1344 sed
2188 1307 2253 1345 ne
2294 1291 2502 1346 initium
2546 1292 2759 1361 quidem
2807 1295 3067 1361 ejusmodi
3102 1297 3407 1366 cogitationi
3446 1297 3591 1353 dedit
3624 1318 3638 1353 :

2063 1379 2168 1434 imo
2196 1397 2321 1435 vero
2355 1392 2560 1450 septem
2606 1398 2777 1436 annos
2813 1385 2947 1438 alios
2987 1386 3176 1441 iterum
3220 1389 3422 1444 servire
3458 1389 3641 1459 jussus

2051 1484 2293 1544 prompte
2316 1476 2571 1541 obedivit,
2594 1477 2729 1531 adeo
2750 1478 2892 1532 mitis
2916 1489 3029 1531 erat
3053 1494 3115 1533 ac
3134 1494 3462 1538 mansuetus.
3488 1482 3641 1549 Quod

2050 1566 2095 1619 si
2136 1568 2320 1634 puellm
2348 1584 2499 1622 amor
2527 1570 2921 1624 mansuetudini
2964 1585 3172 1625 morum
3206 1571 3638 1639 obsecundahat,

2051 1672 2235 1711 rursus
2273 1659 2401 1711 mihi
2443 1661 2692 1714 maeroris
2729 1662 3147 1730 magnitudinem
3191 1664 3409 1719 asseris.
3451 1664 3641 1719 Consi-

2053 1748 2180 1802 dera
2211 1748 2352 1802 enitu
2376 1790 2391 1814 ,
2432 1764 2613 1818 quasso
2632 1789 2648 1815 ,
2679 1761 2932 1819 quantum
2972 1752 3063 1807 ille
3092 1752 3291 1809 doloris
3322 1769 3507 1823 passus
3536 1757 3640 1821 sit,

2050 1854 2170 1894 cum
2218 1840 2334 1908 ejus
2373 1856 2531 1910 quam
2575 1841 2648 1895 ita
2691 1842 3037 1897 vehementer
3080 1843 3331 1913 diligebat
3374 1846 3643 1901 fraudatus

2050 1932 2416 2001 amplexibus,
2460 1933 2708 2002 illiusque
2752 1934 3018 1989 connubia
3058 1934 3404 2003 desiderans,
3437 1947 3644 2007 septem

2050 2040 2237 2079 rursus
2268 2040 2530 2078 annorum
2556 2027 2811 2081 dilatione
2838 2028 3129 2093 cruciatur,
3162 2027 3359 2098 frigora
3391 2038 3446 2083 et
3480 2038 3645 2084 aestus

2050 2126 2103 2171 et
2130 2117 2335 2187 vigilias
2376 2127 2430 2170 et
2469 2117 2785 2172 detrimenta
2821 2128 3074 2187 perpetua
3104 2119 3331 2189 patiens.
3364 2120 3439 2174 Ea
3464 2129 3644 2175 tamen

2052 2207 2161 2275 ipsa
2193 2208 2391 2276 potitus
2426 2207 2636 2262 tandem
2659 2249 2673 2271 ,
2714 2210 3005 2278 vivensque
3032 2209 3170 2278 apud
3209 2223 3456 2264 socerum
3481 2210 3644 2264 vitam

2051 2301 2304 2352 mrumnis
2330 2307 2384 2353 et
2410 2299 2679 2352 laboribus
2709 2300 2916 2367 plenam
2934 2340 2949 2365 ,
2976 2300 3053 2354 sic
3077 2316 3290 2369 quoque
3317 2300 3527 2356 invidiae
3555 2320 3647 2373 pa-

2051 2391 2153 2444 tuit
2173 2432 2186 2455 ,
2216 2398 2269 2444 et
2298 2390 2590 2445 secundam
2619 2388 2859 2443 fraudem
2892 2390 2943 2444 in
2971 2390 3308 2445 mercedibus
3336 2406 3521 2461 passus
3540 2434 3554 2456 ,
3588 2401 3648 2447 ut

2053 2481 2065 2535 i
2074 2496 2167 2551 pse
2183 2495 2393 2550 quoque
2419 2482 2567 2536 illum
2597 2482 2831 2552 arguerit
2854 2481 3036 2537 dicens
3075 2482 3363 2554 :Decepisti
3381 2500 3458 2537 me
3476 2485 3644 2538 decem

2055 2572 2202 2641 agnis
2230 2570 2393 2640 (Gen.
2422 2572 2510 2627 5f.
2552 2570 2677 2640 41).
2712 2570 2825 2627 Una
2864 2586 2992 2626 vero
3033 2587 3153 2626 cum
3194 2588 3385 2629 socero
3422 2589 3647 2629 uxorum

2054 2661 2247 2718 fratres
2288 2664 2457 2734 magis
2491 2664 2651 2718 etiam
2681 2664 2939 2719 adversus
2970 2665 3113 2719 illum
3143 2664 3351 2722 efferati
3376 2666 3647 2723 excande-

2054 2757 2295 2811 scebant.
2321 2755 2474 2823 Quod
2500 2766 2678 2810 autem
2703 2765 2824 2811 erat
2847 2758 3091 2812 omnibus
3127 2760 3363 2828 gravius,
3390 2776 3532 2815 uxor
3559 2760 3648 2814 illa

2056 2859 2161 2903 tam
2206 2849 2435 2915 dilecta,
2470 2849 2622 2918 cujus
2662 2849 2831 2919 gratia
2878 2850 2958 2903 bis
3004 2859 3212 2919 septem
3254 2851 3412 2906 annis
3446 2852 3651 2906 servire

2054 2942 2358 3011 delegerat,
2398 2956 2508 3010 pra:
2546 2940 2789 2995 molestia
2823 2941 3216 3007 suffocabatur,
3253 2958 3377 2997 cum
3404 2958 3649 2999 sororem

2056 3047 2205 3087 suam
2236 3032 2532 3101 parientem
2560 3040 2835 3096 cerneret,
2863 3046 2923 3087 se
2954 3046 3084 3087 vero
3108 3034 3252 3087 omni
3289 3032 3527 3102 pariendi
3554 3048 3653 3104 spe

2058 3122 2365 3176 destitutam
2384 3162 2401 3185 ,
2430 3130 2589 3191 atque
2614 3122 2666 3176 in
2693 3130 2896 3177 tantum
2925 3132 3050 3177 tunc
3075 3138 3353 3180 excessum
3388 3140 3452 3180 ex
3487 3124 3649 3180 animi

2061 3227 2293 3266 mmrore
2320 3211 2640 3275 devenerat,
2674 3222 2731 3268 ut
2754 3214 3066 3269 criminibus
3091 3224 3146 3270 et
3172 3215 3402 3285 querelis
3430 3216 3654 3286 agitaret

2059 3306 2270 3369 virum,
2303 3314 2633 3375 mortemque
2674 3305 2888 3360 sibimet
2926 3306 3276 3361 obventuram
3322 3308 3649 3373 minaretur,

2060 3396 2165 3450 nisi
2195 3406 2423 3464 pareret,
2450 3395 2536 3449 Da
2556 3397 2702 3461 milii,
2728 3397 2994 3465 inquiens,
3025 3396 3226 3463 liberos,
3252 3399 3443 3469 alioqui
3467 3400 3655 3453 moriar

2059 3505 2149 3559 ego
2182 3490 2201 3560 (
2229 3488 2312 3543 Id.
2347 3490 2439 3544 50.
2471 3483 2557 3551 1).
2591 3486 2881 3555 Quomodo
2942 3490 3034 3545 ille
3062 3490 3226 3544 lietari
3258 3500 3501 3559 poterat,
3531 3506 3653 3547 cum

2061 3598 2122 3637 ea
2152 3596 2311 3654 quam
2340 3581 2593 3651 diligebat
2629 3582 2708 3637 sic
2744 3581 2934 3637 affecta
2977 3592 3157 3645 esset,
3190 3583 3484 3653 fratresque
3512 3583 3655 3638 illius

2062 3672 2163 3743 ipsi
2211 3671 2590 3727 insidiarentur
2632 3672 2914 3741 omniaque
2960 3673 3314 3739 molirentur,
3359 3684 3417 3727 ut
3457 3673 3546 3729 ille
3588 3674 3654 3728 ad

2064 3774 2357 3820 extremam
2401 3765 2679 3821 deveniret
2720 3766 2995 3835 impiam?
3028 3766 3159 3821 Nam
3190 3768 3234 3821 si
3264 3784 3328 3823 ea
3348 3810 3364 3833 ,
3394 3785 3511 3839 qua:
3540 3770 3658 3825 sine

2065 3858 2259 3913 sudore
2299 3858 2438 3913 dotis
2482 3859 2698 3913 nomine
2742 3859 3022 3913 traduntur
3064 3860 3349 3927 uxoribus,
3382 3877 3500 3916 cum
3539 3866 3661 3931 quis

2065 3950 2343 4006 abstulerit
2363 3990 2377 4014 ,
2406 3951 2639 4004 maximo
2665 3965 2895 4005 mmrorc
2924 3950 3223 4005 afficitnur:
3255 3954 3300 4005 is
3324 3954 3413 4022 qui
3443 3954 3658 4021 pericli-

2067 4043 2277 4097 tabatur
2299 4056 2360 4097 ea
2388 4057 2507 4112 qua:
2535 4043 2756 4096 summis
2786 4042 3055 4097 laboribus
3079 4044 3362 4113 quaesierat
3384 4044 3653 4113 amittere,

2066 4148 2173 4204 quo
2210 4134 2390 4188 animo
2419 4131 2560 4188 ferre
2587 4147 2649 4187 ea
2680 4133 2997 4189 detrimenta
3042 4135 3290 4204 poterat?
3324 4134 3456 4190 Cum
3502 4136 3662 4207 igitur

2069 4225 2209 4280 haud
2253 4226 2479 4280 obscure
2522 4234 2799 4295 suspectus
2839 4234 3012 4290 esset,
3060 4240 3258 4296 eosque
3298 4241 3357 4282 se
3396 4227 3663 4281 intuentes

2067 4326 2345 4381 cerneret,
2375 4319 2513 4371 clam
2544 4319 2718 4387 fugam
2752 4319 2924 4372 iniens
2950 4318 3196 4373 discessit
3225 4334 3239 4371 :
3267 4333 3379 4387 quo
3401 4318 3529 4387 quid
3556 4318 3663 4374 dici

2068 4408 2423 4463 miserabilius
2454 4409 2661 4478 possit?
2688 4407 2820 4462 Nam
2861 4418 2916 4463 et
2953 4424 3017 4463 ex
3062 4418 3281 4478 paterna
3318 4409 3480 4465 domo
3514 4418 3572 4465 et
3597 4424 3663 4464 ex

2068 4502 2239 4555 aliena
2260 4516 2379 4556 cum
2402 4512 2544 4556 metu
2573 4518 2636 4556 ac
2663 4502 2913 4571 periculis
2942 4504 3198 4573 migrans,
3230 4502 3284 4556 in
3313 4502 3499 4557 eadem
3528 4518 3665 4571 pra:-

2070 4602 2222 4662 rupta
2252 4608 2437 4647 rursus
2469 4593 2757 4663 cogebatur
2794 4592 3049 4649 incidere.
3086 4593 3292 4662 Quippe
3328 4591 3549 4646 fratrem
3576 4594 3662 4647 fu-

2070 4686 2241 4756 giens,
2270 4701 2328 4741 se
2357 4686 2422 4741 ad
2450 4701 2697 4741 socerum
2724 4686 3043 4749 contulerat,
3072 4702 3105 4740 a
3128 4700 3236 4755 quo
3265 4686 3456 4739 iterum
3487 4686 3669 4753 exagi-

2071 4787 2213 4832 tatus
2242 4778 2309 4832 ad
2342 4778 2557 4833 fratrem
2590 4777 2763 4831 redire
2791 4777 3097 4845 cogebatur,
3139 4775 3510 4845 propheticum
3539 4776 3667 4830 illud

2072 4882 2284 4939 passus,
2313 4868 2453 4937 quod
2479 4868 2546 4921 de
2573 4867 2661 4921 die
2694 4866 2898 4920 Domini
2925 4865 3055 4920 diett
3082 4866 3246 4920 Amos
3273 4884 3287 4922 :
3322 4863 3469 4920 Velut
3488 4866 3533 4920 si
3556 4868 3669 4934 quis

2075 4960 2238 5031 fugiat
2267 4977 2299 5012 α
2324 4959 2453 5027 [acie
2482 4958 2670 5022 leonis,
2700 4966 2747 5009 et
2772 4967 3001 5011 occurrat
3029 4957 3077 5011 ei
3113 4974 3291 5022 ursus,
3321 4958 3669 5027 ingressusque

2075 5050 2129 5103 in
2157 5052 2360 5103 domum
2388 5065 2530 5103 suam
2571 5057 2616 5101 et
2654 5048 2835 5116 parieti
2876 5064 3055 5101 manus
3084 5048 3349 5117 applicans
3378 5046 3669 5099 mordeatur

2075 5158 2109 5195 a
2137 5140 2338 5194 colubra
2365 5139 2383 5209 (
2402 5140 2553 5192 Amos
2592 5139 2646 5193 5.
2683 5140 2803 5209 l9).
2833 5139 2963 5206 Quis
3000 5149 3179 5193 autem
3226 5154 3347 5193 cum
3378 5147 3667 5195 tremorem

2077 5249 2327 5290 enarrare
2356 5234 2559 5301 possit,
2589 5248 2746 5303 quem
2775 5248 3056 5303 perpessus
3082 5243 3163 5288 est
3191 5233 3609 5303 comprehensus
3640 5249 3669 5286 a

2078 5328 2277 5388 Laban,
2304 5326 2615 5396 itinerisque
2641 5327 2931 5397 angustias,
2956 5342 3077 5381 cum
3104 5341 3163 5381 se
3190 5337 3294 5381 tam
3324 5341 3663 5381 numerosum

2079 5434 2239 5490 pecus
2277 5416 2475 5487 filiique
2514 5420 2595 5471 sui
2639 5418 3026 5486 sequerentur?
3053 5416 3315 5471 Cancrum
3341 5431 3460 5471 cum
3489 5416 3667 5471 fratris

2079 5511 2265 5566 faciem
2288 5519 2429 5564 esset
2454 5510 2807 5580 inspecturus,
2833 5524 3009 5563 nonne
3032 5510 3167 5563 idem
3191 5524 3381 5577 passus
3401 5519 3500 5575 est,
3524 5509 3664 5580 quod

2080 5602 2214 5673 apud
2245 5612 2428 5670 poetas
2456 5603 2544 5671 qui
2572 5602 2747 5655 fictum
2778 5610 2933 5670 caput
2963 5600 3224 5669 Gorgonis
3248 5599 3463 5655 vident?
3490 5615 3667 5654 nonne

2081 5698 2150 5750 ita
2177 5710 2272 5765 per
2296 5695 2470 5747 omnia
2494 5695 2712 5749 affectus
2732 5702 2865 5756 erat,
2891 5706 2952 5745 ac
2980 5692 3021 5745 si
3048 5692 3115 5746 ad
3144 5700 3367 5747 mortem
3396 5691 3666 5745 venisset?

2080 5787 2213 5843 Audi
2242 5802 2371 5841 sane
2398 5787 2541 5841 illius
2567 5787 2748 5851 verba,
2776 5794 2934 5854 atque
2959 5800 3024 5840 ex
3051 5785 3128 5839 eis
3154 5786 3361 5837 insitam
3389 5784 3531 5837 illius
3551 5785 3659 5837 ani-

2081 5897 2168 5935 mo
2200 5880 2403 5933 timoris
2432 5878 2697 5933 flammam
2728 5878 2942 5933 addisce
2974 5896 2986 5932 :
3018 5877 3169 5939 Deus,
3200 5892 3318 5929 erue
3345 5892 3441 5937 me,
3474 5876 3664 5945 inquit,

2084 5973 2147 6027 de
2180 5989 2331 6025 manu
2367 5970 2507 6027 Esau
2539 5972 2711 6042 fratris
2750 5971 2875 6035 mei,
2907 5971 3023 6038 quia
3058 5969 3201 6023 ralde
3239 5984 3353 6021 eum
3392 5969 3573 6028 timeo,
3608 5984 3665 6019 ne

3206 6053 3287 6113 27
