4490 6734
852 610 954 668 ὥστ

853 737 986 806 forte
1023 722 1366 795 superveniens
1406 721 1670 790 interficiat
1711 737 1787 773 me
1820 737 1878 772 ac
1908 728 2114 771 matrem
2144 732 2254 768 cum
2283 713 2422 782 filiis.

855 803 934 871 Tu
962 826 1126 870 autem
1155 814 1276 868 mihi
1301 813 1491 877 dixisti,
1523 810 1654 865 Bene
1689 811 1774 863 tibi
1803 810 1986 880 faciam
2015 807 2165 872 (Gen.
2193 805 2279 860 5:2.
2317 803 2424 876 ll).

855 906 1021 972 Quam
1053 919 1159 959 non
1190 903 1426 959 lzctitiam
1465 902 1550 956 hic
1589 909 1760 954 metus
1803 899 2146 962 exclusisset,
2183 896 2338 950 etiam
2383 893 2427 948 si

854 994 1018 1063 priori
1040 995 1183 1049 omni
1210 1003 1444 1062 tempore
1469 989 1898 1059 tranquillissime
1922 988 2173 1043 vixisset?
2200 990 2266 1040 At
2291 999 2428 1038 nunc

853 1086 1027 1140 omnis
1055 1085 1140 1139 illa
1168 1085 1291 1147 vita,
1322 1099 1385 1138 ex
1415 1097 1515 1151 qua
1543 1080 1630 1134 die
1668 1078 2084 1134 benedictionem
2116 1085 2428 1145 accepturus

854 1189 999 1229 nietu
1028 1189 1159 1243 pene
1185 1173 1357 1227 fuerat
1382 1181 1643 1235 mortuus,
1675 1185 1769 1237 per
1795 1169 2123 1222 calamitates
2154 1166 2322 1218 varius
2351 1164 2430 1216 in-

854 1267 1120 1334 sidiasque
1149 1264 1442 1318 texebatur.
1471 1261 1669 1315 Tantus
1694 1258 1920 1327 denique
1947 1269 2070 1313 tunc
2094 1257 2238 1309 illum
2272 1253 2430 1307 timor

854 1357 1156 1419 invaserat,
1186 1365 1243 1408 ut
1276 1364 1394 1424 post
1430 1366 1771 1421 congressum
1803 1349 1982 1403 fratris
2006 1390 2019 1414 ,
2049 1345 2431 1417 quantumlibet

853 1446 942 1499 ille
970 1453 1160 1512 printer
1188 1458 1338 1512 spem
1367 1443 1592 1512 benignae
1616 1451 1670 1496 et
1698 1441 1996 1494 humaniter
2020 1452 2084 1490 eo
2111 1451 2236 1489 usus
2263 1444 2427 1500 esset,

853 1535 1122 1590 conlidere
1146 1549 1213 1591 ne
1238 1535 1315 1590 sic
1343 1533 1556 1604 quidem
1593 1539 1775 1602 posset
1811 1530 2236 1597 anxietatemque
2261 1527 2429 1595 depo—

855 1643 1002 1682 nere.
1047 1626 1284 1695 Denique
1313 1640 1432 1678 cum
1462 1625 1767 1678 obsecraret
1797 1621 1885 1674 ille
1904 1662 1918 1685 ,
1947 1628 2002 1673 ut
2042 1634 2221 1673 secum
2259 1634 2317 1672 se
2355 1619 2433 1673 ire

855 1718 1220 1788 permitteret,
1261 1731 1366 1770 non
1406 1727 1560 1768 secus
1597 1728 1753 1782 quam
1792 1726 1823 1765 a
1861 1710 1969 1765 fera
2011 1711 2185 1779 aliqua
2222 1709 2432 1763 liberari

854 1808 1092 1878 cupiens,
1122 1816 1179 1860 ut
1207 1806 1481 1862 recederet
1513 1805 1718 1871 orabat,
1749 1804 1931 1856 dicens
1963 1819 1975 1853 :
2011 1801 2181 1865 Nosti,
2209 1801 2429 1864 domine,

855 1901 972 1970 quia
1007 1899 1222 1970 infantes
1261 1898 1530 1952 teneriores
1567 1907 1712 1960 sunt,
1746 1910 1954 1962 ovesque
1981 1903 2027 1946 et
2061 1894 2205 1945 bores
2241 1908 2432 1943 mecum

857 1996 1022 2064 falce;
1048 1992 1092 2045 si
1113 2007 1229 2060 ergo
1255 2007 1458 2061 urgeam
1481 2005 1583 2054 eas,
1611 1988 1692 2040 die
1716 2003 1817 2039 una
1837 1985 2111 2038 morientur
2136 1984 2301 2036 cuncti
2319 1998 2434 2052 gre-

853 2100 960 2156 ges.
991 2082 1250 2137 Pracedat
1288 2081 1520 2134 dominus
1547 2095 1685 2131 meus
1709 2086 1824 2130 ante
1844 2091 2040 2130 servum
2069 2090 2236 2138 suum,
2268 2083 2314 2126 et
2343 2089 2434 2143 ego

854 2172 1152 2227 invalescam
1174 2171 1228 2225 in
1251 2171 1330 2224 via
1353 2169 1623 2223 secundum
1647 2167 1931 2220 tarditatem
1956 2165 2297 2236 profectionis,
2323 2180 2436 2233 quin

857 2279 1027 2318 coram
1065 2278 1143 2315 me
1182 2272 1225 2315 et
1266 2262 1410 2328 iuxta
1449 2259 1597 2329 pedes
1639 2258 1963 2328 parvulorum
1993 2271 2248 2320 meorum,
2278 2255 2435 2308 donec

855 2355 1051 2410 veniam
1095 2353 1162 2406 ad
1202 2352 1458 2407 dominum
1504 2366 1670 2404 nteant
1703 2351 1756 2402 in
1787 2348 1903 2404 Scir
1935 2346 2044 2416 (Id.
2073 2348 2162 2402 35.
2191 2347 2278 2400 l3.
2308 2346 2431 2415 14).

857 2448 1246 2519 Respiransque
1271 2461 1336 2500 ex
1363 2445 1467 2498 illis
1488 2443 1736 2512 periculis
1755 2441 2040 2506 modicum,
2063 2440 2115 2494 in
2136 2439 2298 2494 alium
2325 2439 2436 2493 lon-

859 2557 924 2614 ge
947 2541 1235 2596 maximum
1264 2539 1507 2593 timorem
1533 2534 1731 2590 incidit.

930 2631 1079 2685 Dina:
1115 2631 1236 2698 ﬁlice
1257 2639 1451 2697 raptus.
1480 2655 1549 2666 —
1579 2626 1745 2696 Rapta
1783 2625 1980 2695 quippe
2005 2623 2142 2678 illius
2169 2623 2292 2688 lilia,
2325 2623 2436 2692 pri-

857 2737 1002 2778 mum
1028 2720 1238 2791 quidem
1266 2718 1454 2788 puellae
1483 2715 1859 2772 contumeliam
1886 2730 2028 2785 mgre
2066 2714 2297 2776 ferebat;
2343 2712 2438 2768 sed

857 2830 978 2871 cum
1008 2813 1060 2869 id
1085 2812 1286 2868 facinus
1313 2813 1562 2876 lenisset,
1591 2809 1731 2881 quod
1758 2825 1876 2866 eam
1915 2809 2053 2879 regis
2079 2807 2217 2862 filius
2244 2809 2438 2862 ductus

859 2921 979 2962 rum
1006 2920 1063 2960 se
1083 2918 1302 2959 uxorem
1334 2902 1702 2972 polliceretur,
1730 2914 1952 2969 eamque
1977 2898 2290 2955 sententiam
2317 2897 2436 2951 lau-

860 2998 1039 3054 dasset
1081 2995 1264 3060 Jacob,
1296 2993 1496 3050 foedera
1523 2992 1736 3048 violavit
1773 2991 1900 3048 Levi
1943 3006 2064 3047 cum
2112 2989 2278 3045 fratre
2317 3005 2437 3054 suo,

861 3094 1108 3158 civesque
1132 3085 1330 3140 viritim
1359 3085 1426 3140 ad
1455 3099 1616 3139 unum
1635 3083 1938 3154 jugulantes
1961 3123 1976 3144 ,
2013 3082 2065 3137 in
2097 3081 2151 3136 id
2194 3079 2442 3135 tremoris

863 3189 1069 3251 patrem
1113 3177 1470 3241 induxerunt,
1513 3184 1569 3229 ut
1610 3173 1734 3229 inde
1778 3173 2018 3242 protinus
2063 3172 2346 3242 migraret,
2377 3183 2442 3224 eo

861 3269 1004 3342 quod
1043 3283 1231 3325 omnes
1265 3267 1551 3322 adversum
1596 3281 1655 3322 se
1696 3265 1984 3320 bellaturos
2024 3264 2252 3319 timeret.
2297 3260 2443 3316 Dixit

863 3362 1017 3427 enim,
1036 3360 1108 3414 ait
1130 3358 1422 3428 Scriptura,
1447 3355 1608 3411 Iacob
1628 3355 1697 3409 ad
1722 3354 2010 3410 Simeonem
2036 3363 2083 3408 et
2111 3352 2270 3408 Levi:
2293 3351 2446 3406 Odio-

864 3467 978 3506 sum
1017 3466 1096 3504 me
1135 3449 1338 3519 fecistis,
1367 3456 1420 3502 ut
1455 3447 1656 3517 iniquus
1693 3447 1810 3512 sim,
1854 3445 2083 3500 omnibus
2109 3443 2443 3498 habitantibus

865 3549 1070 3606 terram,
1100 3541 1489 3610 Cltananteisque
1511 3547 1556 3594 et
1580 3537 1873 3593 Pherezwis.
1902 3537 2009 3608 Ego
2033 3547 2194 3592 autem
2219 3553 2331 3592 sum
2348 3536 2445 3590 mi-

868 3634 1036 3688 nimus
1058 3649 1281 3697 numero,
1309 3632 1692 3703 congregatique
1716 3640 1890 3685 contra
1915 3647 1995 3684 me
2013 3631 2162 3684 simul
2182 3629 2444 3684 concident

865 3743 965 3792 nte,
1008 3725 1302 3796 deleborqne
1345 3741 1473 3795 ego,
1518 3732 1566 3778 et
1634 3723 1810 3776 domus
1851 3738 1962 3775 mea
2010 3720 2132 3793 (Id.
2179 3723 2267 3777 54.
2314 3721 2441 3790 50).

866 3819 1076 3887 Quippe
1111 3831 1297 3870 omnes
1322 3816 1438 3870 illos
1468 3829 1569 3867 una
1601 3812 1808 3867 linitimi
1836 3821 2146 3879 necassem,
2188 3813 2287 3868 nisi
2322 3812 2443 3867 illo-

866 3924 984 3965 rum
1012 3907 1422 3978 indignationem
1449 3904 1539 3959 Dei
1563 3903 1839 3958 clementia
1866 3904 2227 3967 continuisset,
2263 3903 2448 3958 linem-

866 4017 970 4073 que
984 4001 1218 4058 cladibus
1243 3998 1600 4068 imposuisset.
1632 3995 1821 4050 Factus
1843 4006 1932 4060 est,
1959 3997 2148 4066 inquit,
2172 3998 2320 4050 timor
2351 3996 2447 4050 Dei

865 4107 1016 4162 super
1041 4105 1210 4144 onmes
1251 4104 1338 4158 per
1369 4088 1634 4142 circuitum
1677 4088 1916 4150 civitates,
1968 4103 2124 4154 neque
2164 4088 2446 4156 persequuti

868 4189 982 4236 sunt
1023 4189 1132 4250 post
1168 4179 1300 4247 filios
1346 4177 1509 4231 Israel
1543 4175 1674 4246 (Id.
1705 4178 1793 4232 55.
1819 4176 1912 4246 5).
1967 4175 2103 4244 Quid
2153 4191 2281 4245 ergo
2325 4191 2446 4231 cum

866 4272 970 4327 hoc
1007 4280 1152 4326 metu
1191 4269 1443 4324 liberatus
1485 4269 1661 4324 esset?
1702 4285 1828 4324 num
1881 4268 2088 4323 tandem
2128 4269 2445 4338 respiravit?

868 4361 980 4417 lino
1004 4375 1130 4416 vero
1147 4370 1271 4415 tunc
1290 4375 1567 4430 supremus
1591 4375 1710 4414 eum
1733 4359 1988 4413 malorum
2006 4359 2240 4412 omnium
2264 4369 2444 4414 vertex

868 4452 1079 4515 invasit,
1106 4466 1250 4506 mors
1277 4453 1480 4507 scilicet
1507 4453 1880 4506 amantissima:
1910 4451 2148 4520 conjugis
2175 4461 2228 4507 et
2253 4452 2442 4506 imma-

871 4554 985 4599 tura
1014 4543 1248 4598 simulet
1273 4543 1520 4598 violenta.
1564 4543 1770 4610 Peperit
1794 4543 1946 4610 enim,
1975 4544 2176 4613 inquit,
2216 4543 2442 4610 Rachel,

864 4634 1248 4705 parturiensque
1272 4632 1546 4687 laborabat.
1599 4631 1811 4685 Factum
1837 4643 1907 4686 est
1935 4643 2099 4686 autem
2122 4651 2235 4686 cum
2265 4643 2444 4703 partu-

868 4726 1004 4779 riens
1036 4723 1419 4796 periclitaretur,
1447 4722 1576 4775 dixit
1603 4721 1678 4774 illi
1703 4722 1938 4774 obstetrix
1965 4736 1986 4774 :
2016 4722 2222 4789 Conﬁdo
2240 4763 2254 4786 ,
2286 4731 2331 4774 et
2365 4723 2446 4774 hic

871 4817 1006 4870 enim
1027 4817 1111 4869 tibi
1133 4817 1266 4884 filius
1293 4823 1381 4869 est.
1413 4813 1481 4868 Et
1504 4830 1615 4867 cum
1641 4813 1821 4883 efﬂaret
1850 4815 2072 4866 animam
2093 4853 2108 4878 ,
2147 4813 2449 4866 moriebatur

875 4907 1027 4973 enim,
1049 4907 1237 4960 vocavit
1268 4922 1446 4959 nomen
1481 4907 1610 4975 ejus,
1643 4904 1690 4958 F
1691 4905 1808 4959 ilius
1846 4905 2038 4959 doloris
2066 4905 2162 4958 mei
2191 4904 2208 4974 (
2232 4903 2364 4957 Ibid.
2395 4919 2442 4957 v.

875 4997 946 5052 18
966 5004 1006 5066 ).
1040 4995 1277 5064 Cumque
1300 4995 1474 5048 luctus
1501 4995 1670 5048 adhuc
1695 5009 1880 5049 recens
1909 5003 2067 5060 esset,
2093 4993 2283 5064 adjecit
2309 5008 2445 5048 litte-

873 5089 982 5144 rori
1003 5086 1212 5152 Ruben,
1231 5085 1393 5154 patris
1411 5094 1580 5140 torum
1602 5087 1978 5141 contumeliose
1995 5087 2271 5157 impetens.
2295 5086 2445 5154 Quod

875 5179 967 5233 ille
994 5187 1099 5232 tam
1129 5175 1367 5246 graviter
1396 5175 1532 5237 tulit,
1564 5183 1623 5228 ut
1650 5176 1880 5230 moriens
1916 5192 2124 5246 quoque
2167 5177 2304 5230 mala
2348 5177 2448 5232 im-

880 5278 1182 5337 precaretur
1210 5266 1350 5330 lilio,
1383 5273 1493 5319 tum
1531 5264 1734 5319 scilicet
1756 5305 1770 5327 ,
1818 5265 2030 5334 quando
2059 5266 2174 5318 filiis
2203 5277 2447 5333 parentes

881 5360 1080 5428 majore
1123 5357 1482 5412 misericordia
1529 5355 1664 5409 allici
1704 5363 2090 5410 consueverunt
2132 5355 2284 5424 idque
2328 5370 2445 5410 cum

880 5451 968 5504 ille
997 5449 1371 5520 primogenitus
1394 5457 1536 5504 esset
1571 5447 1805 5500 muniunt
1847 5445 1986 5514 quod
2023 5446 2179 5500 etiam
2215 5445 2279 5499 ad
2320 5446 2449 5500 alle-

879 5549 1024 5594 ctum
1071 5556 1175 5594 non
1224 5555 1409 5609 parum
1439 5539 1596 5598 valet.
1629 5538 1731 5592 Sed
1773 5547 1946 5592 tamen
1993 5535 2106 5591 haec
2150 5538 2324 5591 omnia
2369 5539 2448 5592 vis

880 5630 1126 5686 titmroris
1153 5631 1394 5695 exclusit,
1421 5644 1717 5699 voeansque
1757 5629 1900 5682 illum
1931 5628 2060 5681 dixit
2089 5646 2102 5682 :
2134 5627 2310 5681 Ruben
2339 5627 2447 5697 pri-

880 5721 1158 5792 mogenitae
1181 5735 1335 5781 meus,
1367 5718 1608 5787 fortitudo
1633 5735 1762 5784 mea,
1784 5728 1829 5772 et
1855 5717 2049 5770 initium
2069 5719 2289 5786 ﬁliorum
2316 5733 2450 5769 meo-

881 5827 1012 5874 rum,
1038 5811 1194 5864 durus
1218 5807 1285 5862 ad
1312 5808 1593 5878 ferendum,
1621 5808 1873 5876 durusque
1899 5815 1944 5860 et
1964 5808 2133 5860 audax
2160 5821 2178 5859 :
2205 5806 2449 5877 injuriant

881 5899 1106 5963 intulisti,
1134 5899 1261 5954 sicut
1289 5914 1420 5968 aqua
1455 5913 1555 5951 non
1584 5895 1888 5963 elfervescas.
1936 5897 2213 5951 Ascendisti
2241 5897 2374 5950 enim
2397 5896 2450 5948 in

881 5991 1039 6047 :ubilc
1060 5994 1218 6062 patris
1240 5992 1342 6060 tui,
1372 6002 1490 6045 tunc
1515 5989 1774 6045 maculati
1799 5999 2036 6058 stratum,
2074 5990 2154 6042 ubi
2179 5990 2444 6045 ascendistt

1565 607 1622 663 S.
1662 605 1939 662 JO.\NNIS
1973 597 2450 661 CHRYSOSTOMI
2489 597 2806 658 ARClllEP.
2834 599 3355 663 CONSTANTINOI‘.

4009 618 4118 672 ηε

2536 713 2552 777 (
2577 711 2702 766 Gen.
2727 713 2814 769 l9.
2838 714 2890 769 5.
2923 714 3009 782 ὁ).
3039 715 3172 770 Cum
3200 729 3377 774 autem
3400 716 3716 773 adolevisset
3740 724 4122 778 aniantissm.;e

2535 806 2721 859 uxoris
2750 806 2904 871 lilius,
2934 805 3200 876 solarique
3225 809 3362 864 illius
3382 809 3704 864 desiderium
3737 809 3892 879 hujus
3921 827 4120 866 contn-

2535 893 2722 950 bcrnio
2748 906 3002 966 speraret,
3035 905 3160 953 tunc
3185 903 3283 969 ipsi
3311 903 3628 972 multiplices
3654 914 3906 972 parantur
3925 919 4125 957 mrum-

2534 1003 2637 1042 nte.
2659 989 2868 1045 Fratres
2882 990 3020 1044 enim
3045 990 3184 1044 illius
3207 995 3433 1048 tunicam
3458 997 3726 1050 intinctam
3747 995 4002 1063 sanguine
4022 1011 4126 1063 pa-

2535 1081 2602 1133 tri
2631 1081 2970 1136 ostcndenlcs
2995 1096 3185 1150 magno
3206 1084 3350 1139 illum
3383 1086 3526 1140 luctu
3549 1086 3903 1141 confecerunt.
3936 1084 4125 1154 Neque

2536 1171 2676 1223 enim
2700 1172 2864 1225 solam
2895 1171 3102 1239 lugebat
3123 1182 3368 1240 mortem,
3397 1175 3490 1230 sed
3514 1177 3680 1246 ipsum
3703 1190 3908 1246 quoque
3930 1175 4124 1228 mortis

2535 1277 2700 1330 genus
2717 1280 2729 1315 :
2747 1263 3065 1330 plurimaque
3077 1272 3356 1334 erantquzc
3369 1266 3506 1320 illius
3519 1269 3748 1322 animum
3761 1267 4122 1336 exagitabant,

2537 1350 2676 1418 quod
2715 1361 2900 1406 amata:
2939 1351 3076 1405 illius
3111 1351 3268 1420 ﬁlius,
3301 1357 3439 1425 quod
3484 1358 3670 1412 melior
3705 1358 3944 1428 reliquis,
3975 1355 4125 1427 quod

2538 1441 2766 1496 maxime
2785 1440 3024 1500 dilectus,
3050 1443 3190 1510 quod
3213 1445 3264 1499 in
3293 1446 3406 1516 ipso
3430 1449 3601 1501 (etatis
3625 1448 3774 1511 llore,
3795 1449 3933 1517 quod
3963 1450 4032 1502 ab
4056 1464 4125 1504 eo

2540 1531 2752 1596 missus,
2781 1531 2918 1601 quod
2939 1547 3110 1600 neque
3127 1534 3176 1587 in
3193 1534 3372 1601 domo,
3395 1553 3565 1606 neque
3587 1538 3636 1590 in
3655 1537 3810 1603 lecto,
3835 1554 4005 1608 neque
4021 1556 4122 1608 pa-

2540 1631 2621 1677 tre
2642 1637 2818 1677 coram
2838 1623 3114 1678 assistente
3133 1666 3147 1687 ,
3175 1641 3346 1697 neque
3365 1629 3543 1683 dicens
3563 1628 3761 1696 aliquid
3793 1639 3844 1682 et
3871 1631 4122 1695 audiens,

2538 1713 2678 1782 quod
2707 1728 2810 1766 non
2836 1714 3102 1768 communi
3127 1727 3296 1770 morte
3319 1720 3576 1784 omnium,
3599 1717 3739 1788 quod
3769 1719 3949 1772 vivens
3978 1734 4008 1770 a
4037 1720 4122 1771 fe-

2539 1820 2716 1858 rarum
2737 1805 3060 1859 immanitate
3082 1805 3380 1877 discerptus
3400 1809 3590 1876 fuerat,
3611 1811 3749 1881 quod
3773 1827 3838 1864 ne
3863 1810 4123 1880 reliquias

2539 1897 2750 1966 quidem
2777 1897 2915 1950 illius
2942 1898 3171 1965 reperire
3193 1909 3398 1967 poterat
3418 1911 3472 1956 et
3491 1903 3650 1957 humo
3671 1902 3896 1958 condere
3927 1920 3938 1954 :
3971 1901 4124 1971 quod

2540 1989 2639 2042 ista
2671 1989 2740 2042 illi
2771 2005 2872 2043 non
2901 1989 2951 2042 in
2982 1989 3257 2057 juventule
3283 1994 3660 2062 contigissent,
3688 1995 3898 2065 quando
3927 1995 4126 2049 melius

2541 2080 2680 2135 ferre
2721 2083 2991 2150 potuisset,
3024 2080 3114 2135 sed
3144 2082 3195 2134 in
3225 2094 3498 2140 senectute
3525 2087 3725 2140 ttltima.
3761 2087 3990 2155 Eratque
4016 2087 4124 2138 mi-

2540 2172 2822 2225 serandum
2849 2171 3062 2224 omnino
3095 2173 3483 2240 spectaculum,
3512 2176 3691 2230 videre
3715 2191 3874 2230 canos
3902 2177 4126 2245 pulvere

2540 2262 2782 2327 fmdatos,
2827 2261 3096 2330 senileque
3144 2273 3326 2331 pectus
3370 2263 3588 2320 discissa
3627 2267 3801 2321 tunica
3845 2267 4120 2329 nudatum,

2543 2353 2875 2422 lamentaque
2907 2352 3236 2407 admittentia
3263 2355 3680 2412 consolationem
3710 2360 3919 2412 nullam.
3955 2359 4126 2412 Scidit

2541 2447 2703 2511 enim,
2737 2443 2937 2513 inquit,
2965 2442 3122 2497 Jacob
3154 2447 3440 2499 vestimenta
3460 2464 3570 2511 sua,
3597 2457 3644 2501 et
3663 2450 4015 2518 circumposuit
4043 2449 4125 2500 ci-

2544 2534 2712 2587 licium
2751 2533 2932 2588 lumbis
2969 2535 3104 2601 suis,
3145 2534 3436 2606 lttgebatque
3475 2537 3635 2605 ﬁlium
3665 2538 3836 2591 diebus
3866 2539 4123 2608 plurimis.

2541 2623 2836 2696 Congreguti
2862 2635 2980 2679 sunt
3009 2636 3172 2679 autem
3201 2645 3369 2681 omnes
3397 2628 3490 2696 filii
3519 2630 3626 2698 ejus
3654 2638 3698 2682 et
3725 2630 3868 2697 filice,
3901 2643 3945 2681 et
3976 2645 4126 2682 rene-

2541 2725 2658 2769 runt
2698 2717 2949 2770 consolari
2989 2733 3133 2781 etnn;
3175 2717 3429 2787 noluitque
3469 2718 3738 2781 consolari,
3768 2718 3934 2770 dicens
3962 2732 3981 2769 :
4008 2715 4124 2770 De-

2542 2805 2777 2860 scendam
2804 2807 2871 2859 ad
2899 2807 3062 2875 [ilium
3096 2824 3259 2861 meum
3287 2809 3463 2878 lugens
3506 2809 3557 2860 in
3599 2807 3850 2878 infernum
3887 2805 3994 2879 (Id.
4028 2808 4124 2862 57.

2544 2893 2731 2950 33.455
2752 2897 2789 2963 ).
2819 2896 2977 2961 Quasi
2997 2911 3122 2951 vero
3145 2897 3394 2966 possibile
3417 2910 3519 2950 non
3549 2906 3688 2950 esset
3719 2911 3908 2950 vacare
3931 2913 3959 2950 a
3988 2912 4125 2950 mte-

2545 3001 2668 3040 rore
2697 2986 2934 3040 animum
2965 2986 3150 3055 ipsius,
3180 3001 3299 3040 cum
3332 2986 3580 3054 ccepisset
3614 3000 3676 3040 ea
3713 2987 3864 3056 plaga
3906 2987 4120 3050 curari,

2547 3081 2712 3134 fames
2737 3078 2908 3133 valida
2935 3078 3242 3134 incumbens
3260 3119 3276 3145 ,
3309 3087 3607 3148 terramque
3635 3079 3933 3132 universam
3962 3094 4126 3133 occu-

2546 3184 2700 3240 pans,
2732 3170 2961 3239 primum
2985 3170 3196 3240 quidem
3224 3169 3521 3224 vehementi
3559 3169 3705 3224 illum
3747 3185 3977 3225 maerore
4004 3180 4121 3224 tur-

2547 3259 2767 3314 baverat
2793 3276 2810 3314 :
2839 3273 2958 3314 cum
2982 3269 3159 3316 autem
3182 3258 3379 3314 reversi
3401 3275 3464 3314 ex
3493 3259 3726 3332 Egypto
3751 3261 3863 3327 ﬁlii,
3892 3261 3970 3316 rei
4005 3261 4126 3315 fru-

2547 3349 2821 3404 mentarim
2845 3349 2993 3417 copia
3024 3347 3174 3403 famis
3199 3348 3531 3403 incommoda
3557 3350 3710 3404 solati
3735 3359 3932 3416 essent,
3961 3350 4126 3405 aliam

2548 3439 2676 3494 item
2718 3440 3064 3495 consolationi
3094 3440 3308 3496 mixtam
3334 3441 3535 3496 doloris
3562 3457 3774 3496 causam
3811 3443 4122 3509 attulerunt,

2551 3531 2976 3602 voluptatemque
2995 3573 3010 3599 ,
3037 3547 3193 3602 quam
3222 3549 3289 3588 ex
3315 3532 3470 3588 famis
3497 3533 3754 3588 levamine
3779 3534 4001 3602 tulerat,
4028 3539 4126 3590 ab-

2549 3624 2716 3678 sentia
2738 3623 2826 3678 lilii
2844 3624 3114 3693 premebat
3136 3636 3293 3695 atque
3309 3624 3643 3679 obscurabat.
3661 3624 3837 3693 Neque
3857 3625 3907 3680 id
3928 3626 4124 3692 solum,

2550 3714 2644 3769 sed
2671 3714 2941 3783 Benjamin
2971 3715 3139 3783 ipsum
3162 3715 3499 3785 postulabant
3529 3731 3540 3767 :
3574 3729 3678 3784 quo
3702 3715 3786 3769 ille
3814 3716 3966 3769 unico
3993 3718 4128 3770 sola-

2551 3805 2623 3860 tio
2648 3821 2708 3860 ex
2743 3806 2918 3860 uxoris
2957 3804 3222 3860 defuncta:
3255 3812 3309 3859 et
3345 3819 3374 3857 a
3410 3803 3524 3858 fera
3563 3805 3797 3860 devorati
3827 3805 3917 3860 lilii
3955 3806 4128 3862 lenire

2549 3911 2832 3951 mterorem
2858 3904 3084 3966 poterat.
3127 3895 3257 3949 Erat
3281 3903 3456 3949 autem
3488 3910 3591 3949 non
3623 3910 3685 3949 ea
3714 3895 3824 3950 sola
3849 3911 4005 3951 causa
4030 3897 4128 3950 dc-

2552 3988 2748 4043 tineudi
2780 3988 3052 4058 Benjamin
3087 4001 3287 4052 secum,
3327 4001 3508 4040 verum
3540 3994 3666 4040 aetas
3690 4001 3898 4056 quoque
3926 3997 3978 4042 et
4009 3987 4125 4057 ipsa

2553 4084 2878 4138 educationis
2908 4083 3063 4136 ratio.
3103 4079 3224 4134 Non
3255 4079 3535 4144 descendet,
3567 4065 3738 4145 enim,
3769 4079 3954 4150 inquit,
3983 4081 4128 4148 ﬁlius

2550 4191 2686 4229 meus
2713 4175 2983 4237 vobiscum,
3015 4173 3249 4243 quoniam
3277 4171 3430 4240 frater
3457 4173 3566 4242 ejus
3592 4183 3816 4226 mortuus
3838 4181 3928 4235 est,
3947 4183 3995 4226 et
4016 4175 4128 4242 ipse

2549 4265 2686 4320 solus
2718 4266 2979 4319 derelictus
3008 4273 3099 4327 est,
3131 4263 3474 4332 contingetque
3512 4264 3654 4317 illum
3688 4264 3936 4332 inﬁrmari
3961 4264 4014 4316 in
4040 4267 4124 4316 via

2549 4373 2647 4426 qua
2667 4373 2751 4410 vos
2777 4356 3000 4427 pergitis,
3028 4353 3372 4422 deducetisque
3397 4370 3547 4410 canos
3567 4371 3701 4409 meos
3727 4371 3836 4407 cum
3859 4355 4035 4408 dolore
4056 4357 4126 4408 ad

2551 4449 2740 4518 inferos
2772 4447 2895 4517 (Id.
2925 4446 3014 4500 4‘2.
3047 4444 3173 4514 58).
3206 4443 3436 4498 Primum
3484 4446 3639 4513 igitur
3678 4446 3892 4499 omnino
3933 4461 4125 4501 renue-

2553 4537 2663 4602 bat,
2698 4537 2845 4590 illum
2874 4550 3158 4603 numquam
3186 4549 3242 4588 se
3271 4535 3515 4590 daturum
3543 4551 3783 4590 asserens
3813 4551 3966 4590 :cum
3994 4551 4128 4590 vero

2553 4627 3016 4682 vehementissima
3041 4626 3203 4681 fames
3218 4637 3444 4698 urgeret,
3463 4627 3792 4698 graviorique
3810 4627 4128 4682 necessitate

2555 4728 2876 4788 tangeretur,
2895 4733 3208 4788 quamquam
3236 4719 3451 4773 nimium
3473 4734 3706 4774 [merens
3733 4737 3746 4770 :
3782 4719 3915 4785 Quid
3940 4718 4082 4772 enim
4107 4757 4125 4781 ,

2557 4809 2742 4878 inquit,
2765 4825 2842 4861 me
2861 4808 3120 4878 aﬂlixistis,
3149 4810 3428 4864 nuntiantes
3450 4809 3658 4872 homini,
3679 4810 3814 4878 quod
3841 4817 3962 4862 esset
3987 4806 4128 4859 vobis

2557 4903 2718 4970 frater
2743 4899 2761 4967 (
2786 4895 2872 4950 1d.
2897 4900 2985 4953 4⁸5.
3011 4899 3122 4968 6)?
3160 4901 3422 4970 verbaque
3473 4900 3560 4953 illa
3605 4899 3898 4954 miseranda
3931 4898 4127 4965 loquu-

2557 5000 2640 5045 tus
2665 5008 2678 5042 :
2708 4989 2920 5058 Joseplt,
2960 4991 3231 5059 inquiens,
3263 5008 3363 5045 non
3407 5000 3497 5056 est,
3539 4991 3748 5046 Simeon
3788 5006 3886 5043 non
3923 4996 4032 5050 est,
4075 4995 4128 5040 et

2552 5082 2822 5154 Benjamin
2849 5083 2980 5136 hunc
3009 5084 3303 5137 assumetis?
3340 5084 3390 5136 in
3424 5099 3500 5136 me
3524 5091 3761 5136 venerunt
3787 5083 3881 5133 ista
3909 5078 4079 5131 omnia
4110 5093 4130 5130 :

2553 5175 2738 5229 dolens
2785 5174 2984 5230 scilicet
3027 5174 3164 5244 quod
3215 5183 3331 5243 post
3376 5173 3569 5243 Joseph
3611 5182 3666 5228 et
3709 5173 3920 5225 Simeon
3965 5167 4126 5222 etiam

2555 5265 2824 5332 Benjamin
2849 5279 2877 5318 a
2900 5281 2957 5320 se
2978 5267 3272 5321 niterentur
3286 5266 3533 5329 avellere,
3548 5261 3933 5327 ostendensque
3949 5262 4126 5315 omnia

2553 5370 2612 5410 se
2651 5355 2823 5424 potius
2866 5371 3163 5424 passurum,
3203 5371 3359 5425 quam
3400 5355 3739 5409 dimissurum
3767 5364 3795 5400 τι
3824 5363 3880 5401 se
3908 5348 4073 5403 ﬁlium
4113 5370 4125 5403 :

2555 5447 2722 5501 victus
2750 5447 2957 5500 tandem
2986 5447 3095 5499 suis
3121 5463 3237 5500 eum
3264 5446 3504 5499 manibus
3531 5439 3778 5503 tradidit,
3805 5437 3987 5494 dicens
4011 5457 4026 5495 :
4058 5438 4128 5494 Et

2555 5540 2760 5605 fratrem
2805 5546 3020 5588 vestrum
3063 5538 3316 5602 assumite,
3364 5541 3714 5603 surgentesque
3750 5531 4032 5587 descendite
4059 5535 4129 5586 ad

2555 5627 2730 5679 virum.
2766 5625 2901 5678 Deus
2929 5639 3093 5682 autem
3123 5646 3258 5683 meus
3287 5632 3367 5681 det
3396 5625 3529 5678 vobis
3548 5624 3762 5693 gratiam
3785 5625 3835 5678 in
3857 5638 4126 5696 conspectu

2556 5718 2666 5779 viri,
2699 5719 2982 5788 emittatque
3002 5721 3248 5774 vobiscum
3278 5723 3480 5787 fratrem
3508 5724 3720 5769 vestrum
3747 5733 3901 5770 unum
3923 5727 3970 5770 et
3991 5715 4129 5770 Ben-

2545 5809 2731 5878 jamin.
2757 5809 2863 5880 Ego
2889 5813 3016 5864 enim
3038 5813 3160 5864 sicut
3185 5808 3347 5861 liberis
3367 5806 3566 5861 orbatus
3586 5825 3713 5874 sum,
3734 5811 3897 5863 liberis
3919 5811 4127 5863 orbatus

2554 5916 2664 5952 sum
2701 5899 2858 5971 (Ibid.
2901 5918 2948 5955 v.
2998 5902 3085 5954 15.
3115 5899 3232 5965 Η).
3292 5896 3363 5950 Ita
3394 5896 3734 5955 vehementer
3770 5900 3992 5954 summis
4021 5900 4129 5952 ῑηιι

2555 5994 2842 6062 angebatur
2867 5987 3228 6053 incommodis,
3263 5997 3318 6043 ut
3343 5988 3632 6049 visceribus
3657 5991 3815 6047 etiam
3843 5989 4124 6062 discerptis

4036 6681 4064 6688 ——.
4117 6679 4277 6692 ---—-...——~—
4322 6679 4368 6688 τι
