4490 6730
379 585 484 641 469

375 701 740 770 paulatimque
765 696 1053 752 imminutis
1086 695 1204 749 liliis
1235 693 1476 746 universa
1505 687 1828 742 deteriorum
1869 698 1957 738 ac-

379 794 622 850 cessione
643 793 912 849 toleraret.
937 791 1133 858 Majore
1153 784 1294 840 enim
1316 798 1380 838 ex
1402 778 1700 850 hujusmodi
1721 776 1958 832 adversis

379 886 566 942 dolore
590 885 908 957 angebatur,
951 893 1107 950 quam
1145 884 1269 930 ante
1306 889 1370 930 ex
1407 872 1624 943 Ioseph.
1658 871 1864 940 Quippe
1895 883 1956 923 ea

380 977 672 1042 calamitas,
697 990 815 1044 qum
841 972 1119 1026 meliorum
1158 980 1252 1035 spe
1285 973 1338 1020 et
1372 963 1765 1034 exspectatione
1789 968 1952 1022 caret,

383 1067 482 1121 etsi
521 1063 918 1120 vehementiore
946 1058 1129 1111 dolore
1157 1070 1254 1110 nos
1283 1056 1500 1120 cruciat,
1532 1054 1621 1108 ille
1649 1062 1825 1106 tamen
1849 1050 1961 1119 ipse

383 1160 537 1213 dolor
559 1159 663 1212 cito
689 1156 905 1217 lenitur,
932 1150 1056 1204 dum
1086 1153 1262 1203 animo
1286 1147 1584 1218 desperatio
1613 1145 1769 1213 hujus
1795 1141 1962 1196 corri-

383 1248 569 1318 gelidae
609 1243 862 1312 ingeritur
894 1257 908 1290 :
936 1256 1054 1310 qua:
1104 1255 1232 1295 vero
1274 1254 1526 1308 suspensa
1568 1244 1684 1299 est,
1725 1231 1962 1286 animum

387 1336 720 1404 requiescere
746 1346 850 1386 non
874 1331 997 1385 sinit
1021 1372 1035 1397 ,
1068 1331 1362 1385 futurorum
1389 1324 1762 1382 incertitudine
1783 1319 1964 1373 anxie-

389 1433 548 1478 tatem
585 1422 779 1492 jugitcr
820 1421 972 1477 nobis
1015 1435 1212 1491 augens
1258 1429 1312 1473 et
1364 1429 1623 1472 renovans
1657 1430 1669 1466 :
1699 1411 1854 1479 idque
1898 1423 1962 1462 ex

389 1516 542 1570 beato
579 1514 738 1568 David
767 1513 916 1569 facile
938 1510 1357 1566 animadvertere
1387 1516 1688 1576 possumus,
1725 1501 1810 1569 qui
1841 1515 1960 1553 cum

387 1605 561 1660 adhuc
599 1606 807 1661 vivente
846 1606 1116 1676 plangeret
1159 1601 1286 1658 lilio,
1314 1611 1380 1651 eo
1429 1597 1542 1662 ipso
1585 1599 1794 1646 mortuo
1832 1604 1890 1643 se
1927 1607 1957 1642 a

391 1696 514 1752 fletu
554 1698 813 1752 continuit
853 1715 867 1750 :
909 1693 1050 1765 quod
1092 1707 1213 1745 cum
1260 1689 1400 1742 servi
1444 1685 1586 1739 illius
1625 1687 1963 1744 mirarentur,

390 1803 706 1858 causamque
733 1787 1080 1857 requirerent,
1112 1782 1249 1836 hanc
1281 1779 1448 1848 ipsam
1477 1777 1734 1831 rationem
1765 1774 1965 1842 allega-

391 1880 484 1941 vit,
507 1894 664 1949 quam
693 1893 793 1948 ego
819 1876 994 1931 modo.
1026 1874 1212 1928 Merito
1237 1872 1394 1942 igitur
1414 1866 1678 1924 Jacohhis
1702 1865 1969 1920 metuebat

392 1969 556 2036 magis
583 1978 740 2036 atque
763 1965 1036 2020 tremebat.
1070 1961 1175 2017 Sed
1209 1969 1454 2030 aspectus
1489 1959 1574 2012 ille
1600 1954 1966 2012 desiderabilis

391 2071 452 2111 ac
473 2059 664 2126 Joseph
685 2057 842 2111 facies
856 2055 1179 2122 voluptatem
1206 2053 1279 2106 illi
1305 2061 1358 2105 et
1382 2051 1608 2120 quietem
1630 2046 1964 2118 postmodum

395 2148 633 2214 przehuit.
686 2148 751 2201 Et
791 2146 917 2214 quid
969 2145 1090 2200 inde
1133 2144 1413 2212 voluptatis
1455 2149 1814 2210 consequutus
1854 2138 1967 2191 est?

392 2237 538 2290 Sicut
561 2238 699 2290 enim
724 2235 1188 2290 vehementissimo
1210 2233 1315 2302 igni
1336 2231 1519 2285 adusta
1545 2231 1778 2284 membra
1801 2243 1970 2296 quan-

395 2327 631 2380 tinnlibet
671 2327 788 2396 quis
822 2325 1134 2394 refrigerare
1163 2323 1438 2385 moliatur,
1465 2321 1594 2374 nihil
1620 2319 1830 2388 proﬁcit
1859 2335 1871 2368 :
1897 2317 1971 2369 ita

395 2425 448 2468 et
477 2415 616 2469 illius
646 2423 892 2469 mmstum
931 2413 1163 2466 animum
1207 2409 1459 2478 nimiique
1499 2407 1698 2461 doloris
1744 2405 1971 2459 flammis

396 2504 636 2556 adustum
668 2502 794 2556 nihil
823 2512 936 2555 erat
955 2500 1096 2570 quod
1118 2513 1360 2553 recreare
1379 2506 1573 2566 posset,
1594 2496 1826 2550 maxime
1850 2510 1969 2549 eum

395 2608 456 2646 ea
485 2601 636 2647 aztate
661 2591 836 2646 nullus
865 2590 972 2644 fere
996 2589 1064 2643 sit
1093 2587 1376 2657 voluptatis
1405 2601 1590 2640 sensus
1623 2603 1635 2639 :
1667 2585 1806 2654 quod
1833 2586 1968 2639 Ber-

397 2682 512 2736 zelli
538 2695 793 2736 excusans
815 2679 1025 2734 diccbat
1065 2679 1130 2730 ad
1176 2677 1334 2730 David
1366 2694 1377 2729 :
1413 2677 1548 2740 Quot
1587 2677 1691 2730 dies
1725 2692 1971 2730 annorum

398 2775 508 2824 vita:
546 2786 666 2824 mea:
707 2770 812 2823 illic
859 2779 1002 2822 erunt
1043 2768 1187 2832 mihi,
1217 2777 1271 2820 ut
1309 2766 1574 2820 ascendam
1617 2783 1728 2820 cum
1767 2783 1882 2838 rege
1918 2767 1970 2820 in

395 2861 714 2915 Jerusalem?
751 2859 917 2914 Filius
947 2861 1195 2930 octoginta
1224 2876 1466 2912 annorum
1488 2876 1597 2912 sum
1626 2859 1811 2924 hodie;
1851 2875 1970 2912 num

395 2955 675 3006 discernunt
705 2954 834 3005 inter
869 2952 1050 3005 bonum
1089 2962 1134 3002 et
1177 2951 1305 3003 inter
1340 2951 1566 3003 malum?
1608 2967 1727 3003 num
1753 2951 1970 3021 gustabit

395 3059 563 3097 servus
589 3053 703 3096 tum
725 3058 1049 3113 qua’cumqae
1072 3042 1337 3094 comederit
1364 3051 1450 3093 aut
1483 3043 1695 3094 biberit?
1736 3059 1855 3094 num
1880 3059 1972 3095 au-

395 3133 531 3184 diant
551 3133 862 3184 cantantium
882 3133 1100 3185 virorum
1126 3141 1213 3184 aut
1239 3132 1506 3186 mulierum
1526 3134 1704 3186 voces?
1730 3131 1797 3185 Et
1817 3149 1972 3201 quare

395 3239 564 3276 servus
589 3233 699 3276 titus
725 3225 890 3292 gravis
916 3225 980 3276 sit
1009 3223 1210 3276 domino
1241 3240 1350 3278 meo
1372 3225 1478 3294 regi
1505 3224 1580 3289 (‘2.
1608 3225 1734 3294 Reg.
1764 3226 1847 3280 19.
1880 3227 1967 3279 54.

396 3314 520 3383 55)?
565 3313 756 3368 Verum
783 3315 906 3383 quid
936 3314 1035 3368 hoc
1060 3331 1126 3368 ex
1156 3316 1270 3368 aliis
1297 3315 1632 3384 conjicimus,
1661 3331 1780 3369 cum
1811 3316 1967 3370 liccat

396 3408 566 3474 ipsum
599 3405 781 3461 audire
813 3407 880 3460 de
904 3421 962 3460 se
997 3408 1360 3475 profitentem?
1400 3408 1586 3462 Postea
1633 3409 1773 3462 enim
1811 3424 1968 3478 quam

398 3496 560 3550 lilium
594 3497 815 3562 viderat,
846 3512 875 3550 a
907 3497 1180 3551 Pharaone
1209 3497 1275 3552 de
1304 3499 1424 3551 vitae
1457 3513 1566 3552 sua:
1603 3500 1758 3552 annis
1802 3499 1967 3553 inter-

397 3595 643 3656 rogatus:
674 3585 831 3640 Parui
870 3598 1008 3653 sunt,
1037 3588 1223 3658 inquit,
1256 3599 1303 3641 et
1330 3589 1451 3641 mali
1488 3589 1593 3642 dies
1633 3590 1750 3651 ntei,
1786 3600 1833 3643 et
1867 3606 1969 3644 nou

399 3686 715 3746 peruenerunt
741 3679 808 3730 ad
834 3677 938 3730 dies
965 3687 1162 3747 patrum
1183 3694 1403 3732 meorum
1424 3676 1577 3747 (Cen.
1602 3678 1688 3731 47.
1713 3677 1770 3748 9)
1798 3697 1811 3733 :
1834 3677 1968 3733 adeo

398 3770 628 3821 vivacem
675 3784 851 3822 rerum
890 3778 1154 3839 gestarum
1195 3769 1501 3822 memoriam
1538 3783 1720 3823 secum
1759 3783 1969 3840 semper

396 3859 628 3926 gerebat.

471 3950 554 4005 4‘2.
598 3950 698 4004 Sed
726 3951 864 4006 enim
897 3951 1032 4008 lilins
1055 3952 1153 4010 iste
1183 3952 1357 4011 clarus
1385 3967 1436 4011 et
1455 3957 1714 4027 gloriosus
1742 3955 1962 4026 Joseph,

398 4045 545 4112 cojus
577 4046 903 4102 calamitates
927 4064 1032 4101 non
1059 4062 1273 4101 suarum
1305 4047 1661 4117 magnitudine
1690 4047 1966 4101 calamita-

400 4147 507 4189 tum
528 4140 764 4206 operuit'.’
807 4139 1008 4209 Nempe
1043 4140 1182 4194 enim
1221 4148 1368 4209 pater
1403 4139 1516 4209 ejus
1563 4155 1724 4192 unum
1767 4148 1967 4194 tantum

397 4224 612 4281 fratrem
657 4228 1015 4284 insidiatorem
1068 4245 1252 4298 passus
1299 4239 1414 4294 est,
1461 4229 1544 4283 hic
1581 4237 1758 4283 autem
1802 4229 1968 4283 nmlto

400 4318 574 4386 plures
595 4328 782 4389 :alque
809 4322 896 4375 ille
922 4321 1132 4390 quidem
1161 4336 1256 4388 per
1277 4321 1502 4388 priorem
1525 4334 1735 4374 omnem
1756 4329 1965 4374 :rtatcm

397 4409 448 4461 in
476 4424 677 4462 summa
705 4425 878 4464 rerum
905 4413 1054 4480 copia
1095 4418 1149 4465 et
1190 4411 1369 4479 requie
1405 4410 1632 4464 nutritus
1661 4418 1774 4473 est;
1805 4409 1890 4464 hic
1913 4411 1966 4464 in

397 4499 618 4553 alienam
661 4516 792 4570 puer
837 4503 1093 4558 adductus
1135 4503 1404 4573 regionem
1453 4502 1655 4556 itineris
1701 4518 1966 4558 arrumnas

399 4591 628 4658 perferre
652 4592 936 4660 cogebatur
967 4611 980 4647 :
1011 4609 1075 4647 ac
1100 4592 1297 4648 Jacobo
1325 4592 1535 4662 quidem
1562 4591 1742 4646 aderat
1771 4602 1960 4657 mater,

398 4681 614 4737 insidias
632 4681 864 4745 leniens;
897 4683 982 4737 hic
1006 4685 1431 4738 adolescentulus
1456 4683 1664 4752 quando
1693 4682 1766 4735 iiii
1797 4692 1964 4737 matre

397 4789 528 4842 opus
568 4782 716 4839 erat,
749 4784 870 4828 tunc
908 4776 1133 4829 maxime
1180 4778 1280 4830 isto
1321 4775 1582 4842 adjutorio
1626 4774 1867 4829 desertus
1912 4784 1966 4828 et

398 4867 677 4922 destitutus
710 4874 812 4920 est.
858 4865 938 4918 Ad
980 4867 1091 4919 ha-e
1126 4866 1266 4920 Esau
1293 4867 1504 4937 quidem
1532 4881 1694 4934 usque
1723 4864 1786 4917 ad
1814 4880 1964 4916 coui-

397 4955 739 5012 minutionem
767 4963 965 5008 tantum
993 4954 1245 5009 Iacobum
1276 4957 1588 5025 perterruit;
1633 4965 1684 5008 at
1712 4970 1835 5008 vero
1871 4955 1964 5009 Jo-

397 5049 548 5118 sephi
590 5046 778 5102 fratres
820 5046 1034 5100 insidias
1075 5047 1126 5099 in
1165 5060 1404 5116 apertum
1427 5064 1558 5117 opus
1588 5046 1964 5116 perduxerunt,

395 5150 556 5208 atque
599 5147 723 5193 ante
767 5135 982 5190 insidias
1025 5136 1216 5190 invidia
1267 5140 1516 5193 commoti
1563 5136 1841 5192 detrahere
1893 5139 1964 5191 illi

399 5244 682 5297 mtmquam
713 5227 1028 5282 destiterunt
1051 5244 1062 5280 :
1088 5241 1193 5296 quo
1218 5229 1342 5297 quid
1369 5231 1608 5284 acerbius
1635 5245 1748 5283 esse
1779 5230 1958 5297 possit,

396 5334 552 5385 quam
579 5335 670 5374 eos
697 5320 1008 5389 quibuscum
1045 5316 1248 5372 habitas
1285 5320 1532 5375 inimicos
1570 5321 1714 5390 pati?
1761 5317 1964 5372 Detulit-

397 5417 515 5458 runt
561 5410 691 5461 enim
737 5410 880 5463 illam
926 5408 1129 5460 crimine
1167 5409 1300 5462 malo
1327 5413 1340 5440 ¹
1371 5451 1384 5474 ,
1429 5424 1475 5464 et
1516 5414 1733 5465 videntes
1776 5414 1907 5479 quod
1934 5429 1967 5466 α

397 5505 537 5566 patre
560 5501 750 5552 caueri;
775 5500 940 5554 liberis
967 5500 1069 5554 suis
1104 5499 1216 5568 plus
1254 5499 1564 5570 diligeretur,
1601 5503 1806 5556 oderant
1831 5519 1964 5570 eum,

398 5603 485 5638 nec
506 5596 728 5656 poterant
756 5592 800 5644 ei
825 5593 1088 5662 quicquam
1115 5591 1324 5661 paci/ire
1343 5593 1477 5661 loqui
1509 5594 1669 5662 (Gen.
1687 5595 1775 5650 57.
1793 5595 1847 5648 2.
1876 5596 1908 5650 4
1929 5599 1964 5660 ).

405 5687 588 5757 Neque
615 5686 793 5750 enim,
825 5690 970 5756 quod
1019 5689 1120 5742 suh
1167 5683 1559 5744 negotiatorum
1597 5687 1840 5755 regiique
1868 5701 1971 5740 cu-

407 5779 569 5834 uuchi
606 5792 769 5832 manu
820 5775 958 5844 fuit,
1007 5788 1114 5832 tam
1145 5792 1310 5849 grave
1357 5774 1430 5828 illi
1478 5773 1646 5828 fuisse
1679 5775 1909 5830 dixerim
1955 5795 1968 5832 :

463 5927 476 5987 '_
513 5924 580 5972 sic
601 5925 648 5973 in
663 5930 772 5987 LXX
794 5929 1144 5987 interpretibus
1165 5927 1372 5987 legitur;
1397 5937 1539 5975 secus
1561 5926 1607 5974 in
1625 5925 1825 5975 ttelirazo
1846 5928 1967 5977 etin

401 5983 610 6046 illigata,
632 5986 714 6036 ubi
736 5986 910 6048 Joseph
927 5983 1102 6038 fratres
1122 5983 1370 6040 au'tt'sttsse
1391 5989 1577 6038 dicitur.

1235 583 1325 638 AD
1365 573 1738 636 STACIRIUM
1780 575 1822 626 A
1864 569 2164 626 DEMONE
2205 569 2553 626 VEXA'l'll-M.
2604 568 2730 622 LIB.
2771 569 2834 622 ll.

3542 569 3646 618 ιῖἕ)

2058 685 2230 741 multo
2256 682 2402 737 enim
2437 681 2759 734 clementius
2787 680 2880 734 illo
2911 679 2992 733 usi
3023 686 3179 742 sunt,
3211 695 3372 748 quam
3409 683 3627 743 fratres.

2131 768 2344 840 Iosephi
2367 771 2593 840 exemplo
2620 771 2883 823 utitur.—
2910 770 3154 823 Attamen
3204 786 3271 826 ne
3310 774 3386 825 sic
3425 773 3637 841 quidem

2062 863 2259 934 quievit
2287 860 2641 917 calamitatum
2665 879 2804 918 smva
2833 861 3020 929 hiems,
3056 861 3251 933 quippe
3277 865 3642 919 vehementior

2065 956 2294 1026 procella
2317 955 2520 1010 irruens
2548 958 2718 1026 ipsum
2745 970 2928 1010 rursus
2953 953 3062 1009 fere
3091 955 3364 1011 demersit.
3393 956 3638 1010 Fortasse

2066 1062 2152 1102 me
2181 1047 2440 1116 quispiam
2483 1048 2584 1102 hoc
2624 1049 2675 1102 in
2710 1047 2837 1101 ioco
2876 1047 3095 1102 insidias
3118 1047 3350 1101 domiuze
3379 1046 3639 1100 dictorum

2067 1137 2362 1200 existimet;
2407 1152 2505 1208 ego
2540 1154 2670 1193 vero
2708 1147 2830 1192 ante
2863 1152 2982 1192 eam
3025 1153 3235 1206 quoque
3277 1146 3642 1208 tempestatem

2067 1227 2224 1280 aliam
2252 1229 2527 1282 sarviorem
2553 1228 2743 1282 dicam.
2772 1228 2943 1284 Grave
2964 1226 3199 1297 quidem,
3227 1243 3286 1281 re
3313 1244 3434 1281 vera
3459 1243 3640 1296 grave,

2067 1319 2358 1372 calumnias
2398 1317 2698 1386 hujusmodi
2746 1319 3025 1374 criminum
3065 1319 3169 1387 pati
3198 1317 3565 1386 damnarique,
3596 1327 3646 1370 et

2068 1422 2338 1461 carcerein
2371 1416 2474 1461 tam
2507 1407 2714 1476 prolixo
2741 1417 2976 1476 tempore
3005 1408 3237 1462 incolere
3267 1423 3491 1478 puerum
3526 1408 3630 1459 lilii:

2067 1513 2206 1564 rtnu,
2231 1499 2483 1563 nobilem,
2507 1498 2728 1568 ejusque
2751 1498 3078 1552 necessitatis
3099 1498 3350 1553 hactenus
3377 1499 3614 1569 ignarum
3631 1543 3644 1564 ,

2068 1588 2161 1640 Sed
2190 1604 2317 1642 sane
2345 1589 2558 1657 gravius
2589 1587 2671 1642 bis
2701 1587 2948 1642 omnibus
2977 1587 3051 1642 illi
3081 1589 3251 1641 visum
3279 1599 3426 1658 puto,
3458 1589 3645 1642 ίῖεεί-ιιις

2069 1681 2241 1732 aetatis
2267 1682 2676 1749 eouipescnissc.
2707 1680 2762 1736 Si
2789 1679 2930 1735 enim
2963 1680 3107 1734 nulla
3136 1679 3376 1748 flagranti
3400 1684 3641 1748 conculi-

2071 1771 2268 1824 scentia
2298 1780 2473 1823 motus
2507 1773 2644 1825 illius
2673 1786 2882 1826 amores
2911 1772 3296 1842 blanditiasque
3335 1775 3644 1841 respuissi-t,

2071 1876 2176 1914 non
2218 1859 2345 1914 mihi
2376 1860 2446 1913 ita
2475 1859 2766 1913 laudandus
2802 1869 2959 1929 atque
2987 1860 3328 1915 admirandus
3353 1863 3643 1927 videretur,

2068 1951 2262 2007 Christi
2292 1951 2493 2005 scilicet
2513 1950 2788 2005 sententia:
2808 1950 3064 2004 credenti.
3091 1949 3270 2020 Neque
3291 1951 3430 2005 enim
3454 1953 3538 2006 ille
3559 1972 3644 2006 eos

2069 2045 2157 2112 qui
2185 2053 2369 2098 natura
2391 2052 2514 2096 sunt
2542 2041 2789 2106 eunuchi,
2810 2042 2905 2096 sed
2927 2042 3014 2111 qui
3039 2041 3244 2110 seipsos
3259 2050 3431 2096 castra
3443 2055 3647 2104 verunt.

2070 2134 2258 2204 dignos
2305 2149 2467 2203 regno
2506 2134 2756 2188 catlorum
2797 2133 2929 2188 dixit
2977 2132 3204 2203 (Matth.
3251 2133 3337 2189 19.
3390 2133 3513 2202 12).
3557 2138 3650 2189 Sin

2074 2239 2198 2277 vero
2225 2239 2407 2285 secus,
2441 2238 2598 2292 quam
2631 2224 2720 2277 ille
2749 2223 3022 2278 victoriam
3054 2223 3363 2278 retulisset?
3397 2226 3650 2280 adversus

2074 2327 2231 2382 quem
2271 2312 2527 2365 dimicans
2564 2327 2818 2366 coronam
2864 2314 3188 2381 reportaret?
3231 2330 3460 2384 quonam
3502 2321 3652 2370 hoste

2074 2414 2326 2474 Superato
2371 2404 2541 2458 victor
2583 2405 3033 2472 proclamarctur,
3078 2405 3122 2459 si
3168 2407 3340 2462 nullus
3383 2419 3523 2463 esset
3566 2428 3654 2479 qui

2073 2493 2454 2560 obluctaretur,
2481 2511 2709 2566 cumque
2739 2496 2996 2552 niteretur
3015 2497 3278 2564 dejicere?
3308 2499 3484 2569 Neque
3512 2503 3650 2554 enim

2075 2599 2166 2638 eos
2192 2583 2281 2654 qui
2310 2585 2377 2639 ab
2410 2585 2751 2641 animantium
2787 2587 2927 2642 coitu
2966 2587 3366 2654 abstinuerunt,
3395 2593 3548 2644 castit
3568 2593 3653 2645 itis

2074 2675 2281 2729 ratione
2311 2675 2658 2744 prmdicamus
2678 2718 2690 2741 ,
2719 2677 2859 2747 quod
2899 2686 3101 2732 natura:
3140 2679 3293 2733 insita
3325 2695 3430 2733 non
3462 2683 3529 2734 si:
3559 2682 3650 2734 ltu-

2069 2764 2301 2834 jusmodi
2329 2767 2779 2837 concupiscentia.
2802 2768 2856 2823 Si
2881 2767 3037 2837 igitur
3058 2769 3212 2823 beato
3235 2771 3304 2824 illi
3327 2771 3653 2828 adolescenti

2072 2857 2332 2926 ejusmodi
2363 2859 2498 2928 ignis
2528 2859 2656 2913 nihil
2684 2860 2938 2915 molestus
2956 2860 3073 2926 fuit,
3098 2861 3221 2932 quid
3243 2871 3323 2918 est
3349 2864 3485 2933 quod
3515 2866 3652 2919 illius

2071 2947 2369 3002 castitatem
2396 2948 2468 3001 ita
2497 2949 2852 3003 admiramur?
2898 2950 3048 3017 Quod
3091 2952 3133 3004 si
3167 2967 3232 3006 eo
3259 2963 3516 3022 tempore,
3547 2971 3654 3023 quo

2073 3038 2438 3094 vehementius
2466 3039 2769 3108 hujusmodi
2810 3042 3024 3096 ﬂamma
3062 3046 3398 3100 succenditur
3426 3052 3440 3115 (
3464 3050 3651 3113 agebat

2073 3130 2268 3200 quippe
2295 3138 2418 3184 tunc
2440 3131 2751 3199 vigesimum
2777 3133 2947 3188 aetatis
2968 3133 3219 3206 annum),
3250 3145 3304 3191 ct
3339 3152 3458 3192 cuni
3497 3141 3652 3196 nullis

2074 3220 2301 3276 admotis
2331 3221 2448 3275 aliis
2476 3221 2720 3276 fomentis
2749 3222 3092 3278 intolerabilis
3123 3241 3216 3293 per
3243 3242 3299 3281 se
3329 3239 3408 3282 est
3437 3230 3531 3282 ista
3552 3231 3650 3298 vis,

2075 3320 2203 3366 tunc
2239 3310 2471 3365 maxime
2502 3311 2766 3380 impudica
2795 3311 2983 3366 mulier
3003 3314 3298 3369 castissime
3328 3317 3651 3374 adolescenti

2074 3399 2316 3454 insidiata
2344 3409 2445 3465 cst,
2471 3409 2673 3455 tantum
2701 3400 2823 3455 huic
2851 3401 3076 3456 ﬂamma:
3103 3403 3290 3458 virimn
3317 3421 3380 3460 ex
3406 3408 3515 3461 suis
3538 3409 3651 3463 ille-

2071 3493 2242 3546 cebris
2269 3501 2322 3546 et
2349 3493 2675 3547 ornamentis
2701 3493 2957 3562 adjiciens
2976 3535 2990 3558 ,
3030 3503 3282 3562 quantum
3313 3498 3381 3550 illi
3410 3510 3526 3552 erat
3555 3515 3652 3568 per

2073 3592 2356 3636 naturam:
2391 3582 2507 3649 quis
2541 3581 2652 3651 jam
2699 3591 2809 3636 ttun
2854 3583 2994 3638 illius
3041 3583 3249 3651 fluctus,
3304 3591 3653 3644 ιιιιιιειῖιιις,οι

2069 3671 2390 3726 anxietatem
2410 3686 2660 3728 enarrare
2681 3673 2925 3748 sufﬁciat,
2951 3696 3070 3739 cum
3099 3688 3413 3746 inll‘ittSCCih
3441 3695 3650 3761 quidem

2071 3771 2125 3818 et
2149 3775 2345 3822 natura
2370 3768 2518 3826 illum
2562 3784 2615 3828 et
2657 3785 2786 3828 artas
2830 3777 3217 3844 perun-harent,
3263 3797 3454 3852 arsque
3484 3786 3622 3858 :Egy

2069 3862 2198 3931 ptite
2225 3865 2555 3920 extrinsecus
2577 3865 2867 3934 pelliceret,
2897 3869 3139 3939 istudquc
3168 3888 3270 3924 non
3306 3890 3410 3926 uno
3436 3877 3543 3940 die,
3572 3881 3652 3934 \cl

2073 3951 2300 4018 duobus,
2314 3954 2408 4008 sed
2429 3954 2655 4024 plurimo
2677 3964 2914 4024 tempore
2933 3957 3227 4026 perferret?
3253 3963 3507 4032 Equidem
3532 3983 3653 4021 reor

2074 4041 2247 4110 ipsum
2278 4053 2401 4098 tunc
2434 4057 2540 4098 non
2573 4045 2672 4099 sibi
2710 4055 2911 4099 tantum
2944 4049 3180 4102 timuisse
3206 4090 3220 4114 ,
3260 4053 3352 4106 sed
3383 4054 3455 4106 illi
3487 4056 3646 4111 etiam

2074 4131 2400 4197 indoluisse,
2448 4133 2590 4202 quod
2631 4133 2697 4188 ad
2743 4143 2941 4189 tantum
2985 4138 3328 4208 [.rmcipitiuni
3375 4146 3652 4209 pervenire

2072 4219 2368 4276 festinaret.
2412 4225 2584 4291 Atque
2622 4223 2748 4278 illud
2787 4240 2852 4278 ex
2890 4225 3061 4279 verbis
3097 4245 3212 4295 qur:
3253 4232 3454 4284 mulieri
3498 4235 3646 4298 plena

2073 4315 2346 4368 modestize
2394 4316 2664 4383 respondit
2708 4317 2858 4370 nobis
2897 4329 3140 4373 constare
3184 4324 3394 4390 poterit.
3438 4325 3645 4378 Etenim

2072 4403 2264 4459 licebat
2313 4405 2382 4458 illi
2426 4406 2681 4474 profecto,
2715 4407 2756 4458 si
2786 4407 3077 4472 \‘01'JiS:Cl,
3119 4419 3172 4462 et
3213 4416 3496 4466 εοιιιιηιιυίξ
3523 4417 3646 4471 :sius

2074 4506 2129 4551 ct
2165 4496 2415 4552 audacius
2439 4497 2504 4551 ad
2534 4499 2672 4550 illam
2704 4497 2877 4568 loqui,
2909 4500 3168 4568 siquidem
3197 4503 3279 4556 illa
3306 4519 3399 4572 per
3431 4509 3643 4562 nimiam

2073 4589 2270 4640 amoris
2301 4588 2403 4640 vim
2436 4589 2587 4642 facile
2617 4599 2803 4642 cuneta
2842 4590 3146 4657 tolerasset;
3182 4610 3359 4649 verum
3388 4599 3515 4652 nihil
3553 4602 3653 4654 hn-

2069 4678 2301 4746 jusuiodi
2334 4678 2582 4745 loquutus
2612 4689 2692 4734 est
2719 4682 3097 4749 autcogitavit,
3127 4683 3218 4738 sed
3245 4685 3344 4754 piis
3370 4690 3647 4754 cogitatio-

2076 4770 2231 4822 nibus
2259 4769 2487 4823 admotis
2524 4786 2586 4824 ea
2629 4771 2959 4826 solummodo
2997 4773 3244 4843 loquutus
3281 4787 3381 4838 est.
3415 4795 3504 4846 per
3530 4797 3647 4850 qua:

2077 4860 2294 4928 putabat
2337 4861 2476 4914 illam
2520 4876 2675 4929 posse
2705 4860 2904 4930 pudore
2933 4861 3068 4916 afliei
3095 4903 3110 4925 ,
3153 4864 3385 4936 nihilque
3423 4873 3648 4939 :nanius

2077 4951 2287 5020 adjecit.
2320 4951 2472 5016 Ecce,
2505 4953 2667 5013 enim,
2697 4953 2896 5022 inquit,
2923 4954 3156 5009 dominus
3182 4973 3317 5010 meus
3343 4973 3544 5028 propter
3573 4981 3648 5016 me

2076 5043 2204 5096 nihil
2227 5045 2317 5097 scit
2343 5060 2514 5096 eorum
2538 5059 2651 5113 quia
2682 5055 2798 5097 sunt
2830 5045 2881 5098 in
2919 5047 3066 5100 domo
3100 5065 3190 5101 sua
3216 5065 3236 5102 :
3264 5061 3309 5102 ct
3344 5055 3512 5102 omnia
3542 5071 3651 5120 qm:

2071 5150 2164 5186 sua
2188 5142 2301 5186 sunt
2329 5133 2467 5188 dedit
2493 5134 2543 5186 in
2575 5151 2727 5187 ntanu
2755 5152 2884 5199 mea,
2916 5137 3139 5208 nihilque
3167 5140 3218 5192 in
3249 5139 3398 5193 domo
3420 5159 3512 5194 suo
3535 5146 3650 5209 plus

2075 5225 2217 5276 habet
2243 5240 2392 5294 quam
2418 5241 2506 5294 ego
2536 5241 2551 5278 .'
2582 5242 2737 5295 neque
2760 5229 2953 5296 aliquid
2979 5229 3111 5298 quod
3140 5246 3237 5283 non
3264 5231 3451 5284 dederit
3475 5233 3525 5285 in
3554 5253 3647 5302 po-

2077 5325 2250 5370 testate
2285 5332 2391 5368 mea
2429 5326 2606 5385 prwter
2635 5327 2700 5380 te,
2733 5333 2790 5370 eo
2819 5319 2950 5386 quod
2980 5335 3108 5371 uxor
3132 5320 3271 5372 illius
3307 5324 3373 5373 sis
3397 5339 3415 5374 :
3440 5333 3485 5375 et
3523 5341 3646 5388 quo-

2076 5408 2222 5460 modo
2250 5408 2434 5476 faciam
2460 5409 2551 5461 hoc
2575 5408 2771 5462 verbum
2797 5410 3003 5475 malum,
3035 5419 3087 5461 ut
3119 5427 3312 5477 peccem
3338 5428 3508 5463 comm
3542 5412 3647 5464 Ι)ιό

2075 5495 2237 5566 (Gen.
2279 5499 2367 5552 59-
2403 5499 2454 5553 5.
2488 5498 2596 5568 9)?
2637 5499 2699 5551 lit
2741 5507 2914 5552 tamen
2961 5509 3078 5567 post
3108 5507 3302 5552 tantum
3336 5501 3642 5556 modestiam

2076 5599 2324 5660 tantaque
2366 5588 2620 5644 castitatis
2665 5590 2855 5644 indicia
2901 5590 3013 5644 falsi
3054 5590 3289 5643 criminis
3331 5593 3646 5649 calumniam

2077 5682 2287 5742 subivit,
2313 5681 2552 5750 Iieusqne
2579 5680 2717 5734 istud
2749 5681 2859 5737 lieri
2890 5680 3145 5751 permisit.
3176 5680 3393 5737 Vinetus
3421 5696 3519 5745 ea,
3553 5701 3649 5740 ni-c

2073 5781 2149 5834 sic
2178 5775 2412 5849 prodidit
2432 5773 2648 5828 insidias
2677 5775 3028 5845 injustatnque
3052 5774 3287 5828 mulieris
3309 5775 3642 5828 Calumniam.

2077 5867 2297 5922 Volebat
2326 5866 2466 5920 enim
2508 5865 2804 5934 c0piosiora
2851 5865 3064 5933 prxeinia
3105 5879 3430 5932 Coronosquc
3458 5864 3645 5917 Clario.

2073 5974 2158 6012 res
2191 5972 2483 6028 przeparare
2504 5999 2516 6023 ,
2548 5967 2702 6027 atque
2746 5957 2862 6013 ideo
2899 5955 3024 6026 ipsis
3055 5971 3262 6028 quoque
3291 5961 3455 6011 servis
3493 5960 3649 6026 regns
