4490 6734
914 670 1007 723 ιη

909 780 1143 836 dimissis
1191 779 1304 849 ipse
1347 778 1582 833 inclusus
1624 778 2018 847 perseverabat.
2070 777 2149 832 Tu
2194 777 2315 832 nolo
2358 776 2489 830 mihi

909 871 1143 926 custodis
1170 872 1503 925 clementiam
1531 869 1750 939 obiicias
1776 912 1790 935 ,
1827 885 2010 924 verum
2040 869 2201 939 ipsius
2226 868 2383 923 verba
2408 867 2489 921 di-

911 961 1156 1029 ligentius
1186 962 1462 1016 examines
1484 1001 1496 1023 ,
1527 972 1577 1013 et
1609 960 1857 1029 inspicies
1883 960 2043 1013 animi
2074 960 2327 1013 dolorem.
2359 956 2489 1010 Nam

908 1066 1029 1105 eum
1074 1054 1335 1105 somnium
1390 1052 1765 1119 interpretatus
1818 1059 1981 1115 esset,
2030 1051 2176 1121 regio
2226 1050 2491 1119 pincerna‘.

908 1142 1038 1194 dixit
1085 1140 1221 1194 :Sed
1250 1151 1493 1193 memento
1520 1143 1613 1193 mei
1643 1157 1731 1207 per
1757 1139 2093 1209 temetipsum,
2125 1156 2236 1193 cum
2263 1138 2348 1191 tibi
2370 1139 2491 1193 bene

911 1231 1080 1299 fuerit,
1124 1231 1377 1299 faciesque
1414 1248 1565 1299 super
1606 1247 1683 1283 me
1717 1230 2133 1294 miscricordiam,
2175 1239 2221 1283 et
2258 1246 2490 1299 suggere:

912 1320 1171 1373 Pharaoni
1211 1320 1274 1373 de
1314 1337 1409 1383 me,
1453 1330 1499 1372 et
1544 1320 1722 1372 educes
1762 1335 1840 1372 me
1885 1319 1947 1372 dc
1988 1335 2183 1372 carcere
2223 1320 2340 1384 ista,
2371 1320 2490 1388 quia

909 1417 1043 1474 (tu-to
1072 1411 1297 1463 sublatus
1319 1427 1429 1463 sum
1456 1410 1519 1462 de
1545 1418 1674 1461 terra
1704 1408 2030 1464 lchra’orum
2051 1427 2070 1463 :
2092 1421 2136 1462 et
2164 1410 2243 1461 hic
2268 1425 2365 1461 nou
2393 1412 2491 1480 feci

906 1503 1188 1569 quicquam,
1209 1501 1296 1553 sed
1317 1502 1628 1554 innocentem
1650 1502 1924 1569 iujeceruut
1947 1517 2023 1552 me
2043 1500 2092 1553 iu
2117 1500 2321 1552 domum
2350 1498 2491 1554 lacus

903 1592 1055 1661 Imjtts
1083 1589 1245 1661 (Gen.
1274 1592 1363 1646 40.
1395 1593 1480 1645 Η.
1516 1592 1637 1659 15).
1682 1591 1795 1644 Etsi
1826 1591 1965 1644 enim
1996 1590 2226 1644 claustra
2259 1590 2491 1645 carceris

903 1683 1057 1738 facile.
1087 1684 1309 1750 ferebat,
1340 1700 1459 1737 cum
1488 1684 1566 1737 eis
1596 1683 1895 1737 hominibus
1920 1684 2117 1748 vivere,
2148 1692 2271 1752 puta
2309 1684 2489 1752 sepul-

909 1790 1120 1827 crorum
1146 1773 1507 1838 \iolatorihus,
1534 1773 1755 1837 furibus,
1775 1773 2070 1841 parricidis,
2093 1773 2367 1840 adulteris,
2394 1775 2492 1829 ho-

906 1862 1111 1915 :uicidis
1140 1862 1254 1932 (his
1285 1863 1425 1916 enim
1456 1872 1615 1931 atque
1643 1862 1943 1931 huiusmodi
1974 1863 2183 1931 plenum
2216 1873 2330 1917 erat
2359 1864 2488 1918 illud

903 1952 1333 2020 habitaculum),
1363 1954 1575 2022 gravius
1607 1952 1711 2006 illis
1741 1968 1803 2006 ac
1830 1952 2103 2007 molestius
2130 1961 2261 2006 erat.
2303 1952 2488 2022 Neque

904 2043 955 2096 id
1002 2043 1208 2108 solum,
1251 2043 1343 2097 sed
1382 2043 1519 2111 quod
1564 2042 1817 2110 plurimos
1860 2041 2155 2095 intueretur
2194 2041 2388 2094 frustra
2436 2050 2490 2095 et

905 2135 1133 2189 inaniter
1162 2134 1266 2187 illic
1297 2134 1551 2186 macerari
1584 2143 1634 2186 et
1656 2131 1864 2185 confici.
1897 2131 2002 2185 Sed
2034 2140 2231 2196 tamen,
2262 2130 2313 2183 id
2346 2129 2487 2200 quod

903 2234 1009 2276 tute
1035 2223 1190 2277 modo
1216 2223 1457 2292 quereris
1476 2263 1491 2288 ,
1523 2238 1706 2276 servus
1736 2222 1949 2291 quidem
1973 2222 2197 2275 vinculis
2220 2223 2455 2291 eripieba

903 2329 1007 2380 tur,
1029 2315 1160 2369 liber
1181 2326 1355 2369 autem
1386 2316 1436 2368 in
1466 2316 1719 2369 mrtuunis
1747 2314 2083 2383 persistebat.
2113 2315 2263 2383 Quod
2294 2330 2337 2368 δι
2369 2315 2487 2384 quis

902 2406 1050 2476 regni
1100 2408 1421 2460 mentionem
1467 2406 1664 2468 faciat,
1718 2406 1802 2461 hic
1842 2407 1968 2460 mihi
2016 2423 2197 2461 rursus
2240 2422 2484 2460 curarum

900 2513 1146 2562 examen,
1179 2498 1474 2567 vigiliarum
1502 2506 1555 2552 ct
1581 2497 1725 2552 mille
1764 2499 2101 2567 negotiorum
2141 2496 2482 2551 difficultates

1653 664 1690 718 S
1738 663 2012 720 ,ιυθιιΝΝιε
2050 662 2519 721 CHRYSOSTUMI
2556 666 2873 724 ARCIIIEP.
2904 666 3439 724 CUNSTANTINOP.

4082 680 4193 733 ιη

2599 779 2653 832 in
2682 779 2910 833 medium
2934 780 3189 837 adducet:
3213 797 3330 852 qua:
3354 780 3528 835 omnia
3556 782 3618 836 iis
3644 784 3731 852 qui
3761 786 3991 854 quietam
4014 791 4193 846 curis-

2598 886 2701 939 que
2725 886 2942 925 vacuam
2974 875 3134 928 vitam
3160 875 3401 945 diligunt,
3420 889 3524 929 non
3546 874 4013 945 nimiumjucunda
4034 894 4184 937 sunt.

2598 962 2860 1015 Praeterea
2891 965 3085 1017 sanctis
3115 965 3217 1020 illis
3243 966 3454 1035 quidem
3477 966 3519 1020 si
3541 966 3663 1035 quid
3695 967 3869 1020 laetum
3896 972 4186 1041 continge-

2597 1051 2704 1117 bat,
2740 1052 2928 1105 mirum
2962 1056 3195 1121 profecto
3229 1072 3333 1110 non
3364 1068 3479 1112 erat
3503 1099 3518 1124 ,
3552 1073 3673 1112 cum
3710 1058 3934 1113 necdum
3959 1061 4186 1116 cmleste

2598 1158 2814 1211 regnum
2850 1143 3061 1213 planum
3090 1155 3143 1199 et
3171 1159 3414 1217 apertum
3441 1161 3602 1215 esset,
3631 1165 3727 1205 nec
3749 1149 4046 1205 futuroaum
4084 1150 4192 1202 bo-

2597 1250 2784 1288 norum
2818 1236 3099 1304 promissio
3126 1240 3403 1295 manifesta
3438 1261 3449 1294 :
3479 1258 3619 1298 nunc
3640 1257 3765 1298 vero
3791 1241 4005 1312 quando
4030 1252 4188 1299 tanta

2597 1325 2856 1379 bonorum
2883 1328 3033 1395 copia
3060 1331 3373 1397 proponitur
3391 1372 3403 1395 ,
3434 1347 3624 1402 resque
3660 1333 3865 1387 cunctis
3892 1329 4184 1385 manifesu

2595 1428 2697 1483 est,
2731 1419 3033 1482 audebitne,
3062 1420 3304 1486 obsecro,
3334 1422 3442 1489 iam
3485 1424 3748 1493 quispiam
3787 1424 3999 1490 dolere,
4038 1423 4084 1475 si
4132 1422 4185 1475 in

2597 1509 2842 1578 prtesenti
2874 1510 2977 1561 vita
3002 1509 3250 1577 iucundis
3290 1513 3449 1567 nullis
3490 1513 3810 1583 perfruatur,
3838 1524 3928 1567 aut
3959 1528 4185 1582 prorsus

2598 1599 2649 1653 in
2681 1601 2777 1653 hac
2806 1602 2907 1654 vita
2934 1599 3087 1654 dulce
3120 1602 3316 1671 aliquid
3352 1603 3672 1657 existimabit
3697 1603 3783 1670 qui
3814 1604 3898 1655 illa
3929 1602 4186 1656 noverit?

2598 1689 2663 1743 Et
2704 1689 2826 1757 quid
2870 1688 2971 1743 hoc
3007 1690 3185 1744 animo
3211 1692 3312 1746 dici
3341 1692 3597 1760 abiectius
3622 1698 3831 1759 potest,
3861 1694 3929 1755 si,
3951 1706 4183 1758 sperans

2599 1781 2757 1848 paulo
2779 1788 2895 1850 post
2924 1782 2974 1833 in
2998 1781 3184 1835 etelum
3214 1797 3272 1838 se
3297 1783 3660 1853 migraturum,
3694 1782 3847 1848 hujus
3873 1782 4057 1834 mundi
4082 1797 4176 1835 re-

2596 1871 2777 1939 quiem
2822 1871 3050 1940 inquirat
3075 1886 3137 1926 ac
3162 1875 3567 1943 prosperitatem
3601 1873 3783 1927 umbra
3809 1872 3948 1926 nulla
3984 1872 4185 1926 melino

2598 1960 2750 2013 rem?
2787 1958 2995 2013 Vauitas
3022 1961 3161 2015 enim
3191 1964 3487 2026 vanitalum,
3519 1963 3707 2032 inquit,
3741 1972 3788 2016 et
3827 1963 3997 2016 omnia
4036 1966 4185 2014 uani-

2598 2058 2673 2101 tas
2704 2048 2897 2115 (Eccie.
2917 2046 3057 2116 με),
3099 2050 3247 2117 Quod
3276 2052 3321 2107 si
3355 2053 3427 2119 is,
3460 2055 3547 2123 qui
3578 2054 3851 2123 praesentis
3880 2055 4000 2107 vita:
4029 2054 4186 2107 volu-

2597 2146 2767 2206 ptates
2808 2138 2915 2206 prie
2951 2140 3159 2194 creteris
3199 2142 3501 2199 hominibus
3536 2144 3705 2198 fuerat
3733 2154 4009 2213 expertus,
4043 2144 4185 2199 hanc

2596 2228 2849 2281 adversus
2894 2228 3013 2282 illas
3051 2232 3365 2293 sententiam
3396 2232 3533 2293 tulit,
3562 2233 3725 2285 multo
3764 2233 3932 2301 magis
3972 2247 4071 2285 nos
4102 2232 4181 2285 ita

2596 2314 2734 2368 afﬁci
2780 2326 2832 2369 ct
2873 2319 3069 2371 sentire
3108 2321 3373 2383 convenit,
3400 2321 3588 2389 quibus
3630 2321 3755 2372 nihil
3787 2330 3865 2374 est
3892 2336 4184 2375 commune

2595 2422 2714 2461 cum
2756 2419 2913 2471 terra,
2951 2411 3244 2479 quibusth
3290 2413 3340 2464 in
3384 2426 3606 2479 superna
3649 2411 3919 2480 inscriptis
3955 2412 4182 2467 civitate

2598 2509 2874 2570 totamque
2903 2500 3027 2555 iihtc
3054 2510 3285 2556 mentem
3314 2504 3599 2556 transferre
3619 2501 3826 2571 iussum
3856 2511 3956 2558 est.

1058 2629 4174 2656 *mm

992 2756 1017 2771 -
1263 2717 2189 2863 EJUSDEM
2281 2718 2565 2861 AD
2668 2650 3779 2869 STAGIRIUM

2208 2947 2315 3009 DE
2359 2948 2763 3012 TRISTITIA
2817 2955 2857 3012 ‘.

1946 3084 2419 3193 LIBER
2508 3088 3227 3201 TERTIUS.

2317 3295 2735 3341 -ο-ο-δ-ὶοοεοο-ο-

978 3416 1023 3466 l.
1056 3408 1310 3464 Sufficere
1339 3406 1553 3477 quidem
1586 3413 1828 3474 poterant
1859 3418 1920 3458 ea
1946 3418 2064 3472 qua:
2099 3403 2236 3457 dicta
2267 3413 2389 3457 sunt
2414 3405 2479 3458 ad

901 3501 1334 3573 exstinguendam
1365 3498 1613 3553 ttimroris
1640 3496 1907 3550 ﬂammam
1929 3538 1941 3559 ,
1970 3504 2128 3563 atque
2157 3496 2485 3564 persuaden-

901 3597 1027 3651 dum
1067 3594 1288 3648 meliore
1315 3606 1376 3644 ae
1414 3588 1778 3659 trauquilliore
1807 3602 1927 3642 esse
1958 3587 2136 3641 animo
2169 3606 2181 3640 :
2216 3603 2399 3644 verum
2432 3597 2489 3643 ut

901 3683 1196 3741 consolatio
1223 3682 1291 3736 sit
1320 3680 1653 3744 cumulatior,
1686 3688 1736 3732 et
1765 3677 1903 3731 hunc
1931 3678 2119 3731 librum
2149 3678 2378 3747 adjicere
2406 3680 2488 3732 in-

902 3780 1047 3835 stitui
1073 3820 1087 3844 ,
1122 3775 1246 3830 illud
1277 3776 1371 3829 abs
1409 3784 1460 3828 te
1501 3771 1726 3842 primum
1769 3769 2040 3839 inquirens
2071 3787 2084 3823 :
2122 3769 2212 3822 Dic
2239 3811 2254 3835 ,
2287 3783 2408 3831 oro,
2434 3770 2478 3824 si

905 3871 1023 3939 quis
1052 3876 1104 3922 te
1131 3867 1195 3921 ad
1237 3880 1456 3935 regnum
1500 3871 1749 3917 terrestre
1788 3869 2002 3913 vocaret
2026 3902 2040 3923 ,
2069 3870 2226 3927 atque
2256 3868 2379 3913 ante
2406 3860 2485 3912 in-

902 3975 1142 4031 gressum
1167 3958 1281 4026 ejus
1306 3956 1550 4018 civitatis,
1578 3953 1659 4006 vel
1686 3961 1969 4019 antequam
1994 3964 2244 4003 coronam
2272 3950 2483 4017 accipe-

906 4066 991 4105 res
1035 4051 1085 4103 in
1126 4048 1387 4102 stabulum
1421 4046 1684 4098 divertere
1714 4056 1932 4096 necesse
1970 4049 2142 4105 esset,
2175 4040 2261 4093 ubi
2305 4040 2397 4093 luti
2428 4054 2490 4093 ae

904 4144 1034 4197 fumi
1063 4142 1344 4211 plurimum
1376 4138 1740 4203 viatorumque
1767 4132 2020 4186 tumultus
2049 4137 2211 4195 esset,
2244 4139 2296 4183 et
2327 4130 2492 4183 latro-

906 4252 1030 4289 num
1064 4232 1412 4303 perturbatio,
1427 4241 1737 4295 suunnaque
1758 4240 1999 4294 pressura
2015 4232 2067 4277 et
2084 4222 2345 4291 angustia,
2366 4237 2491 4275 num

909 4325 977 4377 ad
1024 4325 1107 4377 illa
1141 4322 1307 4375 tristia
1353 4318 1669 4388 cogitatione
1700 4315 2088 4369 convertereris
2112 4354 2126 4377 ,
2161 4328 2336 4367 nonne
2368 4326 2493 4365 vero

906 4418 995 4469 illa
1034 4414 1210 4469 omnia
1236 4413 1385 4481 quasi
1416 4409 1545 4462 nihil
1577 4416 1756 4462 essent
1783 4406 2191 4460 contemneres?
2219 4402 2495 4468 Quomodo

905 4508 1063 4575 igitur
1086 4521 1189 4557 non
1212 4502 1494 4557 absurdum
1525 4499 1708 4561 fuerit,
1740 4497 1965 4551 terrenis
1995 4495 2153 4549 rebus
2178 4494 2493 4562 potiturum,

908 4611 1003 4663 spe
1031 4594 1179 4662 regni
1220 4591 1418 4646 elatum
1450 4588 1576 4642 nihil
1610 4586 1692 4641 his
1720 4601 1837 4656 qua:
1866 4586 2075 4639 interim
2115 4583 2336 4638 adversa
2369 4582 2500 4635 inci-

909 4687 1086 4741 derint
1124 4685 1400 4749 contrahi,
1431 4683 1494 4736 ad
1537 4681 1696 4734 cmlos
1723 4689 1900 4733 autem
1927 4678 2239 4733 accersitum
2268 4692 2362 4746 per
2386 4675 2498 4729 sin-

910 4779 1029 4848 gula
1057 4793 1173 4847 quae
1204 4777 1254 4830 in
1281 4774 1578 4830 diversorio
1604 4772 1916 4840 contingunt
1942 4770 2111 4823 tristia
2143 4768 2391 4822 decidere
2418 4774 2496 4819 at-

910 4884 1018 4939 que
1058 4865 1392 4938 perturbari?
1422 4863 1667 4918 Profecto
1696 4861 1837 4914 enim
1870 4858 2162 4913 diversorio
2192 4871 2253 4910 ac
2298 4855 2490 4911 stabuli

918 4960 1245 5015 habitatione
1272 4957 1437 5011 nihilo
1461 4954 1743 5026 prmseptis
1765 4953 1887 5007 vitte
1911 4961 2076 5006 status
2099 4952 2317 5015 melior;
2346 4949 2505 5018 idque

918 5067 1038 5105 cum
1071 5049 1237 5103 sancti
1265 5048 1419 5101 nobis
1444 5046 1677 5099 indicare
1698 5053 1975 5113 cuperent,
2016 5042 2249 5111 hospites
2275 5055 2337 5095 ac
2375 5054 2496 5109 per—

920 5141 1132 5210 egrinos
1149 5140 1353 5208 seipsos
1380 5135 1739 5205 appellabant,
1768 5133 1850 5187 his
1869 5133 2040 5187 verbis
2064 5147 2163 5186 nos
2178 5132 2499 5196 erudientes,

918 5238 973 5285 et
1001 5231 1117 5283 laita
1146 5227 1323 5283 satculi
1372 5225 1649 5295 prazsentis
1687 5232 1742 5277 et
1781 5223 1946 5276 tristia
1977 5222 2219 5276 deridere
2241 5263 2255 5287 ,
2287 5229 2447 5290 atque
2473 5233 2502 5272 a

922 5333 1064 5379 terra
1100 5321 1408 5391 longissime
1434 5326 1666 5372 remotos
1693 5326 1802 5371 toto
1826 5317 2000 5371 animo
2022 5316 2251 5370 caelestia
2278 5315 2502 5383 ambire,

921 5424 1081 5485 atque
1107 5412 1171 5467 ad
1202 5427 1262 5467 ca
1296 5420 1458 5464 totam
1490 5406 1783 5462 transferre
1811 5406 2204 5476 cogitationem.

997 5506 1154 5560 Μοεὶε
1198 5502 1481 5571 exemplum
1523 5497 1690 5566 affert.
1724 5528 1794 5538 —
1821 5500 1933 5567 Age
1972 5498 2149 5566 itaque
2189 5495 2253 5549 ad
2294 5504 2506 5551 sanctos

922 5599 1067 5668 ipsos
1095 5594 1386 5659 veniamus,
1408 5606 1437 5644 a
1466 5590 1661 5659 Joseph
1690 5589 1753 5642 ad
1776 5587 1971 5642 Mosem
1999 5587 2294 5641 orationem
2328 5594 2503 5638 trans-

924 5692 1176 5745 ferentes.
1210 5687 1305 5741 llic
1326 5684 1487 5747 enim,
1513 5682 1746 5736 omnium
1781 5681 1867 5751 qui
1896 5679 1947 5732 in
1971 5688 2111 5733 terra
2158 5675 2505 5729 versabantur

929 5782 1239 5836 mitissimus
1259 5817 1273 5842 ,
1303 5776 1533 5847 gignitur
1561 5772 1843 5843 gentilibus
1875 5769 2089 5839 quidem
2119 5766 2229 5820 suis
2257 5765 2307 5819 vi
2334 5765 2511 5819 duris-

928 5874 1075 5927 simae
1101 5870 1368 5926 servitutis
1398 5865 1691 5937 oppressis,
1721 5864 1980 5917 alienatus
2006 5867 2180 5914 autem
2212 5873 2239 5911 a
2271 5856 2506 5928 parenti-

991 6032 1003 6055 ¹
1029 6024 1177 6078 συιδ..
1206 6024 1430 6086 Ejusdem
1452 6020 1517 6071 ad
1539 6018 1763 6071 eteadem
1783 6015 1927 6068 etiam
1949 6013 2010 6065 de
2028 6009 2236 6064 tristitia.
2255 6007 2413 6067 Savil.,
2441 6005 2507 6056 ad

930 6089 1145 6137 eumdem
1168 6086 1310 6148 surgit
1327 6086 1421 6133 iam
1440 6093 1600 6133 Sermo
1625 6088 1715 6129 III.

2592 3406 2692 3461 bus
2714 3449 2728 3473 ,
2759 3407 3110 3477 ignoransque
3139 3423 3168 3462 a
3195 3409 3384 3479 quibus
3408 3410 3617 3479 genitus
3642 3418 3808 3474 esset,
3838 3410 3996 3478 priori
4027 3414 4182 3469 omni

2596 3506 2753 3553 aetate
2791 3514 2821 3552 a
2863 3498 3101 3553 barbaris
3146 3500 3270 3554 viris
3315 3500 3618 3555 educatur:
3652 3515 3755 3569 quo
3798 3501 3921 3569 quid
3961 3503 4183 3570 gravius

2594 3588 2819 3643 Hebrch
2844 3631 2860 3657 ,
2889 3590 3245 3661 singularique
3269 3590 3546 3661 prudentia
3589 3591 3813 3661 prtedito
3848 3592 4182 3649 adolescenti

2596 3680 2765 3747 potuit
2791 3680 3126 3750 contingere,
3150 3681 3248 3735 etsi
3277 3681 3469 3735 millies
3495 3680 3631 3734 ﬁlius
3660 3681 3799 3748 regis
3818 3695 3935 3734 esse
3965 3690 4183 3749 putare-

2598 3774 2724 3827 tur?
2755 3773 2870 3828 Non
2899 3784 3075 3828 autem
3106 3774 3206 3827 hoc
3235 3772 3352 3828 solo
3382 3772 3673 3842 angebatur
3698 3772 3786 3825 ille
3815 3780 3958 3835 tunc,
3991 3788 4181 3827 verum

2597 3866 2734 3934 quod
2774 3867 3067 3921 intueretur
3100 3876 3312 3936 gentem
3354 3880 3501 3919 suam
3541 3864 3760 3918 summis
3784 3864 4176 3921 calamitatibus

2599 3958 2847 4027 opprimi.
2879 3958 2977 4024 Qui
3005 3957 3146 4011 enim
3182 3958 3298 4010 sine
3335 3956 3543 4009 illorum
3572 3956 3738 4008 salute
3763 3970 3831 4010 ne
3856 3956 4036 4011 vivere
4056 3956 4181 4026 qui-

2600 4048 2743 4114 dem,
2764 4064 2936 4118 neque
2960 4049 3010 4102 in
3034 4048 3126 4102 Dei
3149 4048 3283 4101 libro
3304 4045 3561 4101 conscribi
3584 4046 3897 4114 patiebatur,
3912 4045 4182 4115 quomodo

2600 4140 2735 4193 aula:
2766 4139 2926 4208 regite
2955 4138 3207 4207 regnique
3237 4136 3390 4192 bonis
3430 4134 3531 4190 frui
3563 4136 3854 4204 potuisset,
3882 4151 4000 4190 cum
4034 4145 4181 4190 tanta

2598 4245 2786 4285 omnes
2829 4238 3143 4299 tempestate
3180 4228 3381 4298 jactare
3415 4228 3639 4297 gentiles
3667 4227 3948 4282 cerneret?
3972 4225 4104 4280 Nam
4131 4226 4181 4279 si

2600 4336 2697 4375 nos
2726 4334 2938 4390 quoque
2970 4326 3087 4388 post
3117 4326 3221 4371 tam
3252 4317 3415 4370 multa
3449 4317 3639 4371 saecula
3666 4324 3880 4370 exortos
3905 4357 3917 4381 ,
3946 4315 4183 4368 nullam-

2600 4428 2704 4482 que
2748 4410 3045 4481 hujusmodi
3074 4423 3287 4465 causam
3315 4408 3789 4463 commiserationis
3815 4421 3938 4475 erga
3966 4405 4183 4460 Judaeos

2603 4506 2880 4569 habentes,
2914 4512 3057 4558 tanta
3083 4500 3225 4557 subit
3250 4501 3545 4556 occisorum
3576 4514 3856 4569 puerorum
3888 4496 4181 4553 commise-

2603 4598 2758 4663 ratio,
2791 4594 2918 4666 quid
2941 4594 3123 4648 beatus
3152 4591 3240 4646 ille
3266 4604 3369 4644 non
3396 4604 3582 4659 passus
3608 4597 3723 4655 est,
3751 4589 3838 4659 qui
3869 4598 3975 4642 tam
3997 4589 4181 4656 singu-

2606 4689 2703 4744 lari
2742 4690 2932 4744 afi'ectu
2972 4686 3115 4758 genti
3143 4699 3252 4739 sua:
3294 4683 3576 4738 adstrictus
3613 4684 3754 4752 ipsas
3781 4698 3962 4737 eorum
4001 4681 4183 4737 clades

2607 4781 2774 4834 oculis
2802 4777 3158 4849 percipiebat,
3190 4789 3253 4828 ac
3295 4788 3389 4829 eos
3433 4782 3691 4842 praeterea
3731 4773 3821 4844 qui
3865 4774 4024 4827 tantis
4062 4771 4185 4825 illos

2609 4872 2761 4925 malis
2783 4870 3082 4924 afﬁciebant
3100 4875 3377 4938 parentum
3404 4865 3553 4918 titulo
3578 4865 3840 4921 honorare
3860 4862 4185 4933 cogebatur?

2610 4965 2752 5019 Reor
2790 4963 2961 5031 ipsum
2989 4960 3214 5014 miseros
3250 4956 3370 5010 illos
3398 4965 3521 5011 tunc
3550 4957 3776 5012 infantes
3805 4956 3919 5025 plus
3944 4954 4143 5007 luxisse
4166 4990 4183 5016 ,

2611 5071 2767 5126 quam
2795 5052 3016 5109 fecerint
3040 5056 3290 5119 parentes
3314 5048 3411 5118 ipsi
3440 5066 3454 5102 :
3481 5050 3619 5119 quod
3645 5065 3711 5103 ex
3736 5049 3863 5117 ipsis
3882 5046 4041 5112 liquet
4066 5057 4187 5110 qure

2612 5155 2790 5217 postea
2818 5144 2999 5214 gessit.
3029 5141 3160 5195 Cum
3184 5140 3325 5194 enim
3346 5154 3465 5194 eum
3488 5141 3577 5211 qui
3602 5150 3750 5209 pater
3770 5151 3886 5191 esse
3906 5133 4189 5203 putabatur

2611 5254 2710 5295 nec
2738 5234 3007 5293 suadendo
3032 5232 3264 5298 ﬂectere,
3293 5246 3465 5303 neque
3494 5246 3687 5300 cogere
3716 5228 3931 5287 valeret,
3961 5232 4019 5277 ut
4050 5222 4189 5278 fera-

2611 5333 2714 5386 lem
2758 5326 3194 5400 tyranuicamque
3235 5322 3525 5393 iussionem
3571 5324 3888 5379 removeret,
3930 5314 4041 5383 ipse
4082 5329 4187 5371 una

2613 5422 2875 5476 malorum
2916 5414 3275 5471 communium
3320 5415 3485 5469 voluit
3524 5425 3643 5467 esse
3686 5408 3961 5477 particeps.
4005 5405 4191 5477 Neque

2614 5509 2755 5565 istud
2785 5516 2867 5562 cst
2905 5504 3045 5575 quod
3087 5520 3184 5575 ego
3228 5520 3368 5560 nunc
3407 5512 3683 5570 tantopere
3718 5495 3969 5563 admiror,
4006 5497 4101 5551 sed
4125 5514 4190 5552 ex

2613 5601 2759 5655 ctede
2780 5599 2868 5652 illa
2887 5597 3192 5666 coniiciens,
3208 5613 3363 5668 quam
3389 5591 3653 5665 praeterito
3674 5597 3911 5659 tempore
3935 5590 4185 5645 maeroris

2616 5693 2885 5747 flammam
2929 5689 3136 5752 aluerit.
3178 5690 3228 5744 id
3269 5685 3553 5741 admodum
3590 5689 3794 5748 stupeo.
3826 5680 3954 5737 Nam
3995 5682 4086 5751 qui
4126 5697 4191 5736 ex

2619 5783 2846 5837 maxima
2877 5780 3074 5837 doloris
3102 5782 3150 5834 vi
3181 5780 3245 5834 ad
3272 5772 3609 5831 homicidium
3641 5773 3879 5842 protinus
3905 5773 4096 5841 erupit,
4126 5788 4191 5830 ex

2619 5891 2684 5930 eo
2712 5890 2870 5941 opere
2898 5876 2985 5946 qui
3016 5874 3162 5944 prius
3190 5865 3351 5923 animi
3378 5865 3530 5919 dolor
3560 5864 3714 5921 fuerit
3735 5865 3983 5920 ostendit.
4012 5862 4192 5933 Neque

2618 5968 2760 6023 enim
2798 5975 2947 6022 tanta
2992 5966 3113 6018 illos
3155 5957 3487 6012 vehementia
3528 5956 3667 6012 ultus
3705 5956 3909 6019 fuisset,
3945 5954 4044 6007 nisi
4072 5954 4192 6022 plus

2621 6072 2774 6129 quant
2804 6065 2978 6126 patres
3006 6051 3103 6121 ipsi
3129 6062 3313 6105 eorum
3342 6047 3493 6103 malis
3517 6046 3899 6104 contabuisset.
3928 6043 4061 6113 Quid
4093 6045 4189 6114 igi-
