4490 6738
407 605 511 662 ιτδ

410 727 493 768 tor
523 721 862 785 posteaquam
902 713 1020 769 illos
1054 711 1196 767 ultus
1224 717 1326 776 est,
1358 725 1482 763 num
1521 708 1603 765 vel
1646 723 1832 779 parum
1863 710 1977 762 ani-

409 823 526 862 mus
577 823 642 864 ex
678 824 907 865 mmrore
937 807 1028 861 illo
1057 805 1323 858 relaxatus
1363 803 1480 856 eSt?
1513 805 1752 873 potuitne
1781 801 1979 856 diutius

408 899 506 956 frui
543 902 905 956 consolatione
945 898 1083 951 illius
1109 894 1363 948 uitionis‘l
1405 894 1499 948 Vix
1529 895 1644 948 dies
1669 895 1834 947 altera
1863 892 1982 946 illu-

409 1003 575 1060 serat,
603 1009 722 1050 cum
748 994 965 1046 beatum
992 986 1138 1041 illum
1164 985 1314 1039 dolor
1339 986 1473 1040 alius
1493 996 1546 1041 et
1567 983 1781 1054 quidem
1807 983 1981 1052 priore

407 1083 559 1156 binge
606 1084 817 1155 gravior
861 1076 1103 1147 excepit,
1144 1084 1423 1146 tantusque
1466 1084 1660 1139 metus,
1706 1085 1762 1127 ut
1808 1074 1980 1142 ipsum

405 1179 637 1250 dignm
667 1184 775 1230 tota
801 1171 1129 1227 deturbaret.
1158 1171 1355 1225 Durum
1376 1169 1588 1240 quidem
1610 1181 1672 1221 ac
1697 1166 1978 1221 molestum

405 1282 487 1326 est
507 1312 522 1336 ,
555 1285 583 1322 a
611 1265 800 1336 quovis
829 1263 1042 1318 homine
1069 1264 1361 1318 maledictis
1389 1260 1576 1314 lacessi
1601 1275 1616 1323 ;
1647 1275 1828 1312 verum
1858 1273 1979 1312 cum

405 1359 678 1415 beneficiis
714 1356 974 1425 quispiam
1007 1354 1226 1410 allectus
1254 1352 1508 1408 beneficia
1555 1351 1666 1419 ipsa
1693 1350 1982 1419 exprobra-

405 1449 538 1503 verit
569 1465 581 1500 :
614 1444 874 1516 Numquid
900 1445 1121 1499 occidere
1146 1461 1224 1497 me
1249 1453 1301 1496 tu
1325 1443 1416 1506 vis,
1447 1441 1632 1510 inquit,
1659 1442 1982 1508 quemadmo-

407 1541 525 1596 dum
546 1534 848 1607 ngyptium
874 1537 980 1591 lteri
1008 1536 1232 1590 occidisti
1255 1532 1453 1603 (Exod.
1477 1531 1534 1584 Ξ.
1560 1531 1683 1605 14γῖ
1707 1541 1830 1586 tunc
1847 1533 1978 1600 jam,

411 1639 534 1682 tunc
555 1630 780 1681 ellicttur
804 1643 864 1682 ea
894 1625 1217 1681 contumelia
1247 1623 1612 1685 intolerabtlis,
1638 1625 1706 1676 ita
1735 1631 1790 1674 ut
1816 1621 1984 1690 possit

408 1719 495 1774 illa
525 1719 708 1773 laesum
741 1717 1001 1773 suffocare
1026 1736 1038 1771 :
1064 1725 1262 1770 tantam
1289 1715 1421 1768 iram
1450 1713 1619 1768 dolori
1643 1713 1981 1780 conjunctam

407 1811 579 1866 aﬂ'ert.
609 1809 675 1861 At
707 1823 830 1864 vero
855 1810 905 1863 in
938 1809 1083 1862 Mose
1113 1815 1302 1877 pra-ter
1325 1805 1441 1860 huic
1468 1804 1611 1858 aliud
1641 1818 1848 1872 quoque
1871 1812 1978 1856 ter-

413 1902 542 1954 tium
573 1898 742 1952 inerat
761 1940 774 1964 ,
803 1900 940 1968 regis
967 1899 1214 1952 videlicet
1238 1905 1409 1949 metus
1429 1935 1442 1959 ,
1471 1894 1560 1964 qui
1587 1895 1721 1948 adeo
1739 1893 1863 1962 justi
1891 1908 1982 1948 oc-

408 2001 689 2062 cupaverat
718 1993 983 2056 animum,
1012 1999 1069 2044 ut
1099 1989 1343 2044 universa
1373 1988 1519 2041 illtun
1553 1988 1768 2055 regione
1798 1994 1981 2038 extur-

409 2088 576 2140 baret.
637 2081 876 2138 Efﬁcitur
917 2082 1166 2152 fugitivus
1207 2079 1346 2148 regis
1386 2077 1544 2130 Iilzus.
1577 2077 1754 2145 Itaque
1789 2075 1833 2128 si
1866 2075 1983 2142 quis

410 2176 566 2246 regite
607 2173 752 2236 illum
795 2162 1122 2233 educationis
1164 2185 1323 2224 causa
1363 2169 1576 2223 beatum
1608 2165 1902 2234 putaverit,
1937 2163 1982 2216 is

409 2265 566 2319 modo
595 2263 785 2333 prioris
818 2262 1152 2316 abundantiae
1181 2258 1507 2322 recordetur,
1541 2267 1696 2325 atque
1727 2256 1868 2308 illam
1893 2253 1981 2322 ju-

413 2367 496 2410 sto
527 2356 642 2408 viro
679 2353 876 2407 doloris
903 2353 1130 2421 ingentis
1157 2359 1209 2404 et
1236 2351 1491 2418 anguSIiae
1521 2348 1795 2401 materiam
1824 2345 1987 2400 fuisse

415 2445 634 2500 videbit.
677 2443 859 2511 Neque
898 2442 1039 2495 enim
1083 2440 1221 2494 idem
1255 2449 1336 2492 cst
1371 2437 1671 2507 quempiam
1703 2436 1753 2488 in
1787 2437 1987 2502 privata

411 2540 662 2594 nutritum
679 2536 860 2602 domo,
884 2534 1122 2605 plurimis
1138 2533 1246 2602 jam
1269 2531 1536 2586 laboribus
1561 2530 1844 2599 multisque
1869 2544 1986 2598 per-

407 2629 820 2701 egrinationibus
843 2636 896 2683 et
932 2625 1182 2680 mrumuis
1209 2623 1408 2679 exactis
1429 2665 1445 2690 ,
1473 2623 1657 2691 longos
1693 2621 1881 2675 iterum
1910 2621 1989 2675 Ia-

409 2724 563 2777 bores
589 2730 747 2792 atque
775 2735 838 2774 ea
866 2716 1200 2773 incommoda
1230 2731 1346 2785 qua:
1381 2723 1530 2768 extra
1561 2714 1784 2783 patrium
1812 2713 1986 2767 solum

406 2816 706 2874 necessario
735 2811 1008 2868 subeunda
1039 2820 1162 2864 sunt
1190 2808 1415 2878 perpeti,
1447 2816 1500 2861 et
1525 2822 1644 2861 eum
1673 2807 1760 2875 qui
1792 2807 1888 2859 ista
1919 2820 1987 2860 ne

408 2909 682 2964 tninimum
705 2904 920 2976 quidem
946 2901 1105 2956 fuerit
1127 2907 1399 2970 expertus,
1423 2897 1519 2952 sed
1542 2899 1592 2950 in
1617 2911 1793 2950 rerum
1821 2895 1987 2948 abun-

404 3003 582 3058 dantia
620 3013 778 3054 omne
813 3006 1024 3065 tempus
1063 2993 1318 3049 educatus
1341 3032 1355 3056 ,
1393 2989 1620 3059 idipsum
1653 2988 1781 3058 pati.
1823 2986 1988 3041 Multo

406 3097 550 3151 enim
578 3092 787 3162 gravior
815 3090 864 3143 ei
904 3088 1025 3157 fuga
1054 3084 1349 3148 videbitur,
1377 3096 1535 3150 quam
1563 3079 1638 3134 illi
1661 3121 1674 3144 ,
1703 3079 1747 3131 si
1776 3075 1988 3148 quando

405 3184 636 3254 experiri
677 3180 813 3234 Itane
854 3176 1156 3233 necessario
1190 3182 1410 3244 cogetur
1441 3188 1456 3224 :
1490 3171 1629 3241 quod
1662 3170 1733 3223 illi
1779 3183 1989 3238 quoque

413 3288 538 3333 tunc
571 3273 812 3344 contigit.
842 3271 1021 3340 Itaque
1048 3267 1298 3338 profugus
1323 3265 1542 3320 effectus
1560 3303 1574 3327 ,
1603 3263 1911 3332 alienigenae
1937 3269 1992 3316 et

410 3371 698 3426 idololatra:
719 3366 818 3421 viri
841 3363 1068 3434 hospitio
1090 3362 1278 3416 fruitur
1298 3378 1310 3414 :
1330 3358 1468 3430 quod
1492 3373 1596 3412 non
1618 3356 1883 3411 mediocre
1907 3362 1991 3409 est

413 3461 640 3517 tristitia:
664 3465 1054 3528 argumentum,
1079 3463 1184 3506 tam
1212 3452 1370 3521 longo
1396 3450 1594 3503 scilicet
1623 3457 1858 3516 tempore
1879 3444 1990 3499 dae-

411 3555 710 3611 moniorum
753 3548 1044 3605 sacerdotis
1091 3545 1351 3614 hospitem
1389 3557 1529 3596 esse.
1558 3539 1769 3594 Tradita
1807 3546 1985 3591 autem

409 3646 510 3702 sibi
551 3641 803 3716 pascendi
841 3638 1014 3711 gregis
1047 3635 1281 3692 custodia
1306 3676 1321 3699 ,
1352 3632 1699 3704 quadraginta
1730 3631 1884 3685 annis
1916 3631 1988 3683 ita

412 3735 659 3807 perstitit.
683 3735 850 3787 Porro
871 3733 914 3785 si
939 3731 1038 3783 ltoc
1058 3728 1246 3782 durum
1273 3740 1380 3780 non
1402 3740 1523 3778 esse
1543 3722 1700 3776 alicui
1727 3721 1986 3786 videatur,

414 3832 457 3882 is
483 3828 636 3880 velim
663 3838 756 3878 eos
780 3822 1066 3883 examinet,
1092 3834 1198 3873 non
1219 3817 1306 3886 qui
1329 3824 1500 3868 metus
1521 3823 1609 3865 aut
1636 3813 1838 3864 timoris
1860 3825 1987 3863 cau-

412 3934 470 3973 sa
498 3915 901 3987 peregrinantur
929 3922 982 3966 et
1013 3909 1227 3964 latebris
1254 3905 1540 3966 abduntur,
1569 3900 1662 3957 sed
1691 3899 1779 3971 qui
1801 3909 1990 3969 sponte

413 4024 507 4064 sua
535 4008 696 4062 domo
723 4003 1122 4066 abstrahuntur,
1152 4014 1308 4070 quam
1337 3996 1561 4050 moleste
1583 4034 1598 4057 ,
1630 4008 1784 4063 quam
1813 3990 1989 4062 gravi-

417 4115 495 4154 tcr
521 4107 680 4169 agant
702 4137 717 4159 ,
748 4103 1111 4165 quantumque
1139 4087 1404 4144 commodi
1429 4087 1482 4141 in
1512 4085 1684 4140 reditu
1711 4089 1987 4152 reponant.

414 4192 544 4246 Cum
565 4202 692 4244 vero
715 4187 785 4240 illi
806 4196 860 4240 et
880 4194 1054 4238 metus
1074 4182 1321 4244 adfuerit,
1344 4188 1398 4234 et
1418 4179 1522 4232 vita
1544 4177 1793 4232 azrumnis
1814 4175 1990 4244 plena,

418 4285 624 4351 istaque
647 4291 875 4335 onerosa
902 4285 955 4331 et
983 4275 1205 4329 molesta
1235 4271 1406 4325 reditu
1436 4270 1538 4324 isto
1567 4267 1882 4322 suavissimo
1909 4265 1992 4320 le-

418 4376 562 4428 viora
584 4368 926 4442 judicaverit,
958 4363 1272 4427 considera,
1303 4373 1504 4430 quaeso,
1537 4359 1851 4412 calamitatis
1877 4356 1992 4424 ejus

421 4463 852 4537 magnitudinem.
871 4459 1052 4528 Neque
1072 4456 1214 4510 enim
1234 4451 1541 4522 simpliciter
1562 4451 1744 4504 audies
1761 4490 1774 4515 ,
1799 4446 1989 4501 Pasce-

419 4562 500 4613 bat
527 4601 540 4623 ,
569 4557 662 4614 sed
690 4557 866 4612 recole
894 4567 1033 4608 nunc
1056 4549 1237 4606 Jacobi
1264 4546 1424 4601 verba
1451 4585 1465 4609 ,
1497 4561 1613 4614 quae
1650 4543 1714 4597 ad
1746 4557 1990 4596 socerum

419 4663 752 4718 conquerens
781 4646 911 4699 dixit
936 4659 948 4695 :
973 4642 1081 4712 Ego
1107 4658 1138 4693 a
1166 4640 1353 4710 meipso
1375 4635 1639 4689 reddebam
1665 4638 1799 4704 {io-ta
1825 4633 1921 4685 diei
1948 4639 1994 4684 et

420 4741 556 4810 furta
584 4737 740 4790 noctis
767 4755 785 4790 :
811 4737 893 4790 die
918 4737 1095 4787 urebar
1123 4740 1273 4794 wstu,
1306 4739 1447 4782 nocte
1471 4727 1616 4798 gelu,
1647 4724 1996 4792 recedebatque

421 4847 623 4888 sonmus
651 4830 714 4881 ab
749 4829 906 4882 oculis
937 4828 1058 4880 meis
1093 4827 1110 4893 (
1139 4823 1264 4877 Cen.
1298 4824 1386 4876 51.
1415 4821 1504 4875 '59.
1531 4821 1596 4874 40
1628 4820 1668 4887 ).
1703 4818 1825 4870 Ilaec
1853 4817 1995 4869 enim

423 4921 598 4977 omnia
643 4918 716 4973 illi
762 4919 922 4972 etiam
965 4916 1248 4984 contigisse
1286 4910 1575 4982 putandum
1620 4916 1729 4969 est,
1761 4913 1816 4958 et
1841 4905 1995 4959 annis

422 5012 660 5087 pluribus
682 5051 698 5076 ,
724 5019 777 5064 et
811 5009 998 5076 majori
1043 5023 1163 5062 cum
1203 5003 1507 5060 difficultate
1536 5017 1549 5053 :
1577 5000 1770 5068 quippe
1808 5005 1891 5049 est
1931 5009 1995 5049 ea

427 5109 570 5179 regio
605 5107 759 5175 longe
785 5102 1044 5157 desertior
1071 5112 1229 5172 atque
1259 5099 1534 5161 incultior,
1562 5108 1716 5163 quam
1748 5089 1995 5157 Mesolio-

428 5201 609 5256 tamia.
640 5195 789 5264 Quod
818 5195 861 5248 si
893 5210 998 5248 non
1029 5195 1100 5248 ita
1124 5193 1440 5262 querebatur
1466 5189 1657 5249 Moses,
1689 5197 1787 5238 nec
1812 5182 1996 5236 beatus

424 5293 637 5363 quidem
663 5290 750 5344 ille
775 5294 991 5357 questus
1019 5300 1272 5354 umquam
1298 5283 1516 5343 fuisset,
1549 5276 1649 5332 nisi
1671 5288 1874 5329 summa
1906 5287 1999 5325 ne-

425 5384 676 5438 cessitate
713 5378 1016 5449 compulsus
1042 5417 1057 5442 ,
1089 5383 1248 5444 atque
1285 5376 1354 5429 ob
1393 5375 1652 5442 ingratum
1679 5365 1848 5420 soceri
1879 5363 1998 5418 ani-

427 5490 573 5527 mum
613 5475 664 5528 in
711 5474 826 5529 lucc
865 5471 1027 5526 verba
1067 5482 1412 5538 prorumpere
1451 5460 1748 5520 necessario
1787 5465 2002 5514 coactus

429 5572 593 5616 esset.
623 5563 828 5620 Sufficit
853 5561 1062 5635 quidem
1087 5567 1143 5614 et
1170 5559 1286 5627 ipsa
1306 5573 1403 5627 per
1426 5573 1486 5613 se
1509 5558 1696 5611 aliena:
1721 5562 1880 5606 terrae
1909 5549 2004 5603 ba-

432 5651 619 5706 bitatio
647 5652 713 5706 ad
747 5671 868 5709 eum
905 5648 1284 5709 bumiliandum
1313 5649 1485 5700 virum
1511 5688 1526 5711 ,
1556 5647 1646 5716 qui
1675 5641 2005 5699 necessitatis

436 5753 639 5800 tantum
665 5759 825 5801 causa
857 5745 1238 5817 peregrinatur.
1264 5740 1414 5796 Sicut
1441 5740 1581 5793 enim
1608 5739 1720 5792 avis
1743 5779 1758 5802 ,
1790 5751 1909 5791 cum
1941 5749 2005 5789 ex

439 5835 563 5890 nido
603 5849 700 5889 suo
738 5837 1062 5904 avolaverit,
1090 5835 1289 5890 facilius
1322 5830 1525 5900 capitur
1550 5827 1744 5901 (Prov.
1772 5828 1863 5882 27.
1891 5826 1957 5897 8)
1991 5842 2005 5880 :

440 5927 511 5982 ita
534 5936 591 5984 et
613 5925 794 5990 homo,
820 5939 938 5979 cum
963 5943 994 5981 a
1020 5925 1236 5983 sedibus
1260 5921 1484 5996 propriis
1511 5919 1715 5990 longius
1743 5917 2010 5987 profectus

439 6017 624 6085 fuerit,
666 6016 880 6076 servitio
908 6017 1203 6087 subjicitur.
1236 6018 1384 6072 Tunc
1420 6028 1544 6070 vero
1571 6026 1668 6068 nec
1701 6010 1767 6066 de
1799 6010 2009 6080 propria

1221 601 1313 657 AD
1351 599 1722 657 STAGIRIL‘M
1762 601 1800 654 A
1843 597 2143 656 υᾸίΜΟΝΕ
2184 603 2533 660 γΕΧΑτυΜ.
2574 606 2682 661 LIB
2745 607 2830 663 IIl.

3553 617 3658 674 ιη

2088 713 2258 766 salute
2285 727 2503 767 securus
2527 728 2646 769 esse
2671 697 2876 785 puterat
2906 718 3012 786 ille,
3039 720 3132 776 sed
3159 729 3214 775 ut
3239 736 3425 778 servus
3447 727 3656 796 aliquis,

2087 801 2509 857 crudelissimum
2547 804 2821 860 dominum
2857 807 3110 878 en‘ugiens
3133 853 3148 876 ,
3183 822 3337 881 pavet
3365 830 3574 883 semper
3599 832 3662 872 ac

2090 891 2319 961 trepidat
2339 908 2404 947 ne
2425 895 2663 963 capiatur
2684 911 2699 950 :
2723 896 2794 951 ita
2815 906 2869 952 et
2888 897 3073 955 beatus
3094 900 3265 956 Moses
3289 903 3340 957 in
3364 915 3506 959 metu
3528 919 3662 959 sem-

2089 998 2184 1052 per
2208 991 2323 1036 erat
2354 999 2367 1037 :
2397 983 2551 1054 idque
2573 1001 2637 1040 ex
2664 1001 2729 1041 eo
2754 988 2982 1042 maxime
3011 988 3207 1059 liquet,
3241 993 3378 1060 quod
3408 994 3514 1048 Deo
3542 1008 3663 1066 post

2090 1082 2291 1127 tantum
2321 1076 2572 1143 temporis
2602 1079 2938 1146 prmcipiente
2962 1089 3020 1133 ut
3050 1080 3246 1135 rediret
3275 1081 3326 1134 in
3349 1081 3658 1154 Egyptum,

2087 1163 2256 1218 lueret
2292 1178 2354 1218 ac
2391 1165 2609 1231 titubat,
2634 1167 2791 1237 idque
2827 1183 2946 1222 cum
2984 1170 3254 1237 audisset,
3285 1171 3563 1244 Defunctus
3590 1184 3664 1228 est

2087 1255 2173 1325 qui
2198 1255 2447 1322 quaerebat
2472 1258 2690 1310 animam
2717 1269 2854 1312 luant
2886 1260 3074 1329 (Exod.
3108 1264 3161 1316 4.
3197 1265 3302 1334 I9).

2156 1346 2211 1399 2.
2262 1346 2452 1400 Postea
2502 1363 2629 1402 vero
2674 1365 2830 1418 quam
2877 1353 3052 1421 paruit
3101 1361 3154 1406 et
3197 1356 3458 1422 excessit,
3506 1366 3667 1426 atqtte

2085 1452 2311 1492 uxorem
2356 1452 2418 1492 ac
2459 1438 2654 1494 libero;
2707 1440 3008 1510 relinquere
3054 1453 3270 1499 coactus
3323 1457 3440 1511 est,
3482 1464 3667 1503 rursus

2087 1530 2430 1598 querimoniae
2475 1539 2529 1584 et
2573 1532 2910 1586 contumeliae
2935 1541 2988 1588 et
3026 1535 3181 1589 mina:
3221 1536 3288 1591 ab
3324 1554 3390 1591 eo
3415 1540 3505 1609 qui
3540 1549 3666 1595 tunc

2089 1619 2342 1687 regnabat
2380 1621 2431 1674 in
2458 1621 2710 1692 Egypto,
2741 1622 3071 1693 criminaque
3096 1634 3148 1679 et
3175 1627 3452 1683 maledicta
3489 1630 3554 1684 ab
3584 1629 3664 1685 eis

2091 1711 2227 1778 ipsis
2256 1728 2387 1780 quos
2411 1713 2680 1769 beneﬁciis
2696 1714 2924 1770 fovebat.
2947 1717 3040 1771 Ille
3055 1718 3196 1772 enim
3220 1719 3397 1774 aiebat
3421 1738 3434 1774 :
3473 1720 3661 1789 Quare,

2091 1799 2258 1854 Moses
2291 1812 2336 1856 et
2365 1804 2533 1856 Aaron
2554 1845 2569 1869 ,
2599 1808 2817 1858 auertitis
2860 1808 3102 1876 populum
3129 1810 3190 1864 ab
3229 1812 3464 1880 operibus
3513 1814 3617 1866 suis
3640 1814 3666 1867 .’

2090 1891 2324 1946 Recedite
2375 1895 2712 1962 unusquisque
2767 1906 2982 1951 vestrum
3034 1899 3101 1952 ad
3146 1917 3298 1970 opera
3345 1919 3437 1955 sua
3468 1902 3665 1970 (Exod.

2088 1980 2141 2034 5.
2174 1982 2208 2035 4
2228 1985 2265 2050 ).
2295 1982 2546 2038 Israelita:
2571 1993 2769 2052 autem,
2807 1985 3004 2053 Videat,
3037 1989 3272 2056 aiebant,
3300 1990 3436 2047 Deus
3463 2004 3508 2045 et
3527 1995 3670 2063 judi-

2088 2083 2165 2126 cct
2193 2090 2307 2139 vos,
2336 2077 2454 2144 quia
2480 2079 2832 2133 exsecrabilem
2866 2081 3051 2151 fecistis
3095 2082 3298 2136 odorem
3335 2094 3559 2138 nostrum
3586 2103 3671 2140 co-

2087 2179 2199 2216 ram
2227 2162 2499 2219 Pharaone
2527 2179 2570 2219 et
2601 2184 2769 2222 coram
2798 2172 2950 2224 servis
2991 2173 3113 2237 suis,
3143 2183 3197 2225 ut
3235 2175 3420 2229 daretis
3443 2177 3671 2245 gladium

2090 2255 2141 2307 in
2173 2272 2352 2310 manus
2391 2274 2562 2310 eorum
2585 2260 2653 2311 ad
2689 2262 3090 2329 interﬁciendum
3128 2282 3218 2318 nos
3249 2265 3408 2337 (Ibid.
3449 2287 3498 2323 υ.
3539 2270 3663 2340 21).

2091 2343 2280 2400 Gravia
2305 2347 2517 2415 quidem
2543 2361 2699 2403 erant
2737 2351 2850 2406 lucc
2889 2362 2942 2405 et
2982 2356 3227 2419 molesta,
3268 2358 3362 2411 sed
3404 2360 3529 2414 illud
3560 2376 3674 2414 om.

2093 2437 2236 2489 nium
2266 2439 2656 2506 gravissimum,
2675 2441 2818 2511 quod
2844 2443 3114 2513 ingressus
3140 2446 3204 2499 ad
3231 2461 3356 2501 suos
3375 2449 3676 2505 innumera-

2094 2542 2198 2596 que
2223 2531 2535 2598 promittens
2573 2533 2732 2598 bona,
2765 2534 3082 2599 libertatem,
3114 2537 3525 2594 incumbentium
3556 2557 3671 2596 ma-

2096 2617 2266 2672 lorum
2292 2621 2615 2688 ereptiouem
2641 2663 2656 2688 ,
2691 2623 2847 2678 fallax
2878 2641 2997 2680 esse
3028 2628 3325 2696 putabatur.
3355 2629 3470 2685 Non
3502 2633 3672 2687 solum

2095 2708 2236 2761 enim
2269 2709 2374 2763 illis
2401 2721 2526 2766 tunc
2551 2711 2777 2768 levatum
2805 2729 2909 2768 non
2939 2726 3022 2769 est
3052 2717 3378 2774 imminentis
3402 2722 3675 2776 servitutis

2093 2816 2254 2874 onus,
2295 2817 2479 2858 verum
2520 2806 2734 2875 gravius
2767 2815 2850 2861 est
2879 2806 3141 2876 adjectum
3188 2827 3200 2860 :
3233 2819 3286 2863 et
3328 2811 3416 2880 qui
3461 2822 3672 2882 gentem

2093 2913 2306 2952 omnem
2345 2897 2669 2951 liberaturus
2693 2896 3028 2966 sperabatur,
3071 2898 3226 2968 idque
3266 2903 3602 2969 promisetat,
3630 2903 3676 2958 is

2093 2989 2423 3043 cruciatuum
2451 2997 2504 3041 et
2525 2988 2802 3042 verberum
2833 3003 2991 3042 causa
3019 2989 3296 3044 insidiator
3314 2999 3367 3044 et
3393 3002 3674 3061 corruptor

2093 3097 2213 3137 esse
2237 3081 2536 3151 putabatur.
2568 3080 2695 3144 Quis
2721 3095 2828 3133 non
2858 3094 3090 3134 mmrore
3120 3091 3245 3135 tunc
3272 3081 3457 3136 fuisset
3482 3083 3672 3136 absor-

2097 3181 2240 3242 ptus,
2286 3186 2406 3225 cum
2449 3170 2715 3240 pollicitus
2760 3177 2838 3224 tot
2883 3169 3146 3224 malorum
3189 3172 3515 3240 crcptiouem
3561 3182 3678 3241 post

2099 3261 2534 3330 pollicitationem
2586 3259 2784 3313 diriora
2848 3259 3054 3312 videret
3099 3261 3396 3315 cumulari?
3456 3263 3678 3318 Doleltat

2097 3351 2308 3420 quidem
2337 3358 2589 3420 quantum
2632 3365 2726 3418 par
2762 3357 2875 3402 erat
2903 3364 3024 3403 eum
3067 3349 3156 3419 qui
3203 3350 3324 3404 talia
3367 3351 3578 3407 audiret
3624 3363 3679 3406 ct

2095 3442 2333 3506 videret;
2389 3457 2494 3494 non
2547 3455 2606 3494 ea
2643 3450 2814 3494 tamen
2864 3440 3266 3510 perturbatione
3307 3441 3674 3511 dejiciebatur,

2094 3531 2186 3585 sed
2215 3531 2462 3585 manebat
2488 3531 2796 3593 immobilis,
2824 3539 2878 3583 et
2912 3530 3130 3599 quidem
3155 3546 3275 3585 cum
3309 3534 3678 3601 promissioni-

2094 3622 2196 3677 bus
2218 3637 2278 3676 ea
2296 3638 2414 3690 quso
2442 3621 2822 3690 contingebant
2840 3636 2942 3673 non
2970 3621 3141 3674 solum
3167 3637 3271 3676 non
3292 3625 3673 3692 consentirent,

2096 3729 2280 3768 verum
2309 3722 2364 3767 et
2391 3713 2619 3765 maxime
2642 3711 3056 3765 obluctarentur.
3101 3711 3376 3767 Accedens
3401 3723 3578 3769 autem
3608 3719 3675 3770 ad

2098 3809 2284 3871 Deum,
2314 3815 2368 3862 et
2390 3807 2456 3861 de
2476 3807 2558 3860 liis
2580 3807 2822 3876 loquens,
2840 3820 2901 3860 ac
2918 3806 3138 3860 multum
3153 3806 3506 3877 ingemiscens
3526 3853 3541 3878 ,
3567 3811 3678 3866 Do-

2095 3900 2251 3960 mine,
2283 3899 2487 3967 inquit,
2521 3915 2678 3967 quare
2716 3899 2935 3968 afﬂixiin
2975 3899 3218 3967 populum
3247 3908 3406 3965 tuum,
3452 3913 3498 3956 et
3522 3919 3676 3972 quare

2096 4007 2174 4042 me
2195 3989 2372 4041 misisti
2393 3988 2418 4041 ?
2436 3987 2568 4041 Ecce
2584 3989 2714 4040 enim
2735 4004 2797 4041 ex
2816 4005 2912 4056 quo
2938 3989 3193 4058 ingressus
3211 4006 3323 4042 sum
3347 3991 3418 4042 ad
3438 3989 3677 4045 P/tarao-

2098 4095 2232 4144 nem,
2264 4088 2317 4130 ut
2343 4080 2568 4147 loquerer
2592 4079 2642 4130 in
2660 4079 2858 4130 nomine
2888 4087 2992 4138 tuo,
3025 4077 3200 4147 aﬂlixit
3229 4080 3473 4148 populum
3508 4089 3670 4146 tuum,

2100 4187 2187 4224 nec
2219 4168 2438 4222 liberasti
2476 4185 2587 4221 eum
2611 4168 2625 4235 (
2652 4165 2786 4220 lbid.
2816 4185 2864 4222 υ.
2896 4167 3010 4238 23).
3056 4168 3178 4222 Ilznc
3206 4184 3304 4239 ego
3329 4183 3450 4224 cum
3491 4171 3578 4225 ille
3601 4172 3679 4225 la-

2101 4269 2366 4316 tuentatus
2387 4268 2548 4324 esset,
2578 4267 2736 4328 atque
2763 4258 2947 4312 eadem
2969 4259 3157 4312 iterum
3181 4258 3438 4326 audisset,
3469 4277 3678 4315 annuu-

2101 4353 2192 4406 tiat
2219 4352 2432 4421 quidem
2455 4367 2516 4404 ea
2553 4364 2736 4404 rursus
2767 4350 3014 4403 Israelitis
3038 4362 3052 4404 :
3077 4351 3169 4403 scd
3200 4351 3274 4404 illi
3305 4351 3522 4406 minime
3546 4354 3678 4407 tole-

2098 4451 2236 4505 rant,
2261 4456 2326 4494 eo
2350 4440 2492 4508 quod
2515 4440 2702 4493 animm
2732 4439 2941 4490 illorum
2981 4438 3164 4493 labore
3200 4451 3589 4508 premerentur,
3613 4459 3678 4496 ac

2099 4545 2334 4584 mmrore
2376 4529 2684 4582 delieereut.
2725 4526 2866 4591 Non,
2923 4528 3122 4596 inquit,
3171 4530 3440 4583 audierunt
3483 4531 3677 4586 Mosen:

2101 4643 2203 4696 prta
2223 4624 2452 4694 angustia
2475 4632 2519 4675 et
2539 4620 2792 4676 laboribus
2821 4621 2961 4673 duris
2988 4623 3137 4692 (Gen.
3179 4621 3228 4676 6.
3258 4621 3333 4689 9).
3363 4622 3471 4676 lIoe
3499 4632 3676 4677 autem

2102 4717 2239 4771 haud
2272 4731 2458 4785 parum
2488 4713 2632 4768 illum
2654 4711 2935 4782 allligebat.
2962 4709 3028 4765 Ut
3057 4725 3184 4764 vero
3204 4711 3433 4780 adsigna
3461 4721 3676 4766 ventum

2102 4818 2204 4873 cst,
2230 4807 2423 4876 sazpius
2451 4823 2476 4858 a
2511 4805 2788 4858 Pharaone
2817 4801 3033 4854 delusus
3071 4815 3188 4854 eam
3236 4802 3536 4856 irrisionem
3566 4803 3678 4858 for-

2103 4903 2226 4954 titer
2257 4900 2393 4953 tulit.
2426 4898 2556 4950 Cum
2591 4910 2721 4948 vero
2762 4894 3015 4947 liberatus
3046 4893 3261 4947 tandem
3303 4910 3372 4948 ex
3419 4894 3676 4966 Egypto,

2100 5003 2259 5062 atque
2280 5008 2379 5046 una
2410 5006 2528 5044 cum
2559 4987 2879 5056 Judmisjam
2903 4985 3013 5040 fere
3029 5001 3248 5040 securus
3270 4987 3556 5052 videretur,
3585 5003 3681 5041 an-

2103 5093 2311 5154 tequam
2356 5083 2511 5150 plene
2548 5078 2905 5148 respirasset,
2954 5077 3163 5146 priore,
3213 5077 3319 5130 imo
3357 5091 3485 5131 vero
3526 5077 3681 5144 longe

2102 5176 2341 5247 graviore
2367 5181 2508 5227 metu
2535 5180 2814 5239 correptus
2837 5177 2937 5224 est.
2962 5169 3058 5223 Vix
3101 5169 3240 5223 enim
3275 5169 3425 5222 tertia
3469 5167 3684 5221 efﬂuxe—

2104 5277 2187 5323 rat
2211 5267 2346 5332 dies,
2389 5281 2509 5320 cum
2551 5272 2770 5334 repente
2809 5262 3062 5317 barbaros
3087 5275 3273 5314 omnes
3298 5271 3532 5314 armatos
3565 5276 3657 5318 cer

2108 5370 2240 5417 nunt
2274 5374 2435 5430 super
2468 5373 2526 5412 se
2570 5358 2802 5420 irt'uerc;
2833 5364 2990 5423 atque
3017 5352 3153 5407 idem
3189 5355 3329 5422 passi
3365 5361 3512 5419 sunt,
3540 5355 3681 5422 quod

2109 5451 2311 5518 fugitivi
2336 5451 2498 5516 servi,
2518 5449 2643 5503 dum
2675 5449 2725 5500 in
2749 5447 2918 5500 aliena
2948 5446 3161 5513 regione
3202 5453 3424 5512 repente
3446 5443 3689 5498 domino-

2110 5559 2226 5596 rum
2277 5542 2460 5596 oculos
2503 5539 2776 5594 oll‘endunt
2807 5555 2819 5592 :
2851 5537 2933 5591 vel
2975 5545 3122 5590 certe
3163 5535 3608 5606 quemadmodum
3641 5535 3688 5590 si

2111 5635 2188 5690 illi
2230 5635 2328 5704 ipsi
2369 5631 2652 5703 aliquando
2681 5630 3038 5684 somniassent
3083 5646 3142 5686 se
3177 5631 3371 5697 laetari,
3401 5639 3453 5684 et
3476 5644 3594 5684 esse
3623 5643 3686 5683 ea

2113 5726 2372 5780 servitute
2396 5725 2670 5787 liberatos,
2693 5737 2754 5775 ac
2778 5721 2992 5776 demum
3028 5723 3326 5792 experrecti
3357 5737 3416 5776 se
3443 5722 3492 5775 in
3520 5719 3656 5792 ὥς]
3683 5751 3689 5756 -

2116 5827 2205 5889 pto
2231 5826 2285 5870 et
2327 5816 2379 5870 in
2410 5815 2608 5870 eisdem
2655 5813 2810 5868 malis
2840 5813 3186 5870 invenissent.
3222 5813 3332 5867 Imo
3357 5827 3484 5867 vero
3511 5817 3693 5866 nasi-io

2115 5907 2239 5977 quid
2265 5907 2336 5961 illi
2367 5907 2630 5961 somnium
2669 5915 2946 5976 reputassc
2981 5902 3318 5960 existimandi
3348 5911 3469 5958 sunt
3492 5899 3690 5972 potius.

2121 6002 2348 6058 triduine
2401 6000 2543 6054 illam
2587 5997 2976 6064 liberationem,
3023 6011 3089 6052 an
3137 6003 3454 6065 prtesentem
3507 6009 3683 6050 rerum
