4490 6726
882 513 983 566 415

891 625 1082 679 faciem
1109 625 1431 681 horrendam
1447 641 1508 680 ac
1532 629 1820 697 pavendam
1844 648 1856 684 :
1878 639 2022 684 tanta
2035 633 2202 686 oculis
2223 631 2465 686 omnium

887 715 1057 770 offusa
1098 727 1212 771 erat
1267 718 1514 771 mmroris
1556 718 1769 775 nebula.
1830 721 2033 776 Interea
2084 723 2258 778 Moses
2300 722 2466 776 multo

884 809 1176 877 majoribus
1201 811 1438 865 tenebris
1459 811 1536 864 oﬁ'
1536 828 1661 866 usus
1686 823 1820 868 erat.
1847 813 1962 866 Non
1985 815 2124 877 enim
2143 817 2285 870 solos
2303 815 2468 886 IEgy-

883 899 1021 970 ptios
1037 902 1327 965 metuebat,
1353 914 1409 957 ut
1433 905 1640 973 reliqui,
1667 920 1848 957 verum
1873 905 2016 973 ipsos
2037 922 2140 960 una
2165 907 2426 962 Israelitas
2450 925 2464 961 :

885 1004 1113 1064 utraque
1128 997 1268 1050 enim
1293 1012 1424 1066 gens
1453 997 1596 1050 illum
1617 999 1726 1064 jam
1769 1006 1828 1050 ut
1849 999 2187 1055 seductorem
2209 1017 2271 1056 ac
2300 1000 2466 1054 versi-

881 1085 1078 1152 pellem
1108 1102 1417 1154 aggressum
1458 1096 1572 1140 erat
1597 1128 1612 1148 ,
1658 1087 1891 1159 {Egyptii
1930 1091 2142 1159 quidem
2185 1093 2466 1146 irridentes

885 1185 1043 1244 atque
1083 1177 1393 1230 invadentes
1419 1217 1434 1241 ,
1463 1175 1718 1232 Israelita:
1760 1194 1887 1233 vero
1913 1182 2200 1234 exulcerati
2228 1197 2288 1234 ac
2330 1195 2464 1234 mos-

881 1281 1004 1320 rore
1027 1263 1272 1318 confecti.
1299 1265 1402 1320 Sed
1433 1266 1559 1336 quid
1586 1283 1671 1322 me
1701 1284 1920 1323 necesse
1942 1283 2022 1324 est
2049 1271 2258 1326 dolores
2288 1286 2455 1339 angu-

879 1357 1115 1425 stiasque
1142 1357 1238 1410 viri
1279 1357 1600 1428 conjecturis
1644 1361 1915 1430 colligere,
1946 1379 2068 1416 cum
2103 1366 2368 1430 possimus
2393 1379 2460 1417 ex

879 1448 978 1503 ista
1019 1450 1129 1517 ipsa
1166 1463 1393 1516 superna
1438 1467 1568 1506 voce.
1609 1462 1856 1506 cunctum
1897 1454 2063 1521 ipsius
2098 1455 2338 1507 dolorem
2381 1459 2463 1508 in-

880 1539 1160 1608 telligere?
1189 1540 1405 1595 Tacenti
1445 1543 1584 1596 enim
1623 1543 1715 1603 illi,
1744 1558 1915 1609 neque
1958 1544 2090 1596 labia
2123 1545 2328 1612 aperire
2374 1562 2465 1599 au-

889 1629 1058 1694 denti,
1098 1630 1229 1683 dixit
1269 1631 1408 1683 Deus
1451 1648 1464 1681 :
1519 1631 1654 1695 Quid
1695 1633 1884 1685 clamas
1931 1634 1998 1684 ad
2045 1631 2335 1698 me(E.t'od.
2378 1636 2463 1688 14.

881 1721 988 1788 15)
1015 1722 1038 1772 't
1066 1721 1346 1774 tumultum
1387 1719 1550 1773 animi
1597 1721 1762 1791 ipsius
1808 1723 1958 1777 nobis
1988 1723 2087 1778 hoc
2119 1725 2280 1779 verbo
2313 1726 2468 1796 signi-

877 1811 1064 1866 ficans.

951 1912 1008 1964 5.
1044 1908 1094 1962 Μ
1106 1908 1248 1977 oysis
1270 1923 1522 1961 wrunmw
1544 1908 1597 1960 in
1613 1907 1836 1962 deserto.
1857 1939 1923 1948 —
1948 1909 2136 1964 Postea
2156 1926 2457 1981 veroquam

879 2001 930 2056 is
950 2007 1111 2056 etiam
1132 2001 1345 2053 solutus
1357 2007 1440 2052 est
1457 2006 1656 2060 metus,
1678 1999 1886 2064 majora
1910 2000 2104 2054 iterum
2130 2004 2458 2067 parabantur

877 2084 1118 2134 adVUl‘Sﬂ.
1150 2083 1278 2134 Nam
1302 2099 1395 2150 per
1423 2099 1580 2136 onme
1603 2083 1729 2136 illud
1753 2084 1852 2136 iter
1870 2085 2062 2138 szevius
2088 2082 2456 2154 atqueimma-

877 2172 996 2226 nius
1027 2172 1118 2225 illo
1147 2173 1224 2223 usi
1266 2182 1386 2225 sunt
1413 2173 1447 2224 ii
1474 2173 1564 2241 qui
1596 2172 1662 2227 ab
1689 2189 1753 2228 eo
1780 2173 2101 2244 regebantur
2129 2175 2455 2229 innumeris-

877 2275 984 2330 que
1026 2277 1121 2330 per
1157 2261 1304 2314 illum
1340 2261 1493 2316 bonis
1525 2262 1855 2326 fruebantur,
1901 2281 2059 2332 quant
2087 2264 2298 2318 fecisset
2327 2265 2466 2318 Plia-

880 2368 974 2406 rao
1007 2353 1117 2421 ipse
1156 2361 1210 2405 et
1255 2351 1511 2423 Egyptii.
1561 2354 1635 2406 Ac
1669 2353 1896 2423 primum
1938 2354 2150 2422 quidem
2198 2354 2464 2408 instabant

875 2443 1248 2498 vehementius
1279 2445 1424 2497 illum
1453 2443 1794 2505 Sutl'ocautcs,
1840 2443 2229 2514 {Egyptiasque
2273 2461 2462 2500 carnes

874 2535 1228 2602 requirentes,
1253 2535 1542 2601 ingratique
1571 2534 1848 2600 pra'St-ntia
1878 2533 2232 2600 fastidiebant,
2256 2545 2308 2588 et
2329 2551 2463 2603 prce-

875 2625 1030 2678 terita
1064 2623 1440 2678 desiderabant
1472 2641 1485 2676 :
1515 2624 1656 2694 quod
1688 2632 1804 2677 erat
1832 2639 1963 2678 sane
1985 2624 2221 2678 omnium
2250 2627 2455 2694 gravis-

874 2717 1088 2769 simum.
1120 2713 1259 2780 Quid
1297 2715 1438 2767 enim
1479 2715 1584 2784 pati
1628 2723 1837 2783 pocrat
1882 2713 2147 2779 acerbius,
2187 2715 2231 2768 si
2277 2730 2459 2768 amen-

876 2806 1007 2858 tium
1039 2805 1522 2873 insanientiumque
1540 2804 1810 2857 hominum
1846 2804 1953 2858 dux
1981 2806 2304 2860 constitutus
2333 2805 2459 2858 fuis-

874 2897 1003 2950 set?
1050 2895 1116 2948 Et
1157 2903 1332 2948 tamen
1358 2893 1535 2948 omnia
1565 2895 1751 2948 beatus
1778 2895 1866 2950 ille
1895 2893 2106 2949 fortiter
2148 2894 2374 2959 ferebat,
2403 2902 2458 2950 et

872 2987 973 3042 nisi
997 2987 1114 3041 illos
1143 3000 1354 3040 summo
1382 2983 1576 3040 affectu
1603 2983 1899 3050 dilexisset,
1945 2985 2224 3040 tolerabile
2255 2985 2456 3040 malum

871 3089 990 3134 erat
1035 3093 1155 3132 cum
1197 3093 1294 3146 pro
1339 3077 1453 3130 suis
1505 3083 1709 3130 tantum
1753 3074 2011 3129 doluisset
2040 3076 2288 3144 injuriis°
2336 3090 2457 3130 cum

875 3179 1051 3224 autem
1072 3183 1193 3236 erga
1226 3167 1344 3220 illos
1365 3182 1469 3220 non
1493 3180 1646 3220 secus
1666 3181 1825 3235 quam
1850 3175 1999 3236 pater
2027 3166 2350 3230 afﬁceretur,
2385 3182 2455 3220 ex

875 3261 977 3315 boc
1006 3259 1197 3314 affectu
1219 3259 1379 3312 aliam
1409 3274 1595 3312 rursus
1623 3258 1920 3311 molestiam
1940 3257 2120 3312 subire
2147 3259 2455 3328 cogebatur,

883 3365 1078 3420 nempe
1123 3349 1191 3404 de
1229 3349 1439 3402 illorum
1483 3346 1829 3417 perversitate
1868 3361 1930 3400 ac
1973 3348 2226 3417 nequitia.
2274 3347 2457 3417 Neque

873 3441 1014 3493 enim
1063 3450 1169 3492 tam
1213 3437 1360 3490 illum
1405 3436 1667 3506 angebant
1707 3436 2060 3501 contumelize,
2109 3453 2266 3506 quant
2316 3437 2455 3506 quod

874 3531 950 3586 illi
997 3530 1098 3600 ipsi
1140 3529 1508 3584 contumeliosi
1553 3537 1753 3582 essent.
1795 3527 1966 3582 Grave
2005 3529 2217 3597 quidem
2269 3545 2455 3584 revera

874 3623 1046 3678 fuerat
1089 3623 1248 3676 etiam
1291 3629 1412 3674 ante
1455 3620 1559 3674 cibi
1607 3619 1748 3673 illius
1785 3619 2082 3673 mirabilem
2125 3619 2460 3690 largitionem

875 3716 1112 3785 ingratos
1138 3729 1256 3768 esse
1280 3731 1295 3777 ;
1334 3728 1515 3766 rerum
1544 3711 1618 3765 illi
1646 3711 1806 3765 etiam
1839 3711 1978 3764 inter
2003 3711 2174 3765 media
2203 3712 2456 3766 miracula

875 3803 1165 3873 nequitiam
1193 3801 1544 3855 ostendebant
1571 3815 1741 3866 suam,
1772 3799 2101 3869 iniquitatem
2129 3810 2182 3854 et
2208 3799 2458 3854 infrzena-

875 3907 982 3949 tam
1008 3892 1330 3962 cupidinem,
1363 3907 1520 3960 quam
1561 3891 1871 3960 colligentes
1898 3906 2088 3944 manna
2118 3905 2228 3959 prae
2270 3904 2328 3944 se
2370 3891 2454 3945 fe-

875 3986 1091 4049 rebant;
1145 3993 1303 4051 atque
1347 3997 1466 4036 cum
1527 3996 1711 4049 parum
1768 3981 2194 4049 processissent,
2268 3994 2454 4034 rursus

876 4076 1300 4139 murmurabant,
1346 4087 1532 4127 rursus
1553 4072 1620 4127 de
1648 4073 1740 4126 Dei
1788 4072 2065 4126 beneﬁciis
2104 4072 2296 4141 ingrati
2325 4086 2456 4141 que-

875 4167 1147 4223 rebantur.
1190 4164 1322 4219 Cum
1345 4178 1470 4217 vero
1503 4177 1598 4233 per
1622 4161 1828 4232 singula
1873 4163 2105 4231 quotidie
2148 4172 2450 4232 pcccarent,

875 4261 1060 4314 beatus
1088 4256 1174 4309 ille
1198 4255 1409 4324 lugebat
1433 4255 1547 4322 plus
1584 4269 1740 4322 quant
1774 4253 1847 4307 illi
1886 4265 2124 4309 mmstus.
2155 4255 2286 4309 Nam
2332 4270 2452 4310 cum

875 4351 1095 4403 vitulum
1125 4347 1380 4411 fecerunt,
1434 4345 1530 4414 ipsi
1558 4345 1769 4414 quidem
1812 4345 2064 4400 ludebant
2109 4361 2172 4402 ac
2208 4347 2452 4402 lascivie-

877 4442 1025 4505 bant,
1056 4439 1229 4493 Moses
1249 4447 1426 4490 autem
1451 4436 1634 4504 lugens
1664 4450 1726 4488 ac
1753 4450 1985 4490 maerore
2021 4437 2264 4501 affectus,
2288 4439 2455 4494 male-

875 4532 1074 4584 dictum
1106 4527 1230 4581 illud
1255 4525 1488 4580 terribile
1517 4525 1612 4577 sibi
1645 4524 2052 4592 imprecabatur,
2084 4527 2454 4596 niltilqueom-

877 4623 1002 4676 nino
1045 4619 1139 4689 ipsi
1161 4616 1481 4690 persuadere
1505 4623 1727 4684 poterat,
1757 4625 1857 4667 uta
1891 4616 2239 4672 miserationis
2267 4619 2454 4673 aﬁ‘ectn

875 4715 1184 4767 abstineret.
1213 4710 1344 4764 Cum
1369 4709 1524 4778 igitur
1544 4709 1619 4760 sic
1645 4707 1865 4760 dilectos
1884 4707 1933 4758 in
1957 4706 2220 4761 deteriora
2247 4723 2455 4776 semper

879 4805 1122 4876 progredi
1162 4803 1512 4871 conspiceret,
1545 4810 1742 4870 quanto
1769 4801 1915 4853 illtun
1950 4800 2000 4853 in
2031 4801 2236 4866 dolore,
2265 4801 2454 4869 quibus

878 4898 1127 4968 lacrymis
1156 4895 1351 4964 jugilcr
1382 4904 1646 4944 versatum
1677 4892 1872 4960 putas?
1898 4892 1951 4944 Si
1981 4891 2122 4944 enim
2148 4907 2308 4943 unum
2338 4893 2456 4959 quis

877 4998 1081 5043 tantum
1108 4984 1310 5039 habens
1341 4983 1505 5035 ﬁlitnn
1533 4980 1710 5035 vivere
1740 4983 1853 5034 sine
1894 4980 2079 5035 dolore
2115 4997 2221 5036 non
2257 4990 2452 5050 potest,

877 5096 994 5134 cum
1015 5079 1158 5132 illum
1180 5089 1392 5143 semper
1415 5074 1464 5125 in
1489 5072 1611 5125 vitia
1633 5088 1852 5142 pronum
1876 5074 2264 5138 animadvertit,
2291 5076 2450 5128 etiam

877 5173 920 5224 si
952 5171 1063 5239 ipse
1105 5165 1350 5220 omnibus
1377 5163 1600 5233 nequior
1626 5165 1694 5216 sit
1723 5181 1735 5226 ;
1769 5164 1811 5216 is
1839 5164 1925 5232 qui
1957 5175 2033 5217 tot
2077 5168 2236 5219 millia
2279 5167 2450 5220 homi-

880 5275 1006 5313 num
1033 5258 1082 5310 in
1113 5255 1337 5307 ﬁliorum
1371 5254 1554 5307 ordine
1580 5253 1862 5317 locaverat,
1893 5253 1999 5307 imo
2020 5270 2144 5307 vero
2176 5257 2449 5324 plusquam

879 5353 1013 5406 ﬁlios
1041 5349 1251 5403 amabat
1277 5345 1487 5419 (nullus
1523 5347 1662 5398 enim
1691 5357 1855 5414 pater,
1893 5348 2027 5401 sicut
2057 5347 2164 5410 ille,
2195 5363 2314 5402 cum
2348 5350 2453 5403 ﬁlio

879 5458 980 5495 una
1013 5442 1182 5507 perire
1212 5438 1376 5506 cupit,
1397 5452 1513 5491 cum
1539 5438 1802 5506 prmcipuc
1837 5439 1962 5491 nihil
1991 5440 2310 5510 peccaverit)
2342 5459 2353 5501 ;
2386 5442 2446 5505 is,

877 5533 1113 5602 inquam,
1137 5530 1221 5601 qui
1247 5539 1322 5583 tot
1344 5528 1569 5582 habebat
1588 5528 1740 5588 filios,
1769 5529 1900 5581 tnala
1929 5545 2201 5593 aversans,
2230 5546 2290 5583 ac
2318 5532 2449 5584 bona

875 5623 1110 5679 studiose
1137 5621 1378 5688 diligens,
1409 5620 1531 5690 quid
1563 5634 1748 5689 passus
1774 5635 1890 5674 esse
1923 5622 2184 5689 putandus
2204 5633 2303 5680 est.
2331 5639 2448 5675 cum

875 5728 970 5768 eos
1007 5725 1213 5777 omnes,
1242 5709 1402 5765 veluti
1445 5726 1507 5764 ex
1537 5710 1761 5780 quodam
1809 5711 2071 5773 condicto,
2109 5713 2174 5766 ad
2205 5714 2447 5767 vitiorum

875 5805 1158 5875 praecipitia
1189 5817 1404 5857 currere
1435 5803 1728 5858 intueretur
1749 5802 1772 5854 ?
1791 5801 1970 5871 Neque
2005 5805 2145 5858 enim
2175 5806 2273 5859 nisi
2303 5816 2448 5861 tene-

874 5895 984 5952 bris
1023 5895 1220 5952 oﬂ'usus
1247 5895 1529 5968 animaque
1552 5910 1614 5951 ex
1658 5894 1848 5950 intimo
1888 5893 2088 5952 doloris
2119 5911 2279 5952 sensu
2311 5900 2431 5952 eali-

1621 514 1676 570 S.
1715 514 1988 574 JOANNIS
2024 515 2485 575 CHRYSOSTOMI
2522 519 2838 578 ARCIIIEP.
2877 527 3409 589 CONSTANTINOP.

4053 542 4158 596 ‘76

2574 635 2696 702 giae
2721 637 2950 700 turbata,
2983 645 3188 700 tabulas
3223 649 3290 704 de
3320 650 3558 706 manibus
3584 666 3830 722 umquam
3871 654 4158 724 abiecisset

2575 736 2734 797 atque
2762 731 3119 788 contrivisset.
3159 740 3264 793 Sed
3309 743 3416 796 cito
3442 743 3617 798 clades
3664 745 3748 798 illa
3777 746 3960 801 sedata
3998 749 4068 801 ab
4093 766 4161 802 eo

2575 830 2678 873 cst.
2722 821 2984 888 Quonam,
3015 841 3218 893 qtneso,
3248 835 3526 889 remedio?
3551 836 3749 905 Nempe
3769 839 3910 890 enim
3941 842 4157 892 ettatnsi

2573 913 2864 968 curationis
2890 913 2980 968 illo
3004 931 3200 984 genere
3236 934 3476 977 sanatum
3507 927 3662 980 fuerit
3690 927 3900 991 vulnus,
3932 928 4048 996 ipse
4078 939 4160 983 ta-

2573 1014 2694 1054 men
2725 1015 2840 1058 erat
2869 1022 3076 1075 semper
3118 1008 3168 1060 in
3221 1008 3490 1073 lacrymis.
3532 1016 3717 1070 Nullus
3762 1018 3901 1072 enim
3936 1018 4051 1071 fere
4081 1019 4153 1072 ita

2573 1102 2716 1145 esset
2743 1095 2999 1163 lapideus,
3031 1099 3116 1167 qui
3142 1099 3267 1153 nihil
3298 1110 3566 1166 pateretur
3593 1107 3782 1162 fratres
3816 1118 3867 1162 et
3891 1121 4152 1178 cognatos

2572 1194 2601 1233 a
2632 1183 2744 1236 suis
2765 1185 3012 1252 interfici,
3043 1201 3199 1259 atque
3225 1191 3289 1243 ad
3321 1192 3502 1260 viginti
3537 1197 3693 1250 trium
3718 1199 3934 1254 millium
3960 1216 4155 1256 nume-

2571 1288 2689 1326 rum
2737 1291 2852 1329 eant
2883 1282 3084 1335 cmdem
3128 1283 3368 1352 progredi
3405 1289 3758 1354 conspiciens.
3803 1292 3910 1347 Nos
3951 1293 4156 1363 quippe

2571 1381 2690 1420 cum
2721 1368 2916 1424 liberos
2947 1384 3157 1428 nostros
3205 1377 3254 1430 in
3291 1376 3467 1444 aliquo
3509 1394 3755 1444 peccasse
3797 1385 4156 1452 deprehendi-

2572 1473 2708 1522 mus,
2735 1464 3013 1515 tormentis
3040 1467 3253 1532 quidem
3295 1483 3355 1521 ac
3381 1467 3554 1536 flagris
3581 1469 3698 1522 illos
3719 1471 3996 1530 subdimus
4023 1494 4037 1527 :
4071 1491 4154 1529 ve-

2572 1564 2688 1603 rum
2720 1551 2768 1604 id
2797 1568 2901 1604 nan
2929 1554 3044 1607 sine
3065 1556 3251 1612 dolore
3277 1559 3518 1624 facimus,
3551 1574 3647 1613 nec
3665 1561 3838 1614 minus
3863 1578 4023 1632 quam
4060 1567 4154 1635 qui

2572 1645 2839 1710 patiuntur
2853 1644 3159 1714 afﬂigimur.

2642 1736 2693 1787 4.
2726 1733 2840 1786 Alia
2873 1735 3194 1790 tribulatione
3221 1749 3267 1792 et
3296 1757 3505 1796 mcerore
3536 1740 3732 1813 Moyses
3760 1743 4043 1797 dives-amr.
4077 1775 4152 1786 —

2569 1824 2700 1878 Cum
2729 1841 2857 1895 ergo
2882 1836 2934 1880 et
2963 1827 3108 1880 illum
3137 1837 3193 1884 et
3212 1842 3385 1885 castra
3411 1834 3668 1888 maximus
3697 1834 3864 1888 luctus
3887 1849 4150 1901 occupas-

2569 1924 2682 1978 set,
2727 1915 2826 1967 alia
2872 1931 3058 1969 rursus
3099 1919 3344 1974 anxietas
3384 1922 3587 1990 adjecta
3617 1932 3716 1976 est.
3749 1924 3884 1976 Deus
3912 1924 4056 1977 enim
4089 1940 4150 1978 se

2568 2021 2671 2059 non
2699 2007 2808 2074 jam
2838 2008 2938 2060 illis
2960 2009 3307 2078 parciturum,
3332 2013 3424 2066 sed
3446 2029 3542 2068 eos
3563 2013 3959 2080 derelicturum,
3983 2030 4152 2083 ange-

2571 2098 2726 2168 quuc
2767 2098 3014 2153 daturum
3057 2101 3267 2153 illorum
3315 2117 3496 2155 curam
3539 2103 3853 2158 minabatur.
3899 2104 3955 2158 Id
4013 2120 4145 2157 vero

2569 2187 2698 2242 Mosi
2727 2191 2896 2243 visum
2927 2200 3009 2243 est
3038 2192 3272 2244 omnium
3303 2193 3723 2248 acerbissimum.
3753 2196 3885 2249 Audi
3915 2211 4149 2264 namque

2569 2279 2694 2348 quid
2724 2279 2809 2333 ille
2839 2280 2903 2333 ad
2935 2281 3095 2334 Deum
3127 2282 3372 2350 loquutus
3402 2283 3471 2336 sit
3512 2301 3525 2337 :
3559 2283 3679 2336 Nisi
3707 2287 3815 2353 ipse
3840 2289 4005 2339 venias
4036 2303 4145 2338 me-

2567 2385 2682 2421 cum
2701 2409 2717 2435 ,
2758 2386 2820 2422 ne
2861 2371 3044 2424 educas
3075 2387 3151 2424 me
3191 2371 3307 2424 Itinc
3335 2370 3541 2440 (Exod.
3565 2373 3652 2427 55.
3681 2373 3804 2446 15).
3839 2375 4064 2431 Videsne
4090 2384 4150 2428 ut

2570 2457 2849 2512 timoribus
2891 2461 3127 2526 timores,
3174 2477 3538 2531 matroresque
3579 2466 3895 2519 mmroribus
3934 2479 4149 2534 semper

2565 2549 2963 2602 successerint?
3011 2550 3190 2620 Neque
3234 2563 3411 2606 tamen
3454 2554 3706 2608 hactenus
3745 2563 4001 2610 steterunt
4043 2556 4143 2610 ad-

2565 2651 2714 2690 versa
2740 2679 2754 2702 ,
2784 2652 2965 2690 verum
2997 2654 3116 2692 cum
3147 2641 3197 2694 id
3227 2657 3440 2711 quoque
3482 2646 3833 2712 persuasisset
3858 2647 4000 2712 Deo,
4041 2662 4140 2701 an-

2563 2728 2870 2798 nuissetque
2914 2730 3004 2784 ille
3046 2731 3380 2794 clementius,
3418 2748 3482 2788 ac
3525 2736 3852 2803 praestitisset
3893 2739 4140 2807 gratiam,

2563 2820 2680 2874 aliis
2708 2835 2890 2876 rursus
2918 2822 3188 2878 doloribus
3214 2825 3485 2895 affligitur.
3518 2827 3682 2881 Deum
3707 2827 3816 2896 jam
3853 2831 4141 2898 prepitium

2563 2910 2640 2965 illi
2668 2912 2969 2980 irritantes,
3016 2928 3135 2970 sese
3179 2917 3402 2971 summis
3447 2916 3833 2974 calamitatibus
3874 2935 4142 2989 exposue-

2562 3009 2686 3055 runt
2711 3019 2723 3055 :
2755 3017 2876 3056 nam
2904 3013 3022 3072 post
3042 3003 3241 3059 credent
3269 3005 3415 3060 illam
3439 3005 3853 3079 lacrymabilem,
3875 3011 3947 3065 ita
3970 3013 4142 3074 Deum

2563 3106 2750 3146 rursus
2776 3092 3128 3158 offenderunt,
3157 3104 3424 3151 utcontra
3452 3112 3511 3152 se
3535 3097 3832 3154 incendium
3863 3101 3988 3155 illud
4013 3117 4143 3171 pro-

2568 3193 2841 3247 vocarent,
2874 3199 2938 3238 ex
2979 3199 3084 3254 quo
3128 3201 3314 3241 omnes
3357 3187 3466 3243 fere
3506 3191 3804 3259 consumpti
3834 3192 4140 3260 periissent,

2563 3270 2666 3324 nisi
2692 3285 2897 3326 summa
2919 3289 3042 3343 erga
3082 3273 3202 3329 illos
3234 3274 3514 3330 clementia
3552 3293 3677 3332 usus
3697 3290 3835 3334 esset
3859 3283 3897 3334 '.
3937 3280 4140 3337 Mosam

2562 3374 2692 3414 vero
2717 3360 2912 3429 duplex
2943 3376 3155 3433 semper
3182 3367 3432 3420 mmstitia
3476 3369 3736 3438 angebat,
3768 3371 3905 3438 quod
3933 3381 3987 3426 et
4015 3373 4142 3428 illos

2561 3453 2756 3523 perire,
2791 3464 2842 3508 et
2869 3455 3102 3523 reliquos
3130 3457 3322 3526 corrigi
3349 3458 3510 3524 nolle,
3543 3460 3778 3528 nihilque
3812 3477 3876 3516 ex
3907 3478 4141 3530 pereun-

2564 3546 2692 3596 tium
2714 3545 2922 3598 casibus
2950 3545 3139 3599 lucrari
3166 3549 3519 3616 conspiceret.
3541 3549 3776 3605 Necdum
3799 3553 3937 3606 enim
3958 3555 4142 3611 clades

2565 3631 2648 3684 illa
2679 3631 2834 3685 ﬁnem
2861 3645 3156 3702 acceperat,
3182 3651 3301 3689 cum
3334 3638 3365 3689 ii
3393 3639 3481 3706 qui
3511 3639 3696 3709 reliqui
3724 3641 3946 3706 fuerant,
3976 3659 4138 3713 cepa-

2564 3739 2680 3777 rum
2708 3739 2992 3788 memores,
3016 3725 3165 3779 datas
3191 3728 3288 3781 sibi
3327 3743 3479 3783 escas
3508 3746 3646 3799 :rgre
3689 3731 3924 3787 ferebant
3951 3734 4140 3789 dicen-

2563 3822 2642 3868 tes
2684 3831 2695 3866 :
2744 3815 2867 3880 Quis
2913 3832 3003 3869 nos
3053 3817 3230 3870 cibabit
3275 3821 3552 3874 carnibus?
3594 3821 3936 3877 Rccordamur
3977 3827 4140 3895 pisces

2559 3921 2684 3975 quos
2722 3907 2773 3959 in
2806 3905 3034 3977 {Egypto
3077 3909 3482 3973 comedebamus,
3525 3928 3903 3982 cucumeresque
3948 3927 3993 3970 et
4040 3935 4136 3985 pc-

2559 4014 2712 4066 poncs
2755 4008 2801 4050 et
2832 4015 3010 4065 porros
3044 4007 3091 4051 et
3134 4015 3282 4068 cepas
3316 4011 3361 4053 et
3389 4001 3530 4053 allia.
3581 4001 3733 4056 Nunc
3775 4016 3936 4058 autem
3965 4009 4139 4061 anima

2561 4095 2733 4138 nostra
2757 4088 2955 4153 arescit,
2980 4088 3202 4156 nihilque
3227 4090 3363 4143 oculi
3383 4091 3540 4144 nostri
3557 4078 3810 4146 intuentur
3829 4096 3924 4148 nisi
3948 4113 4139 4152 manna

2565 4175 2750 4246 (Nunt.
2783 4179 2868 4231 Η.
2899 4178 2976 4246 5).
3013 4179 3107 4233 llic
3131 4179 3242 4249 jam
3273 4196 3378 4236 non
3413 4182 3528 4235 tulit
3553 4183 3785 4251 ingratos
3811 4185 4000 4251 Moses,
4027 4188 4138 4241 imo

2558 4283 2685 4322 vero
2716 4269 2902 4325 dolore
2931 4281 3214 4341 superatus
3242 4273 3448 4326 illorum
3473 4275 3710 4344 regimen
3742 4284 3951 4330 recusat
3975 4318 3990 4341 ,
4015 4293 4137 4331 mo-

2560 4361 2709 4429 rique
2735 4371 2881 4430 optat
2909 4365 3083 4432 potius
3113 4379 3270 4432 quam
3300 4365 3353 4417 in
3383 4374 3526 4418 tanta
3557 4365 3904 4421 amaritudine
3931 4367 4133 4423 vivere.

2558 4449 2696 4503 Audi
2735 4451 2962 4521 denique
3007 4453 3172 4521 ipsius
3202 4453 3360 4506 verba
3391 4471 3403 4506 :
3438 4453 3503 4507 Et
3533 4455 3689 4520 dixit,
3734 4457 3933 4526 inquit,
3966 4457 4138 4513 Moses

2559 4542 2626 4593 ad
2655 4541 2817 4595 Deum
2849 4559 2867 4596 :
2898 4545 3067 4609 Quare
3094 4545 3313 4615 afﬂixiin
3341 4562 3537 4599 servum
3566 4558 3726 4614 tuum,
3755 4559 3802 4602 et
3829 4566 3986 4618 quare
4031 4569 4137 4606 non

2560 4635 2723 4687 inveni
2745 4636 2963 4704 gratiam
2989 4650 3158 4687 coram
3181 4645 3246 4701 te,
3271 4645 3323 4688 ut
3351 4637 3628 4705 imponeres
3653 4641 3889 4709 impetum
3915 4641 4136 4696 universi

2561 4725 2736 4792 papuli
2776 4726 2929 4793 hujus
2971 4741 3124 4793 super
3165 4727 3284 4780 me?
3314 4725 3450 4779 Nunt
3477 4745 3565 4798 ego
3592 4729 3643 4782 in
3672 4742 3811 4783 utero
3834 4733 4005 4801 accepi
4025 4748 4137 4784 om-

2561 4833 2669 4869 nem
2707 4817 2948 4886 p0pulum
2984 4817 3133 4870 istum
3155 4859 3168 4882 ,
3200 4828 3286 4870 aut
3321 4820 3470 4887 genui
3494 4837 3631 4884 eum,
3667 4823 3784 4885 quia
3818 4823 3941 4874 mihi
3982 4824 4132 4887 dicis,

2561 4908 2742 4976 Accipe
2783 4909 2927 4961 illum
2957 4909 3010 4960 in
3048 4907 3164 4960 sinu
3207 4916 3325 4969 tuo,
3369 4909 3520 4961 veluti
3555 4912 3726 4963 nutrix
3753 4912 4045 4976 lactentem,
4078 4914 4133 4966 in

2561 5007 2743 5050 terram
2770 5015 2916 5065 quam
2933 4998 3106 5068 juravi
3133 4998 3360 5065 patribus
3385 4999 3596 5052 eorum?
3627 4999 3772 5054 Unde
3793 5001 3914 5053 mihi
3933 5018 4134 5068 carnes,

2561 5098 2613 5138 ut
2638 5090 2748 5139 dem
2775 5088 2911 5140 omni
2937 5088 3124 5155 populo
3149 5088 3251 5150 isti,
3276 5089 3393 5156 quia
3417 5089 3538 5157 ﬂent
3563 5091 3826 5145 adversum
3851 5107 3928 5144 me
3955 5093 4100 5145 dicen
4121 5121 4134 5132 -

2562 5193 2629 5235 tes
2654 5199 2670 5234 .·
2699 5180 2778 5234 Da
2805 5181 2945 5234 nobis
2974 5197 3150 5234 carnes
3182 5191 3234 5232 ut
3263 5182 3577 5236 comedamus
3598 5184 3623 5236 .9
3652 5184 3770 5237 Non
3799 5195 3971 5253 potero
4001 5183 4135 5252 [me

2562 5274 2801 5342 populum
2832 5274 2982 5325 istum
3023 5273 3188 5334 solus,
3230 5273 3464 5340 quoniam
3494 5290 3644 5344 grate
3672 5275 3795 5327 milii
3830 5281 3903 5325 est
3930 5272 4133 5328 verbum

2560 5366 2671 5417 hoc.
2703 5365 2851 5430 Quod
2881 5366 2925 5417 si
2954 5381 3053 5417 non
3084 5365 3154 5416 ita
3184 5365 3310 5434 facis
3334 5366 3475 5432 nti/ti,
3507 5367 3728 5429 obsecro,
3762 5365 3930 5417 occide
3959 5382 4053 5431 Ine,
4085 5369 4134 5421 si

2559 5458 2722 5510 inveni
2763 5459 2978 5526 gratiam
3013 5473 3181 5509 coram
3220 5467 3268 5510 te
3301 5457 3490 5524 (Num.
3521 5460 3608 5511 Η.
3639 5455 3850 5524 11-15).
3896 5457 3996 5512 ista
4041 5460 4134 5515 ille

2558 5548 2808 5617 loquutus
2837 5556 2918 5600 est
2937 5589 2952 5613 ,
2995 5548 3082 5616 qtti
3112 5547 3322 5602 dixerat
3352 5565 3364 5601 :
3398 5548 3463 5600 Et
3493 5562 3626 5600 nunc
3653 5546 3892 5612 siquidem
3920 5549 4134 5602 dimittis

2559 5641 2629 5693 eis
2674 5649 2965 5705 peccatum,
2998 5640 3234 5693 dimitte:
3264 5641 3340 5693 sin
3384 5648 3584 5702 autem,
3631 5638 3740 5691 deie
3781 5655 3858 5692 me
3902 5640 3963 5694 de
4003 5639 4135 5694 libro

2561 5747 2706 5799 quem
2734 5731 2978 5800 scripsisti
3021 5730 3230 5801 (Exod.
3269 5730 3356 5786 59..
3401 5729 3499 5799 59.)
3527 5746 3538 5782 :
3568 5729 3700 5784 adeo
3743 5730 3891 5785 illum
3932 5750 4147 5792 nneror

2624 5847 2638 5877 ⁸
2675 5847 2744 5895 sic
2768 5845 2903 5895 savii.
2933 5848 2978 5895 in
2999 5846 3244 5908 margine;
3271 5845 3317 5894 in
3347 5841 3555 5906 reliquis
3575 5843 3677 5894 haec
3706 5841 3871 5904 verba,
3897 5838 4142 5895 nisi.......

2557 5915 2695 5969 esset,
2715 5909 2908 5958 desunt.

4095 5991 4122 6026 1i

3979 6022 3989 6037 ζ
4021 6034 4023 6036 .
4062 6023 4094 6040 J
