4490 6722
403 641 502 695 477

404 751 822 822 perturbaverat.
851 742 1001 815 Quod
1031 749 1087 796 et
1111 745 1356 808 parentes
1384 747 1524 802 scrpe
1553 732 1840 804 patiuntur,
1865 744 1981 782 cum

403 821 466 899 iis
495 842 832 911 indignantur
859 849 978 905 qua:
1004 847 1033 884 a
1066 827 1184 882 filiis
1208 825 1358 881 ﬁunt.
1388 823 1519 878 Nam
1553 821 1693 893 quod
1720 833 1817 873 nec
1844 827 1988 887 post-

403 949 464 988 ea
517 910 764 1000 umquam
800 923 1020 982 desierit
1077 919 1285 972 illorum
1328 915 1596 979 misereri,
1628 913 1792 982 liquet
1833 925 1896 964 ex
1925 910 1988 962 iis

409 1039 525 1096 qute
555 1032 735 1093 postea
779 1017 962 1088 gessit.
992 1012 1126 1066 Cunt
1157 1010 1298 1064 cnim
1345 1009 1490 1064 illmn
1521 1015 1642 1076 post
1669 1003 1862 1058 missos
1891 1016 1987 1056 ex-

413 1091 708 1184 plora—tores
757 1105 1004 1160 occidere
1051 1110 1346 1166 tentarent,
1399 1103 1680 1169 ipsumque
1725 1091 1986 1161 lapidibus

405 1182 653 1265 obruere,
680 1196 937 1265 effugiens
964 1193 1173 1246 illorum
1200 1205 1408 1253 manus,
1434 1201 1621 1242 rursus
1643 1183 1707 1236 ad
1729 1182 1985 1236 orandum

406 1311 504 1364 pro
529 1295 606 1348 eis
631 1287 1065 1348 convertebatur,
1100 1286 1368 1352 Deumque
1399 1280 1501 1333 illis
1529 1274 1814 1347 prOpitium
1849 1273 1984 1335 fieri,

407 1386 496 1456 qui
527 1399 586 1438 se
625 1396 816 1436 necare
857 1379 1139 1449 cupiebant
1163 1419 1176 1441 ,
1210 1375 1527 1446 precabatur
1557 1387 1570 1422 :
1601 1368 1735 1421 adeo
1778 1379 1987 1434 quoque

411 1474 635 1529 naturali
667 1489 848 1527 amore
879 1472 1241 1525 vehementior
1283 1468 1353 1521 illi
1399 1467 1570 1520 inerat
1611 1459 1848 1513 afl‘ccms.
1881 1457 1986 1510 lta-

410 1582 511 1636 qUe
541 1564 961 1632 exploratoribus
994 1561 1236 1623 mortuis,
1267 1573 1327 1610 ac
1356 1553 1583 1622 ingentis
1611 1548 1780 1601 adhuc
1818 1546 1989 1599 luctus

411 1656 640 1711 necdum
682 1654 809 1706 hora
855 1651 1156 1720 przt-terila,
1189 1661 1372 1701 rursus
1419 1644 1492 1698 illi
1536 1641 1668 1694 alias
1708 1636 1989 1690 nectebant

415 1746 661 1800 'ﬂU'l‘Ot‘iS
687 1758 894 1797 causas.
927 1742 1104 1794 Primo
1129 1741 1266 1791 cuint
1297 1749 1530 1806 pugnare
1564 1727 1860 1800 prohibenti
1885 1743 1985 1779 non

409 1837 934 1903 obtemperavcrunt,
957 1828 1188 1882 secundo
1211 1828 1276 1880 ab
1293 1823 1602 1880 Amalccilis
1621 1818 1820 1876 concisi
1844 1826 1984 1882 sunt,

411 1940 463 1984 et
491 1940 615 1982 ante
653 1925 845 1978 bellum
879 1920 1018 1974 istud
1045 1931 1098 1972 et
1141 1919 1257 1970 bilis
1287 1926 1340 1971 et
1381 1917 1516 1986 gulm
1561 1925 1717 1966 causa
1764 1908 1989 1961 maxime

410 2017 710 2086 consumpti
735 2024 876 2069 sunt.
908 2011 1044 2065 Nam
1075 2010 1276 2071 occidit,
1299 2007 1487 2074 inquit,
1519 2003 1766 2072 plurimos
1796 2014 1987 2060 eorum,

411 2129 524 2167 cum
553 2111 721 2164 adhuc
765 2123 879 2160 esca
925 2113 1049 2158 esset
1094 2103 1144 2152 in
1188 2115 1273 2152 ore
1316 2115 1484 2151 eorum
1525 2094 1712 2167 (Psul.
1743 2091 1831 2145 77.
1861 2089 1989 2158 50).

415 2203 615 2272 Ingenti
655 2209 828 2253 autem
865 2199 964 2250 hac
1004 2194 1211 2246 illorum
1242 2187 1386 2241 caede
1413 2187 1679 2254 inspecta,
1711 2197 1829 2236 cum
1863 2196 1992 2233 nec-

413 2295 538 2350 dum
572 2296 656 2347 hic
681 2291 833 2346 dolor
857 2287 1164 2359 quicvisset,
1193 2281 1298 2335 alio
1324 2293 1506 2333 rursus
1535 2277 1798 2331 invaditur
1825 2273 1989 2336 luctu,

415 2398 662 2455 tantaque
707 2383 1025 2437 necessitate
1073 2373 1392 2430 constrictus
1430 2381 1543 2430 est.
1577 2379 1633 2423 ut
1675 2370 1805 2421 istos
1851 2366 1994 2432 ipsos

415 2486 518 2529 tam
549 2476 770 2528 dilectos
807 2479 964 2537 atque
1013 2465 1369 2520 amatissimos
1407 2475 1546 2515 novo
1575 2459 1751 2528 aliquo
1776 2472 1837 2509 ac
1869 2471 1993 2525 per-

412 2567 596 2636 egrino
626 2563 811 2617 mortis
850 2573 1046 2629 genere
1075 2557 1234 2609 vitam
1268 2554 1416 2608 linire
1450 2560 1774 2622 precaretur.
1804 2547 1879 2601 Ita
1905 2545 1994 2599 alii

412 2656 625 2726 quidant
663 2659 978 2720 erumpente
1007 2649 1124 2718 igne
1164 2652 1385 2714 repente
1423 2642 1668 2697 tnccndio
1695 2637 1992 2706 conflagra-

413 2757 638 2808 verunt,
669 2745 756 2797 alii
789 2754 944 2796 terra:
984 2740 1128 2793 hiatu
1159 2737 1393 2805 absorpli
1435 2744 1556 2788 Stlnl
1581 2751 1594 2785 :
1623 2748 1794 2801 neque
1839 2729 1992 2799 pauci

413 2839 648 2907 aliquot,
681 2834 771 2888 sed
803 2834 949 2900 plura
979 2845 1136 2900 quam
1167 2826 1466 2897 quindecim
1510 2823 1781 2877 hominum
1826 2819 1990 2873 millia

415 2930 512 2982 ista
542 2927 680 2995 passi
711 2934 852 2978 sunt.
887 2923 999 2977 Hoc.
1029 2927 1277 2987 peracto,
1308 2932 1411 2984 quo
1447 2916 1625 2968 animo
1655 2914 1862 2966 illorum
1895 2926 1990 2963 co-

413 3029 599 3087 gnatos
641 3026 692 3069 et
730 3015 928 3067 amicos
954 3012 1239 3065 adversum
1267 3008 1467 3061 Mosem
1500 3004 1660 3058 fuisse
1700 3001 1989 3072 putandum

413 3108 531 3162 est?
574 3120 679 3175 quo
723 3105 847 3158 item
876 3103 1072 3156 Mosent
1105 3101 1278 3168 ipsum
1313 3113 1432 3152 cum
1478 3104 1719 3149 cerneret
1764 3093 1991 3162 pupillos

415 3198 550 3249 tilios
577 3206 628 3248 et
658 3209 846 3247 uxores
878 3191 1061 3245 viduus
1088 3206 1151 3244 ex
1184 3205 1245 3242 ea
1277 3187 1580 3241 calamitate
1609 3183 1722 3238 ﬁeri
1755 3183 1991 3246 videret;

415 3288 539 3341 item
573 3286 788 3339 fratrem
816 3299 969 3338 suum
997 3297 1058 3334 ac
1087 3294 1325 3334 Sororem
1353 3279 1459 3330 vita
1486 3275 1802 3338 excessisse,
1827 3273 1997 3327 illius-

418 3394 520 3449 que
549 3377 683 3430 lilios
714 3373 1160 3445 praevaricationis
1182 3371 1406 3439 alicujus
1436 3383 1595 3422 causa
1623 3367 1760 3435 ignis
1788 3364 1996 3441 ustione

417 3468 674 3540 periisse?
708 3468 906 3520 llorum
940 3480 1067 3518 sane
1103 3463 1306 3533 singula
1336 3459 1465 3515 nihil
1497 3459 1655 3513 etiam
1682 3468 1833 3509 antea
1866 3469 1992 3521 per-

417 3576 627 3630 pessum
668 3559 902 3612 anintum
945 3556 1156 3609 allicere
1199 3553 1382 3606 dolore
1426 3548 1756 3620 potuissent,
1800 3543 1993 3596 nedum

421 3662 496 3708 tot
517 3653 624 3722 jam
656 3651 810 3706 malis
847 3650 1157 3704 exercitum.
1191 3646 1261 3700 Ut
1299 3655 1472 3698 autem
1504 3641 1803 3694 Cltananzco
1831 3652 1993 3705 snpe-

418 3756 533 3800 rato
561 3746 776 3814 Iongunt
804 3745 902 3798 iter
929 3741 1213 3798 circumire
1240 3738 1584 3808 cogebantur,
1612 3746 1821 3786 rursum
1850 3744 1994 3781 mur-

419 3852 694 3892 muravcre
716 3834 908 3899 Judzei,
934 3845 1251 3899 rursumque
1276 3827 1498 3897 periere,
1525 3839 1627 3878 non
1652 3823 1760 3892 jam
1781 3819 1994 3891 quidem

420 3929 620 3983 morbis
647 3936 704 3982 ut
733 3927 900 3996 prius,
928 3941 1032 3978 non
1058 3923 1177 3992 igne
1204 3931 1293 3973 aut
1322 3921 1469 3972 hiatu
1499 3927 1652 3970 terrae
1673 3956 1687 3980 ,
1716 3912 1809 3968 sul
1837 3925 1997 3965 vene-

422 4031 663 4075 natorum
696 4019 1026 4088 serpentium
1067 4014 1363 4077 morsibus,
1411 4010 1501 4080 qui
1542 4009 1777 4078 profecto
1813 4017 2000 4058 omnes

422 4112 809 4183 perdidissent,
843 4110 941 4164 nisi
987 4121 1172 4163 rursus
1209 4103 1468 4159 accedens
1508 4101 1574 4155 ad
1617 4101 1783 4154 Deum
1827 4097 2001 4150 Moses

423 4204 667 4272 precibus
692 4203 802 4257 suis
829 4201 944 4271 ejus
973 4199 1251 4254 avertisset
1279 4195 1432 4249 iram.
1463 4193 1652 4246 Postea
1684 4204 1808 4242 vero
1841 4200 1999 4256 quam

423 4313 485 4350 ex
533 4294 633 4349 hac
677 4303 825 4363 peste
875 4291 1086 4346 liberati
1134 4297 1257 4343 sunt
1303 4285 1541 4352 vatisque
1590 4280 2000 4348 imprecationes

423 4388 752 4457 ell'ugcrunt,
792 4399 1004 4438 rursum
1036 4383 1241 4452 scipsos
1288 4393 1381 4448 per
1407 4373 1692 4430 durissima
1735 4378 2000 4440 prterupta

420 4478 686 4546 jeccrunt,
716 4486 876 4545 atque
904 4482 1024 4545 post
1051 4472 1447 4528 bcncdictiones
1475 4465 1710 4529 Balaam,
1741 4462 1848 4515 into
1875 4474 2000 4513 vero

429 4567 521 4621 Dei
548 4568 746 4634 (neque
773 4566 914 4619 enim
943 4565 1085 4618 illius
1109 4560 1391 4616 voluntatis
1427 4573 1489 4611 ca
1520 4554 1680 4609 verba
1709 4553 1872 4614 luere,
1908 4549 2002 4604 sed

428 4658 689 4713 tumentis
716 4671 775 4711 se
796 4657 958 4709 divini
986 4654 1216 4724 afflatus)
1250 4650 1492 4706 fornicati
1520 4655 1642 4700 sunt
1669 4660 1787 4699 cum
1816 4641 2006 4696 alieni-

429 4763 682 4819 genarum
711 4747 936 4809 ftliabus,
967 4756 1022 4800 et
1052 4745 1239 4798 initiati
1271 4753 1394 4796 sunt
1422 4739 1770 4808 Bcelphegor.
1805 4738 1872 4789 At
1899 4733 2008 4786 Mo-

430 4855 516 4895 ses
565 4838 866 4908 hujusmodi
917 4838 1090 4890 scelus
1133 4835 1610 4902 confusioncntquc
1653 4845 1759 4884 non
1808 4828 2006 4892 ferens,

433 4948 526 4988 cos
570 4947 751 4987 rursus
795 4946 853 4984 se
897 4931 1118 4984 invicem
1167 4929 1450 4982 concidere
1497 4941 1559 4980 ac
1601 4939 1790 4979 necare
1827 4922 2005 4992 jussit,

437 5025 729 5094 Inter/icite,
762 5023 1026 5093 inquiens,
1054 5021 1395 5089 unusquisque
1421 5019 1704 5086 proximum
1730 5032 1894 5076 suum,
1923 5013 2009 5083 qui

437 5120 660 5174 initiatus
680 5125 751 5170 est
772 5114 1082 5184 Beelpltegor
1107 5111 1293 5180 (Num.
1311 5110 1402 5164 ‘25.
1422 5110 1477 5172 5)
1500 5128 1513 5162 :
1539 5125 1644 5162 non
1671 5122 1825 5161 secus
1851 5119 2006 5174 quant

439 5213 492 5267 itt
523 5211 767 5272 vulnere,
795 5206 935 5276 quod
981 5205 1219 5275 plurimis
1258 5200 1581 5256 sectionibus
1611 5198 2010 5265 ustionibusque

439 5301 700 5370 susceptis
725 5297 854 5353 nihil
881 5296 1069 5354 melius
1100 5291 1372 5359 habuerit,
1403 5290 1591 5363 aliquis
1613 5289 1795 5361 jubcat
1822 5300 2011 5344 rursus

441 5395 580 5468 quod
623 5397 878 5467 reliquum
909 5400 991 5447 est
1025 5405 1208 5445 secare
1237 5398 1396 5460 atque
1435 5401 1609 5441 urere.
1639 5382 1900 5438 Cmterum
1935 5390 2010 5446 tu,

439 5506 560 5543 cum
589 5491 686 5546 has
714 5487 1044 5546 difficultates
1086 5482 1238 5537 audis
1258 5523 1272 5548 ,
1317 5481 1423 5535 noli
1452 5488 1636 5551 putare
1668 5477 1764 5530 ista
1810 5483 2015 5529 tantum

440 5583 752 5650 contigisse,
791 5578 1048 5652 siquidem
1074 5587 1126 5630 ct
1156 5576 1268 5644 ipse
1297 5590 1367 5628 ex
1401 5574 1484 5627 bis
1509 5588 1626 5643 qum
1665 5571 1857 5640 scripta
1894 5575 2022 5624 sunt

442 5687 548 5726 non
578 5689 744 5742 pauca
775 5689 1034 5746 prmterco
1055 5716 1070 5741 ,
1097 5678 1221 5743 puta
1251 5669 1385 5722 bella
1407 5709 1423 5733 ,
1463 5667 1797 5722 inimicorum
1839 5663 2020 5719 obsta-

442 5765 583 5831 cula,
613 5765 917 5835 longissima
949 5769 1166 5831 itinera,
1198 5760 1396 5818 sororis
1420 5761 1797 5813 contumeliam
1819 5799 1836 5825 ,
1877 5756 2020 5826 ejus-

444 5857 564 5912 dem
590 5871 792 5926 pinnas,
812 5862 1003 5928 quibus
1024 5859 1330 5914 mitissimus
1351 5853 1438 5907 ille
1453 5851 1626 5905 Moses
1649 5861 1774 5904 tunc
1796 5850 2025 5904 maxime

447 5949 690 6004 indoluit.
723 5949 829 6003 Sed
867 5966 929 6005 ea
969 5960 1146 6006 tamen
1186 5947 1361 6004 omnia
1393 5945 1436 6000 si
1468 5943 1586 6015 quis
1616 5940 2025 6013 diligentissime

449 6042 501 6095 in
533 6057 694 6096 unuttt
722 6049 993 6111 congerat,
1021 6057 1088 6096 ne
1117 6041 1452 6098 millesimam
1475 6035 1684 6110 quidem
1714 6044 1920 6107 partem
1950 6051 2017 6092 ex

1229 625 1321 681 AD
1359 617 1725 678 ετΑοιῖιιιιιι
1765 601 2150 673 A'oaanoxta
2188 611 2542 670 vexarun.
2585 609 2710 664 LIB.
2751 609 2839 664 ιιι.

2095 729 2160 784 iis
2190 742 2306 796 quae
2351 726 2687 793 contigerunt
2724 721 2977 789 scriptam
3026 718 3187 774 fuisse
3225 725 3392 788 putet.
3437 715 3496 773 Si
3532 719 3674 772 enim

2093 830 2184 889 qut
2223 819 2274 871 in
2320 833 2422 870 una
2463 816 2626 869 domo
2666 812 2846 882 paucis
2889 821 3082 881 praeest
3122 811 3324 874 servis,
3368 809 3677 864 innumeras

2092 908 2328 981 quotidie
2350 918 2403 960 et
2429 905 2781 961 irritationum
2810 913 2863 958 et
2888 901 3135 957 maeroris
3160 902 3466 956 occasiones
3493 898 3675 964 habet,

2091 1001 2179 1070 qni
2225 1009 2303 1052 tot
2347 999 2578 1054 millibus
2621 997 2966 1066 quadraginta
2998 995 3154 1048 annis
3199 1007 3431 1062 przeesse
3458 1003 3678 1048 coactus

2089 1103 2208 1159 est,
2241 1093 2398 1161 idque
2441 1093 2490 1144 in
2535 1091 2768 1153 deserto,
2814 1088 2901 1141 ulzi
2952 1101 3125 1156 neque
3171 1100 3281 1150 aer,
3326 1099 3498 1153 neque
3537 1099 3672 1153 aqua

2091 1193 2229 1249 erat,
2258 1192 2387 1253 quot
2427 1182 2638 1251 negotia
2665 1178 2886 1248 singulis
2924 1177 3111 1232 diebus
3153 1175 3302 1230 ob’re
3341 1171 3674 1244 cogebatur?

2091 1285 2221 1346 quot
2258 1290 2432 1338 curas,
2460 1284 2588 1343 quot
2615 1286 2895 1335 nuerorcs,
2933 1279 2988 1324 et
3010 1269 3306 1324 viventibus
3333 1268 3458 1327 illis,
3491 1277 3546 1322 et
3570 1266 3674 1318 vita

2093 1366 2325 1419 functis?
2353 1365 2488 1417 Vidit
2510 1365 2649 1417 enim
2673 1377 2882 1424 omnes,
2902 1374 3034 1429 quos
3055 1375 3118 1412 ex
3136 1357 3366 1429 Egypto
3386 1357 3674 1421 eduxerat,

2092 1466 2366 1518 mortuos,
2415 1465 2606 1524 prater
2643 1454 2780 1508 duos
2819 1453 2964 1505 viros
3001 1451 3172 1505 solum
3205 1467 3218 1504 :
3247 1463 3444 1517 eosque
3479 1450 3568 1517 qui
3609 1461 3674 1500 ex

2095 1551 2200 1605 illis
2233 1548 2340 1601 nati
2374 1547 2576 1600 fuerant
2619 1547 2808 1615 dignus
2851 1545 3065 1598 habitus
3112 1558 3215 1596 non
3261 1550 3344 1595 est
3385 1540 3437 1594 in
3480 1549 3674 1593 terram

2094 1637 2526 1708 repromissionis
2575 1637 2935 1691 introducere.
2982 1632 3246 1688 Cmterttm
3290 1632 3424 1686 vidit
3463 1630 3676 1700 quidem

2093 1749 2214 1788 eam
2259 1740 2453 1784 terram
2495 1746 2558 1782 ex
2599 1730 2794 1783 vertice
2839 1730 3035 1782 montis
3079 1726 3286 1792 Nabau,
3329 1734 3680 1792 naturamque

2094 1827 2238 1880 illius
2288 1824 2488 1892 nptitnc
2535 1823 2753 1884 didicit,
2798 1822 2897 1874 frui
2944 1831 3120 1875 autent
3170 1822 3258 1875 illa
3300 1835 3422 1876 cum
3462 1819 3680 1889 reliquis

2095 1918 2348 1972 lsraclitis
2380 1917 2674 1986 permissus
2703 1931 2806 1968 non
2833 1922 2935 1977 est,
2961 1914 3054 1968 sed
3078 1924 3226 1968 extra
3256 1929 3372 1967 eam
3400 1913 3596 1966 mansit
3619 1925 3681 1966 ac

2095 2017 2336 2061 mortuus
2376 2015 2457 2061 est
2486 2022 2499 2070 ;
2545 2005 2702 2075 idque
2745 2006 2857 2074 ipse
2890 2003 3140 2058 lsraelitis
3169 2017 3506 2071 conquerens
3533 2002 3679 2057 dice-

2093 2099 2182 2153 bat
2213 2119 2226 2153 :
2253 2099 2318 2152 Et
2344 2097 2593 2150 Dominus
2621 2097 2758 2150 Dcus
2786 2097 2947 2149 iratus
2975 2103 3045 2148 cst
3081 2095 3205 2146 mihi
3230 2094 3292 2146 de
3317 2094 3378 2146 iis
3405 2108 3518 2158 qua:
3543 2091 3683 2145 dice-

2095 2191 2275 2245 bantur
2300 2209 2330 2242 a
2357 2191 2491 2244 vobis
2514 2232 2527 2254 ,
2559 2191 2853 2260 jurat'itqttc
2882 2199 2938 2241 ut
2981 2205 3081 2241 non
3122 2202 3375 2240 transeam
3401 2185 3683 2238 Iordanem

2096 2281 2280 2346 istum,
2314 2298 2405 2334 nec
2449 2280 2704 2350 ingrediar
2745 2281 2795 2332 in
2831 2289 3013 2332 terram
3039 2321 3054 2343 ,
3091 2294 3243 2348 quam
3271 2275 3520 2330 Dominus
3546 2274 3686 2328 Deus

2097 2374 2182 2427 dat
2209 2375 2296 2426 tibi
2322 2374 2374 2426 in
2417 2382 2570 2426 sorte.
2615 2371 2725 2441 Ego
2767 2371 2897 2424 enim
2928 2371 3118 2422 morior
3163 2370 3215 2422 in
3261 2370 3356 2420 hac
3395 2377 3566 2431 terra,
3595 2383 3688 2420 nec

2099 2473 2295 2516 transeo
2319 2463 2600 2515 Jordancm
2632 2463 2766 2514 [tunc
2790 2476 2808 2512 :
2834 2476 2919 2512 vos
2946 2468 3114 2512 autem
3144 2459 3440 2521 transibitis,
3469 2467 3518 2511 et
3537 2457 3683 2511 liere-

2100 2553 2254 2606 ditate
2283 2553 2597 2621 possidebitis
2641 2562 2826 2606 terram
2857 2551 2988 2604 hanc
3030 2551 3273 2619 optimam
3305 2547 3493 2618 (Deut.
3519 2548 3571 2601 ι.
3593 2547 3684 2600 2|.

2099 2642 2190 2714 2'2)
2206 2683 2218 2694 .
2241 2642 2495 2712 Quodque
2515 2643 2748 2697 omniuzn
2773 2652 2888 2696 erat
2909 2641 3339 2704 acerbissimum,
3360 2655 3481 2693 cum
3502 2638 3690 2692 dolore

2100 2734 2272 2803 ipsum
2301 2734 2352 2787 in
2381 2734 2648 2787 internum
2671 2733 2910 2799 deduxit,
2934 2747 3054 2786 cum
3079 2733 3151 2785 illi
3181 2731 3354 2785 futura
3377 2729 3684 2785 Judatorum

2099 2824 2236 2878 mala
2265 2823 2630 2893 prteostendit,
2665 2823 2926 2876 idolorum
2958 2823 3162 2876 scilicet
3199 2821 3398 2876 cultum
3420 2863 3434 2884 ,
3461 2820 3687 2890 captivi-

2097 2923 2282 2980 tatem,
2329 2923 2383 2968 ct
2412 2913 2742 2968 calamitates
2785 2913 3116 2978 innumeras,
3157 2921 3214 2966 ut
3255 2927 3358 2966 non
3409 2911 3579 2965 solum
3621 2910 3688 2965 de

2094 3004 2262 3074 gestis
2283 3020 2400 3073 qua:
2424 3003 2646 3065 viderat,
2678 3003 2772 3057 sed
2801 3004 2959 3058 etiant
2985 3003 3051 3057 de
3077 3003 3142 3056 iis
3166 3018 3284 3071 qum
3310 3002 3536 3057 necdum
3561 3017 3691 3055 con-

2096 3096 2325 3164 tigerunt
2345 3136 2359 3159 ,
2385 3094 2713 3164 aldigeretur
2736 3097 2935 3149 animo.
2981 3095 3220 3166 Denique
3251 3109 3280 3147 a
3307 3095 3479 3165 prima
3506 3094 3684 3148 statim

2098 3197 2254 3241 mtate
2281 3187 2348 3240 ita
2375 3187 2558 3242 dolere
2583 3202 2644 3241 ac
2675 3202 2903 3241 mmrcre
2932 3187 3157 3254 incepit,
3188 3195 3245 3241 ut
3271 3202 3560 3257 numquam
3591 3186 3688 3242 de-

2099 3280 2313 3334 sisteret
2332 3320 2348 3341 ,
2377 3281 2646 3350 vitamque
2671 3295 2790 3335 cum
2822 3279 3073 3335 nuestitia
3102 3281 3295 3334 tiniret.

2170 3370 2224 3424 5.
2255 3369 2416 3423 Josue
2458 3386 2712 3422 successor
2748 3368 2910 3423 Mosis
2933 3379 2982 3423 et
3010 3371 3116 3439 ipse
3139 3370 3447 3440 aﬂlictus.—
3465 3370 3536 3424 At
3559 3384 3689 3424 vero

2098 3476 2379 3516 successor
2405 3461 2523 3531 ejus
2551 3461 2713 3516 Josuc
2736 3504 2749 3525 ,
2779 3464 3017 3516 omnium
3043 3504 3056 3525 ,
3097 3471 3154 3516 ut
3193 3463 3263 3516 ita
3305 3461 3530 3515 dixerim
3549 3502 3562 3524 ,
3593 3461 3688 3515 tri-

2097 3553 2255 3605 stium
2297 3566 2417 3605 cum
2459 3567 2524 3605 eo
2572 3567 2675 3605 una
2722 3552 3015 3621 periculum
3060 3553 3180 3606 fecit
3209 3570 3222 3606 :
3254 3553 3298 3604 si
3344 3551 3470 3620 quid
3510 3560 3692 3606 tamen

2099 3641 2268 3705 illunt,
2312 3657 2378 3695 eo
2416 3640 2558 3711 quod
2596 3641 2777 3710 junior
2820 3653 2983 3706 esset,
3027 3641 3241 3711 etTugit,
3275 3640 3377 3694 hoc
3403 3655 3530 3695 sane
3569 3651 3692 3709 post

2099 3741 2330 3786 mortem
2371 3732 2511 3786 illius
2549 3735 2600 3787 in
2643 3749 2709 3788 eo
2753 3733 3072 3786 cumulatius
3114 3733 3389 3802 impletum
3427 3743 3530 3786 est.
3570 3731 3688 3787 Non

2098 3825 2272 3878 solum
2301 3834 2478 3878 autem
2517 3825 2644 3878 dum
2688 3825 2892 3879 viveret
2930 3824 3101 3878 Moses
3142 3824 3458 3879 vestimenta
3500 3823 3678 3891 scidit,

2101 3919 2441 3986 cineremque
2478 3917 2638 3986 capiti
2673 3917 2922 3985 aspersit,
2959 3915 3052 3970 sed
3089 3917 3250 3971 etiam
3283 3925 3566 3986 pestquam
3599 3917 3690 3972 ille

2105 4007 2384 4062 defunctus
2422 4016 2504 4062 est
2541 4007 2761 4072 eadem,
2793 4009 2899 4062 imo
2931 4009 3089 4077 longe
3130 4010 3332 4077 majore
3373 4010 3692 4064 necessitate

2105 4098 2158 4153 id
2202 4100 2376 4154 facere
2416 4109 2632 4153 coactus
2668 4109 2782 4162 est,
2829 4116 2933 4153 non
2974 4099 3125 4153 brevi
3168 4110 3424 4170 tempore,
3465 4099 3559 4154 sed
3603 4099 3691 4154 die

2106 4200 2215 4244 tota
2239 4205 2436 4260 pronus
2467 4191 2518 4244 in
2554 4201 2692 4245 terra
2720 4191 2924 4260 jacens.
2961 4190 3101 4244 Audi
3137 4190 3319 4260 utique
3343 4190 3503 4244 verba
3527 4189 3688 4244 etiam

2105 4281 2245 4336 illius
2284 4291 2338 4336 et
2377 4283 2612 4350 ploratus
2651 4299 2664 4334 :
2720 4280 2789 4334 Et
2825 4281 2996 4342 scidit,
3045 4281 3213 4350 inquit
3262 4279 3441 4353 (Josue
3467 4282 3519 4334 7.
3548 4280 3685 4351 6-9).

2101 4372 2134 4424 J
2142 4389 2252 4426 esus
2275 4373 2563 4426 vestimenta
2582 4388 2697 4438 sua,
2721 4372 3034 4442 prociditque
3057 4372 3107 4424 in
3130 4373 3308 4443 faciem
3333 4388 3482 4440 super
3502 4379 3689 4424 terram

2104 4479 2274 4517 coram
2311 4462 2530 4516 Domino
2574 4479 2731 4532 usque
2777 4462 2844 4514 ad
2888 4477 3174 4532 vesperam,
3220 4463 3330 4529 ipse
3372 4470 3420 4513 et
3467 4461 3693 4514 seniores

2108 4553 2292 4618 Israel,
2325 4555 2664 4624 miseruntque
2692 4554 2945 4623 pulverem
2970 4569 3120 4622 super
3145 4553 3312 4622 capita
3338 4569 3460 4618 sua,
3489 4563 3534 4606 et
3560 4553 3689 4606 dixit

2108 4647 2261 4702 Jesus
2291 4662 2309 4701 :
2344 4645 2561 4700 Obsecro
2582 4688 2596 4711 ,
2630 4646 2873 4708 Domine,
2903 4654 2955 4696 ut
2989 4643 3110 4713 quid
3151 4641 3376 4696 traduxit
3417 4660 3542 4714 puer
3574 4652 3690 4699 tuus

2113 4739 2356 4810 papulum
2379 4739 2512 4792 [tunc
2536 4747 2673 4791 trans
2696 4735 2998 4800 Jordanem,
3032 4745 3084 4786 ut
3113 4735 3335 4787 traderes
3365 4750 3479 4787 eum
3502 4735 3688 4788 Amor-

2111 4832 2248 4884 rlta'o
2276 4830 2346 4882 ad
2386 4829 2691 4900 perdendum
2727 4844 2816 4880 nos
2834 4828 2859 4880 ?
2891 4825 3097 4881 Utinam
3125 4826 3571 4898 permansissentus
3593 4869 3608 4892 ,
3644 4835 3692 4879 et

2111 4923 2342 4977 collocati
2380 4938 2596 4975 essemus
2617 4922 2743 4974 citra
2768 4919 3070 4973 Iordanem.
3108 4919 3170 4972 Et
3199 4918 3321 4990 quid
3350 4917 3516 4971 dicant
3547 4927 3690 4988 post-

2110 5033 2259 5087 quam
2301 5016 2443 5068 vcrtit
2477 5013 2643 5069 Israel
2680 5025 2818 5085 terga
2857 5013 3108 5068 inimico?
3139 5013 3318 5067 Audiet
3353 5011 3690 5078 Chananwus,

2111 5120 2157 5163 ct
2184 5125 2352 5162 onmes
2382 5108 2464 5177 qui
2497 5108 2718 5161 habitant
2761 5118 2942 5162 (errant
2965 5151 2978 5173 ,
3007 5117 3051 5161 ct
3078 5106 3455 5161 circumdabant
3492 5121 3614 5170 nos,
3646 5113 3693 5158 et

2113 5201 2344 5254 delcbunt
2371 5202 2429 5255 de
2454 5211 2605 5254 terra.
2635 5201 2781 5254 Talia
2803 5210 3043 5254 orantem
3071 5198 3290 5252 audiens
3314 5198 3449 5251 Deus
3475 5211 3691 5251 causam

2115 5294 2224 5362 illi,
2257 5311 2355 5350 cur
2396 5296 2626 5366 superati
2676 5293 2916 5359 fuerant,
2957 5291 3161 5360 aperuit
3201 5304 3404 5360 :quam
3444 5288 3533 5343 ille
3568 5304 3693 5343 cum

2117 5387 2410 5453 didicisset,
2444 5386 2673 5455 perdidit
2701 5400 2804 5438 una
2843 5398 3026 5437 omnes
3045 5425 3060 5448 ,
3090 5397 3192 5435 non
3220 5396 3340 5436 eum
3369 5381 3460 5451 qui
3504 5395 3696 5451 pecca-

2122 5491 2271 5536 verat
2314 5481 2517 5540 solum,
2571 5477 2664 5531 sed
2709 5484 2961 5545 cognatos
3007 5488 3220 5545 quoque
3269 5483 3322 5528 et
3371 5475 3699 5544 propinquos

2123 5584 2438 5640 omnemque
2482 5566 2730 5623 familiam
2771 5583 2893 5620 cum
2943 5581 3193 5635 pecorum
3239 5564 3591 5619 multitudine.
3640 5562 3697 5616 Id

2123 5675 2298 5716 autem
2330 5661 2466 5714 haud
2503 5675 2688 5730 parum
2734 5658 2877 5712 illius
2919 5657 3247 5728 perturbavit
3283 5655 3537 5710 animum.
3567 5652 3702 5708 Nam

2126 5756 2169 5809 si
2194 5769 2288 5808 nos
2313 5768 2432 5806 cum
2456 5752 2657 5805 alienos
2677 5767 2888 5821 quoque
2916 5749 3090 5821 puniri
3117 5748 3402 5810 cernimus,
3429 5760 3498 5801 ne
3519 5744 3702 5802 videre

2126 5847 2339 5920 quidem
2370 5846 2677 5911 toleramus,
2709 5844 2836 5914 quid
2866 5844 2954 5898 ille
2979 5857 3082 5897 non
3112 5855 3299 5913 passus
3323 5847 3423 5901 est,
3455 5837 3543 5908 qui
3569 5852 3700 5892 con-

2129 5939 2349 5994 tribulcs
2376 5946 2428 5994 ct
2452 5935 2844 5991 commilitones
2869 5935 3027 5988 tantis
3053 5929 3314 5986 afﬁciebat
3341 5927 3538 5984 malis?
3564 5927 3704 5994 Quid

2135 6043 2309 6088 autem
2335 6027 2747 6086 Gabaonitarum
2789 6026 2932 6082 fraus
2962 6025 3298 6094 tribuumqtte
3335 6031 3483 6077 trans
3531 6019 3708 6076 Iorda-
