4490 6720
834 563 933 617 ⁸79

834 693 955 730 nem
1004 674 1349 728 habitantium
1393 675 1660 743 suSpicio,
1691 673 1817 744 quid
1856 684 2110 744 perpetua
2149 673 2410 728 bellorum

835 776 994 834 atque
1026 778 1317 833 pugnarum
1347 765 1695 819 exercitatio?
1724 781 1878 833 quem
1907 765 2003 818 ista
2031 774 2226 818 statum
2252 763 2411 816 animi

833 874 939 912 non
969 856 1332 912 evertissent?
1375 856 1486 909 Etsi
1525 856 1666 910 enim
1697 856 1937 908 vincebat
1981 855 2178 924 jugiter
2198 898 2211 919 ,
2243 855 2412 908 victo-

833 949 926 1002 ria:
955 959 1130 1001 tamen
1151 948 1472 1014 voluptatem
1503 947 1819 1014 reliquorum
1847 946 2102 998 liciturum
2131 961 2254 999 cura
2280 943 2411 998 offu-

831 1038 1052 1102 scabat,
1095 1037 1423 1104 sortiumque
1464 1035 1764 1088 disuilnltio
1807 1050 2044 1087 summos
2087 1036 2158 1089 illi
2205 1037 2412 1089 labores

833 1127 1183 1196 ingentesque
1207 1126 1542 1178 difﬁcultates
1575 1125 1830 1192 pariebat.
1862 1125 2064 1178 Noruut
2090 1128 2184 1178 ista
2214 1127 2299 1193 qui
2329 1125 2409 1178 vel

833 1218 1107 1272 minimam
1138 1215 1485 1270 substantiam
1529 1215 1810 1279 fratribus,
1843 1225 1933 1269 aut
1963 1217 2282 1286 quibuslibet
2310 1215 2408 1268 ali-

831 1309 984 1376 cujus
1028 1307 1314 1361 heredibus
1359 1305 1778 1360 distribuendam
1825 1315 2188 1374 susct-perunt.
2234 1303 2410 1358 Plebis

831 1408 1006 1452 autem
1038 1397 1268 1466 reliquas
1306 1395 1558 1466 deinceps
1599 1396 1924 1450 calamitates
1966 1411 2064 1448 nec
2103 1393 2408 1448 referendas

830 1489 1102 1542 existimo.
1151 1488 1334 1557 Neque
1362 1489 1502 1541 enim
1543 1497 1624 1543 est
1653 1489 1902 1556 propositi
1933 1487 2096 1539 nostri
2143 1501 2410 1541 :erumuas

829 1580 1156 1647 singulorum
1201 1594 1512 1644 numerare,
1559 1577 1652 1631 sed
1696 1593 1879 1632 eorum
1925 1585 2125 1631 tantum
2165 1577 2254 1647 qui
2299 1577 2410 1632 Deo

828 1670 1111 1724 admodum
1146 1671 1412 1738 placuere.

897 1760 950 1814 ϐ.
980 1760 1231 1812 Samuelis
1260 1759 1486 1828 exemplo
1513 1775 1618 1811 rem
1666 1758 1906 1812 illustrat.
1939 1789 2004 1797 —
2028 1757 2284 1825 Quocirca
2311 1799 2324 1820 ,
2364 1757 2410 1810 si

825 1850 1064 1914 videtur,
1100 1849 1215 1902 lleli
1270 1851 1577 1904 omittamus
1599 1892 1610 1910 ,
1639 1850 1833 1918 quippe
1858 1858 1912 1903 et
1954 1849 1998 1902 is
2057 1865 2150 1918 per
2180 1849 2408 1901 filiorum

823 1945 970 2008 vitia,
995 1943 1102 1996 imo
1130 1958 1254 1996 vero
1273 1958 1367 2011 per
1391 1957 1539 1995 suam
1572 1943 1942 2011 negligentiam
1968 1941 2185 1993 offendit
2219 1941 2403 1992 Deutn.

823 2033 1003 2103 Neque
1028 2034 1169 2088 enim
1200 2033 1318 2086 ideo
1344 2032 1482 2101 quod
1526 2032 1692 2084 malos
1720 2030 1936 2084 haberet
1965 2029 2102 2082 ﬁlios
2151 2029 2402 2096 punieba-

823 2131 942 2186 tur,
978 2123 1070 2177 Sed
1107 2125 1226 2190 quia
1256 2124 1386 2175 ultra
1419 2122 1653 2176 debitum
1684 2119 2026 2189 iucrepationi
2052 2127 2400 2187 pepercerat,

819 2226 871 2267 et
901 2228 1022 2266 cum
1064 2213 1152 2266 Dei
1186 2213 1327 2281 leges
1369 2213 1713 2275 violarentur,
1743 2211 1986 2265 severius
2015 2210 2068 2264 in
2100 2211 2217 2264 illos
2261 2210 2404 2262 ultus

825 2320 928 2358 non
959 2315 1057 2357 est.
1083 2303 1248 2372 Cujus
1285 2304 1359 2356 rei
1387 2315 1438 2358 et
1469 2304 1580 2372 ipse
1610 2303 1709 2357 sibi
1752 2303 1993 2357 conscius
2017 2313 2135 2371 post
2165 2303 2405 2370 ingentes

823 2396 940 2449 illas
985 2394 1154 2447 minas
1180 2394 1392 2448 aiebat:
1426 2394 1672 2448 Dominus
1700 2395 1807 2463 ipse
1843 2394 1977 2463 quod
2014 2396 2197 2448 bonum
2233 2403 2306 2447 est
2350 2393 2404 2448 in

823 2485 980 2538 oculis
1003 2485 1106 2537 suis
1132 2485 1281 2555 faciet
1309 2484 1691 2556 (l.!leg.3.18).
1715 2485 1790 2537 Eo
1808 2486 1982 2552 itaque
2004 2486 2200 2536 omisso
2221 2483 2286 2536 ad
2302 2484 2403 2537 Sa-

819 2575 1047 2628 tnuelem
1099 2576 1388 2628 veniamus.
1425 2575 1472 2628 ls
1493 2591 1522 2628 a
1547 2591 1709 2642 puero
1732 2575 1958 2627 nutritus
1981 2575 2031 2627 in
2065 2574 2262 2643 templo
2294 2574 2402 2626 Deo

815 2680 1029 2732 semper
1057 2678 1212 2717 carus
1265 2674 1319 2718 et
1351 2665 1683 2732 gratissimus
1714 2662 1812 2717 fuit
1838 2706 1852 2726 ,
1901 2673 2147 2733 tantaque
2192 2663 2398 2717 virtutis

817 2755 1004 2808 indicii
1035 2770 1065 2808 a
1091 2756 1254 2824 prima
1283 2756 1461 2808 statim
1508 2764 1665 2810 :ntate
1708 2753 1936 2824 prattulit
1963 2795 1978 2818 ,
2033 2764 2090 2808 ut
2114 2763 2398 2824 antequam

817 2845 886 2898 ad
915 2845 1092 2899 viriles
1134 2860 1303 2899 annos
1337 2844 1588 2899 evaderet
1620 2845 1759 2898 inter
1802 2845 2066 2898 mirabiles
2115 2846 2400 2912 prophetas

818 2935 1230 2999 inscriberetur,
1264 2935 1420 3004 idque
1459 2951 1580 2989 cum
1610 2951 1669 2989 ea
1701 2950 1788 2989 res
1829 2944 1952 2988 tunc
1977 2935 2234 2989 defecisse
2276 2948 2398 2987 om-

820 3027 945 3080 nino
973 3025 1260 3081 videretur.
1289 3025 1407 3079 Non
1428 3027 1560 3080 enim
1577 3036 1703 3092 erat,
1729 3026 1918 3096 inquit,
1938 3025 2058 3079 visio
2088 3025 2396 3089 discernens,

818 3127 1020 3186 eratque
1069 3117 1269 3170 verbum
1319 3117 1589 3186 pretiorum
1628 3118 1705 3185 (1.
1736 3115 1860 3187 Reg.
1891 3118 1944 3170 3.
1991 3116 2068 3186 1).
2126 3115 2223 3169 llic
2273 3129 2402 3185 ergo

815 3206 1052 3273 Samuel,
1084 3207 1171 3276 qui
1201 3215 1318 3276 post
1347 3209 1536 3261 multas
1566 3207 1824 3276 lacrymas
1868 3215 2024 3260 natus
2054 3206 2254 3271 fuerat,
2292 3206 2402 3274 pri-

818 3313 962 3352 mum
992 3297 1204 3368 quidem
1247 3313 1365 3352 cum
1401 3298 1696 3352 intueretur
1725 3297 2034 3367 magistrum
2066 3297 2118 3350 in
2173 3308 2398 3352 mortem

816 3387 958 3442 illam
1009 3388 1363 3442 miserabilem
1418 3387 1735 3452 devectum,
1792 3388 1860 3441 ita
1924 3385 2177 3441 confusus
2238 3396 2399 3456 atque

820 3481 1060 3536 turbatus
1088 3490 1208 3544 est,
1261 3490 1318 3535 ut
1365 3479 1587 3535 decebat
1625 3489 1830 3550 gratum
1876 3482 2209 3548 amicmuque
2238 3479 2400 3534 disci-

817 3574 1019 3642 pulum.
1050 3571 1239 3626 Postea
1289 3570 1533 3626 Judaleas
1560 3572 1885 3626 calamitates
1914 3570 2042 3626 ﬂere
2090 3573 2396 3640 cogebatur.

821 3663 984 3718 Porro
1013 3663 1106 3716 lilii
1151 3663 1349 3733 ipsius,
1381 3677 1500 3717 cum
1553 3661 1718 3732 iniqui
1748 3671 1801 3716 et
1826 3663 1948 3716 mali
1990 3671 2169 3716 essent
2192 3703 2207 3726 ,
2241 3671 2400 3730 atque

814 3757 880 3811 ad
941 3757 1150 3811 culmen
1216 3757 1505 3825 iniquitatis
1561 3756 1960 3825 pervenissent,
2025 3762 2078 3809 et
2129 3753 2229 3808 hoc
2285 3753 2399 3822 ipso

817 3865 1048 3905 merere
1083 3850 1230 3903 illum
1273 3849 1574 3904 afliciebant
1597 3890 1611 3913 ,
1661 3848 1877 3918 etquod
1907 3850 2005 3902 sibi
2047 3848 2264 3918 pra'stili
2297 3847 2398 3901 bo.

819 3941 964 3995 noris
1014 3940 1236 3996 heredes
1265 3955 1382 3994 esse
1399 3956 1503 3994 non
1532 3953 1766 4009 possent.
1797 3940 2067 3994 Successit
2111 3941 2231 3992 huic
2261 3953 2395 3992 mce-

821 4032 926 4085 rori
954 4071 970 4094 ,
1000 4032 1105 4084 imo
1132 4046 1259 4086 vero
1305 4045 1411 4084 non
1459 4033 1716 4086 successit
1745 4072 1761 4097 ,
1804 4047 1923 4084 eum
1972 4033 2114 4100 prior
2162 4029 2396 4082 nondum

819 4123 1143 4192 quievisset,
1197 4121 1290 4177 sed
1359 4122 1599 4192 adjectus
1669 4131 1750 4175 est
1802 4123 1982 4184 alius,
2043 4121 2397 4174 lsraelilarutn

826 4211 1026 4266 scilicet
1062 4211 1402 4282 iniustissima
1455 4213 1660 4283 petitio.
1689 4211 1800 4280 Qua
1849 4213 1899 4264 iu
1944 4212 2092 4265 reita
2123 4210 2350 4264 concidit
2381 4252 2396 4276 ,

823 4313 882 4359 ut
923 4305 1117 4374 ingenti
1166 4305 1525 4358 consolatione
1571 4303 1846 4375 indigeret.
1880 4303 2015 4357 Audi
2056 4304 2234 4371 itaque
2270 4301 2395 4370 quid

824 4396 895 4450 illi
919 4395 1115 4449 dixerit
1142 4395 1312 4449 Deus:
1350 4394 1468 4448 Non
1499 4406 1544 4448 te
1589 4404 1893 4465 spreverunt,
1925 4396 2012 4448 sed
2038 4412 2114 4446 me
2159 4393 2392 4465 (Ibid.3.

825 4487 880 4542 7.
908 4497 954 4540 et
995 4487 1178 4557 seqq.).
1224 4485 1350 4541 Post
1371 4486 1484 4540 ha'c
1515 4493 1689 4541 tamen
1719 4487 1816 4540 istc
1840 4487 1972 4540 adeo
1997 4488 2256 4540 sollicitus
2282 4495 2398 4540 erat

823 4577 947 4643 illis,
979 4586 1034 4632 ut
1071 4577 1272 4633 diceret
1303 4594 1318 4632 :
1346 4575 1478 4631 Mihi
1507 4586 1674 4630 autem
1713 4577 1839 4630 absit
1866 4586 1921 4629 ut
1948 4593 2164 4647 peccem,
2204 4587 2248 4629 et
2275 4578 2320 4628 ἀι
2339 4579 2398 4630 si-

822 4682 958 4724 stam
981 4685 1074 4737 pro
1097 4670 1232 4722 vobis
1253 4685 1405 4722 orare
1433 4667 1548 4738 (ll).
1574 4667 1788 4737 1:325).
1817 4669 1955 4724 Istus
1977 4671 2141 4741 igitur
2168 4672 2242 4726 ita
2265 4673 2402 4729 dile-

823 4773 943 4817 ctos
979 4777 1007 4814 a
1048 4777 1104 4814 se
1131 4775 1255 4813 eum
1284 4758 1518 4829 opprimi
1551 4761 1917 4830 conspiceret,
1948 4769 2112 4829 atque
2146 4761 2204 4814 in
2246 4762 2402 4820 bellis

824 4854 1094 4923 superari,
1120 4850 1394 4919 Deumque
1415 4860 1604 4904 contra
1623 4866 1680 4905 se
1700 4866 1998 4920 provocare
2017 4865 2179 4922 quam
2198 4851 2404 4908 sentire

826 4945 1158 5014 volulitatem
1193 4949 1406 5012 poterat
1427 4941 1449 4992 ?
1468 4941 1725 5010 quidnam
1750 4941 2010 5012 temporis
2033 4941 2241 5012 absque
2267 4957 2404 4997 mce-

826 5052 952 5092 rore
973 5046 1026 5091 ct
1044 5034 1299 5106 laerymis
1319 5031 1538 5088 vivere?
1559 5035 1691 5087 tium
1715 5050 1842 5089 vero
1867 5033 2002 5089 Sau'l'
2022 5035 2403 5090 emistituissct

825 5145 1030 5202 regem,
1057 5129 1250 5183 alterni
1282 5128 1379 5197 ipsi
1411 5129 1767 5197 perpetuique
1795 5129 2027 5198 gemitus
2055 5127 2397 5198 adjicieban-

828 5227 935 5273 tur.
961 5216 1204 5286 Namque
1223 5232 1345 5270 cum
1365 5215 1694 5270 sacriﬁcium
1723 5217 1810 5269 ille
1831 5227 2024 5285 praeter
2041 5217 2130 5270 Dei
2158 5219 2402 5273 volunta-

828 5316 935 5363 tem
964 5307 1179 5370 obtulit,
1205 5315 1398 5360 etcum
1422 5307 1693 5375 superatis
1717 5307 2030 5361 Amaleeitis
2061 5309 2274 5362 illorum
2306 5328 2398 5380 pen

829 5401 1001 5471 percit
1034 5401 1174 5469 regi,
1213 5398 1376 5467 idque
1402 5409 1589 5453 contra
1615 5401 1915 5467 jussiouem
1946 5399 2074 5461 Dei,
2107 5402 2178 5453 ita
2220 5404 2401 5456 animo

827 5489 1100 5560 perculsus
1125 5497 1225 5555 est,
1258 5497 1314 5544 ut
1357 5503 1427 5544 ex
1477 5501 1540 5543 co
1577 5487 1684 5558 jam
1721 5504 1822 5541 non
1853 5489 2041 5542 viderit
2068 5489 2235 5542 virum
2261 5532 2276 5554 ,
2307 5491 2398 5545 sed

827 5598 996 5654 usque
1033 5583 1100 5637 ad
1128 5583 1368 5638 ultimum
1399 5583 1540 5638 diem
1582 5583 1647 5638 de
1689 5600 1751 5638 eo
1784 5585 1972 5639 luxerit
1999 5595 2050 5639 et
2081 5584 2397 5658 lacrymuus

827 5679 914 5740 sit,
947 5676 1158 5744 quando
1211 5676 1368 5730 etiam
1415 5676 1483 5730 ob
1532 5675 1732 5731 doloris
1773 5679 2158 5733 vehementiam
2202 5695 2235 5733 a
2288 5680 2398 5734 Deo

829 5770 1124 5838 increpatus
1171 5779 1272 5826 est.
1326 5771 1592 5837 Quousque
1640 5772 1824 5839 enim,
1883 5773 2089 5843 inquit,
2148 5783 2203 5827 tu
2263 5774 2398 5844 luges

830 5862 992 5924 Smil,
1023 5876 1066 5916 et
1102 5881 1189 5934 rgo
1231 5864 1393 5933 τέρειιί
1426 5865 1566 5917 illum
1607 5861 1789 5933 (Ibid.
1839 5866 1918 5918 16.
1965 5866 2063 5935 l)?
2115 5864 2168 5920 Si
2223 5882 2396 5922 autem

825 5958 906 6012 bis
934 5957 1000 6012 ita
1025 5958 1444 6030 contingentibus
1481 5957 1709 6029 lugebat,
1741 5973 1844 6031 quo
1868 5959 2046 6015 animo
2071 5969 2190 6014 tune
2236 5961 2395 6017 luisse

1537 559 1596 615 S.
1635 557 1912 616 JOANNIS
1949 556 2420 616 CllRYSOSTOMl
2458 556 2779 614 ARCHIEP.
2820 560 3352 619 CONSTANTINOP.

3999 576 4112 630 ὅ.ῗο

2523 671 2906 727 existimandus
2963 686 3082 742 est,
3130 693 3250 732 eum
3308 687 3386 732 tot
3428 676 3730 732 sacerdotes
3773 679 3889 733 sine
3939 698 4108 736 causa

2518 761 2826 818 interfecit?
2867 766 3080 832 quando
3145 785 3302 835 eum,
3347 773 3435 841 qui
3487 785 3546 824 se
3588 768 3766 822 multis
3829 768 4109 825 beneficiis

2519 854 2781 923 nullisque
2837 854 3041 921 injuriis
3079 858 3361 923 affecerat,
3404 857 3636 916 secundo
3690 871 3744 913 ut
3777 859 4108 914 ἱηῑυτῆι-ρι-οι

2518 945 2791 1012 profectus
2817 945 2934 998 est?
2965 947 3177 1012 quando
3205 949 3402 1003 nudum
3433 953 3574 1006 illum
3609 950 4011 1021 prophetautctn
4043 966 4108 1002 ae.

2516 1033 2848 1088 decidentem
2893 1035 3066 1088 vidit?
3111 1052 3230 1090 cum
3278 1041 3480 1094 audivit
3533 1043 3693 1096 David
3750 1043 3800 1094 in
3849 1039 4108 1094 familiari

2515 1141 2802 1196 congressu
2831 1129 2993 1180 multa
3019 1139 3203 1182 contra
3236 1130 3382 1185 illum
3413 1133 3867 1203 conquerentem?

2588 1218 2640 1271 7.
2668 1217 2836 1270 Dacid
2877 1218 3024 1270 etiam
3047 1220 3288 1274 wrnmnis
3315 1235 3540 1278 vexatus.
3564 1255 3635 1266 —
3659 1226 3937 1294 Postquam
3967 1237 4102 1277 vero

2515 1307 2583 1363 dc
2613 1309 2772 1362 David
2799 1309 3122 1363 mentionem
3162 1309 3291 1378 feci,
3327 1317 3506 1370 nescio
3539 1317 3662 1385 quid
3693 1333 3863 1385 agam,
3896 1316 4104 1369 lanii-no

2515 1408 2638 1455 taue
2680 1401 2820 1454 illius
2851 1400 3005 1469 longa
3051 1409 3104 1454 et
3151 1403 3398 1470 assidua,
3430 1424 3548 1478 qum
3577 1407 3629 1460 in
3659 1409 3872 1474 psalmis
3898 1407 4045 1476 scrip
4070 1423 4101 1459 a

2514 1500 2633 1542 Sunt
2661 1529 2677 1554 ,
2709 1490 2759 1543 in
2809 1491 3037 1544 medium
3069 1490 3328 1548 adducam
3352 1537 3366 1559 ,
3400 1512 3466 1550 an
3496 1497 3591 1552 Ista
3641 1498 3730 1549 tibi
3763 1499 3812 1551 iu
3864 1499 3976 1551 otio
4017 1515 4104 1551 re-

2514 1580 2776 1634 censeuda
2807 1582 3114 1648 permittens
3161 1583 3325 1652 ipsius
3356 1588 3528 1653 potius
3566 1587 3891 1640 calamitates
3927 1587 4104 1654 expli-

2514 1683 2650 1722 cem.
2685 1669 2731 1723 Is
2771 1671 2926 1738 igitur
2957 1670 3178 1739 plurima
3209 1673 3423 1740 quidem
3459 1692 3582 1730 cum
3627 1690 3811 1745 greges
3853 1685 4098 1742 pasceret

2513 1757 2732 1812 adversa
2767 1776 3044 1828 perpessus
3071 1803 3083 1822 ,
3117 1761 3483 1834 adversusque
3536 1769 3674 1819 aeris
3719 1767 4087 1833 intemperiem

2512 1859 2565 1902 et
2615 1850 2910 1903 belluarum
2939 1851 3198 1905 feritatem
3247 1854 3537 1910 reluctatus
3565 1867 3664 1910 est.
3694 1859 3928 1922 Quorum
3955 1857 4087 1910 alte-

2511 1955 2628 1993 rum
2657 1957 2720 1994 ex
2767 1942 2831 1994 iis
2876 1959 2994 2012 qua:
3048 1942 3212 1997 Jaeob
3257 1943 3438 2009 dixit,
3490 1950 3710 2003 alterum
3750 1967 3820 2004 ex
3868 1951 3930 2003 iis
3972 1966 4096 2018 qna'

2508 2029 2574 2082 ad
2617 2029 2746 2084 Saul
2784 2031 2852 2084 de
2897 2037 3051 2086 leone
3097 2042 3150 2086 et
3195 2051 3317 2087 ursa
3367 2037 3616 2106 loquutus
3658 2050 3773 2104 est,
3813 2055 4096 2108 possmuns

2507 2120 2946 2176 animadvertere.
2994 2123 3181 2178 Postea
3228 2141 3352 2178 vero
3394 2143 3551 2193 quam
3601 2132 3792 2182 omissa
3856 2133 3959 2182 vi:a
4006 2131 4091 2181 illa

2508 2211 2756 2278 pastorali
2790 2211 2912 2266 belli
2948 2214 3156 2281 negotia
3204 2214 3606 2283 intempestivus
3637 2221 3788 2272 miles
3827 2221 4047 2286 arripuit
4077 2263 4091 2280 .

2510 2301 2696 2354 omitto
2714 2301 2932 2356 fratrum
2959 2303 3227 2369 invidiam,
3252 2308 3348 2360 etsi
3376 2309 3746 2362 Ittolcstissiuta
3770 2326 3829 2364 ea
3861 2329 3943 2364 res
3974 2312 4091 2372 fuit,

2510 2404 2630 2443 cum
2681 2391 3031 2446 clarissimam
3078 2394 3218 2446 illam
3298 2395 3767 2469 admiiahilemque
3815 2402 4092 2453 vium-iani

2510 2481 2733 2548 adeptus
2778 2494 2961 2547 esset,
3005 2486 3456 2542 vehementiorem
3502 2490 3709 2559 dejeeto
3748 2491 3954 2546 Goliath
4008 2495 4092 2544 in-

2510 2575 2658 2627 venit
2703 2574 2974 2629 inimieum
3026 2576 3150 2631 Saul
3180 2618 3195 2642 ,
3230 2596 3348 2632 eum
3389 2596 3417 2633 a
3454 2597 3512 2636 se
3553 2583 3821 2636 beneficiis
3869 2584 4093 2637 affectus

2505 2673 2666 2718 esset.
2697 2664 2880 2734 Neque
2913 2667 3053 2720 enim
3084 2669 3254 2735 palam
3283 2669 3536 2726 adversus
3572 2689 3691 2724 eum
3731 2676 4091 2742 prieliabatur,

2505 2753 2597 2807 sed
2628 2757 2918 2809 amantium
2960 2757 3056 2810 sibi
3101 2774 3382 2826 personam
3436 2775 3712 2814 assumens
3742 2803 3757 2827 ,
3814 2765 4093 2833 ipsiusque

2509 2843 2694 2899 honori
2744 2855 2798 2899 ct
2840 2846 3077 2916 dignitati
3113 2849 3413 2918 prospicere
3457 2865 3514 2904 se
3555 2851 3809 2906 simulans
3835 2896 3848 2918 ,
3881 2856 3948 2907 ita
3990 2856 4090 2908 atl-

2507 2949 2692 2989 versus
2719 2935 2863 2989 illum
2891 2937 3086 2991 inimici
3115 2953 3264 2993 more
3292 2939 3516 2994 affectus
3553 2951 3684 2995 erat.
3718 2943 3881 2998 Porro
3919 2961 4095 3012 quan-

2507 3035 2618 3080 tum
2650 3026 2847 3081 malum
2901 3028 2970 3082 sit
2998 3044 3094 3097 pro
3120 3014 3276 3084 bonis
3324 3031 3462 3085 mala
3505 3033 3740 3099 recipere
3762 3073 3778 3098 ,
3805 3034 3925 3088 audi
3954 3035 4088 3088 bea-

2507 3125 2617 3171 tum
2649 3117 2962 3188 prophetam
3006 3118 3351 3172 lamentatem
3389 3121 3584 3190 jngiter
3607 3161 3624 3186 ,
3649 3131 3704 3176 et
3739 3138 3877 3192 a-gre
3906 3123 4088 3178 feren-

2508 3217 2614 3262 tem
2654 3223 2718 3262 ac
2755 3208 3016 3263 dicentem
3047 3227 3060 3262 :
3087 3209 3148 3264 Si
3174 3210 3450 3264 redduntur
3478 3213 3599 3265 mihi
3638 3215 3769 3266 mala
3811 3231 3901 3282 pro
3941 3214 4089 3267 bouis

2513 3297 2641 3368 (Jer.
2674 3298 2761 3353 18.
2785 3298 2899 3370 20).
2947 3298 3086 3354 Sane
3111 3301 3270 3354 etiam
3300 3301 3447 3355 nullo
3485 3302 3590 3356 alio
3634 3312 3894 3371 praiseute
3941 3307 4089 3358 man

2504 3389 2632 3442 illud
2659 3389 2834 3444 Solum
2867 3391 3298 3446 molesdssimum
3328 3401 3442 3446 erat
3468 3434 3483 3458 ,
3516 3393 3654 3462 quod
3693 3393 3796 3447 dux
3819 3397 4087 3448 exercitus

2503 3489 2806 3547 suSpectum
2837 3495 2894 3532 se
2913 3491 3153 3535 cerneret
3176 3483 3309 3550 regi,
3328 3482 3416 3550 qui
3449 3497 3506 3537 se
3529 3485 3690 3536 torvis
3714 3486 3880 3537 oculis
3908 3487 4088 3538 intue-

2504 3579 2670 3624 retur.
2697 3569 2896 3638 Ecquid
2915 3569 3034 3623 dico
3056 3571 3158 3624 dux
3177 3572 3442 3626 exercitus
3458 3574 3602 3642 regi?
3629 3573 3754 3626 Nam
3780 3575 3822 3627 si
3850 3574 4083 3642 idipsum

2506 3672 2602 3712 nos
2624 3673 2650 3710 a
2670 3660 2837 3712 servis
2857 3660 3135 3728 patiamur,
3159 3661 3370 3729 indigne
3399 3661 3634 3724 ferimus;
3666 3678 3784 3715 cum
3807 3672 3982 3717 autem
4015 3681 4081 3718 ex

2505 3749 2628 3803 odio
2676 3749 2880 3803 insidiis
2905 3751 3065 3803 vitam
3096 3752 3380 3819 impetunt,
3414 3768 3532 3822 quze
3563 3754 3664 3808 vita
3707 3754 3795 3806 illa
3838 3755 4085 3808 acerbior

2506 3839 2687 3894 fuerit?
2702 3839 2927 3896 Ferebat
2942 3852 3114 3896 tamen
3137 3842 3406 3896 iileomi.ia
3425 3852 3479 3897 et
3497 3843 3776 3909 tolerabat,
3791 3844 4085 3914 aderatque,

2505 3933 2579 3986 illi
2609 3932 2698 4002 qui
2725 3947 2782 3987 se
2802 3934 3063 4002 perimere
3085 3934 3451 3994 meditabatur,
3488 3945 3642 4004 atque
3662 3936 3798 3988 illius
3821 3935 3952 3988 bella
3983 3952 4083 4004 ge-

2505 4025 2675 4080 rebat.
2701 4025 2888 4079 Postea
2935 4041 3065 4080 vero
3100 4040 3255 4094 quam
3284 4028 3519 4088 recessit,
3545 4037 3701 4094 atque
3730 4043 3758 4080 a
3784 4027 3907 4080 belli
3937 4028 4084 4080 euris

2505 4117 2735 4186 seipsum
2757 4117 3108 4181 rcniovit,hoe
3126 4119 3240 4185 ipso
3263 4116 3472 4184 quidem
3489 4117 3626 4185 quod
3643 4132 3700 4171 se
3717 4119 3897 4187 procul
3916 4135 4086 4171 reum-

2509 4215 2655 4259 vcrat
2675 4216 2991 4275 apertasque
3013 4207 3688 4270 inimicitiasconstituerat,
3709 4209 3942 4260 nonnihil
3965 4209 4086 4277 plus

2504 4297 2705 4350 liilucim
2728 4296 3162 4351 habebatzverum
3179 4311 3298 4351 cum
3317 4297 3566 4350 adversus
3582 4304 3752 4351 tantas
3773 4299 4083 4366 eopiaseum

2502 4388 2888 4458 quadringintis
2909 4390 3036 4443 viris
3056 4388 3309 4443 dimicare
3330 4396 3627 4457 cogeretur,
3653 4399 3792 4441 metu
3819 4389 4082 4457 ampliore

2503 4498 2660 4551 quam
2710 4483 2853 4551 prius
2881 4484 3178 4536 tenebatur.
3211 4481 3338 4534 Nam
3365 4482 3448 4534 cui
3479 4496 3647 4549 neque
3676 4480 3832 4534 urbes
3859 4523 3873 4545 ,
3909 4496 4085 4549 neque

2504 4574 2909 4638 munimentum,
2939 4589 3112 4642 neque
3132 4573 3280 4636 socii,
3309 4587 3478 4642 neque
3495 4573 3692 4626 reditus
3709 4583 3880 4637 erant,
3905 4574 4086 4626 cousi-

2504 4666 2626 4720 dera
2643 4681 2748 4735 quo
2767 4667 2947 4720 animo
2963 4674 3095 4724 erat,
3115 4679 3234 4718 cum
3251 4665 3501 4719 adversus
3529 4664 3716 4719 fretum
3734 4663 3815 4717 bis
3833 4666 4087 4719 munibus

2506 4773 2738 4827 pugnare
2763 4766 3066 4825 cogeretur,
3100 4769 3218 4819 nec,
3249 4765 3440 4824 przeter
3467 4755 3747 4809 desertaet
3767 4755 4086 4822 speluncas.

2505 4863 2608 4919 qut)
2637 4852 2987 4917 confugeret,
3036 4847 3270 4915 reperire
3325 4856 3519 4915 posset.
3550 4845 3680 4900 Nam
3727 4861 3846 4900 cum
3889 4845 4081 4899 urbem

2505 4940 2644 4995 Ceila
2675 4943 2886 4996 nomine
2929 4948 3244 5009 occupasset
3273 4940 3345 5008 (l.
3389 4940 3517 5010 Reg.
3547 4939 3600 4998 2.
3623 4936 3697 5007 1),
3712 4957 3776 4998 ex
3797 4953 3858 4993 ea
3914 4939 4084 5005 proti—

2509 5052 2606 5089 nus
2645 5036 2864 5099 resiliit,
2909 5031 3201 5087 sacerdotis
3248 5033 3515 5098 responsis
3571 5030 3871 5084 admonitus
3936 5029 4082 5096 quoil

2507 5128 2550 5182 si
2583 5128 2689 5184 illic
2733 5141 2950 5180 manere
3002 5129 3278 5193 pergeret,
3303 5122 3438 5176 Deus
3469 5124 3612 5176 illum
3635 5138 3666 5176 e
3709 5121 3880 5174 Saulis
3907 5121 4079 5170 maui-

2509 5218 2608 5274 bus
2639 5235 2746 5274 non
2791 5229 3070 5284 erepturus
3099 5223 3258 5268 esset.
3292 5215 3358 5266 At
3394 5229 3521 5267 vero
3561 5211 3809 5267 sacerdos
3847 5209 3937 5262 ille
3967 5210 4082 5275 ipse

2506 5327 2657 5378 erat,
2717 5313 2806 5383 qui
2847 5310 3021 5368 Saulis
3077 5321 3262 5364 manus
3308 5303 3595 5380 effugerat,
3632 5312 3684 5362 et
3735 5303 3823 5376 qui
3874 5299 4078 5353 cladem

2507 5407 2946 5462 luctuosissimrun
2976 5422 3090 5473 quae
3123 5405 3172 5456 in
3204 5404 3396 5457 Nomha
3429 5403 3721 5470 contigerat
3753 5392 4078 5449 annuntiavét

2508 5505 2616 5569 regi
2647 5541 2660 5561 ,
2691 5499 2902 5567 qimnlo
2950 5497 2999 5549 in
3034 5497 3414 5558 amariSsimam
3459 5507 3668 5564 quoque
3716 5490 3852 5542 illam
3903 5491 4076 5555 erupit

2506 5609 2722 5647 vocem:
2759 5591 2865 5658 Ego
2896 5593 3026 5642 enim
3064 5607 3170 5642 sum
3196 5607 3311 5644 reus
3336 5597 3630 5642 cunctarum
3670 5584 3949 5635 animarum
3976 5582 4072 5635 do-

2506 5705 2616 5739 mus
2656 5687 2814 5752 putris
2846 5683 2917 5734 lui
2967 5681 3040 5752 (l.
3082 5681 3204 5752 Reg.
3242 5682 3332 5734 ‘29..
3362 5680 3475 5745 9.2).
3525 5675 3700 5745 Itaque
3729 5690 3844 5727 emn
3877 5674 3967 5728 illo
3990 5674 4071 5742 ju-

2506 5782 2639 5848 giler
2684 5790 2995 5842 magri-sus
3033 5774 3155 5826 nihil
3188 5770 3329 5825 aliud
3367 5777 3480 5821 erat
3531 5780 3683 5834 quam
3737 5766 3904 5820 luctus
3934 5766 4073 5817 illius

2508 5870 2907 5924 monimentum.
2949 5865 3080 5920 Cum
3137 5864 3278 5918 enim
3325 5861 3374 5912 in
3406 5859 3547 5912 illum
3578 5860 3895 5916 intuebatur.
3927 5861 4071 5910 necis

2507 5961 2836 6018 sacerdotum
2887 5973 3096 6028 semper
3138 5955 3468 6009 meminerat.
3499 5952 3664 6009 Porro
3703 5954 3866 6023 ipsius
3890 5948 4055 6002 caedis
