  <div class='ocr_page' id='page_1' title='image "/cluster/home/n/w/nwhite01/storage/ocr_20150623/47/hvd.32044025239690/442.png"; bbox 0 0 4490 6748; ppageno 0'>
   <div class='ocr_carea' id='block_1_1' title="bbox 403 562 496 616">
    <p class='ocr_par' dir='ltr' id='par_1_1' title="bbox 403 562 496 616">
     <span class='ocr_line' id='line_1_1' title="bbox 403 562 496 616; baseline -0.022 0"><span class='ocrx_word' id='word_1_1' title='bbox 403 562 496 616; x_wconf 70' lang='grc' dir='ltr'><strong>ιὸῑ</strong></span> 
     </span>
    </p>
   </div>
   <div class='ocr_carea' id='block_1_2' title="bbox 404 658 1977 739">
    <p class='ocr_par' dir='ltr' id='par_1_2' title="bbox 404 658 1977 739">
     <span class='ocr_line' id='line_1_2' title="bbox 404 658 1977 739; baseline -0.01 -13"><span class='ocrx_word' id='word_1_2' title='bbox 404 688 640 733; x_wconf 88' lang='lat' dir='ltr'><strong>memor,</strong></span> <span class='ocrx_word' id='word_1_3' title='bbox 672 671 893 739; x_wconf 91' lang='lat' dir='ltr'><strong>ejusque</strong></span> <span class='ocrx_word' id='word_1_4' title='bbox 936 679 1147 722; x_wconf 79' lang='lat' dir='ltr'><strong>causam</strong></span> <span class='ocrx_word' id='word_1_5' title='bbox 1206 661 1305 713; x_wconf 88' lang='lat' dir='ltr'><strong>sibi</strong></span> <span class='ocrx_word' id='word_1_6' title='bbox 1361 660 1663 726; x_wconf 88' lang='lat' dir='ltr'><strong>imputans,</strong></span> <span class='ocrx_word' id='word_1_7' title='bbox 1715 658 1977 710; x_wconf 74' lang='lat' dir='ltr'><strong>damnatis</strong></span> 
     </span>
    </p>
   </div>
   <div class='ocr_carea' id='block_1_3' title="bbox 404 748 1976 822">
    <p class='ocr_par' dir='ltr' id='par_1_3' title="bbox 404 748 1976 822">
     <span class='ocr_line' id='line_1_3' title="bbox 404 748 1976 822; baseline -0.008 -8"><span class='ocrx_word' id='word_1_8' title='bbox 404 763 651 817; x_wconf 83' lang='lat' dir='ltr'><strong>omnibus</strong></span> <span class='ocrx_word' id='word_1_9' title='bbox 691 761 950 815; x_wconf 78' lang='lat' dir='ltr'><strong>infelicius</strong></span> <span class='ocrx_word' id='word_1_10' title='bbox 999 754 1243 822; x_wconf 88' lang='lat' dir='ltr'><strong>degebat.</strong></span> <span class='ocrx_word' id='word_1_11' title='bbox 1307 749 1417 801; x_wconf 83' lang='lat' dir='ltr'><strong>Etsi</strong></span> <span class='ocrx_word' id='word_1_12' title='bbox 1480 750 1618 803; x_wconf 89' lang='lat' dir='ltr'><strong>enim</strong></span> <span class='ocrx_word' id='word_1_13' title='bbox 1668 750 1797 803; x_wconf 86' lang='lat' dir='ltr'><strong>nihil</strong></span> <span class='ocrx_word' id='word_1_14' title='bbox 1836 748 1976 802; x_wconf 86' lang='lat' dir='ltr'><strong>aliud</strong></span> 
     </span>
    </p>
   </div>
   <div class='ocr_carea' id='block_1_4' title="bbox 405 839 1977 921">
    <p class='ocr_par' dir='ltr' id='par_1_4' title="bbox 405 839 1977 921">
     <span class='ocr_line' id='line_1_4' title="bbox 405 839 1977 921; baseline -0.008 -15"><span class='ocrx_word' id='word_1_15' title='bbox 405 855 547 906; x_wconf 86' lang='lat' dir='ltr'><strong>illum</strong></span> <span class='ocrx_word' id='word_1_16' title='bbox 589 851 989 921; x_wconf 88' lang='lat' dir='ltr'><strong>perturbasset,</strong></span> <span class='ocrx_word' id='word_1_17' title='bbox 1035 841 1279 896; x_wconf 85' lang='lat' dir='ltr'><strong>sufﬁcere</strong></span> <span class='ocrx_word' id='word_1_18' title='bbox 1330 839 1383 894; x_wconf 93' lang='lat' dir='ltr'><strong>id</strong></span> <span class='ocrx_word' id='word_1_19' title='bbox 1434 851 1636 911; x_wconf 90' lang='lat' dir='ltr'><strong>poterat</strong></span> <span class='ocrx_word' id='word_1_20' title='bbox 1685 842 1750 895; x_wconf 90' lang='lat' dir='ltr'><strong>ad</strong></span> <span class='ocrx_word' id='word_1_21' title='bbox 1792 841 1977 895; x_wconf 90' lang='lat' dir='ltr'><strong>vulne-</strong></span> 
     </span>
    </p>
   </div>
   <div class='ocr_carea' id='block_1_5' title="bbox 408 930 1977 1002">
    <p class='ocr_par' dir='ltr' id='par_1_5' title="bbox 408 930 1977 1002">
     <span class='ocr_line' id='line_1_5' title="bbox 408 930 1977 1002; baseline -0.01 -6"><span class='ocrx_word' id='word_1_22' title='bbox 408 944 629 996; x_wconf 89' lang='lat' dir='ltr'><strong>randum</strong></span> <span class='ocrx_word' id='word_1_23' title='bbox 661 936 1132 999; x_wconf 82' lang='lat' dir='ltr'><strong>sufToeanduntque</strong></span> <span class='ocrx_word' id='word_1_24' title='bbox 1158 930 1424 995; x_wconf 89' lang='lat' dir='ltr'><strong>animum,</strong></span> <span class='ocrx_word' id='word_1_25' title='bbox 1468 932 1606 1002; x_wconf 91' lang='lat' dir='ltr'><strong>quod</strong></span> <span class='ocrx_word' id='word_1_26' title='bbox 1638 932 1870 999; x_wconf 84' lang='lat' dir='ltr'><strong>seipsum</strong></span> <span class='ocrx_word' id='word_1_27' title='bbox 1900 940 1977 981; x_wconf 89' lang='lat' dir='ltr'><strong>tot</strong></span> 
     </span>
    </p>
   </div>
   <div class='ocr_carea' id='block_1_6' title="bbox 403 1020 1978 1093">
    <p class='ocr_par' dir='ltr' id='par_1_6' title="bbox 403 1020 1978 1093">
     <span class='ocr_line' id='line_1_6' title="bbox 403 1020 1978 1093; baseline -0.012 -8"><span class='ocrx_word' id='word_1_28' title='bbox 403 1031 739 1085; x_wconf 75' lang='lat' dir='ltr'><strong>sacerdotum</strong></span> <span class='ocrx_word' id='word_1_29' title='bbox 758 1035 1145 1093; x_wconf 85' lang='lat' dir='ltr'><strong>peremptorem</strong></span> <span class='ocrx_word' id='word_1_30' title='bbox 1175 1021 1520 1077; x_wconf 77' lang='lat' dir='ltr'><strong>existimaret.</strong></span> <span class='ocrx_word' id='word_1_31' title='bbox 1542 1023 1649 1076; x_wconf 86' lang='lat' dir='ltr'><strong>llac</strong></span> <span class='ocrx_word' id='word_1_32' title='bbox 1676 1036 1805 1075; x_wconf 88' lang='lat' dir='ltr'><strong>vero</strong></span> <span class='ocrx_word' id='word_1_33' title='bbox 1834 1020 1978 1085; x_wconf 83' lang='lat' dir='ltr'><strong>cogi-</strong></span> 
     </span>
    </p>
   </div>
   <div class='ocr_carea' id='block_1_7' title="bbox 404 1111 1975 1184">
    <p class='ocr_par' dir='ltr' id='par_1_7' title="bbox 404 1111 1975 1184">
     <span class='ocr_line' id='line_1_7' title="bbox 404 1111 1975 1184; baseline -0.01 -9"><span class='ocrx_word' id='word_1_34' title='bbox 404 1124 603 1175; x_wconf 81' lang='lat' dir='ltr'><strong>tatione</strong></span> <span class='ocrx_word' id='word_1_35' title='bbox 641 1118 852 1172; x_wconf 89' lang='lat' dir='ltr'><strong>saucius</strong></span> <span class='ocrx_word' id='word_1_36' title='bbox 875 1154 890 1176; x_wconf 93' lang='lat'><strong>,</strong></span> <span class='ocrx_word' id='word_1_37' title='bbox 920 1128 1038 1180; x_wconf 67' lang='lat' dir='ltr'><strong>quae</strong></span> <span class='ocrx_word' id='word_1_38' title='bbox 1080 1112 1169 1166; x_wconf 89' lang='lat' dir='ltr'><strong>diu</strong></span> <span class='ocrx_word' id='word_1_39' title='bbox 1198 1124 1462 1184; x_wconf 88' lang='lat' dir='ltr'><strong>noctuque</strong></span> <span class='ocrx_word' id='word_1_40' title='bbox 1492 1115 1609 1184; x_wconf 86' lang='lat' dir='ltr'><strong>plus</strong></span> <span class='ocrx_word' id='word_1_41' title='bbox 1650 1127 1806 1182; x_wconf 87' lang='lat' dir='ltr'><strong>quam</strong></span> <span class='ocrx_word' id='word_1_42' title='bbox 1835 1111 1975 1162; x_wconf 94' lang='lat' dir='ltr'><strong>tinea</strong></span> 
     </span>
    </p>
   </div>
   <div class='ocr_carea' id='block_1_8' title="bbox 408 1200 1974 1278">
    <p class='ocr_par' dir='ltr' id='par_1_8' title="bbox 408 1200 1974 1278">
     <span class='ocr_line' id='line_1_8' title="bbox 408 1200 1974 1278; baseline -0.01 -15"><span class='ocrx_word' id='word_1_43' title='bbox 408 1211 570 1278; x_wconf 89' lang='lat' dir='ltr'><strong>ipsius</strong></span> <span class='ocrx_word' id='word_1_44' title='bbox 595 1204 912 1260; x_wconf 85' lang='lat' dir='ltr'><strong>corrodebat</strong></span> <span class='ocrx_word' id='word_1_45' title='bbox 936 1203 1166 1258; x_wconf 90' lang='lat' dir='ltr'><strong>animum</strong></span> <span class='ocrx_word' id='word_1_46' title='bbox 1198 1246 1212 1269; x_wconf 95' lang='lat'><strong>,</strong></span> <span class='ocrx_word' id='word_1_47' title='bbox 1243 1215 1299 1260; x_wconf 92' lang='lat' dir='ltr'><strong>et</strong></span> <span class='ocrx_word' id='word_1_48' title='bbox 1348 1206 1449 1259; x_wconf 90' lang='lat' dir='ltr'><strong>alia</strong></span> <span class='ocrx_word' id='word_1_49' title='bbox 1476 1205 1728 1270; x_wconf 88' lang='lat' dir='ltr'><strong>deinceps</strong></span> <span class='ocrx_word' id='word_1_50' title='bbox 1757 1200 1974 1251; x_wconf 88' lang='lat' dir='ltr'><strong>vulnera</strong></span> 
     </span>
    </p>
   </div>
   <div class='ocr_carea' id='block_1_9' title="bbox 406 1286 1975 1364">
    <p class='ocr_par' dir='ltr' id='par_1_9' title="bbox 406 1286 1975 1364">
     <span class='ocr_line' id='line_1_9' title="bbox 406 1286 1975 1364; baseline -0.008 -14"><span class='ocrx_word' id='word_1_51' title='bbox 406 1297 657 1350; x_wconf 89' lang='lat' dir='ltr'><strong>continua</strong></span> <span class='ocrx_word' id='word_1_52' title='bbox 685 1308 746 1346; x_wconf 91' lang='lat' dir='ltr'><strong>ac</strong></span> <span class='ocrx_word' id='word_1_53' title='bbox 776 1301 1027 1360; x_wconf 91' lang='lat' dir='ltr'><strong>perpetua</strong></span> <span class='ocrx_word' id='word_1_54' title='bbox 1057 1294 1413 1364; x_wconf 83' lang='lat' dir='ltr'><strong>suscipiebat:</strong></span> <span class='ocrx_word' id='word_1_55' title='bbox 1445 1294 1641 1362; x_wconf 78' lang='lat' dir='ltr'><strong>quippe</strong></span> <span class='ocrx_word' id='word_1_56' title='bbox 1657 1304 1779 1342; x_wconf 91' lang='lat' dir='ltr'><strong>eum</strong></span> <span class='ocrx_word' id='word_1_57' title='bbox 1807 1286 1975 1339; x_wconf 76' lang='lat' dir='ltr'><strong>Nabal</strong></span> 
     </span>
    </p>
   </div>
   <div class='ocr_carea' id='block_1_10' title="bbox 408 1374 1976 1452">
    <p class='ocr_par' dir='ltr' id='par_1_10' title="bbox 408 1374 1976 1452">
     <span class='ocr_line' id='line_1_10' title="bbox 408 1374 1976 1452; baseline -0.007 -15"><span class='ocrx_word' id='word_1_58' title='bbox 408 1400 501 1452; x_wconf 88' lang='lat' dir='ltr'><strong>per</strong></span> <span class='ocrx_word' id='word_1_59' title='bbox 546 1396 730 1435; x_wconf 88' lang='lat' dir='ltr'><strong>servos</strong></span> <span class='ocrx_word' id='word_1_60' title='bbox 784 1397 909 1437; x_wconf 92' lang='lat' dir='ltr'><strong>suos</strong></span> <span class='ocrx_word' id='word_1_61' title='bbox 937 1398 1056 1438; x_wconf 89' lang='lat' dir='ltr'><strong>eum</strong></span> <span class='ocrx_word' id='word_1_62' title='bbox 1105 1382 1439 1439; x_wconf 89' lang='lat' dir='ltr'><strong>contumeliis</strong></span> <span class='ocrx_word' id='word_1_63' title='bbox 1484 1382 1756 1439; x_wconf 78' lang='lat' dir='ltr'><strong>afﬁceret,</strong></span> <span class='ocrx_word' id='word_1_64' title='bbox 1798 1374 1976 1443; x_wconf 89' lang='lat' dir='ltr'><strong>fngiti-</strong></span> 
     </span>
    </p>
   </div>
   <div class='ocr_carea' id='block_1_11' title="bbox 406 1464 1979 1545">
    <p class='ocr_par' dir='ltr' id='par_1_11' title="bbox 406 1464 1979 1545">
     <span class='ocr_line' id='line_1_11' title="bbox 406 1464 1979 1545; baseline -0.019 0"><span class='ocrx_word' id='word_1_65' title='bbox 406 1488 667 1542; x_wconf 68' lang='grc' dir='ltr'><strong>νυηιίιυε,</strong></span> <span class='ocrx_word' id='word_1_66' title='bbox 697 1473 970 1545; x_wconf 70' lang='grc' dir='ltr'><strong>ρθΐῖυευιη</strong></span> <span class='ocrx_word' id='word_1_67' title='bbox 993 1518 1009 1543; x_wconf 88' lang='grc'><em>,</em></span> <span class='ocrx_word' id='word_1_68' title='bbox 1046 1486 1201 1545; x_wconf 90' lang='lat' dir='ltr'><strong>atque</strong></span> <span class='ocrx_word' id='word_1_69' title='bbox 1246 1476 1507 1543; x_wconf 90' lang='lat' dir='ltr'><strong>ingratum</strong></span> <span class='ocrx_word' id='word_1_70' title='bbox 1555 1482 1766 1523; x_wconf 87' lang='lat' dir='ltr'><strong>servum</strong></span> <span class='ocrx_word' id='word_1_71' title='bbox 1793 1464 1979 1534; x_wconf 88' lang='lat' dir='ltr'><strong>appel-</strong></span> 
     </span>
    </p>
   </div>
   <div class='ocr_carea' id='block_1_12' title="bbox 406 1557 1974 1630">
    <p class='ocr_par' dir='ltr' id='par_1_12' title="bbox 406 1557 1974 1630">
     <span class='ocr_line' id='line_1_12' title="bbox 406 1557 1974 1630; baseline -0.003 -15"><span class='ocrx_word' id='word_1_72' title='bbox 406 1565 537 1617; x_wconf 90' lang='lat' dir='ltr'><strong>laret</strong></span> <span class='ocrx_word' id='word_1_73' title='bbox 563 1606 576 1627; x_wconf 91' lang='lat'><strong>,</strong></span> <span class='ocrx_word' id='word_1_74' title='bbox 622 1580 725 1618; x_wconf 90' lang='lat' dir='ltr'><strong>non</strong></span> <span class='ocrx_word' id='word_1_75' title='bbox 755 1566 867 1621; x_wconf 91' lang='lat' dir='ltr'><strong>sine</strong></span> <span class='ocrx_word' id='word_1_76' title='bbox 913 1568 1099 1621; x_wconf 88' lang='lat' dir='ltr'><strong>dolore</strong></span> <span class='ocrx_word' id='word_1_77' title='bbox 1127 1566 1286 1622; x_wconf 89' lang='lat' dir='ltr'><strong>verba</strong></span> <span class='ocrx_word' id='word_1_78' title='bbox 1319 1565 1405 1618; x_wconf 90' lang='lat' dir='ltr'><strong>illa</strong></span> <span class='ocrx_word' id='word_1_79' title='bbox 1436 1560 1691 1630; x_wconf 78' lang='lat' dir='ltr'><strong>percepit.</strong></span> <span class='ocrx_word' id='word_1_80' title='bbox 1743 1557 1810 1611; x_wconf 87' lang='lat' dir='ltr'><strong>Et</strong></span> <span class='ocrx_word' id='word_1_81' title='bbox 1855 1572 1974 1611; x_wconf 88' lang='lat' dir='ltr'><strong>eum</strong></span> 
     </span>
    </p>
   </div>
   <div class='ocr_carea' id='block_1_13' title="bbox 408 1649 1975 1727">
    <p class='ocr_par' dir='ltr' id='par_1_13' title="bbox 408 1649 1975 1727">
     <span class='ocr_line' id='line_1_13' title="bbox 408 1649 1975 1727; baseline -0.003 -21"><span class='ocrx_word' id='word_1_82' title='bbox 408 1656 469 1709; x_wconf 92' lang='lat' dir='ltr'><strong>ad</strong></span> <span class='ocrx_word' id='word_1_83' title='bbox 500 1657 710 1711; x_wconf 75' lang='lat' dir='ltr'><strong>Auchus</strong></span> <span class='ocrx_word' id='word_1_84' title='bbox 733 1659 1000 1727; x_wconf 90' lang='lat' dir='ltr'><strong>profectus</strong></span> <span class='ocrx_word' id='word_1_85' title='bbox 1039 1672 1281 1711; x_wconf 84' lang='lat' dir='ltr'><strong>insanum</strong></span> <span class='ocrx_word' id='word_1_86' title='bbox 1319 1670 1376 1707; x_wconf 90' lang='lat' dir='ltr'><strong>se</strong></span> <span class='ocrx_word' id='word_1_87' title='bbox 1431 1652 1687 1705; x_wconf 84' lang='lat' dir='ltr'><strong>simulans</strong></span> <span class='ocrx_word' id='word_1_88' title='bbox 1727 1649 1975 1702; x_wconf 87' lang='lat' dir='ltr'><strong>concide-</strong></span> 
     </span>
    </p>
   </div>
   <div class='ocr_carea' id='block_1_14' title="bbox 409 1740 1973 1818">
    <p class='ocr_par' dir='ltr' id='par_1_14' title="bbox 409 1740 1973 1818">
     <span class='ocr_line' id='line_1_14' title="bbox 409 1740 1973 1818; baseline -0.006 -18"><span class='ocrx_word' id='word_1_89' title='bbox 409 1758 481 1802; x_wconf 89' lang='lat' dir='ltr'><strong>ret</strong></span> <span class='ocrx_word' id='word_1_90' title='bbox 502 1789 516 1811; x_wconf 98' lang='lat'><strong>,</strong></span> <span class='ocrx_word' id='word_1_91' title='bbox 543 1758 881 1818; x_wconf 83' lang='lat' dir='ltr'><strong>versaretque</strong></span> <span class='ocrx_word' id='word_1_92' title='bbox 904 1748 1085 1802; x_wconf 88' lang='lat' dir='ltr'><strong>oculos</strong></span> <span class='ocrx_word' id='word_1_93' title='bbox 1109 1789 1123 1812; x_wconf 92' lang='lat'><strong>,</strong></span> <span class='ocrx_word' id='word_1_94' title='bbox 1151 1756 1311 1815; x_wconf 83' lang='lat' dir='ltr'><strong>atque</strong></span> <span class='ocrx_word' id='word_1_95' title='bbox 1353 1757 1555 1812; x_wconf 71' lang='lat' dir='ltr'><strong>Spuma:</strong></span> <span class='ocrx_word' id='word_1_96' title='bbox 1586 1740 1866 1808; x_wconf 88' lang='lat' dir='ltr'><strong>plurimum</strong></span> <span class='ocrx_word' id='word_1_97' title='bbox 1907 1754 1973 1790; x_wconf 80' lang='lat' dir='ltr'><strong>ex</strong></span> 
     </span>
    </p>
   </div>
   <div class='ocr_carea' id='block_1_15' title="bbox 406 1832 1977 1909">
    <p class='ocr_par' dir='ltr' id='par_1_15' title="bbox 406 1832 1977 1909">
     <span class='ocr_line' id='line_1_15' title="bbox 406 1832 1977 1909; baseline -0.006 -16"><span class='ocrx_word' id='word_1_98' title='bbox 406 1855 498 1894; x_wconf 86' lang='lat' dir='ltr'><strong>ore</strong></span> <span class='ocrx_word' id='word_1_99' title='bbox 525 1842 828 1904; x_wconf 83' lang='lat' dir='ltr'><strong>dimitteret,</strong></span> <span class='ocrx_word' id='word_1_100' title='bbox 857 1842 1012 1909; x_wconf 92' lang='lat' dir='ltr'><strong>longe</strong></span> <span class='ocrx_word' id='word_1_101' title='bbox 1039 1840 1265 1906; x_wconf 87' lang='lat' dir='ltr'><strong>amplius</strong></span> <span class='ocrx_word' id='word_1_102' title='bbox 1305 1836 1644 1889; x_wconf 65' lang='lat' dir='ltr'><strong>cruciabatur</strong></span> <span class='ocrx_word' id='word_1_103' title='bbox 1667 1872 1680 1894; x_wconf 89' lang='lat'><strong>,</strong></span> <span class='ocrx_word' id='word_1_104' title='bbox 1714 1848 1870 1900; x_wconf 91' lang='lat' dir='ltr'><strong>quam</strong></span> <span class='ocrx_word' id='word_1_105' title='bbox 1902 1832 1977 1884; x_wconf 88' lang='lat' dir='ltr'><strong>illi</strong></span> 
     </span>
    </p>
   </div>
   <div class='ocr_carea' id='block_1_16' title="bbox 406 1928 1976 1998">
    <p class='ocr_par' dir='ltr' id='par_1_16' title="bbox 406 1928 1976 1998">
     <span class='ocr_line' id='line_1_16' title="bbox 406 1928 1976 1998; baseline -0.003 -20"><span class='ocrx_word' id='word_1_106' title='bbox 406 1928 491 1995; x_wconf 90' lang='lat' dir='ltr'><strong>qui</strong></span> <span class='ocrx_word' id='word_1_107' title='bbox 521 1944 705 1983; x_wconf 83' lang='lat' dir='ltr'><strong>revera</strong></span> <span class='ocrx_word' id='word_1_108' title='bbox 748 1930 1103 1998; x_wconf 90' lang='lat' dir='ltr'><strong>corripiuntur</strong></span> <span class='ocrx_word' id='word_1_109' title='bbox 1140 1944 1168 1979; x_wconf 87' lang='lat' dir='ltr'><strong>a</strong></span> <span class='ocrx_word' id='word_1_110' title='bbox 1203 1928 1445 1979; x_wconf 75' lang='lat' dir='ltr'><strong>du‘llmuc</strong></span> <span class='ocrx_word' id='word_1_111' title='bbox 1471 1964 1485 1987; x_wconf 88' lang='lat'><strong>,</strong></span> <span class='ocrx_word' id='word_1_112' title='bbox 1518 1937 1639 1975; x_wconf 89' lang='lat' dir='ltr'><strong>cum</strong></span> <span class='ocrx_word' id='word_1_113' title='bbox 1666 1936 1845 1976; x_wconf 89' lang='lat' dir='ltr'><strong>secum</strong></span> <span class='ocrx_word' id='word_1_114' title='bbox 1889 1936 1976 1974; x_wconf 89' lang='lat' dir='ltr'><strong>re-</strong></span> 
     </span>
    </p>
   </div>
   <div class='ocr_carea' id='block_1_17' title="bbox 408 2014 1978 2090">
    <p class='ocr_par' dir='ltr' id='par_1_17' title="bbox 408 2014 1978 2090">
     <span class='ocr_line' id='line_1_17' title="bbox 408 2014 1978 2090; baseline -0.006 -19"><span class='ocrx_word' id='word_1_115' title='bbox 408 2030 615 2087; x_wconf 86' lang='lat' dir='ltr'><strong>putaret</strong></span> <span class='ocrx_word' id='word_1_116' title='bbox 641 2022 691 2073; x_wconf 93' lang='lat' dir='ltr'><strong>in</strong></span> <span class='ocrx_word' id='word_1_117' title='bbox 711 2036 866 2090; x_wconf 91' lang='lat' dir='ltr'><strong>quam</strong></span> <span class='ocrx_word' id='word_1_118' title='bbox 900 2021 987 2073; x_wconf 87' lang='lat' dir='ltr'><strong>ille</strong></span> <span class='ocrx_word' id='word_1_119' title='bbox 1006 2034 1063 2073; x_wconf 86' lang='lat' dir='ltr'><strong>se</strong></span> <span class='ocrx_word' id='word_1_120' title='bbox 1081 2017 1448 2070; x_wconf 87' lang='lat' dir='ltr'><strong>necessitatem</strong></span> <span class='ocrx_word' id='word_1_121' title='bbox 1474 2014 1798 2073; x_wconf 78' lang='lat' dir='ltr'><strong>deduxisset,</strong></span> <span class='ocrx_word' id='word_1_122' title='bbox 1822 2026 1978 2079; x_wconf 88' lang='lat' dir='ltr'><strong>quem</strong></span> 
     </span>
    </p>
   </div>
   <div class='ocr_carea' id='block_1_18' title="bbox 407 2103 1976 2173">
    <p class='ocr_par' dir='ltr' id='par_1_18' title="bbox 407 2103 1976 2173">
     <span class='ocr_line' id='line_1_18' title="bbox 407 2103 1976 2173; baseline -0.005 -11"><span class='ocrx_word' id='word_1_123' title='bbox 407 2112 626 2166; x_wconf 91' lang='lat' dir='ltr'><strong>summis</strong></span> <span class='ocrx_word' id='word_1_124' title='bbox 654 2111 926 2166; x_wconf 87' lang='lat' dir='ltr'><strong>beneficiis</strong></span> <span class='ocrx_word' id='word_1_125' title='bbox 965 2108 1186 2163; x_wconf 89' lang='lat' dir='ltr'><strong>foverat.</strong></span> <span class='ocrx_word' id='word_1_126' title='bbox 1219 2107 1348 2160; x_wconf 84' lang='lat' dir='ltr'><strong>Cum</strong></span> <span class='ocrx_word' id='word_1_127' title='bbox 1380 2120 1506 2159; x_wconf 89' lang='lat' dir='ltr'><strong>vero</strong></span> <span class='ocrx_word' id='word_1_128' title='bbox 1549 2104 1813 2173; x_wconf 73' lang='lat' dir='ltr'><strong>paululum</strong></span> <span class='ocrx_word' id='word_1_129' title='bbox 1839 2103 1976 2169; x_wconf 89' lang='lat' dir='ltr'><strong>apud</strong></span> 
     </span>
    </p>
   </div>
   <div class='ocr_carea' id='block_1_19' title="bbox 409 2194 1975 2269">
    <p class='ocr_par' dir='ltr' id='par_1_19' title="bbox 409 2194 1975 2269">
     <span class='ocr_line' id='line_1_19' title="bbox 409 2194 1975 2269; baseline -0.005 -15"><span class='ocrx_word' id='word_1_130' title='bbox 409 2201 586 2255; x_wconf 56' lang='lat' dir='ltr'><strong>hostes</strong></span> <span class='ocrx_word' id='word_1_131' title='bbox 633 2202 957 2269; x_wconf 82' lang='lat' dir='ltr'><strong>quieviSset,</strong></span> <span class='ocrx_word' id='word_1_132' title='bbox 988 2209 1229 2266; x_wconf 87' lang='lat' dir='ltr'><strong>essetque</strong></span> <span class='ocrx_word' id='word_1_133' title='bbox 1274 2198 1324 2248; x_wconf 93' lang='lat' dir='ltr'><strong>in</strong></span> <span class='ocrx_word' id='word_1_134' title='bbox 1358 2196 1563 2249; x_wconf 82' lang='lat' dir='ltr'><strong>hostem</strong></span> <span class='ocrx_word' id='word_1_135' title='bbox 1622 2195 1827 2248; x_wconf 80' lang='lat' dir='ltr'><strong>illorum</strong></span> <span class='ocrx_word' id='word_1_136' title='bbox 1881 2194 1975 2246; x_wconf 88' lang='lat' dir='ltr'><strong>de-</strong></span> 
     </span>
    </p>
   </div>
   <div class='ocr_carea' id='block_1_20' title="bbox 407 2287 1975 2356">
    <p class='ocr_par' dir='ltr' id='par_1_20' title="bbox 407 2287 1975 2356">
     <span class='ocr_line' id='line_1_20' title="bbox 407 2287 1975 2356; baseline -0.006 -10"><span class='ocrx_word' id='word_1_137' title='bbox 407 2292 678 2346; x_wconf 88' lang='lat' dir='ltr'><strong>ducendus</strong></span> <span class='ocrx_word' id='word_1_138' title='bbox 714 2292 979 2346; x_wconf 81' lang='lat' dir='ltr'><strong>exercitus</strong></span> <span class='ocrx_word' id='word_1_139' title='bbox 1003 2333 1017 2356; x_wconf 94' lang='lat'><strong>,</strong></span> <span class='ocrx_word' id='word_1_140' title='bbox 1062 2290 1252 2343; x_wconf 75' lang='lat' dir='ltr'><strong>invidia</strong></span> <span class='ocrx_word' id='word_1_141' title='bbox 1281 2288 1531 2340; x_wconf 87' lang='lat' dir='ltr'><strong>couunoti</strong></span> <span class='ocrx_word' id='word_1_142' title='bbox 1577 2287 1829 2340; x_wconf 80' lang='lat' dir='ltr'><strong>adversus</strong></span> <span class='ocrx_word' id='word_1_143' title='bbox 1857 2301 1975 2339; x_wconf 90' lang='lat' dir='ltr'><strong>eum</strong></span> 
     </span>
    </p>
   </div>
   <div class='ocr_carea' id='block_1_21' title="bbox 408 2375 1975 2451">
    <p class='ocr_par' dir='ltr' id='par_1_21' title="bbox 408 2375 1975 2451">
     <span class='ocr_line' id='line_1_21' title="bbox 408 2375 1975 2451; baseline -0.005 -16"><span class='ocrx_word' id='word_1_144' title='bbox 408 2393 633 2451; x_wconf 68' lang='lat' dir='ltr'><strong>satrapae</strong></span> <span class='ocrx_word' id='word_1_145' title='bbox 653 2424 670 2447; x_wconf 90' lang='lat'><strong>,</strong></span> <span class='ocrx_word' id='word_1_146' title='bbox 698 2390 856 2450; x_wconf 89' lang='lat' dir='ltr'><strong>atque</strong></span> <span class='ocrx_word' id='word_1_147' title='bbox 906 2381 981 2433; x_wconf 90' lang='lat' dir='ltr'><strong>illi</strong></span> <span class='ocrx_word' id='word_1_148' title='bbox 1008 2379 1145 2447; x_wconf 86' lang='lat' dir='ltr'><strong>apud</strong></span> <span class='ocrx_word' id='word_1_149' title='bbox 1171 2392 1349 2447; x_wconf 82' lang='lat' dir='ltr'><strong>regem</strong></span> <span class='ocrx_word' id='word_1_150' title='bbox 1403 2391 1555 2430; x_wconf 89' lang='lat' dir='ltr'><strong>suum</strong></span> <span class='ocrx_word' id='word_1_151' title='bbox 1601 2375 1936 2430; x_wconf 87' lang='lat' dir='ltr'><strong>detrahentes</strong></span> <span class='ocrx_word' id='word_1_152' title='bbox 1961 2417 1975 2437; x_wconf 91' lang='lat'><strong>,</strong></span> 
     </span>
    </p>
   </div>
   <div class='ocr_carea' id='block_1_22' title="bbox 406 2466 1976 2532">
    <p class='ocr_par' dir='ltr' id='par_1_22' title="bbox 406 2466 1976 2532">
     <span class='ocr_line' id='line_1_22' title="bbox 406 2466 1976 2532; baseline -0.006 -7"><span class='ocrx_word' id='word_1_153' title='bbox 406 2487 504 2525; x_wconf 86' lang='lat' dir='ltr'><strong>suo</strong></span> <span class='ocrx_word' id='word_1_154' title='bbox 546 2472 691 2524; x_wconf 90' lang='lat' dir='ltr'><strong>illum</strong></span> <span class='ocrx_word' id='word_1_155' title='bbox 722 2470 959 2524; x_wconf 84' lang='lat' dir='ltr'><strong>exercitu</strong></span> <span class='ocrx_word' id='word_1_156' title='bbox 1014 2468 1335 2532; x_wconf 85' lang='lat' dir='ltr'><strong>deturbant,</strong></span> <span class='ocrx_word' id='word_1_157' title='bbox 1386 2467 1545 2520; x_wconf 85' lang='lat' dir='ltr'><strong>veluti</strong></span> <span class='ocrx_word' id='word_1_158' title='bbox 1587 2466 1823 2520; x_wconf 80' lang='lat' dir='ltr'><strong>inutilem</strong></span> <span class='ocrx_word' id='word_1_159' title='bbox 1878 2466 1976 2518; x_wconf 89' lang='lat' dir='ltr'><strong>sibi</strong></span> 
     </span>
    </p>
   </div>
   <div class='ocr_carea' id='block_1_23' title="bbox 407 2556 1977 2628">
    <p class='ocr_par' dir='ltr' id='par_1_23' title="bbox 407 2556 1977 2628">
     <span class='ocr_line' id='line_1_23' title="bbox 407 2556 1977 2628; baseline -0.004 -12"><span class='ocrx_word' id='word_1_160' title='bbox 407 2572 461 2616; x_wconf 87' lang='lat' dir='ltr'><strong>ct</strong></span> <span class='ocrx_word' id='word_1_161' title='bbox 505 2562 859 2615; x_wconf 81' lang='lat' dir='ltr'><strong>insidiatorem</strong></span> <span class='ocrx_word' id='word_1_162' title='bbox 905 2560 1332 2628; x_wconf 85' lang='lat' dir='ltr'><strong>proditoremque</strong></span> <span class='ocrx_word' id='word_1_163' title='bbox 1378 2558 1633 2611; x_wconf 91' lang='lat' dir='ltr'><strong>futurum.</strong></span> <span class='ocrx_word' id='word_1_164' title='bbox 1659 2556 1787 2609; x_wconf 80' lang='lat' dir='ltr'><strong>[rati</strong></span> <span class='ocrx_word' id='word_1_165' title='bbox 1824 2568 1977 2618; x_wconf 83' lang='lat' dir='ltr'><strong>sunt,</strong></span> 
     </span>
    </p>
   </div>
   <div class='ocr_carea' id='block_1_24' title="bbox 409 2648 1979 2723">
    <p class='ocr_par' dir='ltr' id='par_1_24' title="bbox 409 2648 1979 2723">
     <span class='ocr_line' id='line_1_24' title="bbox 409 2648 1979 2723; baseline -0.006 -16"><span class='ocrx_word' id='word_1_166' title='bbox 409 2656 604 2723; x_wconf 88' lang='lat' dir='ltr'><strong>inquit,</strong></span> <span class='ocrx_word' id='word_1_167' title='bbox 633 2654 869 2706; x_wconf 84' lang='lat' dir='ltr'><strong>adversus</strong></span> <span class='ocrx_word' id='word_1_168' title='bbox 924 2653 1069 2704; x_wconf 87' lang='lat' dir='ltr'><strong>illum</strong></span> <span class='ocrx_word' id='word_1_169' title='bbox 1121 2661 1341 2720; x_wconf 74' lang='lat' dir='ltr'><strong>satrapa:</strong></span> <span class='ocrx_word' id='word_1_170' title='bbox 1393 2650 1787 2718; x_wconf 77' lang='lat' dir='ltr'><strong>alienigenarum</strong></span> <span class='ocrx_word' id='word_1_171' title='bbox 1835 2648 1979 2699; x_wconf 75' lang='lat' dir='ltr'><strong>dixe-</strong></span> 
     </span>
    </p>
   </div>
   <div class='ocr_carea' id='block_1_25' title="bbox 409 2737 1983 2815">
    <p class='ocr_par' dir='ltr' id='par_1_25' title="bbox 409 2737 1983 2815">
     <span class='ocr_line' id='line_1_25' title="bbox 409 2737 1983 2815; baseline -0.005 -17"><span class='ocrx_word' id='word_1_172' title='bbox 409 2758 624 2815; x_wconf 81' lang='lat' dir='ltr'><strong>runtque</strong></span> <span class='ocrx_word' id='word_1_173' title='bbox 648 2746 751 2813; x_wconf 74' lang='lat' dir='ltr'><strong>regi</strong></span> <span class='ocrx_word' id='word_1_174' title='bbox 777 2761 795 2798; x_wconf 90' lang='lat'><strong><em>:</em></strong></span> <span class='ocrx_word' id='word_1_175' title='bbox 823 2743 1009 2797; x_wconf 79' lang='lat' dir='ltr'><strong>Emitte</strong></span> <span class='ocrx_word' id='word_1_176' title='bbox 1032 2744 1190 2796; x_wconf 73' lang='lat' dir='ltr'><strong>virum</strong></span> <span class='ocrx_word' id='word_1_177' title='bbox 1211 2784 1225 2808; x_wconf 92' lang='lat'><strong>,</strong></span> <span class='ocrx_word' id='word_1_178' title='bbox 1254 2753 1298 2794; x_wconf 90' lang='lat' dir='ltr'><strong>et</strong></span> <span class='ocrx_word' id='word_1_179' title='bbox 1323 2750 1594 2794; x_wconf 77' lang='lat' dir='ltr'><strong>revertatur</strong></span> <span class='ocrx_word' id='word_1_180' title='bbox 1616 2740 1682 2791; x_wconf 87' lang='lat' dir='ltr'><strong>ad</strong></span> <span class='ocrx_word' id='word_1_181' title='bbox 1707 2742 1871 2792; x_wconf 83' lang='lat' dir='ltr'><strong>locum</strong></span> <span class='ocrx_word' id='word_1_182' title='bbox 1900 2737 1983 2791; x_wconf 82' lang='lat' dir='ltr'><strong>ubi</strong></span> 
     </span>
    </p>
   </div>
   <div class='ocr_carea' id='block_1_26' title="bbox 409 2828 1984 2897">
    <p class='ocr_par' dir='ltr' id='par_1_26' title="bbox 409 2828 1984 2897">
     <span class='ocr_line' id='line_1_26' title="bbox 409 2828 1984 2897; baseline -0.004 -11"><span class='ocrx_word' id='word_1_183' title='bbox 409 2846 461 2886; x_wconf 88' lang='lat' dir='ltr'><strong>tu</strong></span> <span class='ocrx_word' id='word_1_184' title='bbox 488 2836 629 2887; x_wconf 86' lang='lat' dir='ltr'><strong>illum</strong></span> <span class='ocrx_word' id='word_1_185' title='bbox 667 2834 917 2897; x_wconf 90' lang='lat' dir='ltr'><strong>statuisti,</strong></span> <span class='ocrx_word' id='word_1_186' title='bbox 951 2849 1037 2887; x_wconf 84' lang='lat' dir='ltr'><strong>nec</strong></span> <span class='ocrx_word' id='word_1_187' title='bbox 1064 2833 1227 2885; x_wconf 83' lang='lat' dir='ltr'><strong>veniat</strong></span> <span class='ocrx_word' id='word_1_188' title='bbox 1274 2830 1529 2883; x_wconf 85' lang='lat' dir='ltr'><strong>nobiscum</strong></span> <span class='ocrx_word' id='word_1_189' title='bbox 1572 2832 1638 2881; x_wconf 83' lang='lat' dir='ltr'><strong>ad</strong></span> <span class='ocrx_word' id='word_1_190' title='bbox 1663 2828 1849 2881; x_wconf 78' lang='lat' dir='ltr'><strong>bellum</strong></span> <span class='ocrx_word' id='word_1_191' title='bbox 1872 2867 1887 2892; x_wconf 92' lang='lat'><strong>,</strong></span> <span class='ocrx_word' id='word_1_192' title='bbox 1938 2837 1984 2880; x_wconf 80' lang='lat' dir='ltr'><strong>et</strong></span> 
     </span>
    </p>
   </div>
   <div class='ocr_carea' id='block_1_27' title="bbox 410 2916 1982 2988">
    <p class='ocr_par' dir='ltr' id='par_1_27' title="bbox 410 2916 1982 2988">
     <span class='ocr_line' id='line_1_27' title="bbox 410 2916 1982 2988; baseline -0.005 -14"><span class='ocrx_word' id='word_1_193' title='bbox 410 2940 506 2974; x_wconf 82' lang='lat' dir='ltr'><strong>non</strong></span> <span class='ocrx_word' id='word_1_194' title='bbox 532 2925 593 2975; x_wconf 85' lang='lat' dir='ltr'><strong>sit</strong></span> <span class='ocrx_word' id='word_1_195' title='bbox 621 2923 882 2975; x_wconf 80' lang='lat' dir='ltr'><strong>insidiator</strong></span> <span class='ocrx_word' id='word_1_196' title='bbox 907 2924 959 2975; x_wconf 86' lang='lat' dir='ltr'><strong>in</strong></span> <span class='ocrx_word' id='word_1_197' title='bbox 1010 2922 1209 2974; x_wconf 84' lang='lat' dir='ltr'><strong>castris.</strong></span> <span class='ocrx_word' id='word_1_198' title='bbox 1244 2920 1310 2973; x_wconf 85' lang='lat' dir='ltr'><strong>In</strong></span> <span class='ocrx_word' id='word_1_199' title='bbox 1334 2936 1433 2988; x_wconf 88' lang='lat' dir='ltr'><strong>quo</strong></span> <span class='ocrx_word' id='word_1_200' title='bbox 1460 2920 1591 2971; x_wconf 87' lang='lat' dir='ltr'><strong>enim</strong></span> <span class='ocrx_word' id='word_1_201' title='bbox 1626 2920 1719 2972; x_wconf 78' lang='lat' dir='ltr'><strong>iste</strong></span> <span class='ocrx_word' id='word_1_202' title='bbox 1755 2916 1982 2969; x_wconf 52' lang='lat' dir='ltr'><strong>reconci.</strong></span> 
     </span>
    </p>
   </div>
   <div class='ocr_carea' id='block_1_28' title="bbox 410 3006 1985 3078">
    <p class='ocr_par' dir='ltr' id='par_1_28' title="bbox 410 3006 1985 3078">
     <span class='ocr_line' id='line_1_28' title="bbox 410 3006 1985 3078; baseline -0.006 -14"><span class='ocrx_word' id='word_1_203' title='bbox 410 3011 624 3064; x_wconf 81' lang='lat' dir='ltr'><strong>Iinbntnr</strong></span> <span class='ocrx_word' id='word_1_204' title='bbox 646 3013 848 3064; x_wconf 82' lang='lat' dir='ltr'><strong>domino</strong></span> <span class='ocrx_word' id='word_1_205' title='bbox 887 3027 975 3063; x_wconf 89' lang='lat' dir='ltr'><strong>suo</strong></span> <span class='ocrx_word' id='word_1_206' title='bbox 993 3052 1007 3075; x_wconf 92' lang='lat'><strong>,</strong></span> <span class='ocrx_word' id='word_1_207' title='bbox 1041 3012 1137 3063; x_wconf 81' lang='lat' dir='ltr'><strong>nisi</strong></span> <span class='ocrx_word' id='word_1_208' title='bbox 1161 3012 1213 3062; x_wconf 89' lang='lat' dir='ltr'><strong>in</strong></span> <span class='ocrx_word' id='word_1_209' title='bbox 1253 3009 1498 3078; x_wconf 82' lang='lat' dir='ltr'><strong>capitibus</strong></span> <span class='ocrx_word' id='word_1_210' title='bbox 1538 3009 1757 3060; x_wconf 83' lang='lat' dir='ltr'><strong>virorum</strong></span> <span class='ocrx_word' id='word_1_211' title='bbox 1784 3006 1985 3058; x_wconf 81' lang='lat' dir='ltr'><strong>illorum</strong></span> 
     </span>
    </p>
   </div>
   <div class='ocr_carea' id='block_1_29' title="bbox 413 3099 1982 3171">
    <p class='ocr_par' dir='ltr' id='par_1_29' title="bbox 413 3099 1982 3171">
     <span class='ocr_line' id='line_1_29' title="bbox 413 3099 1982 3171; baseline -0.005 -14"><span class='ocrx_word' id='word_1_212' title='bbox 413 3106 484 3169; x_wconf 83' lang='grc' dir='ltr'><strong>(Ι.</strong></span> <span class='ocrx_word' id='word_1_213' title='bbox 516 3103 643 3171; x_wconf 52' lang='grc' dir='ltr'><em>ητα,</em></span> <span class='ocrx_word' id='word_1_214' title='bbox 674 3103 762 3158; x_wconf 75' lang='lat'><strong>9.9.</strong></span> <span class='ocrx_word' id='word_1_215' title='bbox 791 3104 847 3171; x_wconf 77' lang='grc'><strong>4)</strong></span> <span class='ocrx_word' id='word_1_216' title='bbox 870 3103 893 3153; x_wconf 87' lang='lat'><strong>?</strong></span> <span class='ocrx_word' id='word_1_217' title='bbox 918 3103 1119 3169; x_wconf 80' lang='lat' dir='ltr'><strong>Quibus</strong></span> <span class='ocrx_word' id='word_1_218' title='bbox 1148 3102 1235 3154; x_wconf 92' lang='lat' dir='ltr'><strong>ille</strong></span> <span class='ocrx_word' id='word_1_219' title='bbox 1265 3101 1437 3153; x_wconf 83' lang='lat' dir='ltr'><strong>verbis</strong></span> <span class='ocrx_word' id='word_1_220' title='bbox 1470 3099 1740 3167; x_wconf 87' lang='lat' dir='ltr'><strong>perculsus</strong></span> <span class='ocrx_word' id='word_1_221' title='bbox 1769 3104 1982 3164; x_wconf 89' lang='lat' dir='ltr'><strong>accepta</strong></span> 
     </span>
    </p>
   </div>
   <div class='ocr_carea' id='block_1_30' title="bbox 411 3187 1984 3255">
    <p class='ocr_par' dir='ltr' id='par_1_30' title="bbox 411 3187 1984 3255">
     <span class='ocr_line' id='line_1_30' title="bbox 411 3187 1984 3255; baseline -0.005 -7"><span class='ocrx_word' id='word_1_222' title='bbox 411 3212 614 3249; x_wconf 89' lang='lat' dir='ltr'><strong>sunnua</strong></span> <span class='ocrx_word' id='word_1_223' title='bbox 643 3195 952 3248; x_wconf 81' lang='lat' dir='ltr'><strong>contumelia</strong></span> <span class='ocrx_word' id='word_1_224' title='bbox 987 3194 1205 3246; x_wconf 87' lang='lat' dir='ltr'><strong>recessit</strong></span> <span class='ocrx_word' id='word_1_225' title='bbox 1232 3205 1463 3246; x_wconf 73' lang='lat' dir='ltr'><strong>atterens</strong></span> <span class='ocrx_word' id='word_1_226' title='bbox 1492 3231 1505 3255; x_wconf 93' lang='lat'><strong>,</strong></span> <span class='ocrx_word' id='word_1_227' title='bbox 1538 3204 1599 3242; x_wconf 93' lang='lat' dir='ltr'><strong>ac</strong></span> <span class='ocrx_word' id='word_1_228' title='bbox 1618 3189 1833 3241; x_wconf 87' lang='lat' dir='ltr'><strong>domutn</strong></span> <span class='ocrx_word' id='word_1_229' title='bbox 1860 3187 1984 3241; x_wconf 85' lang='lat' dir='ltr'><strong>red-</strong></span> 
     </span>
    </p>
   </div>
   <div class='ocr_carea' id='block_1_31' title="bbox 415 3277 1986 3348">
    <p class='ocr_par' dir='ltr' id='par_1_31' title="bbox 415 3277 1986 3348">
     <span class='ocr_line' id='line_1_31' title="bbox 415 3277 1986 3348; baseline -0.004 -11"><span class='ocrx_word' id='word_1_230' title='bbox 415 3286 527 3338; x_wconf 88' lang='lat' dir='ltr'><strong>iens</strong></span> <span class='ocrx_word' id='word_1_231' title='bbox 590 3294 729 3336; x_wconf 88' lang='lat' dir='ltr'><strong>tanta</strong></span> <span class='ocrx_word' id='word_1_232' title='bbox 790 3282 925 3335; x_wconf 88' lang='lat' dir='ltr'><strong>mala</strong></span> <span class='ocrx_word' id='word_1_233' title='bbox 964 3282 1177 3335; x_wconf 76' lang='lat' dir='ltr'><strong>offendit</strong></span> <span class='ocrx_word' id='word_1_234' title='bbox 1206 3323 1220 3345; x_wconf 96' lang='lat'><strong>,</strong></span> <span class='ocrx_word' id='word_1_235' title='bbox 1274 3291 1327 3333; x_wconf 94' lang='lat' dir='ltr'><strong>ut</strong></span> <span class='ocrx_word' id='word_1_236' title='bbox 1372 3296 1505 3348; x_wconf 87' lang='lat' dir='ltr'><strong>pene</strong></span> <span class='ocrx_word' id='word_1_237' title='bbox 1548 3293 1777 3333; x_wconf 68' lang='lat' dir='ltr'><strong>interere</strong></span> <span class='ocrx_word' id='word_1_238' title='bbox 1819 3277 1986 3331; x_wconf 81' lang='lat' dir='ltr'><strong>suffo-</strong></span> 
     </span>
    </p>
   </div>
   <div class='ocr_carea' id='block_1_32' title="bbox 414 3372 1985 3441">
    <p class='ocr_par' dir='ltr' id='par_1_32' title="bbox 414 3372 1985 3441">
     <span class='ocr_line' id='line_1_32' title="bbox 414 3372 1985 3441; baseline -0.003 -13"><span class='ocrx_word' id='word_1_239' title='bbox 414 3385 638 3429; x_wconf 81' lang='lat' dir='ltr'><strong>caretur.</strong></span> <span class='ocrx_word' id='word_1_240' title='bbox 680 3374 809 3441; x_wconf 61' lang='lat' dir='ltr'><strong>Quae</strong></span> <span class='ocrx_word' id='word_1_241' title='bbox 848 3375 988 3427; x_wconf 89' lang='lat' dir='ltr'><strong>enim</strong></span> <span class='ocrx_word' id='word_1_242' title='bbox 1035 3386 1157 3427; x_wconf 86' lang='lat' dir='ltr'><strong>tunc</strong></span> <span class='ocrx_word' id='word_1_243' title='bbox 1226 3373 1561 3441; x_wconf 89' lang='lat' dir='ltr'><strong>contigerunt</strong></span> <span class='ocrx_word' id='word_1_244' title='bbox 1613 3372 1870 3435; x_wconf 86' lang='lat' dir='ltr'><strong>adversa,</strong></span> <span class='ocrx_word' id='word_1_245' title='bbox 1924 3385 1985 3423; x_wconf 89' lang='lat' dir='ltr'><strong>ea</strong></span> 
     </span>
    </p>
   </div>
   <div class='ocr_carea' id='block_1_33' title="bbox 414 3462 1985 3533">
    <p class='ocr_par' dir='ltr' id='par_1_33' title="bbox 414 3462 1985 3533">
     <span class='ocr_line' id='line_1_33' title="bbox 414 3462 1985 3533; baseline -0.005 -12"><span class='ocrx_word' id='word_1_246' title='bbox 414 3474 604 3529; x_wconf 85' lang='lat' dir='ltr'><strong>erant,</strong></span> <span class='ocrx_word' id='word_1_247' title='bbox 638 3474 695 3518; x_wconf 93' lang='lat' dir='ltr'><strong>ut</strong></span> <span class='ocrx_word' id='word_1_248' title='bbox 739 3474 952 3533; x_wconf 90' lang='lat' dir='ltr'><strong>possent</strong></span> <span class='ocrx_word' id='word_1_249' title='bbox 986 3464 1203 3533; x_wconf 73' lang='lat' dir='ltr'><strong>praevisa</strong></span> <span class='ocrx_word' id='word_1_250' title='bbox 1247 3464 1406 3516; x_wconf 86' lang='lat' dir='ltr'><strong>etiam</strong></span> <span class='ocrx_word' id='word_1_251' title='bbox 1444 3462 1582 3515; x_wconf 87' lang='lat' dir='ltr'><strong>illius</strong></span> <span class='ocrx_word' id='word_1_252' title='bbox 1621 3462 1853 3513; x_wconf 90' lang='lat' dir='ltr'><strong>animum</strong></span> <span class='ocrx_word' id='word_1_253' title='bbox 1906 3468 1985 3513; x_wconf 82' lang='lat' dir='ltr'><strong>te-</strong></span> 
     </span>
    </p>
   </div>
   <div class='ocr_carea' id='block_1_34' title="bbox 416 3552 1985 3623">
    <p class='ocr_par' dir='ltr' id='par_1_34' title="bbox 416 3552 1985 3623">
     <span class='ocr_line' id='line_1_34' title="bbox 416 3552 1985 3623; baseline -0.003 -14"><span class='ocrx_word' id='word_1_254' title='bbox 416 3557 592 3609; x_wconf 91' lang='lat' dir='ltr'><strong>uebris</strong></span> <span class='ocrx_word' id='word_1_255' title='bbox 622 3555 887 3609; x_wconf 90' lang='lat' dir='ltr'><strong>obducere</strong></span> <span class='ocrx_word' id='word_1_256' title='bbox 917 3572 928 3604; x_wconf 90' lang='lat'><strong>:</strong></span> <span class='ocrx_word' id='word_1_257' title='bbox 959 3569 1115 3623; x_wconf 87' lang='lat' dir='ltr'><strong>porro</strong></span> <span class='ocrx_word' id='word_1_258' title='bbox 1156 3570 1221 3607; x_wconf 81' lang='lat' dir='ltr'><strong>ex</strong></span> <span class='ocrx_word' id='word_1_259' title='bbox 1263 3555 1530 3621; x_wconf 87' lang='lat' dir='ltr'><strong>insperato</strong></span> <span class='ocrx_word' id='word_1_260' title='bbox 1562 3552 1985 3620; x_wconf 86' lang='lat' dir='ltr'><strong>supervenientia</strong></span> 
     </span>
    </p>
   </div>
   <div class='ocr_carea' id='block_1_35' title="bbox 414 3640 1985 3716">
    <p class='ocr_par' dir='ltr' id='par_1_35' title="bbox 414 3640 1985 3716">
     <span class='ocr_line' id='line_1_35' title="bbox 414 3640 1985 3716; baseline -0.004 -15"><span class='ocrx_word' id='word_1_261' title='bbox 414 3648 575 3716; x_wconf 85' lang='lat' dir='ltr'><strong>duplo</strong></span> <span class='ocrx_word' id='word_1_262' title='bbox 602 3662 757 3714; x_wconf 88' lang='lat' dir='ltr'><strong>quam</strong></span> <span class='ocrx_word' id='word_1_263' title='bbox 797 3656 948 3699; x_wconf 88' lang='lat' dir='ltr'><strong>erant</strong></span> <span class='ocrx_word' id='word_1_264' title='bbox 992 3646 1231 3715; x_wconf 73' lang='lat' dir='ltr'><strong>graviora</strong></span> <span class='ocrx_word' id='word_1_265' title='bbox 1276 3643 1590 3697; x_wconf 83' lang='lat' dir='ltr'><strong>videbantur</strong></span> <span class='ocrx_word' id='word_1_266' title='bbox 1615 3684 1627 3704; x_wconf 90' lang='lat'><strong>,</strong></span> <span class='ocrx_word' id='word_1_267' title='bbox 1661 3656 1832 3711; x_wconf 88' lang='lat' dir='ltr'><strong>neque</strong></span> <span class='ocrx_word' id='word_1_268' title='bbox 1876 3640 1985 3709; x_wconf 87' lang='lat' dir='ltr'><strong>jam</strong></span> 
     </span>
    </p>
   </div>
   <div class='ocr_carea' id='block_1_36' title="bbox 419 3731 1985 3803">
    <p class='ocr_par' dir='ltr' id='par_1_36' title="bbox 419 3731 1985 3803">
     <span class='ocr_line' id='line_1_36' title="bbox 419 3731 1985 3803; baseline -0.005 -12"><span class='ocrx_word' id='word_1_269' title='bbox 419 3738 730 3791; x_wconf 78' lang='lat' dir='ltr'><strong>tolerabilia.</strong></span> <span class='ocrx_word' id='word_1_270' title='bbox 762 3737 976 3790; x_wconf 89' lang='lat' dir='ltr'><strong>Abierat</strong></span> <span class='ocrx_word' id='word_1_271' title='bbox 1002 3736 1145 3789; x_wconf 92' lang='lat' dir='ltr'><strong>enim</strong></span> <span class='ocrx_word' id='word_1_272' title='bbox 1194 3735 1281 3787; x_wconf 87' lang='lat' dir='ltr'><strong>ille</strong></span> <span class='ocrx_word' id='word_1_273' title='bbox 1326 3734 1475 3803; x_wconf 89' lang='lat' dir='ltr'><strong>quasi</strong></span> <span class='ocrx_word' id='word_1_274' title='bbox 1504 3734 1778 3802; x_wconf 90' lang='lat' dir='ltr'><strong>quieturus</strong></span> <span class='ocrx_word' id='word_1_275' title='bbox 1803 3731 1985 3797; x_wconf 91' lang='lat' dir='ltr'><strong>domi,</strong></span> 
     </span>
    </p>
   </div>
   <div class='ocr_carea' id='block_1_37' title="bbox 419 3824 1989 3895">
    <p class='ocr_par' dir='ltr' id='par_1_37' title="bbox 419 3824 1989 3895">
     <span class='ocr_line' id='line_1_37' title="bbox 419 3824 1989 3895; baseline -0.004 -13"><span class='ocrx_word' id='word_1_276' title='bbox 419 3844 539 3882; x_wconf 70' lang='lat' dir='ltr'><strong>mre:</strong></span> <span class='ocrx_word' id='word_1_277' title='bbox 555 3828 662 3880; x_wconf 91' lang='lat' dir='ltr'><strong>oris</strong></span> <span class='ocrx_word' id='word_1_278' title='bbox 693 3826 942 3895; x_wconf 63' lang='lat' dir='ltr'><strong>prieteriti</strong></span> <span class='ocrx_word' id='word_1_279' title='bbox 968 3824 1381 3880; x_wconf 89' lang='lat' dir='ltr'><strong>consolationem</strong></span> <span class='ocrx_word' id='word_1_280' title='bbox 1410 3825 1716 3877; x_wconf 88' lang='lat' dir='ltr'><strong>inventurus</strong></span> <span class='ocrx_word' id='word_1_281' title='bbox 1737 3863 1754 3888; x_wconf 96' lang='lat'><strong>,</strong></span> <span class='ocrx_word' id='word_1_282' title='bbox 1796 3837 1989 3876; x_wconf 79' lang='lat' dir='ltr'><strong>uxores</strong></span> 
     </span>
    </p>
   </div>
   <div class='ocr_carea' id='block_1_38' title="bbox 418 3912 1988 3983">
    <p class='ocr_par' dir='ltr' id='par_1_38' title="bbox 418 3912 1988 3983">
     <span class='ocr_line' id='line_1_38' title="bbox 418 3912 1988 3983; baseline -0.006 -9"><span class='ocrx_word' id='word_1_283' title='bbox 418 3919 617 3974; x_wconf 86' lang='lat' dir='ltr'><strong>scilicet</strong></span> <span class='ocrx_word' id='word_1_284' title='bbox 655 3933 717 3972; x_wconf 91' lang='lat' dir='ltr'><strong>ac</strong></span> <span class='ocrx_word' id='word_1_285' title='bbox 762 3918 955 3970; x_wconf 91' lang='lat' dir='ltr'><strong>liberos</strong></span> <span class='ocrx_word' id='word_1_286' title='bbox 984 3958 999 3981; x_wconf 94' lang='lat'><strong>,</strong></span> <span class='ocrx_word' id='word_1_287' title='bbox 1052 3930 1173 3969; x_wconf 90' lang='lat' dir='ltr'><strong>cum</strong></span> <span class='ocrx_word' id='word_1_288' title='bbox 1237 3922 1454 3983; x_wconf 90' lang='lat' dir='ltr'><strong>repente</strong></span> <span class='ocrx_word' id='word_1_289' title='bbox 1505 3914 1704 3967; x_wconf 86' lang='lat' dir='ltr'><strong>audivit</strong></span> <span class='ocrx_word' id='word_1_290' title='bbox 1751 3912 1870 3966; x_wconf 87' lang='lat' dir='ltr'><strong>illos</strong></span> <span class='ocrx_word' id='word_1_291' title='bbox 1936 3913 1988 3965; x_wconf 92' lang='lat' dir='ltr'><strong>in</strong></span> 
     </span>
    </p>
   </div>
   <div class='ocr_carea' id='block_1_39' title="bbox 419 4001 1991 4073">
    <p class='ocr_par' dir='ltr' id='par_1_39' title="bbox 419 4001 1991 4073">
     <span class='ocr_line' id='line_1_39' title="bbox 419 4001 1991 4073; baseline -0.004 -10"><span class='ocrx_word' id='word_1_292' title='bbox 419 4010 685 4063; x_wconf 85' lang='lat' dir='ltr'><strong>servitium</strong></span> <span class='ocrx_word' id='word_1_293' title='bbox 721 4007 789 4061; x_wconf 89' lang='lat' dir='ltr'><strong>ab</strong></span> <span class='ocrx_word' id='word_1_294' title='bbox 814 4005 1055 4061; x_wconf 71' lang='lat' dir='ltr'><strong>hostibus</strong></span> <span class='ocrx_word' id='word_1_295' title='bbox 1083 4005 1367 4068; x_wconf 89' lang='lat' dir='ltr'><strong>abductos,</strong></span> <span class='ocrx_word' id='word_1_296' title='bbox 1398 4005 1629 4073; x_wconf 89' lang='lat' dir='ltr'><strong>viditque</strong></span> <span class='ocrx_word' id='word_1_297' title='bbox 1660 4003 1834 4072; x_wconf 80' lang='lat' dir='ltr'><strong>ignem</strong></span> <span class='ocrx_word' id='word_1_298' title='bbox 1858 4043 1874 4067; x_wconf 92' lang='lat'><strong>,</strong></span> <span class='ocrx_word' id='word_1_299' title='bbox 1910 4001 1991 4055; x_wconf 86' lang='lat' dir='ltr'><strong>fu-</strong></span> 
     </span>
    </p>
   </div>
   <div class='ocr_carea' id='block_1_40' title="bbox 422 4096 1991 4166">
    <p class='ocr_par' dir='ltr' id='par_1_40' title="bbox 422 4096 1991 4166">
     <span class='ocr_line' id='line_1_40' title="bbox 422 4096 1991 4166; baseline -0.004 -14"><span class='ocrx_word' id='word_1_300' title='bbox 422 4114 583 4161; x_wconf 92' lang='lat' dir='ltr'><strong>mum,</strong></span> <span class='ocrx_word' id='word_1_301' title='bbox 620 4099 926 4166; x_wconf 87' lang='lat' dir='ltr'><strong>sanguinem</strong></span> <span class='ocrx_word' id='word_1_302' title='bbox 958 4138 974 4163; x_wconf 95' lang='lat'><strong>,</strong></span> <span class='ocrx_word' id='word_1_303' title='bbox 1013 4096 1305 4160; x_wconf 84' lang='lat' dir='ltr'><strong>cadavera;</strong></span> <span class='ocrx_word' id='word_1_304' title='bbox 1342 4104 1498 4163; x_wconf 88' lang='lat' dir='ltr'><strong>atque</strong></span> <span class='ocrx_word' id='word_1_305' title='bbox 1550 4104 1831 4162; x_wconf 89' lang='lat' dir='ltr'><strong>antequam</strong></span> <span class='ocrx_word' id='word_1_306' title='bbox 1861 4096 1991 4148; x_wconf 90' lang='lat' dir='ltr'><strong>istos</strong></span> 
     </span>
    </p>
   </div>
   <div class='ocr_carea' id='block_1_41' title="bbox 423 4184 1994 4259">
    <p class='ocr_par' dir='ltr' id='par_1_41' title="bbox 423 4184 1994 4259">
     <span class='ocr_line' id='line_1_41' title="bbox 423 4184 1994 4259; baseline -0.003 -16"><span class='ocrx_word' id='word_1_307' title='bbox 423 4191 623 4259; x_wconf 90' lang='lat' dir='ltr'><strong>lugeret</strong></span> <span class='ocrx_word' id='word_1_308' title='bbox 655 4231 670 4255; x_wconf 96' lang='lat'><strong>,</strong></span> <span class='ocrx_word' id='word_1_309' title='bbox 714 4188 1056 4257; x_wconf 86' lang='lat' dir='ltr'><strong>captivosque</strong></span> <span class='ocrx_word' id='word_1_310' title='bbox 1080 4185 1334 4250; x_wconf 80' lang='lat' dir='ltr'><strong>deﬁeret,</strong></span> <span class='ocrx_word' id='word_1_311' title='bbox 1370 4186 1578 4239; x_wconf 91' lang='lat' dir='ltr'><strong>irruunt</strong></span> <span class='ocrx_word' id='word_1_312' title='bbox 1626 4187 1675 4239; x_wconf 93' lang='lat' dir='ltr'><strong>in</strong></span> <span class='ocrx_word' id='word_1_313' title='bbox 1719 4200 1840 4239; x_wconf 88' lang='lat' dir='ltr'><strong>eum</strong></span> <span class='ocrx_word' id='word_1_314' title='bbox 1868 4184 1994 4239; x_wconf 88' lang='lat' dir='ltr'><strong>feris</strong></span> 
     </span>
    </p>
   </div>
   <div class='ocr_carea' id='block_1_42' title="bbox 421 4278 1992 4345">
    <p class='ocr_par' dir='ltr' id='par_1_42' title="bbox 421 4278 1992 4345">
     <span class='ocr_line' id='line_1_42' title="bbox 421 4278 1992 4345; baseline -0.006 -8"><span class='ocrx_word' id='word_1_315' title='bbox 421 4283 665 4337; x_wconf 89' lang='lat' dir='ltr'><strong>onmibus</strong></span> <span class='ocrx_word' id='word_1_316' title='bbox 699 4279 980 4334; x_wconf 85' lang='lat' dir='ltr'><strong>immanius</strong></span> <span class='ocrx_word' id='word_1_317' title='bbox 1022 4279 1343 4333; x_wconf 87' lang='lat' dir='ltr'><strong>habitatores</strong></span> <span class='ocrx_word' id='word_1_318' title='bbox 1378 4278 1606 4332; x_wconf 88' lang='lat' dir='ltr'><strong>civitatis</strong></span> <span class='ocrx_word' id='word_1_319' title='bbox 1640 4316 1656 4341; x_wconf 93' lang='lat'><strong>,</strong></span> <span class='ocrx_word' id='word_1_320' title='bbox 1693 4284 1992 4345; x_wconf 66' lang='lat' dir='ltr'><strong>quaarentes</strong></span> 
     </span>
    </p>
   </div>
   <div class='ocr_carea' id='block_1_43' title="bbox 424 4366 1990 4442">
    <p class='ocr_par' dir='ltr' id='par_1_43' title="bbox 424 4366 1990 4442">
     <span class='ocr_line' id='line_1_43' title="bbox 424 4366 1990 4442; baseline -0.008 -14"><span class='ocrx_word' id='word_1_321' title='bbox 424 4375 609 4442; x_wconf 78' lang='lat' dir='ltr'><strong>singuli</strong></span> <span class='ocrx_word' id='word_1_322' title='bbox 633 4387 847 4427; x_wconf 89' lang='lat' dir='ltr'><strong>casuum</strong></span> <span class='ocrx_word' id='word_1_323' title='bbox 873 4386 1089 4425; x_wconf 89' lang='lat' dir='ltr'><strong>suorum</strong></span> <span class='ocrx_word' id='word_1_324' title='bbox 1117 4370 1530 4424; x_wconf 87' lang='lat' dir='ltr'><strong>consolationem</strong></span> <span class='ocrx_word' id='word_1_325' title='bbox 1548 4382 1614 4421; x_wconf 83' lang='lat' dir='ltr'><strong>ex</strong></span> <span class='ocrx_word' id='word_1_326' title='bbox 1638 4368 1777 4420; x_wconf 92' lang='lat' dir='ltr'><strong>illius</strong></span> <span class='ocrx_word' id='word_1_327' title='bbox 1796 4366 1990 4434; x_wconf 87' lang='lat' dir='ltr'><strong>capite.</strong></span> 
     </span>
    </p>
   </div>
   <div class='ocr_carea' id='block_1_44' title="bbox 428 4459 1995 4535">
    <p class='ocr_par' dir='ltr' id='par_1_44' title="bbox 428 4459 1995 4535">
     <span class='ocr_line' id='line_1_44' title="bbox 428 4459 1995 4535; baseline -0.006 -14"><span class='ocrx_word' id='word_1_328' title='bbox 428 4469 491 4521; x_wconf 76' lang='lat' dir='ltr'><strong>Et</strong></span> <span class='ocrx_word' id='word_1_329' title='bbox 545 4465 984 4535; x_wconf 87' lang='lat' dir='ltr'><strong>quemadmodum</strong></span> <span class='ocrx_word' id='word_1_330' title='bbox 1025 4478 1143 4516; x_wconf 89' lang='lat' dir='ltr'><strong>cum</strong></span> <span class='ocrx_word' id='word_1_331' title='bbox 1183 4463 1321 4515; x_wconf 70' lang='lat' dir='ltr'><strong>vr-nti</strong></span> <span class='ocrx_word' id='word_1_332' title='bbox 1350 4462 1600 4516; x_wconf 91' lang='lat' dir='ltr'><strong>contrarii</strong></span> <span class='ocrx_word' id='word_1_333' title='bbox 1641 4461 1692 4513; x_wconf 92' lang='lat' dir='ltr'><strong>in</strong></span> <span class='ocrx_word' id='word_1_334' title='bbox 1737 4473 1883 4513; x_wconf 88' lang='lat' dir='ltr'><strong>mare</strong></span> <span class='ocrx_word' id='word_1_335' title='bbox 1924 4459 1995 4511; x_wconf 88' lang='lat' dir='ltr'><strong>ir-</strong></span> 
     </span>
    </p>
   </div>
   <div class='ocr_carea' id='block_1_45' title="bbox 427 4550 1993 4625">
    <p class='ocr_par' dir='ltr' id='par_1_45' title="bbox 427 4550 1993 4625">
     <span class='ocr_line' id='line_1_45' title="bbox 427 4550 1993 4625; baseline -0.004 -15"><span class='ocrx_word' id='word_1_336' title='bbox 427 4567 609 4621; x_wconf 91' lang='lat' dir='ltr'><strong>ruuut,</strong></span> <span class='ocrx_word' id='word_1_337' title='bbox 642 4558 825 4625; x_wconf 85' lang='lat' dir='ltr'><strong>ingens</strong></span> <span class='ocrx_word' id='word_1_338' title='bbox 864 4566 915 4609; x_wconf 90' lang='lat' dir='ltr'><strong>et</strong></span> <span class='ocrx_word' id='word_1_339' title='bbox 942 4570 1081 4608; x_wconf 63' lang='lat' dir='ltr'><strong>saeva</strong></span> <span class='ocrx_word' id='word_1_340' title='bbox 1109 4554 1335 4621; x_wconf 88' lang='lat' dir='ltr'><strong>procella</strong></span> <span class='ocrx_word' id='word_1_341' title='bbox 1374 4568 1438 4606; x_wconf 79' lang='lat' dir='ltr'><strong>ex</strong></span> <span class='ocrx_word' id='word_1_342' title='bbox 1467 4567 1530 4607; x_wconf 90' lang='lat' dir='ltr'><strong>ea</strong></span> <span class='ocrx_word' id='word_1_343' title='bbox 1562 4566 1731 4620; x_wconf 88' lang='lat' dir='ltr'><strong>pugna</strong></span> <span class='ocrx_word' id='word_1_344' title='bbox 1760 4550 1993 4604; x_wconf 89' lang='lat' dir='ltr'><strong>concita—</strong></span> 
     </span>
    </p>
   </div>
   <div class='ocr_carea' id='block_1_46' title="bbox 429 4644 1996 4713">
    <p class='ocr_par' dir='ltr' id='par_1_46' title="bbox 429 4644 1996 4713">
     <span class='ocr_line' id='line_1_46' title="bbox 429 4644 1996 4713; baseline -0.006 -9"><span class='ocrx_word' id='word_1_345' title='bbox 429 4662 509 4704; x_wconf 91' lang='lat' dir='ltr'><strong>tur</strong></span> <span class='ocrx_word' id='word_1_346' title='bbox 538 4667 549 4700; x_wconf 89' lang='lat'>:</span> <span class='ocrx_word' id='word_1_347' title='bbox 580 4650 647 4701; x_wconf 90' lang='lat' dir='ltr'><strong>ita</strong></span> <span class='ocrx_word' id='word_1_348' title='bbox 677 4658 731 4702; x_wconf 91' lang='lat' dir='ltr'><strong>et</strong></span> <span class='ocrx_word' id='word_1_349' title='bbox 770 4660 892 4700; x_wconf 88' lang='lat' dir='ltr'><strong>tunc</strong></span> <span class='ocrx_word' id='word_1_350' title='bbox 936 4648 1139 4699; x_wconf 73' lang='lat' dir='ltr'><strong>tristitia</strong></span> <span class='ocrx_word' id='word_1_351' title='bbox 1171 4654 1225 4697; x_wconf 90' lang='lat' dir='ltr'><strong>et</strong></span> <span class='ocrx_word' id='word_1_352' title='bbox 1260 4654 1402 4699; x_wconf 91' lang='lat' dir='ltr'><strong>metu</strong></span> <span class='ocrx_word' id='word_1_353' title='bbox 1422 4645 1548 4713; x_wconf 85' lang='lat' dir='ltr'><strong>justi</strong></span> <span class='ocrx_word' id='word_1_354' title='bbox 1580 4644 1735 4713; x_wconf 86' lang='lat' dir='ltr'><strong>hujus</strong></span> <span class='ocrx_word' id='word_1_355' title='bbox 1778 4651 1996 4711; x_wconf 84' lang='lat' dir='ltr'><strong>pertur-</strong></span> 
     </span>
    </p>
   </div>
   <div class='ocr_carea' id='block_1_47' title="bbox 430 4733 1999 4803">
    <p class='ocr_par' dir='ltr' id='par_1_47' title="bbox 430 4733 1999 4803">
     <span class='ocr_line' id='line_1_47' title="bbox 430 4733 1999 4803; baseline -0.007 -8"><span class='ocrx_word' id='word_1_356' title='bbox 430 4740 671 4795; x_wconf 90' lang='lat' dir='ltr'><strong>bautibus</strong></span> <span class='ocrx_word' id='word_1_357' title='bbox 712 4739 972 4797; x_wconf 88' lang='lat' dir='ltr'><strong>aninuuu,</strong></span> <span class='ocrx_word' id='word_1_358' title='bbox 1026 4745 1308 4803; x_wconf 88' lang='lat' dir='ltr'><strong>tempestas</strong></span> <span class='ocrx_word' id='word_1_359' title='bbox 1363 4737 1591 4788; x_wconf 81' lang='lat' dir='ltr'><strong>maxima</strong></span> <span class='ocrx_word' id='word_1_360' title='bbox 1637 4733 1999 4801; x_wconf 90' lang='lat' dir='ltr'><strong>tumultusque</strong></span> 
     </span>
    </p>
   </div>
   <div class='ocr_carea' id='block_1_48' title="bbox 431 4824 2000 4898">
    <p class='ocr_par' dir='ltr' id='par_1_48' title="bbox 431 4824 2000 4898">
     <span class='ocr_line' id='line_1_48' title="bbox 431 4824 2000 4898; baseline -0.006 -13"><span class='ocrx_word' id='word_1_361' title='bbox 431 4835 615 4885; x_wconf 87' lang='lat' dir='ltr'><strong>harum</strong></span> <span class='ocrx_word' id='word_1_362' title='bbox 666 4829 966 4898; x_wconf 88' lang='lat' dir='ltr'><strong>passionum</strong></span> <span class='ocrx_word' id='word_1_363' title='bbox 1024 4827 1244 4879; x_wconf 89' lang='lat' dir='ltr'><strong>invicem</strong></span> <span class='ocrx_word' id='word_1_364' title='bbox 1286 4839 1343 4879; x_wconf 90' lang='lat' dir='ltr'><strong>se</strong></span> <span class='ocrx_word' id='word_1_365' title='bbox 1394 4826 1754 4879; x_wconf 90' lang='lat' dir='ltr'><strong>collidentium</strong></span> <span class='ocrx_word' id='word_1_366' title='bbox 1803 4824 2000 4893; x_wconf 87' lang='lat' dir='ltr'><strong>jugiter</strong></span> 
     </span>
    </p>
   </div>
   <div class='ocr_carea' id='block_1_49' title="bbox 430 4916 1999 4996">
    <p class='ocr_par' dir='ltr' id='par_1_49' title="bbox 430 4916 1999 4996">
     <span class='ocr_line' id='line_1_49' title="bbox 430 4916 1999 4996; baseline -0.006 -21"><span class='ocrx_word' id='word_1_367' title='bbox 430 4926 616 4977; x_wconf 81' lang='lat' dir='ltr'><strong>inerat.</strong></span> <span class='ocrx_word' id='word_1_368' title='bbox 645 4920 775 4974; x_wconf 87' lang='lat' dir='ltr'><strong>Cum</strong></span> <span class='ocrx_word' id='word_1_369' title='bbox 810 4929 982 4971; x_wconf 87' lang='lat' dir='ltr'><strong>autem</strong></span> <span class='ocrx_word' id='word_1_370' title='bbox 1034 4916 1355 4996; x_wconf 31' lang='lat' dir='ltr'><strong>bis‘clapsus</strong></span> <span class='ocrx_word' id='word_1_371' title='bbox 1392 4916 1544 4969; x_wconf 88' lang='lat' dir='ltr'><strong>malis</strong></span> <span class='ocrx_word' id='word_1_372' title='bbox 1593 4931 1785 4970; x_wconf 81' lang='lat' dir='ltr'><strong>uxores</strong></span> <span class='ocrx_word' id='word_1_373' title='bbox 1811 4931 1874 4969; x_wconf 91' lang='lat' dir='ltr'><strong>ac</strong></span> <span class='ocrx_word' id='word_1_374' title='bbox 1904 4930 1999 4967; x_wconf 76' lang='lat' dir='ltr'><strong>na-</strong></span> 
     </span>
    </p>
   </div>
   <div class='ocr_carea' id='block_1_50' title="bbox 432 5008 2001 5083">
    <p class='ocr_par' dir='ltr' id='par_1_50' title="bbox 432 5008 2001 5083">
     <span class='ocr_line' id='line_1_50' title="bbox 432 5008 2001 5083; baseline -0.004 -18"><span class='ocrx_word' id='word_1_375' title='bbox 432 5024 510 5066; x_wconf 85' lang='lat' dir='ltr'><strong>tos</strong></span> <span class='ocrx_word' id='word_1_376' title='bbox 548 5013 1006 5083; x_wconf 82' lang='lat' dir='ltr'><strong>captivitatemque</strong></span> <span class='ocrx_word' id='word_1_377' title='bbox 1068 5022 1279 5061; x_wconf 89' lang='lat' dir='ltr'><strong>omnem</strong></span> <span class='ocrx_word' id='word_1_378' title='bbox 1337 5008 1662 5075; x_wconf 89' lang='lat' dir='ltr'><strong>recepisset,</strong></span> <span class='ocrx_word' id='word_1_379' title='bbox 1717 5016 2001 5075; x_wconf 88' lang='lat' dir='ltr'><strong>antequam</strong></span> 
     </span>
    </p>
   </div>
   <div class='ocr_carea' id='block_1_51' title="bbox 431 5097 2002 5167">
    <p class='ocr_par' dir='ltr' id='par_1_51' title="bbox 431 5097 2002 5167">
     <span class='ocr_line' id='line_1_51' title="bbox 431 5097 2002 5167; baseline -0.003 -13"><span class='ocrx_word' id='word_1_380' title='bbox 431 5105 662 5157; x_wconf 65' lang='lat' dir='ltr'><strong>victoriae</strong></span> <span class='ocrx_word' id='word_1_381' title='bbox 696 5103 833 5157; x_wconf 90' lang='lat' dir='ltr'><strong>illius</strong></span> <span class='ocrx_word' id='word_1_382' title='bbox 860 5100 1123 5167; x_wconf 85' lang='lat' dir='ltr'><strong>voluptate</strong></span> <span class='ocrx_word' id='word_1_383' title='bbox 1164 5097 1429 5151; x_wconf 79' lang='lat' dir='ltr'><strong>frueretur</strong></span> <span class='ocrx_word' id='word_1_384' title='bbox 1450 5138 1465 5161; x_wconf 96' lang='lat'><strong>,</strong></span> <span class='ocrx_word' id='word_1_385' title='bbox 1507 5099 1851 5151; x_wconf 77' lang='lat' dir='ltr'><strong>intestiSsimo</strong></span> <span class='ocrx_word' id='word_1_386' title='bbox 1883 5113 2002 5165; x_wconf 82' lang='lat' dir='ltr'><strong>per-</strong></span> 
     </span>
    </p>
   </div>
   <div class='ocr_carea' id='block_1_52' title="bbox 433 5187 1999 5256">
    <p class='ocr_par' dir='ltr' id='par_1_52' title="bbox 433 5187 1999 5256">
     <span class='ocr_line' id='line_1_52' title="bbox 433 5187 1999 5256; baseline -0.004 -9"><span class='ocrx_word' id='word_1_387' title='bbox 433 5211 618 5249; x_wconf 89' lang='lat' dir='ltr'><strong>cussus</strong></span> <span class='ocrx_word' id='word_1_388' title='bbox 658 5205 741 5250; x_wconf 90' lang='lat' dir='ltr'><strong>est</strong></span> <span class='ocrx_word' id='word_1_389' title='bbox 787 5194 968 5247; x_wconf 91' lang='lat' dir='ltr'><strong>nuntio</strong></span> <span class='ocrx_word' id='word_1_390' title='bbox 995 5234 1010 5256; x_wconf 94' lang='lat'><strong>,</strong></span> <span class='ocrx_word' id='word_1_391' title='bbox 1054 5199 1275 5243; x_wconf 91' lang='lat' dir='ltr'><strong>mortem</strong></span> <span class='ocrx_word' id='word_1_392' title='bbox 1333 5187 1573 5242; x_wconf 81' lang='lat' dir='ltr'><strong>Jonatha:</strong></span> <span class='ocrx_word' id='word_1_393' title='bbox 1618 5188 1999 5256; x_wconf 87' lang='lat' dir='ltr'><strong>comperiens:</strong></span> 
     </span>
    </p>
   </div>
   <div class='ocr_carea' id='block_1_53' title="bbox 434 5280 2005 5351">
    <p class='ocr_par' dir='ltr' id='par_1_53' title="bbox 434 5280 2005 5351">
     <span class='ocr_line' id='line_1_53' title="bbox 434 5280 2005 5351; baseline -0.002 -16"><span class='ocrx_word' id='word_1_394' title='bbox 434 5302 549 5351; x_wconf 60' lang='lat' dir='ltr'><strong>qua.</strong></span> <span class='ocrx_word' id='word_1_395' title='bbox 595 5288 732 5341; x_wconf 85' lang='lat' dir='ltr'><strong>illius</strong></span> <span class='ocrx_word' id='word_1_396' title='bbox 762 5286 995 5339; x_wconf 89' lang='lat' dir='ltr'><strong>animum</strong></span> <span class='ocrx_word' id='word_1_397' title='bbox 1028 5292 1169 5335; x_wconf 89' lang='lat' dir='ltr'><strong>tanto</strong></span> <span class='ocrx_word' id='word_1_398' title='bbox 1212 5280 1397 5334; x_wconf 89' lang='lat' dir='ltr'><strong>dolore</strong></span> <span class='ocrx_word' id='word_1_399' title='bbox 1427 5280 1743 5349; x_wconf 84' lang='lat' dir='ltr'><strong>prostravit,</strong></span> <span class='ocrx_word' id='word_1_400' title='bbox 1777 5287 2005 5346; x_wconf 90' lang='lat' dir='ltr'><strong>quantus</strong></span> 
     </span>
    </p>
   </div>
   <div class='ocr_carea' id='block_1_54' title="bbox 436 5368 2005 5441">
    <p class='ocr_par' dir='ltr' id='par_1_54' title="bbox 436 5368 2005 5441">
     <span class='ocr_line' id='line_1_54' title="bbox 436 5368 2005 5441; baseline -0.003 -16"><span class='ocrx_word' id='word_1_401' title='bbox 436 5390 498 5426; x_wconf 75' lang='lat' dir='ltr'><strong>ex</strong></span> <span class='ocrx_word' id='word_1_402' title='bbox 526 5376 660 5427; x_wconf 84' lang='lat' dir='ltr'><strong>illius</strong></span> <span class='ocrx_word' id='word_1_403' title='bbox 690 5375 1061 5430; x_wconf 87' lang='lat' dir='ltr'><strong>lamentatione</strong></span> <span class='ocrx_word' id='word_1_404' title='bbox 1088 5372 1441 5441; x_wconf 88' lang='lat' dir='ltr'><strong>cognoscitur.</strong></span> <span class='ocrx_word' id='word_1_405' title='bbox 1487 5368 1676 5421; x_wconf 83' lang='lat' dir='ltr'><strong>Incidit</strong></span> <span class='ocrx_word' id='word_1_406' title='bbox 1714 5370 1854 5422; x_wconf 89' lang='lat' dir='ltr'><strong>enim</strong></span> <span class='ocrx_word' id='word_1_407' title='bbox 1880 5408 1892 5430; x_wconf 89' lang='lat'><strong>,</strong></span> <span class='ocrx_word' id='word_1_408' title='bbox 1923 5368 2005 5420; x_wconf 92' lang='lat' dir='ltr'><strong>iu-</strong></span> 
     </span>
    </p>
   </div>
   <div class='ocr_carea' id='block_1_55' title="bbox 438 5459 2005 5532">
    <p class='ocr_par' dir='ltr' id='par_1_55' title="bbox 438 5459 2005 5532">
     <span class='ocr_line' id='line_1_55' title="bbox 438 5459 2005 5532; baseline -0.003 -18"><span class='ocrx_word' id='word_1_409' title='bbox 438 5466 577 5532; x_wconf 89' lang='lat' dir='ltr'><strong>quit,</strong></span> <span class='ocrx_word' id='word_1_410' title='bbox 608 5482 756 5532; x_wconf 80' lang='lat' dir='ltr'><strong>super</strong></span> <span class='ocrx_word' id='word_1_411' title='bbox 804 5484 879 5519; x_wconf 87' lang='lat' dir='ltr'><strong>me</strong></span> <span class='ocrx_word' id='word_1_412' title='bbox 922 5466 1119 5518; x_wconf 76' lang='lat' dir='ltr'><strong>dilectio</strong></span> <span class='ocrx_word' id='word_1_413' title='bbox 1162 5463 1266 5525; x_wconf 88' lang='lat' dir='ltr'><strong>tui,</strong></span> <span class='ocrx_word' id='word_1_414' title='bbox 1298 5462 1438 5529; x_wconf 78' lang='lat' dir='ltr'><strong>quasi</strong></span> <span class='ocrx_word' id='word_1_415' title='bbox 1495 5462 1694 5512; x_wconf 78' lang='lat' dir='ltr'><strong>dilectio</strong></span> <span class='ocrx_word' id='word_1_416' title='bbox 1742 5459 2005 5511; x_wconf 75' lang='lat' dir='ltr'><strong>mulierum</strong></span> 
     </span>
    </p>
   </div>
   <div class='ocr_carea' id='block_1_56' title="bbox 443 5552 2007 5628">
    <p class='ocr_par' dir='ltr' id='par_1_56' title="bbox 443 5552 2007 5628">
     <span class='ocr_line' id='line_1_56' title="bbox 443 5552 2007 5628; baseline -0.002 -22"><span class='ocrx_word' id='word_1_417' title='bbox 443 5557 515 5623; x_wconf 72' lang='lat'><strong>(&#39;2.</strong></span> <span class='ocrx_word' id='word_1_418' title='bbox 550 5555 671 5621; x_wconf 74' lang='lat' dir='ltr'><strong>Reg.</strong></span> <span class='ocrx_word' id='word_1_419' title='bbox 722 5559 770 5609; x_wconf 81' lang='grc'><strong>1.</strong></span> <span class='ocrx_word' id='word_1_420' title='bbox 810 5558 923 5628; x_wconf 76' lang='lat'><strong>‘26).</strong></span> <span class='ocrx_word' id='word_1_421' title='bbox 972 5558 1105 5626; x_wconf 88' lang='lat' dir='ltr'><strong>Quid</strong></span> <span class='ocrx_word' id='word_1_422' title='bbox 1145 5565 1318 5608; x_wconf 88' lang='lat' dir='ltr'><strong>autem</strong></span> <span class='ocrx_word' id='word_1_423' title='bbox 1371 5552 1773 5606; x_wconf 87' lang='lat' dir='ltr'><strong>lamentationes</strong></span> <span class='ocrx_word' id='word_1_424' title='bbox 1825 5566 2007 5619; x_wconf 87' lang='lat' dir='ltr'><strong>prose-</strong></span> 
     </span>
    </p>
   </div>
   <div class='ocr_carea' id='block_1_57' title="bbox 439 5644 2005 5717">
    <p class='ocr_par' dir='ltr' id='par_1_57' title="bbox 439 5644 2005 5717">
     <span class='ocr_line' id='line_1_57' title="bbox 439 5644 2005 5717; baseline -0.002 -20"><span class='ocrx_word' id='word_1_425' title='bbox 439 5648 612 5713; x_wconf 71' lang='lat' dir='ltr'><strong>quar?</strong></span> <span class='ocrx_word' id='word_1_426' title='bbox 650 5646 746 5711; x_wconf 81' lang='lat' dir='ltr'><strong>Qui</strong></span> <span class='ocrx_word' id='word_1_427' title='bbox 782 5650 919 5701; x_wconf 88' lang='lat' dir='ltr'><strong>enim</strong></span> <span class='ocrx_word' id='word_1_428' title='bbox 970 5663 1168 5717; x_wconf 85' lang='lat' dir='ltr'><strong>patrem</strong></span> <span class='ocrx_word' id='word_1_429' title='bbox 1216 5648 1394 5710; x_wconf 87' lang='lat' dir='ltr'><strong>illius,</strong></span> <span class='ocrx_word' id='word_1_430' title='bbox 1440 5644 1803 5697; x_wconf 75' lang='lat' dir='ltr'><strong>insidiatorem</strong></span> <span class='ocrx_word' id='word_1_431' title='bbox 1850 5659 2005 5696; x_wconf 84' lang='lat' dir='ltr'><strong>suum</strong></span> 
     </span>
    </p>
   </div>
   <div class='ocr_carea' id='block_1_58' title="bbox 439 5738 2010 5813">
    <p class='ocr_par' dir='ltr' id='par_1_58' title="bbox 439 5738 2010 5813">
     <span class='ocr_line' id='line_1_58' title="bbox 439 5738 2010 5813; baseline -0.002 -20"><span class='ocrx_word' id='word_1_432' title='bbox 439 5750 593 5810; x_wconf 75' lang='lat' dir='ltr'><strong>atque</strong></span> <span class='ocrx_word' id='word_1_433' title='bbox 619 5740 884 5794; x_wconf 89' lang='lat' dir='ltr'><strong>inimicum</strong></span> <span class='ocrx_word' id='word_1_434' title='bbox 910 5754 961 5796; x_wconf 92' lang='lat' dir='ltr'><strong>et</strong></span> <span class='ocrx_word' id='word_1_435' title='bbox 982 5746 1069 5813; x_wconf 88' lang='lat' dir='ltr'><strong>qui</strong></span> <span class='ocrx_word' id='word_1_436' title='bbox 1095 5746 1281 5799; x_wconf 64' lang='lat' dir='ltr'><strong>ntiléies</strong></span> <span class='ocrx_word' id='word_1_437' title='bbox 1305 5750 1523 5795; x_wconf 88' lang='lat' dir='ltr'><strong>mortem</strong></span> <span class='ocrx_word' id='word_1_438' title='bbox 1546 5754 1693 5792; x_wconf 91' lang='lat' dir='ltr'><strong>suam</strong></span> <span class='ocrx_word' id='word_1_439' title='bbox 1726 5738 2010 5804; x_wconf 63' lang='lat' dir='ltr'><strong>concupieo</strong></span> 
     </span>
    </p>
   </div>
   <div class='ocr_carea' id='block_1_59' title="bbox 441 5830 2009 5905">
    <p class='ocr_par' dir='ltr' id='par_1_59' title="bbox 441 5830 2009 5905">
     <span class='ocr_line' id='line_1_59' title="bbox 441 5830 2009 5905; baseline -0.008 -13"><span class='ocrx_word' id='word_1_440' title='bbox 441 5852 541 5904; x_wconf 72' lang='lat' dir='ltr'><strong>rat,</strong></span> <span class='ocrx_word' id='word_1_441' title='bbox 574 5840 641 5891; x_wconf 90' lang='lat' dir='ltr'><strong>ita</strong></span> <span class='ocrx_word' id='word_1_442' title='bbox 669 5836 846 5901; x_wconf 80' lang='lat' dir='ltr'><strong>ﬂevit,</strong></span> <span class='ocrx_word' id='word_1_443' title='bbox 890 5838 1015 5905; x_wconf 87' lang='lat' dir='ltr'><strong>quid</strong></span> <span class='ocrx_word' id='word_1_444' title='bbox 1055 5855 1240 5904; x_wconf 82' lang='lat' dir='ltr'><strong>passus</strong></span> <span class='ocrx_word' id='word_1_445' title='bbox 1266 5838 1594 5891; x_wconf 80' lang='lat' dir='ltr'><strong>existimetur</strong></span> <span class='ocrx_word' id='word_1_446' title='bbox 1617 5874 1631 5897; x_wconf 88' lang='lat'><strong>,</strong></span> <span class='ocrx_word' id='word_1_447' title='bbox 1674 5846 1794 5884; x_wconf 90' lang='lat' dir='ltr'><strong>cum</strong></span> <span class='ocrx_word' id='word_1_448' title='bbox 1826 5830 2009 5893; x_wconf 86' lang='lat' dir='ltr'><strong>illum,</strong></span> 
     </span>
    </p>
   </div>
   <div class='ocr_carea' id='block_1_60' title="bbox 442 5932 2004 6003">
    <p class='ocr_par' dir='ltr' id='par_1_60' title="bbox 442 5932 2004 6003">
     <span class='ocr_line' id='line_1_60' title="bbox 442 5932 2004 6003; baseline -0.006 -18"><span class='ocrx_word' id='word_1_449' title='bbox 442 5934 528 6003; x_wconf 88' lang='lat' dir='ltr'><strong>qui</strong></span> <span class='ocrx_word' id='word_1_450' title='bbox 574 5933 671 5987; x_wconf 79' lang='lat' dir='ltr'><strong>sibi</strong></span> <span class='ocrx_word' id='word_1_451' title='bbox 700 5934 750 5988; x_wconf 91' lang='lat' dir='ltr'><strong>in</strong></span> <span class='ocrx_word' id='word_1_452' title='bbox 784 5933 885 5985; x_wconf 89' lang='lat' dir='ltr'><strong>illis</strong></span> <span class='ocrx_word' id='word_1_453' title='bbox 913 5933 1159 6000; x_wconf 85' lang='lat' dir='ltr'><strong>periculis</strong></span> <span class='ocrx_word' id='word_1_454' title='bbox 1207 5950 1418 5998; x_wconf 82' lang='lat' dir='ltr'><strong>semper</strong></span> <span class='ocrx_word' id='word_1_455' title='bbox 1463 5932 1767 5988; x_wconf 74' lang='lat' dir='ltr'><strong>adstiterat,</strong></span> <span class='ocrx_word' id='word_1_456' title='bbox 1800 5939 1860 5978; x_wconf 88' lang='lat' dir='ltr'><strong>ac</strong></span> <span class='ocrx_word' id='word_1_457' title='bbox 1908 5938 2004 5976; x_wconf 46' lang='lat' dir='ltr'><strong>san</strong></span> 
     </span>
    </p>
   </div>
   <div class='ocr_carea' id='block_1_61' title="bbox 767 6024 1495 6091">
    <p class='ocr_par' dir='ltr' id='par_1_61' title="bbox 767 6024 1495 6091">
     <span class='ocr_line' id='line_1_61' title="bbox 767 6024 1495 6091; baseline -0.015 0"><span class='ocrx_word' id='word_1_458' title='bbox 767 6034 1034 6091; x_wconf 57' lang='grc' dir='ltr'><strong>Ρλτειοι..</strong></span> <span class='ocrx_word' id='word_1_459' title='bbox 1083 6029 1195 6083; x_wconf 76' lang='lat' dir='ltr'><strong>lia.</strong></span> <span class='ocrx_word' id='word_1_460' title='bbox 1246 6024 1495 6083; x_wconf 70' lang='lat' dir='ltr'><strong>XLV“.</strong></span> 
     </span>
    </p>
   </div>
   <div class='ocr_carea' id='block_1_62' title="bbox 1213 543 2816 606">
    <p class='ocr_par' dir='ltr' id='par_1_62' title="bbox 1213 543 2816 606">
     <span class='ocr_line' id='line_1_62' title="bbox 1213 543 2816 606; baseline -0.003 0"><span class='ocrx_word' id='word_1_461' title='bbox 1213 553 1301 606; x_wconf 85' lang='lat' dir='ltr'><strong>AD</strong></span> <span class='ocrx_word' id='word_1_462' title='bbox 1338 544 1705 602; x_wconf 71' lang='lat' dir='ltr'><strong>STAGIRIUM</strong></span> <span class='ocrx_word' id='word_1_463' title='bbox 1746 546 1785 598; x_wconf 77' lang='grc' dir='ltr'><strong>Α</strong></span> <span class='ocrx_word' id='word_1_464' title='bbox 1830 543 2126 599; x_wconf 62' lang='grc' dir='ltr'><strong>ῡιΕΜΟΝΕ</strong></span> <span class='ocrx_word' id='word_1_465' title='bbox 2173 545 2520 601; x_wconf 64' lang='lat' dir='ltr'><strong>VEXA&#39;I‘UM.</strong></span> <span class='ocrx_word' id='word_1_466' title='bbox 2564 548 2688 601; x_wconf 80' lang='lat' dir='ltr'><strong>LIB.</strong></span> <span class='ocrx_word' id='word_1_467' title='bbox 2732 549 2816 602; x_wconf 93' lang='lat' dir='ltr'><strong>Ill.</strong></span> 
     </span>
    </p>
   </div>
   <div class='ocr_carea' id='block_1_63' title="bbox 3551 555 3655 608">
    <p class='ocr_par' dir='ltr' id='par_1_63' title="bbox 3551 555 3655 608">
     <span class='ocr_line' id='line_1_63' title="bbox 3551 555 3655 608; baseline 0 0"><span class='ocrx_word' id='word_1_468' title='bbox 3551 555 3655 608; x_wconf 65' lang='lat'><strong>482</strong></span> 
     </span>
    </p>
   </div>
   <div class='ocr_carea' id='block_1_64' title="bbox 2086 657 3655 734">
    <p class='ocr_par' dir='ltr' id='par_1_64' title="bbox 2086 657 3655 734">
     <span class='ocr_line' id='line_1_64' title="bbox 2086 657 3655 734; baseline 0.003 -24"><span class='ocrx_word' id='word_1_469' title='bbox 2086 658 2301 726; x_wconf 83' lang='lat' dir='ltr'><strong>pissime</strong></span> <span class='ocrx_word' id='word_1_470' title='bbox 2336 657 2496 725; x_wconf 84' lang='lat' dir='ltr'><strong>patris</strong></span> <span class='ocrx_word' id='word_1_471' title='bbox 2525 660 2726 714; x_wconf 89' lang='lat' dir='ltr'><strong>insidiis</strong></span> <span class='ocrx_word' id='word_1_472' title='bbox 2750 665 3044 731; x_wconf 87' lang='lat' dir='ltr'><strong>eripuerat,</strong></span> <span class='ocrx_word' id='word_1_473' title='bbox 3078 674 3509 734; x_wconf 86' lang='lat' dir='ltr'><strong>secretorumque</strong></span> <span class='ocrx_word' id='word_1_474' title='bbox 3535 681 3655 717; x_wconf 78' lang='lat' dir='ltr'><strong>suo.</strong></span> 
     </span>
    </p>
   </div>
   <div class='ocr_carea' id='block_1_65' title="bbox 2084 748 3651 821">
    <p class='ocr_par' dir='ltr' id='par_1_65' title="bbox 2084 748 3651 821">
     <span class='ocr_line' id='line_1_65' title="bbox 2084 748 3651 821; baseline 0.003 -21"><span class='ocrx_word' id='word_1_475' title='bbox 2084 761 2202 800; x_wconf 87' lang='lat' dir='ltr'><strong>rum</strong></span> <span class='ocrx_word' id='word_1_476' title='bbox 2227 749 2487 816; x_wconf 87' lang='lat' dir='ltr'><strong>particeps</strong></span> <span class='ocrx_word' id='word_1_477' title='bbox 2514 748 2701 814; x_wconf 88' lang='lat' dir='ltr'><strong>ftterat,</strong></span> <span class='ocrx_word' id='word_1_478' title='bbox 2726 768 2842 805; x_wconf 90' lang='lat' dir='ltr'><strong>cum</strong></span> <span class='ocrx_word' id='word_1_479' title='bbox 2870 766 2978 821; x_wconf 89' lang='lat' dir='ltr'><strong>quo</strong></span> <span class='ocrx_word' id='word_1_480' title='bbox 3004 763 3154 821; x_wconf 86' lang='lat' dir='ltr'><strong>pacta</strong></span> <span class='ocrx_word' id='word_1_481' title='bbox 3193 754 3412 820; x_wconf 77' lang='lat' dir='ltr'><strong>piurima</strong></span> <span class='ocrx_word' id='word_1_482' title='bbox 3442 756 3651 815; x_wconf 74' lang='lat' dir='ltr'><strong>inierat,</strong></span> 
     </span>
    </p>
   </div>
   <div class='ocr_carea' id='block_1_66' title="bbox 2085 835 3656 908">
    <p class='ocr_par' dir='ltr' id='par_1_66' title="bbox 2085 835 3656 908">
     <span class='ocr_line' id='line_1_66' title="bbox 2085 835 3656 908; baseline 0.008 -22"><span class='ocrx_word' id='word_1_483' title='bbox 2085 850 2205 888; x_wconf 87' lang='lat' dir='ltr'><strong>cum</strong></span> <span class='ocrx_word' id='word_1_484' title='bbox 2235 835 2308 888; x_wconf 89' lang='lat' dir='ltr'><strong>illi</strong></span> <span class='ocrx_word' id='word_1_485' title='bbox 2361 849 2695 908; x_wconf 74' lang='lat' dir='ltr'><strong>acceptorum</strong></span> <span class='ocrx_word' id='word_1_486' title='bbox 2746 841 3126 897; x_wconf 84' lang='lat' dir='ltr'><strong>beneﬁciorum</strong></span> <span class='ocrx_word' id='word_1_487' title='bbox 3174 843 3340 897; x_wconf 89' lang='lat' dir='ltr'><strong>vicem</strong></span> <span class='ocrx_word' id='word_1_488' title='bbox 3377 848 3656 899; x_wconf 85' lang='lat' dir='ltr'><strong>restituere</strong></span> 
     </span>
    </p>
   </div>
   <div class='ocr_carea' id='block_1_67' title="bbox 2087 925 3250 987">
    <p class='ocr_par' dir='ltr' id='par_1_67' title="bbox 2087 925 3250 987">
     <span class='ocr_line' id='line_1_67' title="bbox 2087 925 3250 987; baseline 0.01 -13"><span class='ocrx_word' id='word_1_489' title='bbox 2087 925 2319 987; x_wconf 78' lang='lat' dir='ltr'><strong>valeret,</strong></span> <span class='ocrx_word' id='word_1_490' title='bbox 2348 934 2454 979; x_wconf 92' lang='lat' dir='ltr'><strong>tum</strong></span> <span class='ocrx_word' id='word_1_491' title='bbox 2489 945 2520 982; x_wconf 90' lang='lat' dir='ltr'><strong>e</strong></span> <span class='ocrx_word' id='word_1_492' title='bbox 2564 934 2665 984; x_wconf 87' lang='lat' dir='ltr'><strong>vita</strong></span> <span class='ocrx_word' id='word_1_493' title='bbox 2696 932 2990 986; x_wconf 88' lang='lat' dir='ltr'><strong>decessisse</strong></span> <span class='ocrx_word' id='word_1_494' title='bbox 3025 932 3250 986; x_wconf 90' lang='lat' dir='ltr'><strong>didicit?</strong></span> 
     </span>
    </p>
   </div>
   <div class='ocr_carea' id='block_1_68' title="bbox 2158 1017 3656 1093">
    <p class='ocr_par' dir='ltr' id='par_1_68' title="bbox 2158 1017 3656 1093">
     <span class='ocr_line' id='line_1_68' title="bbox 2158 1017 3656 1093; baseline 0.004 -22"><span class='ocrx_word' id='word_1_495' title='bbox 2158 1018 2209 1071; x_wconf 89' lang='lat'><strong>8.</strong></span> <span class='ocrx_word' id='word_1_496' title='bbox 2238 1017 2368 1072; x_wconf 83' lang='lat' dir='ltr'><strong>Cum</strong></span> <span class='ocrx_word' id='word_1_497' title='bbox 2395 1022 2564 1075; x_wconf 92' lang='lat' dir='ltr'><strong>adhuc</strong></span> <span class='ocrx_word' id='word_1_498' title='bbox 2588 1026 2786 1093; x_wconf 80' lang='lat' dir='ltr'><strong>vigeret</strong></span> <span class='ocrx_word' id='word_1_499' title='bbox 2822 1025 2904 1078; x_wconf 91' lang='lat' dir='ltr'><strong>illa</strong></span> <span class='ocrx_word' id='word_1_500' title='bbox 2947 1026 3269 1093; x_wconf 84' lang='lat' dir='ltr'><strong>perturbatio</strong></span> <span class='ocrx_word' id='word_1_501' title='bbox 3292 1067 3307 1091; x_wconf 96' lang='lat'><strong>,</strong></span> <span class='ocrx_word' id='word_1_502' title='bbox 3338 1026 3445 1080; x_wconf 90' lang='lat' dir='ltr'><strong>alio</strong></span> <span class='ocrx_word' id='word_1_503' title='bbox 3475 1041 3656 1078; x_wconf 65' lang='lat' dir='ltr'><strong>rursus</strong></span> 
     </span>
    </p>
   </div>
   <div class='ocr_carea' id='block_1_69' title="bbox 2089 1112 3656 1183">
    <p class='ocr_par' dir='ltr' id='par_1_69' title="bbox 2089 1112 3656 1183">
     <span class='ocr_line' id='line_1_69' title="bbox 2089 1112 3656 1183; baseline 0.004 -20"><span class='ocrx_word' id='word_1_504' title='bbox 2089 1124 2315 1166; x_wconf 63' lang='lat' dir='ltr'><strong>maerore</strong></span> <span class='ocrx_word' id='word_1_505' title='bbox 2346 1112 2450 1166; x_wconf 84' lang='lat' dir='ltr'><strong>dux</strong></span> <span class='ocrx_word' id='word_1_506' title='bbox 2480 1115 2623 1168; x_wconf 89' lang='lat' dir='ltr'><strong>illum</strong></span> <span class='ocrx_word' id='word_1_507' title='bbox 2650 1131 2759 1170; x_wconf 68' lang='lat' dir='ltr'><strong>sua:</strong></span> <span class='ocrx_word' id='word_1_508' title='bbox 2786 1118 2987 1170; x_wconf 70' lang='lat' dir='ltr'><strong>militia:</strong></span> <span class='ocrx_word' id='word_1_509' title='bbox 3012 1120 3299 1183; x_wconf 89' lang='lat' dir='ltr'><strong>excruciat,</strong></span> <span class='ocrx_word' id='word_1_510' title='bbox 3323 1120 3448 1172; x_wconf 87' lang='lat' dir='ltr'><strong>dum</strong></span> <span class='ocrx_word' id='word_1_511' title='bbox 3480 1119 3656 1172; x_wconf 83' lang='lat' dir='ltr'><strong>Abeu-</strong></span> 
     </span>
    </p>
   </div>
   <div class='ocr_carea' id='block_1_70' title="bbox 2090 1205 3655 1271">
    <p class='ocr_par' dir='ltr' id='par_1_70' title="bbox 2090 1205 3655 1271">
     <span class='ocr_line' id='line_1_70' title="bbox 2090 1205 3655 1271; baseline 0.003 -16"><span class='ocrx_word' id='word_1_512' title='bbox 2090 1218 2185 1256; x_wconf 91' lang='lat' dir='ltr'><strong>uer</strong></span> <span class='ocrx_word' id='word_1_513' title='bbox 2209 1243 2223 1266; x_wconf 92' lang='lat'><strong>,</strong></span> <span class='ocrx_word' id='word_1_514' title='bbox 2263 1205 2351 1271; x_wconf 77' lang='lat' dir='ltr'><strong>qui</strong></span> <span class='ocrx_word' id='word_1_515' title='bbox 2378 1208 2493 1258; x_wconf 86' lang='lat' dir='ltr'><strong>sine</strong></span> <span class='ocrx_word' id='word_1_516' title='bbox 2516 1205 2693 1259; x_wconf 86' lang='lat' dir='ltr'><strong>labore</strong></span> <span class='ocrx_word' id='word_1_517' title='bbox 2717 1248 2732 1269; x_wconf 90' lang='lat'><strong>,</strong></span> <span class='ocrx_word' id='word_1_518' title='bbox 2759 1208 2863 1258; x_wconf 92' lang='lat' dir='ltr'><strong>imo</strong></span> <span class='ocrx_word' id='word_1_519' title='bbox 2890 1217 2942 1259; x_wconf 87' lang='lat' dir='ltr'><strong>et</strong></span> <span class='ocrx_word' id='word_1_520' title='bbox 2969 1222 3087 1260; x_wconf 93' lang='lat' dir='ltr'><strong>cum</strong></span> <span class='ocrx_word' id='word_1_521' title='bbox 3114 1209 3361 1263; x_wconf 81' lang='lat' dir='ltr'><strong>facilitate</strong></span> <span class='ocrx_word' id='word_1_522' title='bbox 3389 1210 3533 1263; x_wconf 90' lang='lat' dir='ltr'><strong>omni</strong></span> <span class='ocrx_word' id='word_1_523' title='bbox 3580 1220 3655 1262; x_wconf 86' lang='lat' dir='ltr'><strong>tu-</strong></span> 
     </span>
    </p>
   </div>
   <div class='ocr_carea' id='block_1_71' title="bbox 2089 1295 3653 1366">
    <p class='ocr_par' dir='ltr' id='par_1_71' title="bbox 2089 1295 3653 1366">
     <span class='ocr_line' id='line_1_71' title="bbox 2089 1295 3653 1366; baseline 0.004 -21"><span class='ocrx_word' id='word_1_524' title='bbox 2089 1305 2195 1346; x_wconf 91' lang='lat' dir='ltr'><strong>tmu</strong></span> <span class='ocrx_word' id='word_1_525' title='bbox 2224 1295 2296 1347; x_wconf 81' lang='lat' dir='ltr'><strong>illi</strong></span> <span class='ocrx_word' id='word_1_526' title='bbox 2330 1295 2623 1348; x_wconf 81' lang='lat' dir='ltr'><strong>exercitum</strong></span> <span class='ocrx_word' id='word_1_527' title='bbox 2651 1310 2709 1348; x_wconf 93' lang='lat' dir='ltr'><strong>se</strong></span> <span class='ocrx_word' id='word_1_528' title='bbox 2742 1296 3082 1362; x_wconf 66' lang='lat' dir='ltr'><strong>prazbiturum</strong></span> <span class='ocrx_word' id='word_1_529' title='bbox 3137 1299 3401 1366; x_wconf 90' lang='lat' dir='ltr'><strong>pollicitus</strong></span> <span class='ocrx_word' id='word_1_530' title='bbox 3442 1300 3653 1365; x_wconf 85' lang='lat' dir='ltr'><strong>fuerat,</strong></span> 
     </span>
    </p>
   </div>
   <div class='ocr_carea' id='block_1_72' title="bbox 2085 1385 3656 1455">
    <p class='ocr_par' dir='ltr' id='par_1_72' title="bbox 2085 1385 3656 1455">
     <span class='ocr_line' id='line_1_72' title="bbox 2085 1385 3656 1455; baseline 0.004 -19"><span class='ocrx_word' id='word_1_531' title='bbox 2085 1396 2206 1440; x_wconf 88' lang='lat' dir='ltr'><strong>ante</strong></span> <span class='ocrx_word' id='word_1_532' title='bbox 2237 1386 2503 1454; x_wconf 89' lang='lat' dir='ltr'><strong>impletam</strong></span> <span class='ocrx_word' id='word_1_533' title='bbox 2553 1385 2979 1454; x_wconf 88' lang='lat' dir='ltr'><strong>pollicitationem</strong></span> <span class='ocrx_word' id='word_1_534' title='bbox 3025 1402 3288 1455; x_wconf 88' lang='lat' dir='ltr'><strong>occupans</strong></span> <span class='ocrx_word' id='word_1_535' title='bbox 3315 1430 3330 1453; x_wconf 90' lang='lat'><strong>,</strong></span> <span class='ocrx_word' id='word_1_536' title='bbox 3358 1390 3540 1444; x_wconf 80' lang='lat' dir='ltr'><strong>fraude</strong></span> <span class='ocrx_word' id='word_1_537' title='bbox 3577 1392 3656 1443; x_wconf 86' lang='lat' dir='ltr'><strong>iu-</strong></span> 
     </span>
    </p>
   </div>
   <div class='ocr_carea' id='block_1_73' title="bbox 2088 1476 3657 1543">
    <p class='ocr_par' dir='ltr' id='par_1_73' title="bbox 2088 1476 3657 1543">
     <span class='ocr_line' id='line_1_73' title="bbox 2088 1476 3657 1543; baseline 0.003 -15"><span class='ocrx_word' id='word_1_538' title='bbox 2088 1476 2302 1529; x_wconf 88' lang='lat' dir='ltr'><strong>terimit.</strong></span> <span class='ocrx_word' id='word_1_539' title='bbox 2333 1477 2425 1530; x_wconf 91' lang='lat' dir='ltr'><strong>Cui</strong></span> <span class='ocrx_word' id='word_1_540' title='bbox 2453 1478 2583 1530; x_wconf 84' lang='lat' dir='ltr'><strong>ca-di</strong></span> <span class='ocrx_word' id='word_1_541' title='bbox 2630 1477 2682 1530; x_wconf 93' lang='lat' dir='ltr'><strong>in</strong></span> <span class='ocrx_word' id='word_1_542' title='bbox 2715 1487 2914 1531; x_wconf 89' lang='lat' dir='ltr'><strong>tantum</strong></span> <span class='ocrx_word' id='word_1_543' title='bbox 2966 1478 3269 1543; x_wconf 90' lang='lat' dir='ltr'><strong>condoluit,</strong></span> <span class='ocrx_word' id='word_1_544' title='bbox 3321 1487 3380 1531; x_wconf 91' lang='lat' dir='ltr'><strong>ut</strong></span> <span class='ocrx_word' id='word_1_545' title='bbox 3426 1489 3480 1532; x_wconf 91' lang='lat' dir='ltr'><strong>et</strong></span> <span class='ocrx_word' id='word_1_546' title='bbox 3533 1490 3657 1533; x_wconf 91' lang='lat' dir='ltr'><strong>tunc</strong></span> 
     </span>
    </p>
   </div>
   <div class='ocr_carea' id='block_1_74' title="bbox 2086 1567 3656 1639">
    <p class='ocr_par' dir='ltr' id='par_1_74' title="bbox 2086 1567 3656 1639">
     <span class='ocr_line' id='line_1_74' title="bbox 2086 1567 3656 1639; baseline 0.003 -20"><span class='ocrx_word' id='word_1_547' title='bbox 2086 1568 2221 1619; x_wconf 91' lang='lat' dir='ltr'><strong>mala</strong></span> <span class='ocrx_word' id='word_1_548' title='bbox 2264 1567 2397 1621; x_wconf 86' lang='lat' dir='ltr'><strong>Joab</strong></span> <span class='ocrx_word' id='word_1_549' title='bbox 2427 1569 2808 1637; x_wconf 90' lang='lat' dir='ltr'><strong>imprecaretur</strong></span> <span class='ocrx_word' id='word_1_550' title='bbox 2833 1611 2847 1631; x_wconf 93' lang='lat'><strong>,</strong></span> <span class='ocrx_word' id='word_1_551' title='bbox 2896 1579 2951 1624; x_wconf 90' lang='lat' dir='ltr'><strong>et</strong></span> <span class='ocrx_word' id='word_1_552' title='bbox 2989 1571 3106 1639; x_wconf 91' lang='lat' dir='ltr'><strong>ipso</strong></span> <span class='ocrx_word' id='word_1_553' title='bbox 3145 1573 3333 1624; x_wconf 91' lang='lat' dir='ltr'><strong>mortis</strong></span> <span class='ocrx_word' id='word_1_554' title='bbox 3358 1586 3471 1625; x_wconf 69' lang='lat' dir='ltr'><strong>sua:</strong></span> <span class='ocrx_word' id='word_1_555' title='bbox 3518 1581 3656 1626; x_wconf 86' lang='lat' dir='ltr'><strong>tem—</strong></span> 
     </span>
    </p>
   </div>
   <div class='ocr_carea' id='block_1_75' title="bbox 2087 1658 3653 1726">
    <p class='ocr_par' dir='ltr' id='par_1_75' title="bbox 2087 1658 3653 1726">
     <span class='ocr_line' id='line_1_75' title="bbox 2087 1658 3653 1726; baseline 0.004 -15"><span class='ocrx_word' id='word_1_556' title='bbox 2087 1673 2213 1725; x_wconf 90' lang='lat' dir='ltr'><strong>pore</strong></span> <span class='ocrx_word' id='word_1_557' title='bbox 2243 1658 2352 1710; x_wconf 81' lang='lat' dir='ltr'><strong>ﬁlio</strong></span> <span class='ocrx_word' id='word_1_558' title='bbox 2374 1660 2655 1726; x_wconf 86' lang='lat' dir='ltr'><strong>imperaret</strong></span> <span class='ocrx_word' id='word_1_559' title='bbox 2686 1701 2697 1719; x_wconf 83' lang='lat'><strong>,</strong></span> <span class='ocrx_word' id='word_1_560' title='bbox 2732 1670 2787 1713; x_wconf 92' lang='lat' dir='ltr'><strong>ut</strong></span> <span class='ocrx_word' id='word_1_561' title='bbox 2814 1662 3064 1721; x_wconf 81' lang='lat' dir='ltr'><strong>ultionem</strong></span> <span class='ocrx_word' id='word_1_562' title='bbox 3092 1664 3156 1716; x_wconf 91' lang='lat' dir='ltr'><strong>ab</strong></span> <span class='ocrx_word' id='word_1_563' title='bbox 3185 1679 3249 1717; x_wconf 87' lang='lat' dir='ltr'><strong>eo</strong></span> <span class='ocrx_word' id='word_1_564' title='bbox 3279 1663 3406 1716; x_wconf 92' lang='lat' dir='ltr'><strong>tanti</strong></span> <span class='ocrx_word' id='word_1_565' title='bbox 3434 1662 3653 1718; x_wconf 77' lang='lat' dir='ltr'><strong>sceleris</strong></span> 
     </span>
    </p>
   </div>
   <div class='ocr_carea' id='block_1_76' title="bbox 2087 1748 3659 1820">
    <p class='ocr_par' dir='ltr' id='par_1_76' title="bbox 2087 1748 3659 1820">
     <span class='ocr_line' id='line_1_76' title="bbox 2087 1748 3659 1820; baseline 0.007 -24"><span class='ocrx_word' id='word_1_566' title='bbox 2087 1748 2323 1814; x_wconf 78' lang='lat' dir='ltr'><strong>exigeret</strong></span> <span class='ocrx_word' id='word_1_567' title='bbox 2349 1765 2360 1798; x_wconf 91' lang='lat'>:</span> <span class='ocrx_word' id='word_1_568' title='bbox 2386 1762 2448 1798; x_wconf 91' lang='lat' dir='ltr'><strong>ac</strong></span> <span class='ocrx_word' id='word_1_569' title='bbox 2490 1751 2653 1800; x_wconf 84' lang='lat' dir='ltr'><strong>verba</strong></span> <span class='ocrx_word' id='word_1_570' title='bbox 2680 1750 2788 1815; x_wconf 83' lang='lat' dir='ltr'><strong>ipsa</strong></span> <span class='ocrx_word' id='word_1_571' title='bbox 2836 1752 3222 1805; x_wconf 87' lang='lat' dir='ltr'><strong>lamentatiouis</strong></span> <span class='ocrx_word' id='word_1_572' title='bbox 3250 1768 3357 1805; x_wconf 79' lang='lat' dir='ltr'><strong>suae</strong></span> <span class='ocrx_word' id='word_1_573' title='bbox 3386 1753 3659 1820; x_wconf 83' lang='lat' dir='ltr'><strong>perturba-</strong></span> 
     </span>
    </p>
   </div>
   <div class='ocr_carea' id='block_1_77' title="bbox 2090 1839 3653 1911">
    <p class='ocr_par' dir='ltr' id='par_1_77' title="bbox 2090 1839 3653 1911">
     <span class='ocr_line' id='line_1_77' title="bbox 2090 1839 3653 1911; baseline 0.004 -21"><span class='ocrx_word' id='word_1_574' title='bbox 2090 1839 2285 1892; x_wconf 92' lang='lat' dir='ltr'><strong>tionem</strong></span> <span class='ocrx_word' id='word_1_575' title='bbox 2317 1840 2477 1891; x_wconf 90' lang='lat' dir='ltr'><strong>animi</strong></span> <span class='ocrx_word' id='word_1_576' title='bbox 2534 1840 2673 1893; x_wconf 90' lang='lat' dir='ltr'><strong>illius</strong></span> <span class='ocrx_word' id='word_1_577' title='bbox 2712 1842 2861 1895; x_wconf 87' lang='lat' dir='ltr'><strong>facile</strong></span> <span class='ocrx_word' id='word_1_578' title='bbox 2910 1843 3060 1895; x_wconf 90' lang='lat' dir='ltr'><strong>nobis</strong></span> <span class='ocrx_word' id='word_1_579' title='bbox 3100 1844 3367 1897; x_wconf 88' lang='lat' dir='ltr'><strong>insinuare</strong></span> <span class='ocrx_word' id='word_1_580' title='bbox 3415 1857 3653 1911; x_wconf 88' lang='lat' dir='ltr'><strong>possunt.</strong></span> 
     </span>
    </p>
   </div>
   <div class='ocr_carea' id='block_1_78' title="bbox 2090 1928 3658 2002">
    <p class='ocr_par' dir='ltr' id='par_1_78' title="bbox 2090 1928 3658 2002">
     <span class='ocr_line' id='line_1_78' title="bbox 2090 1928 3658 2002; baseline 0.004 -21"><span class='ocrx_word' id='word_1_581' title='bbox 2090 1928 2312 1982; x_wconf 75' lang='lat' dir='ltr'><strong>It‘lcvavit</strong></span> <span class='ocrx_word' id='word_1_582' title='bbox 2359 1931 2490 1983; x_wconf 83' lang='lat' dir='ltr'><strong>enim</strong></span> <span class='ocrx_word' id='word_1_583' title='bbox 2518 1947 2636 1995; x_wconf 75' lang='lat' dir='ltr'><strong>rex,</strong></span> <span class='ocrx_word' id='word_1_584' title='bbox 2667 1931 2833 2000; x_wconf 89' lang='lat' dir='ltr'><strong>inquit</strong></span> <span class='ocrx_word' id='word_1_585' title='bbox 2861 1973 2874 1995; x_wconf 93' lang='lat'><strong>,</strong></span> <span class='ocrx_word' id='word_1_586' title='bbox 2906 1949 3070 1985; x_wconf 85' lang='lat' dir='ltr'><strong>vocem</strong></span> <span class='ocrx_word' id='word_1_587' title='bbox 3097 1950 3278 1998; x_wconf 87' lang='lat' dir='ltr'><strong>suam,</strong></span> <span class='ocrx_word' id='word_1_588' title='bbox 3312 1950 3371 1986; x_wconf 87' lang='lat' dir='ltr'><strong>ac</strong></span> <span class='ocrx_word' id='word_1_589' title='bbox 3396 1935 3532 2002; x_wconf 79' lang='lat' dir='ltr'><strong>ﬂevit</strong></span> <span class='ocrx_word' id='word_1_590' title='bbox 3570 1952 3658 1988; x_wconf 83' lang='lat' dir='ltr'><strong>su-</strong></span> 
     </span>
    </p>
   </div>
   <div class='ocr_carea' id='block_1_79' title="bbox 2090 2022 3661 2088">
    <p class='ocr_par' dir='ltr' id='par_1_79' title="bbox 2090 2022 3661 2088">
     <span class='ocr_line' id='line_1_79' title="bbox 2090 2022 3661 2088; baseline 0.003 -15"><span class='ocrx_word' id='word_1_591' title='bbox 2090 2024 2390 2088; x_wconf 84' lang='lat' dir='ltr'><strong>pertumqu</strong></span> <span class='ocrx_word' id='word_1_592' title='bbox 2434 2023 2663 2076; x_wconf 81' lang='lat' dir='ltr'><strong>Abenner</strong></span> <span class='ocrx_word' id='word_1_593' title='bbox 2689 2065 2704 2087; x_wconf 95' lang='lat'><strong>,</strong></span> <span class='ocrx_word' id='word_1_594' title='bbox 2735 2033 2780 2076; x_wconf 89' lang='lat' dir='ltr'><strong>et</strong></span> <span class='ocrx_word' id='word_1_595' title='bbox 2810 2023 2935 2076; x_wconf 74' lang='lat' dir='ltr'><strong>dixit</strong></span> <span class='ocrx_word' id='word_1_596' title='bbox 2976 2039 2995 2077; x_wconf 90' lang='lat'><strong><em>:</em></strong></span> <span class='ocrx_word' id='word_1_597' title='bbox 3021 2022 3081 2078; x_wconf 88' lang='lat' dir='ltr'><strong>Si</strong></span> <span class='ocrx_word' id='word_1_598' title='bbox 3129 2026 3403 2078; x_wconf 86' lang='lat' dir='ltr'><strong>secundum</strong></span> <span class='ocrx_word' id='word_1_599' title='bbox 3455 2036 3661 2078; x_wconf 86' lang='lat' dir='ltr'><strong>mortem</strong></span> 
     </span>
    </p>
   </div>
   <div class='ocr_carea' id='block_1_80' title="bbox 2090 2110 3661 2185">
    <p class='ocr_par' dir='ltr' id='par_1_80' title="bbox 2090 2110 3661 2185">
     <span class='ocr_line' id='line_1_80' title="bbox 2090 2110 3661 2185; baseline 0.001 -21"><span class='ocrx_word' id='word_1_600' title='bbox 2090 2110 2262 2165; x_wconf 76' lang='lat' dir='ltr'><strong>Nabal</strong></span> <span class='ocrx_word' id='word_1_601' title='bbox 2314 2115 2549 2166; x_wconf 81' lang='lat' dir='ltr'><strong>morietur</strong></span> <span class='ocrx_word' id='word_1_602' title='bbox 2597 2114 2824 2167; x_wconf 81' lang='lat' dir='ltr'><strong>Abenner</strong></span> <span class='ocrx_word' id='word_1_603' title='bbox 2848 2155 2863 2178; x_wconf 93' lang='lat'><strong>,</strong></span> <span class='ocrx_word' id='word_1_604' title='bbox 2918 2130 3097 2167; x_wconf 86' lang='lat' dir='ltr'><strong>manus</strong></span> <span class='ocrx_word' id='word_1_605' title='bbox 3150 2126 3247 2168; x_wconf 75' lang='lat' dir='ltr'><strong>tute</strong></span> <span class='ocrx_word' id='word_1_606' title='bbox 3310 2134 3408 2168; x_wconf 88' lang='lat' dir='ltr'><strong>non</strong></span> <span class='ocrx_word' id='word_1_607' title='bbox 3459 2120 3661 2185; x_wconf 79' lang='lat' dir='ltr'><strong>fuerunt</strong></span> 
     </span>
    </p>
   </div>
   <div class='ocr_carea' id='block_1_81' title="bbox 2088 2204 3661 2274">
    <p class='ocr_par' dir='ltr' id='par_1_81' title="bbox 2088 2204 3661 2274">
     <span class='ocr_line' id='line_1_81' title="bbox 2088 2204 3661 2274; baseline 0.001 -18"><span class='ocrx_word' id='word_1_608' title='bbox 2088 2204 2265 2257; x_wconf 76' lang='lat' dir='ltr'><strong>vincta:</strong></span> <span class='ocrx_word' id='word_1_609' title='bbox 2288 2244 2301 2267; x_wconf 89' lang='lat'><strong>,</strong></span> <span class='ocrx_word' id='word_1_610' title='bbox 2332 2222 2491 2273; x_wconf 83' lang='lat' dir='ltr'><strong>neque</strong></span> <span class='ocrx_word' id='word_1_611' title='bbox 2542 2206 2691 2273; x_wconf 88' lang='lat' dir='ltr'><strong>pedes</strong></span> <span class='ocrx_word' id='word_1_612' title='bbox 2719 2207 2791 2257; x_wconf 85' lang='lat' dir='ltr'><strong>tui</strong></span> <span class='ocrx_word' id='word_1_613' title='bbox 2832 2206 2884 2258; x_wconf 89' lang='lat' dir='ltr'><strong>in</strong></span> <span class='ocrx_word' id='word_1_614' title='bbox 2928 2206 3247 2274; x_wconf 85' lang='lat' dir='ltr'><strong>compedibus</strong></span> <span class='ocrx_word' id='word_1_615' title='bbox 3271 2246 3286 2270; x_wconf 90' lang='lat'><strong>,</strong></span> <span class='ocrx_word' id='word_1_616' title='bbox 3319 2224 3474 2268; x_wconf 78' lang='lat' dir='ltr'><strong>neque</strong></span> <span class='ocrx_word' id='word_1_617' title='bbox 3496 2224 3661 2258; x_wconf 83' lang='lat' dir='ltr'><strong>acces-</strong></span> 
     </span>
    </p>
   </div>
   <div class='ocr_carea' id='block_1_82' title="bbox 2087 2294 3658 2367">
    <p class='ocr_par' dir='ltr' id='par_1_82' title="bbox 2087 2294 3658 2367">
     <span class='ocr_line' id='line_1_82' title="bbox 2087 2294 3658 2367; baseline -0.001 -18"><span class='ocrx_word' id='word_1_618' title='bbox 2087 2296 2198 2349; x_wconf 81' lang='lat' dir='ltr'><strong>sists&#39;</strong></span> <span class='ocrx_word' id='word_1_619' title='bbox 2234 2296 2363 2349; x_wconf 87' lang='lat' dir='ltr'><strong>sicut</strong></span> <span class='ocrx_word' id='word_1_620' title='bbox 2392 2294 2560 2347; x_wconf 78' lang='lat' dir='ltr'><strong>Nabal</strong></span> <span class='ocrx_word' id='word_1_621' title='bbox 2592 2310 2611 2347; x_wconf 91' lang='lat'><strong><em>:</em></strong></span> <span class='ocrx_word' id='word_1_622' title='bbox 2635 2312 2803 2348; x_wconf 88' lang='lat' dir='ltr'><strong>coram</strong></span> <span class='ocrx_word' id='word_1_623' title='bbox 2857 2296 2965 2361; x_wconf 79' lang='lat' dir='ltr'><strong>ﬁlio</strong></span> <span class='ocrx_word' id='word_1_624' title='bbox 3007 2297 3280 2364; x_wconf 83' lang='lat' dir='ltr'><strong>iniquitatis</strong></span> <span class='ocrx_word' id='word_1_625' title='bbox 3305 2299 3537 2349; x_wconf 81' lang='lat' dir='ltr'><strong>corruiin</strong></span> <span class='ocrx_word' id='word_1_626' title='bbox 3581 2298 3658 2367; x_wconf 74' lang='lat'><strong>(‘2.</strong></span> 
     </span>
    </p>
   </div>
   <div class='ocr_carea' id='block_1_83' title="bbox 2090 2385 3658 2457">
    <p class='ocr_par' dir='ltr' id='par_1_83' title="bbox 2090 2385 3658 2457">
     <span class='ocr_line' id='line_1_83' title="bbox 2090 2385 3658 2457; baseline 0.001 -18"><span class='ocrx_word' id='word_1_627' title='bbox 2090 2387 2218 2457; x_wconf 85' lang='lat' dir='ltr'><strong>Reg.</strong></span> <span class='ocrx_word' id='word_1_628' title='bbox 2249 2388 2303 2441; x_wconf 79' lang='grc'><strong>5.</strong></span> <span class='ocrx_word' id='word_1_629' title='bbox 2332 2386 2559 2455; x_wconf 71' lang='lat'><strong>52-34).</strong></span> <span class='ocrx_word' id='word_1_630' title='bbox 2588 2385 2723 2451; x_wconf 86' lang='lat' dir='ltr'><strong>Quid</strong></span> <span class='ocrx_word' id='word_1_631' title='bbox 2751 2386 2907 2455; x_wconf 80' lang='lat' dir='ltr'><strong>igitur</strong></span> <span class='ocrx_word' id='word_1_632' title='bbox 2931 2396 3047 2455; x_wconf 91' lang='lat' dir='ltr'><strong>post</strong></span> <span class='ocrx_word' id='word_1_633' title='bbox 3078 2385 3192 2440; x_wconf 71' lang='lat' dir='ltr'><strong>inec</strong></span> <span class='ocrx_word' id='word_1_634' title='bbox 3218 2388 3239 2440; x_wconf 72' lang='grc' dir='ltr'><strong>’ἒ</strong></span> <span class='ocrx_word' id='word_1_635' title='bbox 3287 2389 3415 2442; x_wconf 84' lang='lat' dir='ltr'><strong>Dolo</strong></span> <span class='ocrx_word' id='word_1_636' title='bbox 3454 2389 3658 2441; x_wconf 84' lang='lat' dir='ltr'><strong>interti-</strong></span> 
     </span>
    </p>
   </div>
   <div class='ocr_carea' id='block_1_84' title="bbox 2088 2478 3657 2546">
    <p class='ocr_par' dir='ltr' id='par_1_84' title="bbox 2088 2478 3657 2546">
     <span class='ocr_line' id='line_1_84' title="bbox 2088 2478 3657 2546; baseline 0 -13"><span class='ocrx_word' id='word_1_637' title='bbox 2088 2480 2228 2533; x_wconf 89' lang='lat' dir='ltr'><strong>citur</strong></span> <span class='ocrx_word' id='word_1_638' title='bbox 2272 2478 2694 2546; x_wconf 80' lang='lat' dir='ltr'><strong>Memphibosthe</strong></span> <span class='ocrx_word' id='word_1_639' title='bbox 2723 2480 2739 2509; x_wconf 75' lang='grc'><strong><em>³</em></strong></span> <span class='ocrx_word' id='word_1_640' title='bbox 2765 2519 2780 2539; x_wconf 84' lang='grc'><strong>.</strong></span> <span class='ocrx_word' id='word_1_641' title='bbox 2827 2480 3184 2546; x_wconf 87' lang='lat' dir='ltr'><strong>successitque</strong></span> <span class='ocrx_word' id='word_1_642' title='bbox 3231 2479 3353 2533; x_wconf 88' lang='lat' dir='ltr'><strong>hinc</strong></span> <span class='ocrx_word' id='word_1_643' title='bbox 3400 2495 3598 2535; x_wconf 74' lang='lat' dir='ltr'><strong>mceror</strong></span> <span class='ocrx_word' id='word_1_644' title='bbox 3643 2498 3657 2542; x_wconf 86' lang='lat'>;</span> 
     </span>
    </p>
   </div>
   <div class='ocr_carea' id='block_1_85' title="bbox 2089 2570 3664 2639">
    <p class='ocr_par' dir='ltr' id='par_1_85' title="bbox 2089 2570 3664 2639">
     <span class='ocr_line' id='line_1_85' title="bbox 2089 2570 3664 2639; baseline 0.001 -18"><span class='ocrx_word' id='word_1_645' title='bbox 2089 2571 2286 2639; x_wconf 87' lang='lat' dir='ltr'><strong>quippe</strong></span> <span class='ocrx_word' id='word_1_646' title='bbox 2334 2578 2389 2622; x_wconf 89' lang='lat' dir='ltr'><strong>et</strong></span> <span class='ocrx_word' id='word_1_647' title='bbox 2431 2570 2575 2623; x_wconf 81' lang='lat' dir='ltr'><strong>illum</strong></span> <span class='ocrx_word' id='word_1_648' title='bbox 2640 2572 2709 2622; x_wconf 90' lang='lat' dir='ltr'><strong>ita</strong></span> <span class='ocrx_word' id='word_1_649' title='bbox 2760 2570 2893 2623; x_wconf 82' lang='lat' dir='ltr'><strong>luxit</strong></span> <span class='ocrx_word' id='word_1_650' title='bbox 2940 2582 3153 2639; x_wconf 84' lang='lat' dir='ltr'><strong>postea,</strong></span> <span class='ocrx_word' id='word_1_651' title='bbox 3201 2579 3254 2622; x_wconf 93' lang='lat' dir='ltr'><strong>ut</strong></span> <span class='ocrx_word' id='word_1_652' title='bbox 3296 2570 3664 2625; x_wconf 82' lang='lat' dir='ltr'><strong>inlerfectores</strong></span> 
     </span>
    </p>
   </div>
   <div class='ocr_carea' id='block_1_86' title="bbox 2090 2659 3659 2728">
    <p class='ocr_par' dir='ltr' id='par_1_86' title="bbox 2090 2659 3659 2728">
     <span class='ocr_line' id='line_1_86' title="bbox 2090 2659 3659 2728; baseline -0.003 -13"><span class='ocrx_word' id='word_1_653' title='bbox 2090 2662 2207 2728; x_wconf 89' lang='lat' dir='ltr'><strong>ejus</strong></span> <span class='ocrx_word' id='word_1_654' title='bbox 2232 2669 2405 2714; x_wconf 91' lang='lat' dir='ltr'><strong>morte</strong></span> <span class='ocrx_word' id='word_1_655' title='bbox 2454 2660 2735 2713; x_wconf 89' lang='lat' dir='ltr'><strong>mulctaret</strong></span> <span class='ocrx_word' id='word_1_656' title='bbox 2764 2678 2776 2713; x_wconf 91' lang='lat'><strong>:</strong></span> <span class='ocrx_word' id='word_1_657' title='bbox 2806 2660 2998 2715; x_wconf 90' lang='lat' dir='ltr'><strong>cohors</strong></span> <span class='ocrx_word' id='word_1_658' title='bbox 3043 2660 3166 2713; x_wconf 90' lang='lat' dir='ltr'><strong>item</strong></span> <span class='ocrx_word' id='word_1_659' title='bbox 3196 2660 3502 2713; x_wconf 85' lang='lat' dir='ltr'><strong>claudurum</strong></span> <span class='ocrx_word' id='word_1_660' title='bbox 3559 2659 3659 2711; x_wconf 60' lang='lat' dir='ltr'><strong>ob.</strong></span> 
     </span>
    </p>
   </div>
   <div class='ocr_carea' id='block_1_87' title="bbox 2088 2748 3663 2819">
    <p class='ocr_par' dir='ltr' id='par_1_87' title="bbox 2088 2748 3663 2819">
     <span class='ocr_line' id='line_1_87' title="bbox 2088 2748 3663 2819; baseline -0.003 -15"><span class='ocrx_word' id='word_1_661' title='bbox 2088 2751 2228 2819; x_wconf 88' lang='lat' dir='ltr'><strong>jecta</strong></span> <span class='ocrx_word' id='word_1_662' title='bbox 2267 2751 2414 2804; x_wconf 87' lang='lat' dir='ltr'><strong>illum</strong></span> <span class='ocrx_word' id='word_1_663' title='bbox 2458 2749 2738 2804; x_wconf 88' lang='lat' dir='ltr'><strong>immodice</strong></span> <span class='ocrx_word' id='word_1_664' title='bbox 2776 2748 3026 2803; x_wconf 89' lang='lat' dir='ltr'><strong>turbavit.</strong></span> <span class='ocrx_word' id='word_1_665' title='bbox 3083 2749 3173 2803; x_wconf 83' lang='lat' dir='ltr'><strong>Eis</strong></span> <span class='ocrx_word' id='word_1_666' title='bbox 3217 2758 3391 2802; x_wconf 86' lang='lat' dir='ltr'><strong>tamen</strong></span> <span class='ocrx_word' id='word_1_667' title='bbox 3442 2749 3663 2816; x_wconf 82' lang='lat' dir='ltr'><strong>aliisque</strong></span> 
     </span>
    </p>
   </div>
   <div class='ocr_carea' id='block_1_88' title="bbox 2095 2837 3664 2909">
    <p class='ocr_par' dir='ltr' id='par_1_88' title="bbox 2095 2837 3664 2909">
     <span class='ocr_line' id='line_1_88' title="bbox 2095 2837 3664 2909; baseline -0.004 -14"><span class='ocrx_word' id='word_1_668' title='bbox 2095 2842 2336 2895; x_wconf 88' lang='lat' dir='ltr'><strong>hostibus</strong></span> <span class='ocrx_word' id='word_1_669' title='bbox 2361 2841 2626 2894; x_wconf 89' lang='lat' dir='ltr'><strong>nonnullis</strong></span> <span class='ocrx_word' id='word_1_670' title='bbox 2648 2840 2942 2909; x_wconf 85' lang='lat' dir='ltr'><strong>superatis,</strong></span> <span class='ocrx_word' id='word_1_671' title='bbox 2970 2852 3148 2892; x_wconf 89' lang='lat' dir='ltr'><strong>arcam</strong></span> <span class='ocrx_word' id='word_1_672' title='bbox 3194 2838 3391 2907; x_wconf 81' lang='lat' dir='ltr'><strong>ingenti</strong></span> <span class='ocrx_word' id='word_1_673' title='bbox 3421 2853 3539 2891; x_wconf 90' lang='lat' dir='ltr'><strong>cum</strong></span> <span class='ocrx_word' id='word_1_674' title='bbox 3571 2837 3664 2890; x_wconf 83' lang='lat' dir='ltr'><strong>la:-</strong></span> 
     </span>
    </p>
   </div>
   <div class='ocr_carea' id='block_1_89' title="bbox 2096 2926 3662 2998">
    <p class='ocr_par' dir='ltr' id='par_1_89' title="bbox 2096 2926 3662 2998">
     <span class='ocr_line' id='line_1_89' title="bbox 2096 2926 3662 2998; baseline -0.005 -14"><span class='ocrx_word' id='word_1_675' title='bbox 2096 2930 2206 2985; x_wconf 91' lang='lat' dir='ltr'><strong>titia</strong></span> <span class='ocrx_word' id='word_1_676' title='bbox 2252 2930 2503 2984; x_wconf 84' lang='lat' dir='ltr'><strong>reducere</strong></span> <span class='ocrx_word' id='word_1_677' title='bbox 2551 2930 2775 2983; x_wconf 86' lang='lat' dir='ltr'><strong>instituit</strong></span> <span class='ocrx_word' id='word_1_678' title='bbox 2819 2928 2896 2998; x_wconf 69' lang='lat'><strong>(‘2.</strong></span> <span class='ocrx_word' id='word_1_679' title='bbox 2931 2926 3057 2997; x_wconf 81' lang='lat' dir='ltr'><strong>Reg.</strong></span> <span class='ocrx_word' id='word_1_680' title='bbox 3091 2926 3146 2981; x_wconf 89' lang='lat'><strong>6.</strong></span> <span class='ocrx_word' id='word_1_681' title='bbox 3179 2926 3266 2995; x_wconf 77' lang='lat'><strong>3).</strong></span> <span class='ocrx_word' id='word_1_682' title='bbox 3313 2926 3505 2981; x_wconf 85' lang='lat' dir='ltr'><strong>Verum</strong></span> <span class='ocrx_word' id='word_1_683' title='bbox 3543 2941 3662 2979; x_wconf 88' lang='lat' dir='ltr'><strong>cum</strong></span> 
     </span>
    </p>
   </div>
   <div class='ocr_carea' id='block_1_90' title="bbox 2095 3017 3664 3087">
    <p class='ocr_par' dir='ltr' id='par_1_90' title="bbox 2095 3017 3664 3087">
     <span class='ocr_line' id='line_1_90' title="bbox 2095 3017 3664 3087; baseline -0.004 -12"><span class='ocrx_word' id='word_1_684' title='bbox 2095 3036 2156 3075; x_wconf 91' lang='lat' dir='ltr'><strong>ea</strong></span> <span class='ocrx_word' id='word_1_685' title='bbox 2186 3022 2554 3081; x_wconf 87' lang='lat' dir='ltr'><strong>reduceretur,</strong></span> <span class='ocrx_word' id='word_1_686' title='bbox 2586 3019 2936 3087; x_wconf 86' lang='lat' dir='ltr'><strong>gaudentibus</strong></span> <span class='ocrx_word' id='word_1_687' title='bbox 2962 3017 3235 3081; x_wconf 88' lang='lat' dir='ltr'><strong>omnibus,</strong></span> <span class='ocrx_word' id='word_1_688' title='bbox 3277 3018 3329 3071; x_wconf 92' lang='lat' dir='ltr'><strong>in</strong></span> <span class='ocrx_word' id='word_1_689' title='bbox 3359 3017 3535 3071; x_wconf 86' lang='lat' dir='ltr'><strong>medio</strong></span> <span class='ocrx_word' id='word_1_690' title='bbox 3576 3017 3664 3069; x_wconf 60' lang='lat' dir='ltr'><strong>Iaz-</strong></span> 
     </span>
    </p>
   </div>
   <div class='ocr_carea' id='block_1_91' title="bbox 2100 3108 3667 3179">
    <p class='ocr_par' dir='ltr' id='par_1_91' title="bbox 2100 3108 3667 3179">
     <span class='ocr_line' id='line_1_91' title="bbox 2100 3108 3667 3179; baseline -0.003 -14"><span class='ocrx_word' id='word_1_691' title='bbox 2100 3113 2229 3166; x_wconf 75' lang='lat' dir='ltr'><strong>titite</strong></span> <span class='ocrx_word' id='word_1_692' title='bbox 2278 3125 2364 3165; x_wconf 89' lang='lat' dir='ltr'><strong>res</strong></span> <span class='ocrx_word' id='word_1_693' title='bbox 2401 3112 2653 3179; x_wconf 88' lang='lat' dir='ltr'><strong>contigit.</strong></span> <span class='ocrx_word' id='word_1_694' title='bbox 2684 3124 2803 3178; x_wconf 71' lang='lat' dir='ltr'><strong>qua:</strong></span> <span class='ocrx_word' id='word_1_695' title='bbox 2830 3109 3153 3177; x_wconf 88' lang='lat' dir='ltr'><strong>voluptatem</strong></span> <span class='ocrx_word' id='word_1_696' title='bbox 3203 3108 3514 3163; x_wconf 86' lang='lat' dir='ltr'><strong>obscuraret</strong></span> <span class='ocrx_word' id='word_1_697' title='bbox 3549 3124 3667 3161; x_wconf 90' lang='lat' dir='ltr'><strong>om-</strong></span> 
     </span>
    </p>
   </div>
   <div class='ocr_carea' id='block_1_92' title="bbox 2099 3199 3671 3271">
    <p class='ocr_par' dir='ltr' id='par_1_92' title="bbox 2099 3199 3671 3271">
     <span class='ocr_line' id='line_1_92' title="bbox 2099 3199 3671 3271; baseline -0.003 -15"><span class='ocrx_word' id='word_1_698' title='bbox 2099 3204 2241 3256; x_wconf 91' lang='lat' dir='ltr'><strong>uium</strong></span> <span class='ocrx_word' id='word_1_699' title='bbox 2264 3244 2279 3267; x_wconf 91' lang='lat'><strong>,</strong></span> <span class='ocrx_word' id='word_1_700' title='bbox 2325 3203 2568 3271; x_wconf 85' lang='lat' dir='ltr'><strong>regisque</strong></span> <span class='ocrx_word' id='word_1_701' title='bbox 2588 3202 2821 3255; x_wconf 84' lang='lat' dir='ltr'><strong>animum</strong></span> <span class='ocrx_word' id='word_1_702' title='bbox 2850 3200 3047 3269; x_wconf 89' lang='lat' dir='ltr'><strong>ingenti</strong></span> <span class='ocrx_word' id='word_1_703' title='bbox 3068 3199 3253 3254; x_wconf 89' lang='lat' dir='ltr'><strong>dolore</strong></span> <span class='ocrx_word' id='word_1_704' title='bbox 3281 3216 3344 3254; x_wconf 86' lang='lat' dir='ltr'><strong>ac</strong></span> <span class='ocrx_word' id='word_1_705' title='bbox 3374 3214 3515 3253; x_wconf 89' lang='lat' dir='ltr'><strong>metu</strong></span> <span class='ocrx_word' id='word_1_706' title='bbox 3541 3214 3671 3254; x_wconf 87' lang='lat' dir='ltr'><strong>con-</strong></span> 
     </span>
    </p>
   </div>
   <div class='ocr_carea' id='block_1_93' title="bbox 2099 3292 3667 3351">
    <p class='ocr_par' dir='ltr' id='par_1_93' title="bbox 2099 3292 3667 3351">
     <span class='ocr_line' id='line_1_93' title="bbox 2099 3292 3667 3351; baseline -0.004 -2"><span class='ocrx_word' id='word_1_707' title='bbox 2099 3294 2324 3351; x_wconf 87' lang='lat' dir='ltr'><strong>foderet.</strong></span> <span class='ocrx_word' id='word_1_708' title='bbox 2360 3295 2467 3349; x_wconf 84' lang='lat' dir='ltr'><strong>Oza</strong></span> <span class='ocrx_word' id='word_1_709' title='bbox 2506 3295 2645 3348; x_wconf 90' lang='lat' dir='ltr'><strong>enim</strong></span> <span class='ocrx_word' id='word_1_710' title='bbox 2690 3308 2810 3347; x_wconf 91' lang='lat' dir='ltr'><strong>cum</strong></span> <span class='ocrx_word' id='word_1_711' title='bbox 2842 3292 3003 3346; x_wconf 88' lang='lat' dir='ltr'><strong>vellet</strong></span> <span class='ocrx_word' id='word_1_712' title='bbox 3046 3306 3225 3345; x_wconf 85' lang='lat' dir='ltr'><strong>arcam</strong></span> <span class='ocrx_word' id='word_1_713' title='bbox 3267 3294 3528 3345; x_wconf 84' lang='lat' dir='ltr'><strong>labantem</strong></span> <span class='ocrx_word' id='word_1_714' title='bbox 3558 3306 3667 3344; x_wconf 82' lang='lat' dir='ltr'><strong>ert-</strong></span> 
     </span>
    </p>
   </div>
   <div class='ocr_carea' id='block_1_94' title="bbox 2096 3383 3666 3459">
    <p class='ocr_par' dir='ltr' id='par_1_94' title="bbox 2096 3383 3666 3459">
     <span class='ocr_line' id='line_1_94' title="bbox 2096 3383 3666 3459; baseline -0.006 -16"><span class='ocrx_word' id='word_1_715' title='bbox 2096 3404 2221 3459; x_wconf 87' lang='lat' dir='ltr'><strong>gere</strong></span> <span class='ocrx_word' id='word_1_716' title='bbox 2243 3431 2258 3454; x_wconf 95' lang='lat'><strong>,</strong></span> <span class='ocrx_word' id='word_1_717' title='bbox 2292 3388 2384 3442; x_wconf 90' lang='lat' dir='ltr'><strong>Dei</strong></span> <span class='ocrx_word' id='word_1_718' title='bbox 2411 3386 2688 3440; x_wconf 89' lang='lat' dir='ltr'><strong>confestim</strong></span> <span class='ocrx_word' id='word_1_719' title='bbox 2716 3383 2985 3439; x_wconf 89' lang='lat' dir='ltr'><strong>iracundia</strong></span> <span class='ocrx_word' id='word_1_720' title='bbox 3017 3397 3298 3451; x_wconf 82' lang='lat' dir='ltr'><strong>percussus</strong></span> <span class='ocrx_word' id='word_1_721' title='bbox 3326 3397 3389 3435; x_wconf 88' lang='lat' dir='ltr'><strong>ac</strong></span> <span class='ocrx_word' id='word_1_722' title='bbox 3427 3390 3666 3434; x_wconf 85' lang='lat' dir='ltr'><strong>mortuus</strong></span> 
     </span>
    </p>
   </div>
   <div class='ocr_carea' id='block_1_95' title="bbox 2096 3472 3669 3545">
    <p class='ocr_par' dir='ltr' id='par_1_95' title="bbox 2096 3472 3669 3545">
     <span class='ocr_line' id='line_1_95' title="bbox 2096 3472 3669 3545; baseline -0.006 -11"><span class='ocrx_word' id='word_1_723' title='bbox 2096 3488 2177 3534; x_wconf 89' lang='lat' dir='ltr'><strong>est</strong></span> <span class='ocrx_word' id='word_1_724' title='bbox 2207 3496 2219 3529; x_wconf 90' lang='lat'><strong>:</strong></span> <span class='ocrx_word' id='word_1_725' title='bbox 2252 3492 2419 3545; x_wconf 86' lang='lat' dir='ltr'><strong>usque</strong></span> <span class='ocrx_word' id='word_1_726' title='bbox 2470 3476 2605 3530; x_wconf 89' lang='lat' dir='ltr'><strong>adeo</strong></span> <span class='ocrx_word' id='word_1_727' title='bbox 2644 3484 2820 3528; x_wconf 90' lang='lat' dir='ltr'><strong>autem</strong></span> <span class='ocrx_word' id='word_1_728' title='bbox 2858 3474 2997 3543; x_wconf 86' lang='lat' dir='ltr'><strong>regis</strong></span> <span class='ocrx_word' id='word_1_729' title='bbox 3046 3473 3281 3527; x_wconf 90' lang='lat' dir='ltr'><strong>animum</strong></span> <span class='ocrx_word' id='word_1_730' title='bbox 3345 3481 3515 3526; x_wconf 89' lang='lat' dir='ltr'><strong>metus</strong></span> <span class='ocrx_word' id='word_1_731' title='bbox 3568 3472 3669 3525; x_wconf 83' lang='lat' dir='ltr'><strong>iste</strong></span> 
     </span>
    </p>
   </div>
   <div class='ocr_carea' id='block_1_96' title="bbox 2097 3561 3670 3634">
    <p class='ocr_par' dir='ltr' id='par_1_96' title="bbox 2097 3561 3670 3634">
     <span class='ocr_line' id='line_1_96' title="bbox 2097 3561 3670 3634; baseline -0.006 -11"><span class='ocrx_word' id='word_1_732' title='bbox 2097 3569 2403 3633; x_wconf 89' lang='lat' dir='ltr'><strong>commovit,</strong></span> <span class='ocrx_word' id='word_1_733' title='bbox 2433 3577 2489 3622; x_wconf 91' lang='lat' dir='ltr'><strong>ut</strong></span> <span class='ocrx_word' id='word_1_734' title='bbox 2533 3581 2638 3620; x_wconf 91' lang='lat' dir='ltr'><strong>non</strong></span> <span class='ocrx_word' id='word_1_735' title='bbox 2669 3566 2815 3634; x_wconf 90' lang='lat' dir='ltr'><strong>prius</strong></span> <span class='ocrx_word' id='word_1_736' title='bbox 2851 3564 3067 3619; x_wconf 90' lang='lat' dir='ltr'><strong>auderet</strong></span> <span class='ocrx_word' id='word_1_737' title='bbox 3096 3577 3274 3617; x_wconf 84' lang='lat' dir='ltr'><strong>arcam</strong></span> <span class='ocrx_word' id='word_1_738' title='bbox 3314 3561 3381 3615; x_wconf 91' lang='lat' dir='ltr'><strong>ad</strong></span> <span class='ocrx_word' id='word_1_739' title='bbox 3416 3576 3475 3616; x_wconf 87' lang='lat' dir='ltr'><strong>se</strong></span> <span class='ocrx_word' id='word_1_740' title='bbox 3504 3563 3670 3615; x_wconf 83' lang='lat' dir='ltr'><strong>intro-</strong></span> 
     </span>
    </p>
   </div>
   <div class='ocr_carea' id='block_1_97' title="bbox 2097 3656 3667 3731">
    <p class='ocr_par' dir='ltr' id='par_1_97' title="bbox 2097 3656 3667 3731">
     <span class='ocr_line' id='line_1_97' title="bbox 2097 3656 3667 3731; baseline -0.004 -16"><span class='ocrx_word' id='word_1_741' title='bbox 2097 3662 2295 3716; x_wconf 89' lang='lat' dir='ltr'><strong>ducere</strong></span> <span class='ocrx_word' id='word_1_742' title='bbox 2321 3703 2333 3725; x_wconf 94' lang='lat'><strong>,</strong></span> <span class='ocrx_word' id='word_1_743' title='bbox 2358 3675 2515 3731; x_wconf 89' lang='lat' dir='ltr'><strong>quam</strong></span> <span class='ocrx_word' id='word_1_744' title='bbox 2546 3658 2848 3714; x_wconf 87' lang='lat' dir='ltr'><strong>addisceret</strong></span> <span class='ocrx_word' id='word_1_745' title='bbox 2899 3672 3129 3726; x_wconf 90' lang='lat' dir='ltr'><strong>quonam</strong></span> <span class='ocrx_word' id='word_1_746' title='bbox 3171 3656 3330 3708; x_wconf 87' lang='lat' dir='ltr'><strong>modo</strong></span> <span class='ocrx_word' id='word_1_747' title='bbox 3374 3670 3498 3724; x_wconf 89' lang='lat' dir='ltr'><strong>erga</strong></span> <span class='ocrx_word' id='word_1_748' title='bbox 3546 3672 3667 3709; x_wconf 90' lang='lat' dir='ltr'><strong>eum</strong></span> 
     </span>
    </p>
   </div>
   <div class='ocr_carea' id='block_1_98' title="bbox 2098 3746 3671 3823">
    <p class='ocr_par' dir='ltr' id='par_1_98' title="bbox 2098 3746 3671 3823">
     <span class='ocr_line' id='line_1_98' title="bbox 2098 3746 3671 3823; baseline -0.004 -15"><span class='ocrx_word' id='word_1_749' title='bbox 2098 3769 2157 3808; x_wconf 87' lang='lat' dir='ltr'><strong>se</strong></span> <span class='ocrx_word' id='word_1_750' title='bbox 2200 3761 2441 3823; x_wconf 88' lang='lat' dir='ltr'><strong>gereret,</strong></span> <span class='ocrx_word' id='word_1_751' title='bbox 2472 3752 2559 3821; x_wconf 92' lang='lat' dir='ltr'><strong>qui</strong></span> <span class='ocrx_word' id='word_1_752' title='bbox 2608 3752 2748 3804; x_wconf 91' lang='lat' dir='ltr'><strong>illam</strong></span> <span class='ocrx_word' id='word_1_753' title='bbox 2799 3756 3107 3817; x_wconf 88' lang='lat' dir='ltr'><strong>susceperat</strong></span> <span class='ocrx_word' id='word_1_754' title='bbox 3132 3746 3431 3801; x_wconf 79' lang='lat' dir='ltr'><strong>Abeddam.</strong></span> <span class='ocrx_word' id='word_1_755' title='bbox 3484 3747 3671 3801; x_wconf 81' lang='lat' dir='ltr'><strong>Postea</strong></span> 
     </span>
    </p>
   </div>
   <div class='ocr_carea' id='block_1_99' title="bbox 2100 3834 3670 3910">
    <p class='ocr_par' dir='ltr' id='par_1_99' title="bbox 2100 3834 3670 3910">
     <span class='ocr_line' id='line_1_99' title="bbox 2100 3834 3670 3910; baseline -0.007 -9"><span class='ocrx_word' id='word_1_756' title='bbox 2100 3856 2314 3900; x_wconf 87' lang='lat' dir='ltr'><strong>mortuo</strong></span> <span class='ocrx_word' id='word_1_757' title='bbox 2366 3844 2783 3897; x_wconf 85' lang='lat' dir='ltr'><strong>Ammanitarum</strong></span> <span class='ocrx_word' id='word_1_758' title='bbox 2822 3855 2949 3910; x_wconf 86' lang='lat' dir='ltr'><strong>rege</strong></span> <span class='ocrx_word' id='word_1_759' title='bbox 2965 3838 3041 3908; x_wconf 77' lang='lat'><strong>(‘2.</strong></span> <span class='ocrx_word' id='word_1_760' title='bbox 3062 3835 3185 3907; x_wconf 85' lang='lat' dir='ltr'><strong>Reg.</strong></span> <span class='ocrx_word' id='word_1_761' title='bbox 3205 3834 3382 3905; x_wconf 69' lang='lat' dir='ltr'><strong>i0.2),</strong></span> <span class='ocrx_word' id='word_1_762' title='bbox 3408 3849 3520 3889; x_wconf 91' lang='lat' dir='ltr'><strong>rem</strong></span> <span class='ocrx_word' id='word_1_763' title='bbox 3551 3840 3670 3893; x_wconf 89' lang='lat' dir='ltr'><strong>boni</strong></span> 
     </span>
    </p>
   </div>
   <div class='ocr_carea' id='block_1_100' title="bbox 2101 3930 3672 4007">
    <p class='ocr_par' dir='ltr' id='par_1_100' title="bbox 2101 3930 3672 4007">
     <span class='ocr_line' id='line_1_100' title="bbox 2101 3930 3672 4007; baseline -0.008 -14"><span class='ocrx_word' id='word_1_764' title='bbox 2101 3954 2165 3993; x_wconf 90' lang='lat' dir='ltr'><strong>ac</strong></span> <span class='ocrx_word' id='word_1_765' title='bbox 2196 3937 2404 4007; x_wconf 91' lang='lat' dir='ltr'><strong>benigni</strong></span> <span class='ocrx_word' id='word_1_766' title='bbox 2438 3934 2665 3988; x_wconf 89' lang='lat' dir='ltr'><strong>hominis</strong></span> <span class='ocrx_word' id='word_1_767' title='bbox 2710 3932 2945 3992; x_wconf 87' lang='lat' dir='ltr'><strong>faciens,</strong></span> <span class='ocrx_word' id='word_1_768' title='bbox 2978 3932 3119 3984; x_wconf 90' lang='lat' dir='ltr'><strong>misit</strong></span> <span class='ocrx_word' id='word_1_769' title='bbox 3145 3932 3231 3998; x_wconf 84' lang='lat' dir='ltr'><strong>qui</strong></span> <span class='ocrx_word' id='word_1_770' title='bbox 3271 3930 3672 3983; x_wconf 85' lang='lat' dir='ltr'><strong>consolarentur</strong></span> 
     </span>
    </p>
   </div>
   <div class='ocr_carea' id='block_1_101' title="bbox 2104 4022 3673 4099">
    <p class='ocr_par' dir='ltr' id='par_1_101' title="bbox 2104 4022 3673 4099">
     <span class='ocr_line' id='line_1_101' title="bbox 2104 4022 3673 4099; baseline -0.007 -15"><span class='ocrx_word' id='word_1_771' title='bbox 2104 4033 2269 4085; x_wconf 86' lang='lat' dir='ltr'><strong>tilium</strong></span> <span class='ocrx_word' id='word_1_772' title='bbox 2312 4032 2447 4099; x_wconf 90' lang='lat' dir='ltr'><strong>ejus,</strong></span> <span class='ocrx_word' id='word_1_773' title='bbox 2492 4027 2974 4096; x_wconf 89' lang='lat' dir='ltr'><strong>persuadereutque</strong></span> <span class='ocrx_word' id='word_1_774' title='bbox 3001 4024 3165 4092; x_wconf 89' lang='lat' dir='ltr'><strong>patris</strong></span> <span class='ocrx_word' id='word_1_775' title='bbox 3184 4022 3382 4076; x_wconf 92' lang='lat' dir='ltr'><strong>obitum</strong></span> <span class='ocrx_word' id='word_1_776' title='bbox 3414 4024 3673 4092; x_wconf 87' lang='lat' dir='ltr'><strong>patienter</strong></span> 
     </span>
    </p>
   </div>
   <div class='ocr_carea' id='block_1_102' title="bbox 2106 4112 3677 4186">
    <p class='ocr_par' dir='ltr' id='par_1_102' title="bbox 2106 4112 3677 4186">
     <span class='ocr_line' id='line_1_102' title="bbox 2106 4112 3677 4186; baseline -0.008 -9"><span class='ocrx_word' id='word_1_777' title='bbox 2106 4125 2353 4179; x_wconf 88' lang='lat' dir='ltr'><strong>tolerare.</strong></span> <span class='ocrx_word' id='word_1_778' title='bbox 2406 4121 2539 4173; x_wconf 87' lang='lat' dir='ltr'><strong>Tum</strong></span> <span class='ocrx_word' id='word_1_779' title='bbox 2600 4120 2686 4171; x_wconf 89' lang='lat' dir='ltr'><strong>ille</strong></span> <span class='ocrx_word' id='word_1_780' title='bbox 2736 4131 2834 4186; x_wconf 85' lang='lat' dir='ltr'><strong>pro</strong></span> <span class='ocrx_word' id='word_1_781' title='bbox 2894 4116 3094 4169; x_wconf 87' lang='lat' dir='ltr'><strong>honore</strong></span> <span class='ocrx_word' id='word_1_782' title='bbox 3155 4125 3400 4183; x_wconf 85' lang='lat' dir='ltr'><strong>suscepto</strong></span> <span class='ocrx_word' id='word_1_783' title='bbox 3471 4112 3677 4182; x_wconf 88' lang='lat' dir='ltr'><strong>injuriis</strong></span> 
     </span>
    </p>
   </div>
   <div class='ocr_carea' id='block_1_103' title="bbox 2102 4204 3671 4281">
    <p class='ocr_par' dir='ltr' id='par_1_103' title="bbox 2102 4204 3671 4281">
     <span class='ocr_line' id='line_1_103' title="bbox 2102 4204 3671 4281; baseline -0.009 -12"><span class='ocrx_word' id='word_1_784' title='bbox 2102 4217 2359 4270; x_wconf 85' lang='lat' dir='ltr'><strong>abeuntes</strong></span> <span class='ocrx_word' id='word_1_785' title='bbox 2384 4221 2733 4281; x_wconf 81' lang='lat' dir='ltr'><strong>proseqtuttus</strong></span> <span class='ocrx_word' id='word_1_786' title='bbox 2761 4208 3135 4261; x_wconf 81' lang='lat' dir='ltr'><strong>dehonestatns</strong></span> <span class='ocrx_word' id='word_1_787' title='bbox 3157 4206 3359 4259; x_wconf 90' lang='lat' dir='ltr'><strong>remisit</strong></span> <span class='ocrx_word' id='word_1_788' title='bbox 3384 4204 3448 4259; x_wconf 86' lang='lat' dir='ltr'><strong>ad</strong></span> <span class='ocrx_word' id='word_1_789' title='bbox 3470 4219 3671 4272; x_wconf 89' lang='lat' dir='ltr'><strong>regem.</strong></span> 
     </span>
    </p>
   </div>
   <div class='ocr_carea' id='block_1_104' title="bbox 2102 4295 3673 4364">
    <p class='ocr_par' dir='ltr' id='par_1_104' title="bbox 2102 4295 3673 4364">
     <span class='ocr_line' id='line_1_104' title="bbox 2102 4295 3673 4364; baseline -0.009 -3"><span class='ocrx_word' id='word_1_790' title='bbox 2102 4308 2363 4362; x_wconf 86' lang='lat' dir='ltr'><strong>Parumne</strong></span> <span class='ocrx_word' id='word_1_791' title='bbox 2408 4303 2507 4357; x_wconf 92' lang='lat' dir='ltr'><strong>hoc</strong></span> <span class='ocrx_word' id='word_1_792' title='bbox 2539 4302 2630 4355; x_wconf 92' lang='lat' dir='ltr'><strong>tibi</strong></span> <span class='ocrx_word' id='word_1_793' title='bbox 2668 4302 2935 4354; x_wconf 87' lang='lat' dir='ltr'><strong>videretur</strong></span> <span class='ocrx_word' id='word_1_794' title='bbox 2979 4299 3043 4351; x_wconf 90' lang='lat' dir='ltr'><strong>ad</strong></span> <span class='ocrx_word' id='word_1_795' title='bbox 3095 4296 3385 4351; x_wconf 75' lang='lat' dir='ltr'><strong>feriendum</strong></span> <span class='ocrx_word' id='word_1_796' title='bbox 3415 4295 3673 4364; x_wconf 88' lang='lat' dir='ltr'><strong>dejicien-</strong></span> 
     </span>
    </p>
   </div>
   <div class='ocr_carea' id='block_1_105' title="bbox 2103 4386 3679 4468">
    <p class='ocr_par' dir='ltr' id='par_1_105' title="bbox 2103 4386 3679 4468">
     <span class='ocr_line' id='line_1_105' title="bbox 2103 4386 3679 4468; baseline -0.008 -15"><span class='ocrx_word' id='word_1_797' title='bbox 2103 4400 2333 4468; x_wconf 89' lang='lat' dir='ltr'><strong>dumque</strong></span> <span class='ocrx_word' id='word_1_798' title='bbox 2362 4394 2636 4449; x_wconf 87' lang='lat' dir='ltr'><strong>animum?</strong></span> <span class='ocrx_word' id='word_1_799' title='bbox 2662 4409 2836 4447; x_wconf 90' lang='lat' dir='ltr'><strong>annon</strong></span> <span class='ocrx_word' id='word_1_800' title='bbox 2868 4393 3061 4446; x_wconf 90' lang='lat' dir='ltr'><strong>bellum</strong></span> <span class='ocrx_word' id='word_1_801' title='bbox 3092 4390 3215 4443; x_wconf 89' lang='lat' dir='ltr'><strong>hinc</strong></span> <span class='ocrx_word' id='word_1_802' title='bbox 3244 4400 3295 4442; x_wconf 90' lang='lat' dir='ltr'><strong>et</strong></span> <span class='ocrx_word' id='word_1_803' title='bbox 3325 4404 3429 4442; x_wconf 89' lang='lat' dir='ltr'><strong>non</strong></span> <span class='ocrx_word' id='word_1_804' title='bbox 3473 4388 3578 4441; x_wconf 91' lang='lat' dir='ltr'><strong>alia</strong></span> <span class='ocrx_word' id='word_1_805' title='bbox 3613 4386 3679 4440; x_wconf 87' lang='lat' dir='ltr'><strong>de</strong></span> 
     </span>
    </p>
   </div>
   <div class='ocr_carea' id='block_1_106' title="bbox 2103 4479 3673 4557">
    <p class='ocr_par' dir='ltr' id='par_1_106' title="bbox 2103 4479 3673 4557">
     <span class='ocr_line' id='line_1_106' title="bbox 2103 4479 3673 4557; baseline -0.01 -11"><span class='ocrx_word' id='word_1_806' title='bbox 2103 4506 2261 4546; x_wconf 88' lang='lat' dir='ltr'><strong>causa</strong></span> <span class='ocrx_word' id='word_1_807' title='bbox 2297 4499 2578 4557; x_wconf 90' lang='lat' dir='ltr'><strong>sequutum</strong></span> <span class='ocrx_word' id='word_1_808' title='bbox 2613 4486 2663 4540; x_wconf 92' lang='lat' dir='ltr'><strong>id</strong></span> <span class='ocrx_word' id='word_1_809' title='bbox 2705 4485 2967 4549; x_wconf 89' lang='lat' dir='ltr'><strong>ostendit,</strong></span> <span class='ocrx_word' id='word_1_810' title='bbox 2997 4483 3135 4552; x_wconf 89' lang='lat' dir='ltr'><strong>quod</strong></span> <span class='ocrx_word' id='word_1_811' title='bbox 3179 4482 3229 4535; x_wconf 90' lang='lat' dir='ltr'><strong>in</strong></span> <span class='ocrx_word' id='word_1_812' title='bbox 3262 4491 3463 4534; x_wconf 75' lang='lat' dir='ltr'><strong>unitum</strong></span> <span class='ocrx_word' id='word_1_813' title='bbox 3515 4479 3673 4531; x_wconf 89' lang='lat' dir='ltr'><strong>vehe-</strong></span> 
     </span>
    </p>
   </div>
   <div class='ocr_carea' id='block_1_107' title="bbox 2107 4569 3674 4649">
    <p class='ocr_par' dir='ltr' id='par_1_107' title="bbox 2107 4569 3674 4649">
     <span class='ocr_line' id='line_1_107' title="bbox 2107 4569 3674 4649; baseline -0.012 -13"><span class='ocrx_word' id='word_1_814' title='bbox 2107 4582 2319 4637; x_wconf 73' lang='lat' dir='ltr'><strong>mentia:</strong></span> <span class='ocrx_word' id='word_1_815' title='bbox 2365 4593 2701 4649; x_wconf 89' lang='lat' dir='ltr'><strong>progressum</strong></span> <span class='ocrx_word' id='word_1_816' title='bbox 2732 4586 2846 4639; x_wconf 92' lang='lat' dir='ltr'><strong>est,</strong></span> <span class='ocrx_word' id='word_1_817' title='bbox 2878 4584 2935 4628; x_wconf 88' lang='lat' dir='ltr'><strong>ut</strong></span> <span class='ocrx_word' id='word_1_818' title='bbox 2986 4572 3278 4626; x_wconf 89' lang='lat' dir='ltr'><strong>innumeris</strong></span> <span class='ocrx_word' id='word_1_819' title='bbox 3332 4572 3474 4623; x_wconf 91' lang='lat' dir='ltr'><strong>illum</strong></span> <span class='ocrx_word' id='word_1_820' title='bbox 3525 4569 3674 4620; x_wconf 79' lang='lat' dir='ltr'><strong>malis</strong></span> 
     </span>
    </p>
   </div>
   <div class='ocr_carea' id='block_1_108' title="bbox 2107 4658 3677 4737">
    <p class='ocr_par' dir='ltr' id='par_1_108' title="bbox 2107 4658 3677 4737">
     <span class='ocr_line' id='line_1_108' title="bbox 2107 4658 3677 4737; baseline -0.013 -9"><span class='ocrx_word' id='word_1_821' title='bbox 2107 4672 2384 4728; x_wconf 82' lang='lat' dir='ltr'><strong>afﬁceret?</strong></span> <span class='ocrx_word' id='word_1_822' title='bbox 2409 4670 2665 4726; x_wconf 86' lang='lat' dir='ltr'><strong>Sufficcre</strong></span> <span class='ocrx_word' id='word_1_823' title='bbox 2693 4667 2907 4737; x_wconf 88' lang='lat' dir='ltr'><strong>quidem</strong></span> <span class='ocrx_word' id='word_1_824' title='bbox 2957 4673 3011 4717; x_wconf 88' lang='lat' dir='ltr'><strong>et</strong></span> <span class='ocrx_word' id='word_1_825' title='bbox 3050 4665 3145 4716; x_wconf 88' lang='lat' dir='ltr'><strong>ista</strong></span> <span class='ocrx_word' id='word_1_826' title='bbox 3180 4670 3438 4729; x_wconf 79' lang='lat' dir='ltr'><strong>poterant,</strong></span> <span class='ocrx_word' id='word_1_827' title='bbox 3472 4658 3677 4711; x_wconf 85' lang='lat' dir='ltr'><strong>etiamsi</strong></span> 
     </span>
    </p>
   </div>
   <div class='ocr_carea' id='block_1_109' title="bbox 2108 4750 3678 4835">
    <p class='ocr_par' dir='ltr' id='par_1_109' title="bbox 2108 4750 3678 4835">
     <span class='ocr_line' id='line_1_109' title="bbox 2108 4750 3678 4835; baseline -0.012 -15"><span class='ocrx_word' id='word_1_828' title='bbox 2108 4767 2186 4820; x_wconf 91' lang='lat' dir='ltr'><strong>eis</strong></span> <span class='ocrx_word' id='word_1_829' title='bbox 2211 4764 2469 4835; x_wconf 83' lang='lat' dir='ltr'><strong>quispiam</strong></span> <span class='ocrx_word' id='word_1_830' title='bbox 2501 4756 3022 4825; x_wconf 68' lang='lat' dir='ltr'><strong>inuumerajucuuda</strong></span> <span class='ocrx_word' id='word_1_831' title='bbox 3057 4755 3413 4823; x_wconf 87' lang='lat' dir='ltr'><strong>permisceat,</strong></span> <span class='ocrx_word' id='word_1_832' title='bbox 3446 4751 3513 4803; x_wconf 91' lang='lat' dir='ltr'><strong>ad</strong></span> <span class='ocrx_word' id='word_1_833' title='bbox 3540 4750 3678 4802; x_wconf 85' lang='lat' dir='ltr'><strong>illius</strong></span> 
     </span>
    </p>
   </div>
   <div class='ocr_carea' id='block_1_110' title="bbox 2111 4843 3677 4916">
    <p class='ocr_par' dir='ltr' id='par_1_110' title="bbox 2111 4843 3677 4916">
     <span class='ocr_line' id='line_1_110' title="bbox 2111 4843 3677 4916; baseline -0.013 -3"><span class='ocrx_word' id='word_1_834' title='bbox 2111 4861 2270 4913; x_wconf 88' lang='lat' dir='ltr'><strong>vitam</strong></span> <span class='ocrx_word' id='word_1_835' title='bbox 2309 4859 2447 4910; x_wconf 90' lang='lat' dir='ltr'><strong>inter</strong></span> <span class='ocrx_word' id='word_1_836' title='bbox 2486 4870 2579 4909; x_wconf 88' lang='lat' dir='ltr'><strong>eos</strong></span> <span class='ocrx_word' id='word_1_837' title='bbox 2604 4850 3015 4912; x_wconf 80' lang='lat' dir='ltr'><strong>numerandum,</strong></span> <span class='ocrx_word' id='word_1_838' title='bbox 3048 4848 3136 4916; x_wconf 91' lang='lat' dir='ltr'><strong>qui</strong></span> <span class='ocrx_word' id='word_1_839' title='bbox 3164 4848 3214 4899; x_wconf 92' lang='lat' dir='ltr'><strong>in</strong></span> <span class='ocrx_word' id='word_1_840' title='bbox 3246 4846 3388 4898; x_wconf 89' lang='lat' dir='ltr'><strong>luctu</strong></span> <span class='ocrx_word' id='word_1_841' title='bbox 3435 4853 3488 4897; x_wconf 90' lang='lat' dir='ltr'><strong>et</strong></span> <span class='ocrx_word' id='word_1_842' title='bbox 3519 4843 3677 4895; x_wconf 76' lang='lat' dir='ltr'><strong>mise-</strong></span> 
     </span>
    </p>
   </div>
   <div class='ocr_carea' id='block_1_111' title="bbox 2110 4941 3675 5011">
    <p class='ocr_par' dir='ltr' id='par_1_111' title="bbox 2110 4941 3675 5011">
     <span class='ocr_line' id='line_1_111' title="bbox 2110 4941 3675 5011; baseline -0.014 -5"><span class='ocrx_word' id='word_1_843' title='bbox 2110 4953 2204 5006; x_wconf 87' lang='lat' dir='ltr'><strong>riis</strong></span> <span class='ocrx_word' id='word_1_844' title='bbox 2235 4951 2477 5003; x_wconf 87' lang='lat' dir='ltr'><strong>vixerunt</strong></span> <span class='ocrx_word' id='word_1_845' title='bbox 2508 4965 2521 4999; x_wconf 92' lang='lat'>:</span> <span class='ocrx_word' id='word_1_846' title='bbox 2554 4955 2607 4998; x_wconf 90' lang='lat' dir='ltr'><strong>at</strong></span> <span class='ocrx_word' id='word_1_847' title='bbox 2636 4944 2755 4997; x_wconf 90' lang='lat' dir='ltr'><strong>talia</strong></span> <span class='ocrx_word' id='word_1_848' title='bbox 2786 4941 3123 5011; x_wconf 91' lang='lat' dir='ltr'><strong>postmodum</strong></span> <span class='ocrx_word' id='word_1_849' title='bbox 3166 4947 3388 5008; x_wconf 90' lang='lat' dir='ltr'><strong>sequuta</strong></span> <span class='ocrx_word' id='word_1_850' title='bbox 3430 4944 3553 4989; x_wconf 90' lang='lat' dir='ltr'><strong>sunt</strong></span> <span class='ocrx_word' id='word_1_851' title='bbox 3583 4974 3594 4995; x_wconf 91' lang='lat'><strong>,</strong></span> <span class='ocrx_word' id='word_1_852' title='bbox 3626 4944 3675 4985; x_wconf 89' lang='lat' dir='ltr'><strong>ut</strong></span> 
     </span>
    </p>
   </div>
   <div class='ocr_carea' id='block_1_112' title="bbox 2111 5026 3683 5103">
    <p class='ocr_par' dir='ltr' id='par_1_112' title="bbox 2111 5026 3683 5103">
     <span class='ocr_line' id='line_1_112' title="bbox 2111 5026 3683 5103; baseline -0.013 -5"><span class='ocrx_word' id='word_1_853' title='bbox 2111 5058 2209 5097; x_wconf 91' lang='lat' dir='ltr'><strong>nec</strong></span> <span class='ocrx_word' id='word_1_854' title='bbox 2239 5042 2363 5095; x_wconf 91' lang='lat' dir='ltr'><strong>olim</strong></span> <span class='ocrx_word' id='word_1_855' title='bbox 2405 5052 2533 5091; x_wconf 89' lang='lat' dir='ltr'><strong>vere</strong></span> <span class='ocrx_word' id='word_1_856' title='bbox 2584 5036 2752 5089; x_wconf 88' lang='lat' dir='ltr'><strong>tristia</strong></span> <span class='ocrx_word' id='word_1_857' title='bbox 2780 5034 2886 5103; x_wconf 90' lang='lat' dir='ltr'><strong>pati</strong></span> <span class='ocrx_word' id='word_1_858' title='bbox 2916 5034 3141 5101; x_wconf 71' lang='lat' dir='ltr'><strong>cmpisse</strong></span> <span class='ocrx_word' id='word_1_859' title='bbox 3171 5030 3426 5084; x_wconf 87' lang='lat' dir='ltr'><strong>videatur.</strong></span> <span class='ocrx_word' id='word_1_860' title='bbox 3476 5026 3683 5093; x_wconf 82' lang='lat' dir='ltr'><strong>Quippe</strong></span> 
     </span>
    </p>
   </div>
   <div class='ocr_carea' id='block_1_113' title="bbox 2116 5116 3678 5195">
    <p class='ocr_par' dir='ltr' id='par_1_113' title="bbox 2116 5116 3678 5195">
     <span class='ocr_line' id='line_1_113' title="bbox 2116 5116 3678 5195; baseline -0.015 -8"><span class='ocrx_word' id='word_1_861' title='bbox 2116 5133 2317 5188; x_wconf 85' lang='lat' dir='ltr'><strong>fabulas</strong></span> <span class='ocrx_word' id='word_1_862' title='bbox 2344 5142 2531 5183; x_wconf 88' lang='lat' dir='ltr'><strong>omnes</strong></span> <span class='ocrx_word' id='word_1_863' title='bbox 2558 5140 2885 5195; x_wconf 82' lang='lat' dir='ltr'><strong>omnemque</strong></span> <span class='ocrx_word' id='word_1_864' title='bbox 2914 5122 3221 5191; x_wconf 74' lang='lat' dir='ltr'><strong>tragoediam</strong></span> <span class='ocrx_word' id='word_1_865' title='bbox 3268 5119 3507 5171; x_wconf 81' lang='lat' dir='ltr'><strong>vicerunt</strong></span> <span class='ocrx_word' id='word_1_866' title='bbox 3534 5116 3678 5184; x_wconf 67' lang='lat' dir='ltr'><strong>regis</strong></span> 
     </span>
    </p>
   </div>
   <div class='ocr_carea' id='block_1_114' title="bbox 2116 5209 3685 5295">
    <p class='ocr_par' dir='ltr' id='par_1_114' title="bbox 2116 5209 3685 5295">
     <span class='ocr_line' id='line_1_114' title="bbox 2116 5209 3685 5295; baseline -0.015 -13"><span class='ocrx_word' id='word_1_867' title='bbox 2116 5229 2270 5295; x_wconf 84' lang='lat' dir='ltr'><strong>hujus</strong></span> <span class='ocrx_word' id='word_1_868' title='bbox 2315 5223 2643 5278; x_wconf 85' lang='lat' dir='ltr'><strong>calamitates</strong></span> <span class='ocrx_word' id='word_1_869' title='bbox 2676 5238 2689 5272; x_wconf 90' lang='lat'><strong>:</strong></span> <span class='ocrx_word' id='word_1_870' title='bbox 2722 5220 2857 5273; x_wconf 87' lang='lat' dir='ltr'><strong>adeo</strong></span> <span class='ocrx_word' id='word_1_871' title='bbox 2929 5224 3230 5285; x_wconf 87' lang='lat' dir='ltr'><strong>portentosa</strong></span> <span class='ocrx_word' id='word_1_872' title='bbox 3284 5222 3337 5265; x_wconf 87' lang='lat' dir='ltr'><strong>et</strong></span> <span class='ocrx_word' id='word_1_873' title='bbox 3392 5209 3685 5278; x_wconf 84' lang='lat' dir='ltr'><strong>frequentia</strong></span> 
     </span>
    </p>
   </div>
   <div class='ocr_carea' id='block_1_115' title="bbox 2114 5300 3684 5384">
    <p class='ocr_par' dir='ltr' id='par_1_115' title="bbox 2114 5300 3684 5384">
     <span class='ocr_line' id='line_1_115' title="bbox 2114 5300 3684 5384; baseline -0.015 -11"><span class='ocrx_word' id='word_1_874' title='bbox 2114 5317 2291 5374; x_wconf 90' lang='lat' dir='ltr'><strong>domui</strong></span> <span class='ocrx_word' id='word_1_875' title='bbox 2329 5315 2443 5384; x_wconf 87' lang='lat' dir='ltr'><strong>ejus</strong></span> <span class='ocrx_word' id='word_1_876' title='bbox 2466 5314 2739 5383; x_wconf 89' lang='lat' dir='ltr'><strong>contigere</strong></span> <span class='ocrx_word' id='word_1_877' title='bbox 2768 5310 2903 5363; x_wconf 89' lang='lat' dir='ltr'><strong>mala</strong></span> <span class='ocrx_word' id='word_1_878' title='bbox 2926 5350 2938 5367; x_wconf 91' lang='lat'><strong>,</strong></span> <span class='ocrx_word' id='word_1_879' title='bbox 2966 5323 3085 5360; x_wconf 91' lang='lat' dir='ltr'><strong>eum</strong></span> <span class='ocrx_word' id='word_1_880' title='bbox 3115 5304 3442 5359; x_wconf 85' lang='lat' dir='ltr'><strong>calamitates</strong></span> <span class='ocrx_word' id='word_1_881' title='bbox 3462 5300 3684 5353; x_wconf 89' lang='lat' dir='ltr'><strong>aliarum</strong></span> 
     </span>
    </p>
   </div>
   <div class='ocr_carea' id='block_1_116' title="bbox 2115 5403 3110 5466">
    <p class='ocr_par' dir='ltr' id='par_1_116' title="bbox 2115 5403 3110 5466">
     <span class='ocr_line' id='line_1_116' title="bbox 2115 5403 3110 5466; baseline -0.019 -1"><span class='ocrx_word' id='word_1_882' title='bbox 2115 5409 2472 5466; x_wconf 85' lang='lat' dir='ltr'><strong>calamitatum</strong></span> <span class='ocrx_word' id='word_1_883' title='bbox 2496 5403 2736 5459; x_wconf 90' lang='lat' dir='ltr'><strong>remedio</strong></span> <span class='ocrx_word' id='word_1_884' title='bbox 2775 5409 3110 5454; x_wconf 81' lang='lat' dir='ltr'><strong>curarentur.</strong></span> 
     </span>
    </p>
   </div>
   <div class='ocr_carea' id='block_1_117' title="bbox 2190 5478 3685 5561">
    <p class='ocr_par' dir='ltr' id='par_1_117' title="bbox 2190 5478 3685 5561">
     <span class='ocr_line' id='line_1_117' title="bbox 2190 5478 3685 5561; baseline -0.016 -8"><span class='ocrx_word' id='word_1_885' title='bbox 2190 5498 2475 5554; x_wconf 78' lang='lat' dir='ltr'><strong>Sceleribus</strong></span> <span class='ocrx_word' id='word_1_886' title='bbox 2545 5492 2765 5561; x_wconf 77' lang='lat' dir='ltr'><strong>ﬁliorum</strong></span> <span class='ocrx_word' id='word_1_887' title='bbox 2806 5489 3035 5560; x_wconf 74' lang='lat' dir='ltr'><strong>uﬂiigitur</strong></span> <span class='ocrx_word' id='word_1_888' title='bbox 3079 5478 3646 5535; x_wconf 62' lang='lat' dir='ltr'><strong>David—Considera</strong></span> <span class='ocrx_word' id='word_1_889' title='bbox 3673 5520 3685 5538; x_wconf 84' lang='lat'><strong>,</strong></span> 
     </span>
    </p>
   </div>
   <div class='ocr_carea' id='block_1_118' title="bbox 2118 5574 3685 5661">
    <p class='ocr_par' dir='ltr' id='par_1_118' title="bbox 2118 5574 3685 5661">
     <span class='ocr_line' id='line_1_118' title="bbox 2118 5574 3685 5661; baseline -0.017 -18"><span class='ocrx_word' id='word_1_890' title='bbox 2118 5604 2331 5661; x_wconf 69' lang='lat' dir='ltr'><strong>qumso:</strong></span> <span class='ocrx_word' id='word_1_891' title='bbox 2379 5585 2643 5639; x_wconf 89' lang='lat' dir='ltr'><strong>adamavit</strong></span> <span class='ocrx_word' id='word_1_892' title='bbox 2672 5596 2907 5636; x_wconf 89' lang='lat' dir='ltr'><strong>sororem</strong></span> <span class='ocrx_word' id='word_1_893' title='bbox 2939 5578 3169 5629; x_wconf 79' lang='lat' dir='ltr'><strong>Thamar</strong></span> <span class='ocrx_word' id='word_1_894' title='bbox 3198 5574 3428 5633; x_wconf 83' lang='lat' dir='ltr'><strong>Amnon,</strong></span> <span class='ocrx_word' id='word_1_895' title='bbox 3461 5578 3685 5623; x_wconf 79' lang='lat' dir='ltr'><strong>amatam</strong></span> 
     </span>
    </p>
   </div>
   <div class='ocr_carea' id='block_1_119' title="bbox 2120 5660 3688 5752">
    <p class='ocr_par' dir='ltr' id='par_1_119' title="bbox 2120 5660 3688 5752">
     <span class='ocr_line' id='line_1_119' title="bbox 2120 5660 3688 5752; baseline -0.019 -13"><span class='ocrx_word' id='word_1_896' title='bbox 2120 5660 2168 5739; x_wconf 83' lang='lat' dir='ltr'><strong>vi</strong></span> <span class='ocrx_word' id='word_1_897' title='bbox 2196 5680 2478 5752; x_wconf 84' lang='lat' dir='ltr'><strong>oppressit,</strong></span> <span class='ocrx_word' id='word_1_898' title='bbox 2523 5690 2831 5745; x_wconf 73' lang='lat' dir='ltr'><strong>oppressam</strong></span> <span class='ocrx_word' id='word_1_899' title='bbox 2862 5671 2984 5725; x_wconf 79' lang='lat' dir='ltr'><strong>odio</strong></span> <span class='ocrx_word' id='word_1_900' title='bbox 3022 5668 3238 5731; x_wconf 87' lang='lat' dir='ltr'><strong>habuit,</strong></span> <span class='ocrx_word' id='word_1_901' title='bbox 3270 5679 3491 5733; x_wconf 87' lang='lat' dir='ltr'><strong>eamque</strong></span> <span class='ocrx_word' id='word_1_902' title='bbox 3523 5660 3688 5714; x_wconf 85' lang='lat' dir='ltr'><strong>viola-</strong></span> 
     </span>
    </p>
   </div>
   <div class='ocr_carea' id='block_1_120' title="bbox 2184 5842 3696 5913">
    <p class='ocr_par' dir='ltr' id='par_1_120' title="bbox 2184 5842 3696 5913">
     <span class='ocr_line' id='line_1_120' title="bbox 2184 5842 3696 5913; baseline -0.014 -4"><span class='ocrx_word' id='word_1_903' title='bbox 2184 5868 2199 5895; x_wconf 78' lang='grc' dir='ltr'>ι</span> <span class='ocrx_word' id='word_1_904' title='bbox 2224 5864 2293 5909; x_wconf 82' lang='lat' dir='ltr'><strong>Sic</strong></span> <span class='ocrx_word' id='word_1_905' title='bbox 2306 5871 2477 5906; x_wconf 52' lang='lat' dir='ltr'><strong>on‘nes</strong></span> <span class='ocrx_word' id='word_1_906' title='bbox 2500 5864 2600 5904; x_wconf 69' lang='lat' dir='ltr'><strong>Mss.</strong></span> <span class='ocrx_word' id='word_1_907' title='bbox 2620 5862 2669 5904; x_wconf 76' lang='lat' dir='ltr'><strong>at</strong></span> <span class='ocrx_word' id='word_1_908' title='bbox 2686 5868 2764 5913; x_wconf 71' lang='grc' dir='ltr'>ιιισι</span> <span class='ocrx_word' id='word_1_909' title='bbox 2781 5854 2911 5905; x_wconf 73' lang='lat' dir='ltr'><strong>editi;</strong></span> <span class='ocrx_word' id='word_1_910' title='bbox 2931 5851 3016 5900; x_wconf 86' lang='lat' dir='ltr'><strong>sed</strong></span> <span class='ocrx_word' id='word_1_911' title='bbox 3041 5849 3316 5911; x_wconf 77' lang='lat' dir='ltr'><strong>tegendum,</strong></span> <span class='ocrx_word' id='word_1_912' title='bbox 3341 5842 3585 5898; x_wconf 57' lang='lat' dir='ltr'><strong>Inchoat/rc,</strong></span> <span class='ocrx_word' id='word_1_913' title='bbox 3609 5852 3696 5888; x_wconf 58' lang='lat' dir='ltr'><strong>nisi</strong></span> 
     </span>
    </p>
   </div>
   <div class='ocr_carea' id='block_1_121' title="bbox 2127 5915 3031 5980">
    <p class='ocr_par' dir='ltr' id='par_1_121' title="bbox 2127 5915 3031 5980">
     <span class='ocr_line' id='line_1_121' title="bbox 2127 5915 3031 5980; baseline -0.019 -4"><span class='ocrx_word' id='word_1_914' title='bbox 2127 5928 2188 5975; x_wconf 88' lang='lat' dir='ltr'><strong>sit</strong></span> <span class='ocrx_word' id='word_1_915' title='bbox 2208 5924 2535 5972; x_wconf 72' lang='lat' dir='ltr'><strong>umenti-uicus</strong></span> <span class='ocrx_word' id='word_1_916' title='bbox 2554 5932 2685 5968; x_wconf 74' lang='lat' dir='ltr'><strong>error</strong></span> <span class='ocrx_word' id='word_1_917' title='bbox 2704 5919 2913 5980; x_wconf 58' lang='lat' dir='ltr'><strong>chrysost</strong></span> <span class='ocrx_word' id='word_1_918' title='bbox 2922 5915 3031 5961; x_wconf 86' lang='lat' dir='ltr'><strong>omi.</strong></span> 
     </span>
    </p>
   </div>
   <div class='ocr_carea' id='block_1_122' title="bbox 3269 5994 3346 6054">
    <p class='ocr_par' dir='ltr' id='par_1_122' title="bbox 3269 5994 3346 6054">
     <span class='ocr_line' id='line_1_122' title="bbox 3269 5994 3346 6054; baseline 0.013 -1"><span class='ocrx_word' id='word_1_919' title='bbox 3269 5994 3346 6054; x_wconf 60' lang='grc' dir='ltr'><strong>εδ</strong></span> 
     </span>
    </p>
   </div>
  </div>
