4490 6732
903 587 1006 644 683

902 702 1097 754 tionem
1130 698 1494 767 nefariumque
1535 702 1870 755 concubitum
1894 704 2006 770 ipse
2039 703 2284 772 patefecit
2312 703 2464 755 alicui

902 806 966 845 ex
998 792 1189 852 servis,
1218 792 1479 847 mandans
1506 802 1561 847 ut
1585 794 1797 847 invitam
1829 796 2045 862 pelleret
2074 797 2263 861 domo,
2287 808 2351 849 ac
2380 809 2472 862 per

903 884 1129 950 plateam
1160 884 1427 940 emitteret
1464 886 1781 940 clamantem
1822 886 2242 956 plorantemque.
2274 886 2326 940 ld
2352 902 2471 939 cum

902 971 1177 1027 didicisset
1201 974 1484 1040 Absalom,
1526 975 1593 1029 ad
1626 976 1897 1043 prandium
1925 975 2117 1031 fratres
2144 977 2327 1031 invitat
2354 976 2474 1029 uni-

902 1077 1109 1127 versos,
1138 1064 1275 1119 inter
1298 1078 1431 1132 quos
1469 1073 1522 1118 et
1559 1074 1827 1133 stuprator
1857 1064 1943 1119 ille
1980 1068 2217 1120 sororius
2253 1064 2473 1128 aderat,

906 1152 1153 1207 edentem
1180 1154 1327 1207 illum
1368 1170 1485 1208 cum
1514 1157 1721 1216 caeteris
1750 1164 1907 1225 atque
1935 1156 2204 1212 bibentem
2237 1170 2329 1225 per
2356 1169 2473 1209 ser-

908 1259 1006 1299 vos
1032 1244 1257 1313 jugulat.
1287 1245 1412 1299 Inde
1442 1247 1702 1315 quispiam
1729 1262 2056 1316 exsurgens,
2089 1263 2185 1302 nec
2213 1247 2369 1316 plene
2398 1246 2476 1300 rei

905 1342 1070 1403 gesta:
1094 1335 1335 1389 ordinem
1366 1351 1592 1391 noscens
1619 1338 1687 1391 ob
1713 1338 1991 1392 tumultum
2017 1380 2031 1405 ,
2082 1338 2194 1407 regi
2242 1344 2477 1391 mortuos

907 1439 1095 1479 omnes
1116 1426 1254 1480 illius
1278 1428 1413 1483 ﬁlios
1433 1430 1725 1483 annuntiat.
1742 1428 1891 1483 Tunc
1912 1430 1999 1485 ille
2019 1430 2207 1485 sedens
2230 1429 2477 1494 ﬁliorum,

908 1532 1027 1586 qua:
1058 1533 1161 1573 non
1189 1528 1306 1575 erat
1329 1561 1343 1585 ,
1388 1522 1595 1590 lugebat
1632 1520 1853 1576 eaedem.
1884 1522 2167 1592 Postquam
2213 1535 2325 1576 rem
2356 1536 2481 1575 vere

909 1619 1114 1679 gestam
1167 1613 1351 1677 novit,
1405 1613 1515 1667 ﬁlio
1562 1612 1774 1681 quidem
1818 1614 2187 1669 interminatus
2226 1621 2308 1666 est
2346 1626 2482 1666 mor-

909 1710 1052 1764 tem;
1082 1717 1201 1755 cum
1230 1717 1357 1756 vero
1381 1702 1467 1757 ille
1496 1702 1782 1774 eﬂ‘ugisset,
1820 1713 2093 1773 totumque
2120 1703 2401 1757 triennium
2430 1704 2481 1757 iu

910 1793 1084 1847 aliena
1115 1794 1332 1850 vixisset
1376 1796 1617 1866 regione,
1672 1807 1781 1851 toto
1809 1797 1899 1850 illo
1929 1807 2165 1865 tempore
2217 1809 2312 1851 rex
2358 1810 2481 1864 per-

912 1886 1109 1940 mansit
1138 1887 1338 1941 iratus:
1370 1897 1425 1943 et
1465 1905 1530 1944 ne
1559 1900 1681 1943 tunc
1710 1890 1923 1958 quidem
1955 1890 2102 1943 illum
2132 1889 2479 1951 accersisset,

914 1975 1018 2029 nisi
1043 1990 1165 2029 eum
1195 1976 1347 2031 ducis
1372 1979 1452 2031 sui
1497 1979 1756 2047 sapientia
1786 1977 2040 2032 ﬂexisset.
2084 1977 2162 2031 Eo
2189 1986 2365 2032 autem
2394 1992 2484 2031 ac-

912 2064 1128 2127 cersito,
1162 2080 1230 2119 ne
1256 2066 1333 2119 sic
1359 2066 1570 2136 quidem
1601 2068 1860 2120 exstincta
1889 2076 1972 2121 est
1996 2066 2196 2121 doloris
2240 2066 2482 2131 ﬂamma,

912 2154 1008 2209 sed
1020 2155 1153 2211 duos
1168 2172 1350 2211 mrsns
1360 2173 1528 2212 annos
1542 2158 1688 2212 illum
1706 2167 1921 2227 aspectu
1938 2157 2488 2228 reroovitsuo,vixque

910 2252 1033 2313 post
1053 2244 1187 2301 adeo
1214 2247 1476 2316 prolixum
1499 2256 1708 2317 tempus
1730 2263 1761 2302 a
1784 2248 1918 2303 duce
1938 2257 2185 2303 exoratus
2208 2250 2319 2303 suis
2340 2250 2487 2304 illum

912 2335 1216 2403 aspectibus
1261 2337 1507 2405 dignatus
1554 2346 1655 2391 est.
1689 2339 1759 2392 At
1786 2352 1914 2393 vero
1941 2338 2030 2394 ille
2076 2340 2264 2394 harum
2310 2356 2487 2394 rerum

911 2425 1169 2479 memoria
1199 2425 1518 2497 indignatus,
1546 2427 1658 2483 sive
1680 2428 1813 2483 alias
1842 2428 2171 2500 tyrannidem
2197 2428 2450 2485 affectans
2474 2471 2487 2493 ,

914 2513 1140 2584 insurgit
1163 2515 1218 2569 in
1250 2525 1453 2585 patrem
1475 2559 1490 2583 ,
1544 2518 1797 2588 illumque
1845 2533 2028 2573 rursus
2055 2519 2122 2573 ad
2162 2518 2311 2589 fugas
2338 2535 2489 2573 erro-

912 2619 1128 2675 resque,
1160 2621 1295 2675 quos
1324 2622 1606 2675 perpessus
1635 2618 1751 2662 erat
1792 2608 1891 2663 sub
1915 2608 2041 2664 Saul
2060 2650 2075 2672 ,
2103 2618 2352 2663 revocat:
2386 2609 2491 2661 imo

915 2696 991 2750 illi
1022 2698 1189 2751 multo
1236 2699 1513 2753 molestior
1557 2715 1620 2753 ea
1649 2699 1790 2770 fuga,
1832 2716 1990 2770 quam
2017 2702 2164 2769 prior
2213 2700 2331 2755 fuit.
2360 2701 2489 2754 Nam

912 2785 1059 2855 prius
1086 2786 1298 2856 quidem
1322 2787 1428 2842 dux
1451 2804 1570 2843 cum
1592 2799 1754 2856 esset,
1786 2790 1884 2843 ista
1912 2804 2193 2859 perpessus
2216 2798 2328 2844 est:
2352 2804 2491 2843 nunc

914 2883 1092 2929 autem
1122 2890 1242 2930 cum
1269 2878 1423 2931 annis
1450 2878 1689 2948 plurimis
1717 2888 2022 2948 regnasset,
2072 2879 2358 2948 hostesque
2383 2879 2492 2933 fere

917 2978 1105 3019 omnes
1135 2976 1463 3035 superasset,
1495 2967 1724 3037 migrare
1767 2968 2057 3038 cogebatur
2082 3008 2096 3031 ,
2147 2982 2209 3022 ac
2236 2967 2492 3039 profugus

916 3054 1032 3109 ﬁeri
1060 3073 1073 3109 :
1106 3056 1196 3127 qui
1221 3066 1399 3112 autem
1430 3058 1577 3112 illum
1606 3058 1881 3130 profugum
1908 3059 2119 3129 agebat,
2152 3075 2259 3113 non
2288 3060 2494 3115 alienus

920 3144 1184 3215 quispiam
1208 3186 1224 3213 ,
1255 3147 1369 3202 sive
1401 3148 1572 3203 hostis
1596 3156 1709 3203 erat
1733 3189 1748 3213 ,
1799 3148 1895 3205 sed
1932 3149 2020 3218 qui
2045 3164 2108 3204 ex
2141 3149 2306 3219 ipsius
2346 3159 2495 3204 utero

919 3249 1174 3304 egressus
1198 3237 1409 3306 fuerat,
1450 3240 1589 3293 sicut
1626 3248 1681 3293 et
1708 3240 1821 3308 ipse
1850 3239 2240 3295 lamentabatur
2282 3241 2499 3311 plorans

922 3326 1018 3396 (2.
1050 3326 1177 3398 Reg.
1218 3328 1306 3383 16.
1340 3330 1398 3383 11
1427 3327 1469 3401 ).
1514 3328 1582 3383 Ει
1611 3330 1737 3387 olim
1784 3330 1997 3400 quidem
2048 3345 2169 3386 cum
2201 3331 2253 3385 in
2290 3330 2498 3386 fervore

916 3419 1263 3483 essetmtatis,
1284 3419 1418 3474 ferre
1440 3420 1684 3476 universa
1705 3420 1910 3476 fortiter
1919 3431 2144 3491 poterat;
2163 3438 2301 3476 nunc
2321 3433 2495 3477 autem

919 3508 1013 3563 illo
1046 3517 1284 3578 tempore
1304 3525 1539 3575 emenso,
1572 3512 1782 3581 quando
1802 3514 2087 3569 senectutis
2111 3528 2222 3568 sua:
2250 3513 2496 3569 solatium

918 3599 1204 3653 scelestum
1235 3599 1384 3654 illum
1414 3600 1607 3656 habere
1632 3602 1925 3669 debuerat,
1956 3613 2076 3657 tunc
2107 3604 2335 3658 maxime
2364 3604 2495 3659 iusi-

922 3689 1128 3743 diosum
1156 3690 1363 3760 sibique
1406 3691 1805 3746 ittfestiSsimum
1850 3694 2130 3748 sentiebat.
2174 3695 2495 3763 Egredieba-

923 3791 1111 3849 tnrque
1140 3796 1257 3836 cum
1291 3784 1489 3851 paucis,
1518 3784 1741 3852 pedibus
1767 3785 1921 3839 nudis
1942 3802 2052 3848 rex,
2084 3802 2142 3841 sc
2171 3804 2277 3855 pra:
2299 3788 2498 3857 pudore

922 3875 1215 3937 occultans,
1266 3890 1327 3928 ac
1352 3877 1616 3946 lacrymas
1646 3876 1888 3932 fundens.
1916 3878 2115 3932 Bellum
2146 3880 2340 3949 quippe
2372 3880 2497 3934 illud

925 3981 1028 4022 non
1055 3968 1373 4023 calamitatis
1401 3978 1634 4036 tantum,
1663 3970 1756 4024 Sed
1782 3970 2107 4025 confusionis
2148 3987 2359 4041 quoque
2390 3988 2500 4025 ma-

926 4060 1057 4113 teria
1088 4059 1159 4112 illi
1192 4069 1327 4113 erat.
1358 4059 1530 4115 Tanto
1554 4062 1695 4114 enim
1723 4063 2136 4116 contumeliosus
2164 4077 2323 4131 quam
2354 4062 2499 4129 Saul,

926 4151 1119 4219 impius
1143 4149 1280 4204 ﬁlius
1299 4164 1418 4204 cum
1442 4152 1596 4205 beato
1617 4152 1707 4205 illo
1728 4160 1850 4205 tunc
1871 4153 2081 4221 agebat,
2110 4162 2164 4205 ut
2193 4153 2354 4221 patris
2374 4167 2510 4221 quo—

922 4255 1025 4311 que
1062 4240 1385 4295 concubinas
1426 4242 1685 4306 violaret,
1737 4242 1895 4311 idque
1936 4258 2039 4296 non
2084 4244 2220 4297 clam
2245 4283 2260 4306 ,
2310 4242 2402 4296 sed
2453 4243 2503 4294 in

924 4332 1122 4386 salario
1148 4333 1367 4397 domus,
1397 4332 1697 4387 videntibus
1724 4333 1991 4401 omnibus,
2041 4342 2098 4388 ut
2134 4334 2255 4403 jura
2302 4342 2504 4387 natura:

927 4425 1173 4495 legesque
1201 4424 1512 4479 concubitus
1539 4440 1633 4495 per
1660 4426 1899 4491 nimiam,
1930 4440 2035 4496 qua
2065 4426 2116 4480 in
2145 4435 2344 4495 patrem
2369 4425 2505 4480 fere-

928 4518 1083 4572 batur
1107 4558 1122 4583 ,
1151 4518 1409 4571 insaniam
1441 4527 1800 4585 perverteret:
1832 4527 1991 4587 atque
2019 4519 2249 4573 amentia
2298 4518 2501 4579 ebrius,

922 4610 1064 4665 bello
1084 4609 1308 4664 necdum
1332 4609 1594 4674 confecto,
1617 4608 1763 4678 quasi
1780 4609 1891 4677 jam
1911 4609 2144 4676 vicisset,
2168 4610 2508 4677 captivosque

925 4700 1166 4754 duxisset
1188 4699 1545 4764 adversarios,
1590 4700 1689 4753 ista
1717 4699 1949 4755 audebat
1972 4714 2036 4754 ac
2064 4713 2172 4767 pra:
2197 4714 2253 4752 se
2284 4699 2502 4753 ferebat.

927 4788 1016 4843 Sic
1046 4790 1203 4858 igitur
1245 4802 1493 4845 mmsmm
1523 4798 1577 4844 et
1606 4798 1930 4845 metuentem
1963 4788 2088 4844 Siba
2130 4804 2248 4843 cum
2279 4791 2507 4846 invenis-

924 4889 1025 4945 set,
1053 4881 1280 4935 turbavit
1302 4882 1548 4951 amplius,
1570 4882 1840 4938 dominum
1858 4883 2210 4939 calumniatus
2227 4900 2400 4953 suum,
2421 4901 2505 4942 as-

922 4985 1213 5039 serensque
1241 4971 1387 5025 illum
1403 4975 1688 5043 .tyrannice
1713 4977 1928 5031 sentire.

998 5061 1051 5116 9.
1084 5062 1213 5116 lluic
1254 5064 1511 5117 successit
1541 5064 1715 5119 Semei
1740 5104 1757 5131 ,
1785 5067 1864 5120 vir
1892 5066 2106 5137 quidam
2136 5068 2423 5123 sceleratus
2451 5079 2505 5123 et

924 5156 1181 5223 ingratus,
1208 5157 1604 5225 innumerisque
1629 5158 1773 5212 illum
1795 5159 2003 5228 probris
2026 5163 2297 5229 respersit,
2330 5162 2504 5215 verbis

927 5248 1128 5315 lapides
1148 5248 1477 5303 admiscens:
1508 5248 1776 5318 Egredere,
1804 5251 2066 5319 inquiens,
2084 5253 2158 5303 vir
2177 5255 2501 5322 sanguinum,

924 5348 969 5390 et
1000 5340 1073 5391 vir
1098 5356 1331 5409 nequam.
1362 5339 1615 5393 Convertit
1640 5341 1692 5393 in
1719 5351 1765 5394 te
1790 5339 2037 5393 Dominus
2078 5358 2269 5394 onmem
2301 5345 2504 5411 sangui-

926 5446 1037 5481 nem
1066 5430 1241 5485 domus
1271 5430 1420 5499 Saul,
1448 5432 1533 5501 qui
1558 5432 1779 5501 regnasti
1804 5447 1896 5501 pro
1924 5448 1981 5485 eo
2023 5441 2070 5485 et
2099 5432 2234 5484 dedit
2263 5430 2505 5486 Dominus

925 5537 1134 5590 regnum
1158 5524 1211 5576 in
1239 5540 1391 5578 manu
1417 5524 1655 5579 Absalom
1682 5525 1779 5594 ﬁlii
1823 5526 1913 5590 tui,
1946 5525 2255 5594 ostenditque
2284 5525 2371 5578 tibi
2400 5542 2507 5577 ma-

924 5612 1085 5665 litiam
1110 5622 1265 5679 luant,
1288 5616 1405 5684 quia
1427 5616 1501 5670 vir
1521 5616 1824 5687 sanguinem
1840 5633 1896 5672 es
1921 5626 1973 5670 tu
1994 5616 2068 5687 (2.
2094 5615 2217 5687 Reg.
2246 5616 2335 5671 16.
2358 5616 2406 5669 7.
2428 5614 2503 5686 8).

924 5702 1018 5757 His
1063 5704 1151 5758 ille
1179 5705 1369 5761 auditis
1413 5716 1571 5776 atque
1619 5709 1853 5763 toleratis
1897 5708 2203 5763 tabescebat
2250 5706 2502 5777 quidem,

924 5794 1066 5866 quod
1087 5811 1150 5850 ex
1176 5797 1301 5868 ipsis
1330 5798 1574 5853 lamentis
1597 5800 1873 5857 manifeste
1893 5801 2288 5871 comprobatur,
2320 5813 2503 5852 verum

926 5886 1055 5941 nihil
1084 5888 1215 5942 ultra
1248 5888 1423 5945 facere
1448 5890 1705 5955 audebat;
1735 5891 1827 5947 sed
1853 5906 1974 5947 cum
2012 5891 2235 5945 dixisset
2266 5908 2279 5943 :
2304 5888 2505 5943 Dimitte

928 5979 1069 6032 illum
1116 5982 1413 6041 maledicere
1457 5988 1612 6041 mihi:
1661 5987 1905 6043 Dominus
1947 5987 2077 6041 enim
2120 5988 2245 6039 dixit
2295 5984 2395 6036 illi:
2441 5994 2494 6035 ut

1602 588 1657 642 S.
1698 587 1973 643 JOANNIS
2010 587 2480 645 CllllYSOSTOMl
2513 588 2827 645 ARCHlEl’.
2872 588 3398 645 CONSTANTINOP.

4054 584 4163 640 ιρι

2580 704 2744 755 videat
2786 706 3115 758 humilitatem
3155 719 3335 763 meum,
3379 701 3712 767 retribuat/jac
3753 705 3868 752 mihi
3912 703 4163 753 Dominus

2576 794 2705 847 bona
2722 812 2812 863 pro
2835 796 3179 849 maledictione
3195 796 3291 848 diei
3308 794 3457 863 hujus
3484 789 3558 861 (Ξ.
3584 790 3711 859 Reg.
3728 786 3811 841 16.
3838 787 4025 856 10-19.)
4047 796 4125 846 :vi
4140 824 4157 831 -

2579 899 2699 936 vum
2729 884 2797 937 ab
2818 900 2875 937 se
2899 885 3045 939 abire
3076 885 3332 954 permisit.
3358 882 3457 952 Ipsi
3484 889 3657 934 autem
3680 878 3841 932 Cltusi
3871 880 4162 933 adventum

2580 976 3005 1043 praestolabatur,
3038 977 3401 1045 sollicitusque
3426 989 3488 1029 ac
3514 984 3745 1027 tremens
3776 968 3850 1022 rei
3876 985 4157 1036 Cispet‘la-

2582 1067 2670 1119 bat
2716 1068 2936 1121 exitum.
2969 1067 3037 1122 Ut
3062 1079 3235 1125 autem
3276 1080 3331 1124 et
3359 1071 3453 1123 ista
3482 1066 3715 1122 nuntiata
3759 1070 3920 1123 sunt,
3963 1062 4163 1114 bellum

2580 1157 2959 1224 instruebatur,
2984 1158 3137 1213 bellis
3156 1162 3403 1215 omnibus
3424 1176 3541 1230 qum
3558 1170 3802 1227 umquam
3823 1156 4167 1220 contigerunt

2582 1246 2929 1312 insolentius,
2976 1250 3241 1319 aanigmati
3294 1267 3451 1321 quam
3509 1249 3714 1304 veritati
3759 1246 4002 1301 similius.
4031 1244 4167 1297 Eum

2582 1340 2723 1393 enim
2747 1340 2835 1408 qui
2858 1354 3014 1393 causa
3038 1341 3211 1397 fuerat
3236 1346 3491 1399 malorum
3515 1344 3771 1405 omnium,
3798 1341 4017 1410 ejusque
4040 1338 4165 1391 belli

2587 1439 2750 1483 totam
2784 1432 3057 1484 materiam
3092 1436 3385 1501 przebuerat
3408 1472 3424 1497 ,
3454 1443 3506 1487 et
3552 1448 3656 1500 quo
3685 1441 3889 1484 mortuo
3934 1430 4165 1482 adversa

2588 1522 2766 1574 omnia
2800 1520 3117 1576 ﬁniebantur
3142 1564 3156 1588 ,
3187 1540 3307 1579 eum
3336 1566 3351 1589 ,
3383 1526 3616 1593 inquam,
3647 1521 3869 1575 ducibus
3895 1522 4008 1575 suis
4057 1530 4168 1572 tota

2588 1612 2913 1679 providentia
2934 1622 2987 1667 et
3010 1626 3138 1668 cura
3167 1613 3592 1678 commendabat,
3620 1612 3715 1665 ista
3744 1612 3844 1664 illis
3862 1611 4058 1679 jugiti-r
4085 1626 4173 1663 re-

2592 1702 2790 1769 plicatis
2815 1722 2825 1754 :
2854 1701 3076 1766 Parcite,
3096 1705 3285 1769 aiebat,
3318 1706 3425 1773 ﬁlio
3449 1720 3556 1757 meo
3582 1702 3813 1755 Absalom
3836 1701 3945 1769 (Id.
3982 1702 4060 1754 l8.
4086 1702 4169 1767 5).

2595 1792 2728 1859 Quid
2757 1792 2854 1845 hac
2882 1792 3215 1848 haesitatione
3254 1804 3308 1848 et
3334 1794 3675 1862 ambiguitate
3720 1790 3998 1846 deterius?
4039 1792 4172 1858 quid

2590 1900 2652 1938 ea
2685 1884 2991 1938 difﬁcultate
3022 1886 3426 1940 miserabilius?
3452 1885 3731 1952 Suscipere
3762 1883 3957 1936 bellum
4001 1896 4170 1949 euge-

2594 1974 2764 2036 batur,
2802 1975 2851 2026 in
2892 1989 2995 2043 quo
3024 1983 3077 2028 et
3104 1976 3319 2030 vincere
3346 1987 3399 2030 et
3434 1975 3569 2029 vinci
3596 1988 3747 2043 :eque
3779 1972 3850 2025 illi
3881 1972 4169 2025 molestum

2595 2073 2727 2117 erat.
2762 2063 2889 2117 Nam
2918 2079 3089 2132 neque
3129 2068 3367 2133 superari
3404 2067 3631 2127 volebat,
3663 2064 3748 2133 qui
3780 2072 3949 2116 tantas
3992 2062 4177 2129 copias

2592 2155 2871 2217 emiserat;
2915 2169 3085 2222 neque
3111 2171 3319 2209 rursum
3346 2169 3613 2224 superare,
3644 2154 3731 2223 qui
3752 2154 3872 2207 belli
3899 2163 4177 2205 auctorem

2599 2246 2774 2299 necari
2800 2244 3133 2313 prohibebat.
3167 2246 3361 2300 Verum
3384 2248 3611 2300 dscreto
3635 2246 3788 2309 bello,
3815 2260 3874 2297 ac
3898 2248 4000 2296 line
4018 2260 4177 2311 «μη-ιιι

2598 2336 2757 2390 voluit
2783 2336 2921 2390 Deus
2944 2350 3273 2406 consemtuto
3298 2380 3311 2402 ,
3342 2356 3403 2392 ac
3454 2337 3711 2407 parricida
3739 2337 3826 2390 illo
3858 2334 4173 2395 interfecto,

2598 2428 2813 2496 reliquis
2841 2430 3086 2483 omnibus
3121 2430 3173 2483 in
3197 2432 3373 2484 laetitia
3401 2440 3454 2485 et
3475 2429 3665 2499 gaudio
3685 2429 3978 2498 agentibus,
4019 2428 4173 2479 solus

2595 2536 2684 2573 rex
2729 2521 2937 2587 lugebat
2981 2530 3035 2575 et
3079 2522 3487 2593 lacrymabatur,
3533 2536 3595 2577 ac
3622 2521 3852 2590 seipsuut
3895 2520 4181 2574 includens

2594 2607 2899 2663 defunctum
2938 2612 3290 2679 compellabat
3342 2611 3542 2676 lilium,
3596 2611 3899 2679 ferebatque
3942 2611 4181 2679 graviter

2594 2698 2732 2767 quod
2753 2714 2847 2767 pro
2868 2700 2959 2754 illo
2985 2701 3100 2769 ipse
3133 2716 3234 2755 non
3260 2702 3611 2755 occubuisset.
3633 2701 3756 2766 Quis
3776 2700 3933 2763 enim,
3977 2701 4179 2762 aiebat,

2596 2791 2717 2843 mihi
2744 2792 2870 2843 mori
2899 2808 2989 2859 pro
3016 2802 3062 2844 te
3088 2793 3242 2856 dabit,
3280 2792 3513 2844 Absalom
3557 2792 3635 2857 ﬁli
3677 2792 3744 2842 mi
3790 2788 3916 2859 (Id.
3956 2806 4010 2842 ιν.
4049 2790 4182 2857 55η

2595 2881 2731 2946 Quid
2760 2883 2856 2935 hac
2884 2882 3182 2936 calamitate
3204 2882 3501 2951 perplexius
3533 2894 3777 2948 umquam
3796 2880 4028 2932 auditum
4052 2891 4135 2932 est
4154 2881 4179 2932 2

2597 2971 2817 3038 Quando
2840 2970 3053 3025 fratrem
3082 2972 3169 3026 ille
3196 2982 3490 3037 necaverat,
3514 2972 3685 3039 ipsum
3714 2969 4008 3023 interﬁcere
4028 2985 4178 3037 qme-

2599 3062 2766 3126 rcbat;
2790 3060 3000 3130 quando
3020 3069 3192 3115 autem
3209 3071 3388 3115 contra
3411 3076 3469 3115 se
3496 3075 3719 3115 vesanus
3738 3060 4017 3121 ferebatur,
4044 3069 4172 3112 tunc

2602 3152 2707 3205 ﬁlio
2729 3151 2994 3221 parcebat.
3010 3152 3188 3221 Neque
3208 3151 3335 3207 flere
3352 3151 3563 3222 quidem
3583 3152 3868 3207 destitisset
3887 3161 4177 3213 mortuum,

2602 3242 2701 3294 nisi
2727 3242 2775 3294 in
2807 3256 3022 3310 gressus
3044 3241 3175 3295 Joab
3202 3242 3559 3312 indignitatem
3584 3242 3659 3296 rei
3686 3243 3961 3311 arguisset,
3992 3257 4054 3295 ac
4084 3256 4181 3294 ve-

2604 3334 2904 3388 hementius
2925 3334 3198 3403 alloquens
3220 3336 3473 3390 erexisset
3489 3336 3657 3399 illum,
3677 3335 4076 3403 exercitumque
4094 3334 4183 3388 de~

2601 3426 2739 3478 eenti
2782 3425 2961 3481 Itabitu
3000 3428 3267 3497 suscipere
3298 3426 3666 3498 persuasisset.
3696 3425 3769 3479 Ne
3812 3434 3919 3480 tum
3962 3426 4183 3495 quidem

2601 3515 2777 3570 clades
2807 3518 2923 3586 ejus
2953 3518 3105 3572 ﬁnem
3137 3528 3472 3589 acceperunt,
3501 3516 3594 3572 sed
3624 3517 3791 3585 primo
3812 3516 4089 3570 adversum
4116 3532 4179 3570 se

2602 3609 2738 3662 versi
2800 3609 2851 3661 in
2896 3610 3205 3665 seditionem
3263 3611 3455 3664 milites
3507 3608 3762 3677 divisique
3806 3618 3967 3661 sunt:
3999 3618 4182 3677 postea

2600 3716 2729 3755 vero
2762 3717 2917 3770 quam
2959 3703 3040 3755 vix
3076 3714 3128 3755 et
3168 3718 3260 3772 per
3298 3716 3531 3755 summas
3574 3700 3851 3754 blanditias
3880 3710 4181 3761 cessarunt,

2603 3790 2899 3847 resilientes
2927 3808 3107 3845 rursus
3127 3792 3465 3844 adhaeserunt
3496 3790 3682 3854 Sabee,
3705 3789 4005 3859 bellumque
4035 3789 4179 3843 aliud

2603 3880 2820 3933 conflari
2839 3882 3018 3949 empit,
3039 3896 3156 3934 cum
3176 3880 3347 3934 adhuc
3360 3880 3548 3949 prioris
3565 3880 3796 3949 reliquiae
3815 3892 4153 3934 remanerent
4167 3922 4179 3933 .

2605 3972 2805 4038 Quibus
2848 3972 3007 4025 rebus
3046 3972 3379 4039 perturbatus
3410 3971 3591 4037 David,
3646 3972 3845 4027 coactis
3892 3972 4060 4039 cepiis
4090 3986 4185 4025 eas

2606 4078 2726 4115 cum
2743 4061 2965 4115 ducibus
2984 4062 3151 4114 misit:
3169 4061 3300 4115 Joab
3316 4072 3488 4117 autem
3518 4073 3572 4116 et
3596 4077 3659 4116 ex
3686 4062 3786 4117 hoc
3806 4062 3945 4117 bello
3965 4072 4185 4131 peracta

2609 4152 2828 4204 victoria
2843 4166 2945 4204 non
2979 4152 3213 4219 permisit
3235 4152 3466 4207 victoria:
3484 4152 3797 4222 voluptatem
3811 4153 3923 4207 sine
3948 4165 4186 4205 ntmrore

2612 4244 2940 4312 contingere.
2964 4243 3199 4314 Namque
3222 4244 3407 4299 ducem
3444 4261 3543 4300 una
3576 4260 3755 4300 secum
3795 4244 4138 4299 constitutum
4167 4282 4181 4301 ,

2612 4335 2702 4403 qui
2727 4349 2942 4389 omnem
2973 4336 3221 4404 populum
3250 4337 3551 4406 subjccerat
3592 4336 3810 4398 Davidi,
3840 4334 4179 4385 innocentem

2614 4432 2668 4478 et
2691 4426 2777 4493 qui
2803 4426 2853 4478 in
2881 4426 3021 4480 nullo
3048 4441 3107 4481 se
3133 4427 3375 4493 laeserat;
3419 4426 3631 4481 invidia:
3673 4423 3897 4479 stimulis
3950 4419 4183 4488 agitatus

2612 4515 2823 4571 occidit.
2851 4517 2979 4583 Qua:
3019 4532 3106 4572 res
3136 4517 3207 4571 ita
3232 4518 3406 4587 gravis
3448 4532 3510 4572 ac
3538 4516 3760 4571 molesta
3807 4511 3902 4565 fuit
3929 4509 4040 4577 regi
4066 4550 4080 4572 ,
4112 4518 4177 4561 ut

2613 4606 2721 4661 ﬁlio
2756 4609 2990 4663 moriens
3029 4606 3294 4662 mandarit
3330 4609 3565 4663 Amessa:
3606 4603 3911 4674 sanguinem
3967 4599 4177 4652 ulcisci.

2613 4697 2768 4766 Quod
2796 4714 2924 4753 vero
2950 4699 3105 4768 longe
3132 4700 3342 4769 gravius
3370 4708 3484 4765 est,
3520 4700 3589 4753 ita
3613 4696 3827 4750 aﬂ'ectus
3853 4704 4023 4759 neque
4050 4705 4181 4744 mm-

2610 4790 2747 4844 roris
2776 4790 2856 4845 sui
2887 4804 3101 4843 causam
3142 4789 3321 4846 dicere
3357 4790 3619 4851 audebat,
3649 4799 3713 4838 eo
3749 4778 3887 4851 quod
3921 4778 4182 4834 adversus

2612 4882 2892 4937 innumera
2918 4881 3247 4937 incommoda
3285 4882 3393 4953 jam
3434 4881 3732 4935 obluctatus
3773 4880 3932 4927 esset.
3972 4871 4181 4925 Etenim

2611 4984 2731 5043 post
2773 4972 3029 5027 bellorum
3080 4973 3335 5028 tumultus
3382 4972 3548 5027 fames
3612 4973 3855 5019 cunctam
3908 4963 4181 5032 regionem

2609 5064 2842 5133 excepit,
2867 5072 2920 5117 et
2944 5079 3063 5118 cum
3092 5065 3205 5133 ejus
3231 5065 3355 5119 mali
3381 5060 3697 5119 solutionem
3723 5063 4001 5123 qumreret,
4025 5068 4183 5123 coge-

2611 5157 2767 5210 batur
2796 5154 2933 5209 ﬁlios
2957 5153 3081 5211 Saul
3106 5157 3171 5212 ad
3202 5164 3423 5211 mortem
3456 5147 3686 5205 tradere.
3716 5144 3919 5213 Quippe
3944 5144 4046 5199 hoc
4073 5160 4184 5198 ειη-

2610 5248 2743 5302 leste
2768 5248 3036 5301 oraculum
3066 5246 3437 5317 prmeipiebat:
3465 5254 3613 5307 super
3636 5236 3785 5301 Sail,
3820 5236 4087 5305 inquiens,
4120 5249 4173 5291 et

2610 5354 2761 5408 super
2798 5339 2997 5392 domum
3035 5342 3141 5411 ejus
3168 5340 3271 5392 [nec
3298 5331 3574 5405 injttstitia,
3617 5344 3673 5381 eo
3702 5327 3833 5397 quod
3864 5326 4174 5382 Gabaonitas

2610 5433 2758 5484 morti
2804 5434 3051 5487 addixerit
3103 5431 3229 5504 (Id.
3277 5426 3483 5491 2L1).
3526 5419 3675 5486 Quod
3729 5421 3773 5473 si
3814 5421 3931 5491 quis
3980 5422 4183 5477 recolat

2609 5533 2858 5593 quantum
2924 5524 3099 5580 Saftlis
3162 5528 3384 5577 mortem
3448 5512 3751 5577 deﬂeverit,
3795 5515 4184 5570 animadvertet

2609 5614 2732 5683 quid
2756 5624 2863 5669 tum
2884 5630 3092 5686 quoque
3122 5626 3308 5683 passus
3328 5608 3411 5669 sit,
3437 5619 3555 5658 cum
3583 5603 3715 5659 ﬁlios
3739 5606 3951 5660 tradidit
3970 5606 4184 5661 Gabao-

2610 5705 2752 5761 ttitis.
2784 5709 3030 5761 Attamen
3067 5714 3121 5759 et
3151 5712 3246 5756 Ista
3290 5694 3575 5760 tolerabat,
3608 5695 3931 5767 ulteriusque
3962 5696 4185 5749 calami-

2610 5805 2748 5852 tates
2785 5796 3160 5867 procedebant.
3190 5789 3318 5844 Nam
3350 5796 3470 5856 post
3500 5784 3687 5841 famem
3721 5789 3959 5858 protinus
4002 5787 4185 5841 insur-

2607 5890 2743 5944 rexit
2768 5890 2952 5959 pestis,
2977 5884 3385 5949 eccideruntque
3406 5878 3458 5933 in
3479 5878 3693 5936 dimidio
3714 5880 3819 5936 diei
3848 5880 4185 5947 septuaginta

2607 5983 2769 6036 millia
2796 5984 3049 6043 virorum,
3083 5971 3293 6044 quando
3316 5972 3609 6030 miseranda
3636 5974 3722 6029 ills
3752 5970 3909 6026 verba
3934 5970 4179 6038 loquutus
