4392 6682
274 534 376 589 633

271 650 469 709 υξκίας,
502 648 595 699 καὶ
628 650 991 721 παραπέμψαι
1019 650 1109 702 διὰ
1148 649 1244 716 τῆς
1277 645 1483 715 ἀγορᾶς
1511 643 1719 715 βοῶσαν
1760 640 1854 691 καὶ

272 731 620 803 ὀδυρομένην.
650 732 835 787 Ταῦτα
876 731 1062 803 μαθὼν
1094 733 1123 783 6
1164 727 1535 798 Ἀϐεσσαλὼμ,
1568 728 1657 779 καὶ
1694 721 1855 775 καλέ-

276 832 374 877 σας
392 817 476 867 ἐπ’
499 816 717 885 ἄριστον
736 820 861 881 τοὺς
883 816 1145 885 ἀδελφοὺς
1166 813 1435 879 ἅπαντας,
1462 815 1521 865 ἐν
1542 806 1623 872 οἷς
1651 803 1718 878 ἦν
1759 807 1856 858 κά-

274 904 452 964 κεῖνος
481 902 508 953 6
539 902 820 973 ὑϐριστὴς,
857 899 1187 970 ἐστιώμενον
1224 899 1386 953 αὑτὸν
1418 892 1620 967 μεταξὺ
1642 892 1734 943 καὶ
1766 893 1854 944 πίε

273 1000 433 1036 νοντα
463 986 830 1054 κατασφάττει
868 983 957 1035 διά
977 982 1083 1035 τῶν
1113 982 1355 1037 οἰκετῶν.
1390 977 1517 1032 Εἶτα
1558 973 1855 1041 ἐξαναστάς

270 1084 356 1130 τις
380 1068 609 1130 ἐκεῖθεν,
648 1069 742 1121 καὶ
767 1066 827 1118 τὸ
862 1066 1031 1134 σαφὲς
1058 1066 1119 1120 οὑ
1153 1066 1340 1137 μαθὼν
1364 1062 1452 1114 διὰ
1484 1059 1574 1112 τὸν
1608 1058 1852 1130 θόρυϐον,

272 1154 574 1223 ἀπήγγειλε
595 1149 672 1220 τῷ
704 1148 933 1218 βασιλεῖ,
949 1149 1029 1202 ὅτι
1055 1149 1348 1219 τεθνήκασι
1376 1143 1576 1205 πάντες
1602 1144 1651 1196 οί
1672 1144 1857 1206 παῖδες

272 1234 442 1305 αύτῷ.
475 1236 583 1286 Καὶ
604 1232 839 1302 ἐκάθητο
870 1232 1082 1305 θρηνῶν
1102 1233 1192 1285 τὸν
1221 1229 1477 1283 ἁπάντων
1502 1225 1655 1293 φόνον
1681 1227 1771 1279 τὸν
1793 1228 1853 1278 ού

272 1318 641 1388 γεγενημένον
670 1332 685 1345 ’
715 1316 791 1379 ώς
832 1316 888 1370 δέ
918 1317 1059 1384 ἐγνω
1081 1315 1142 1367 τὸ
1176 1312 1376 1378 σαφὲς,
1402 1309 1611 1379 ἠπείλει
1646 1312 1744 1381 μὲν
1779 1309 1857 1379 τῷ

274 1402 448 1462 παιδὶ,
469 1401 563 1452 καὶ
578 1401 895 1471 ἀναιρήσειν
921 1400 1124 1466 ἔλεγεν,
1144 1394 1435 1465 ἀποδράντι
1454 1393 1617 1449 δὲκαὶ
1645 1395 1738 1448 ἐπὶ
1756 1394 1857 1463 τῆς

272 1483 559 1553 ἀλλοτρίας
604 1484 772 1554 τριῶν
813 1481 1151 1552 διατρίψαντι
1200 1478 1448 1547 περίοδον
1495 1479 1631 1532 ἐτῶν
1677 1478 1856 1531 πάντα

272 1566 367 1619 τὸν
408 1566 598 1636 χρόνον
640 1568 847 1619 ἐκεῖνον
892 1565 1082 1633 ἔμενεν
1120 1559 1499 1631 ὀργιζόμενοςο
1536 1566 1628 1616 καὶ
1655 1561 1763 1615 οὐδ’
1790 1558 1857 1612 ἂν

272 1650 394 1703 τότε
429 1652 592 1704 αὐτὸν
634 1651 912 1711 ἐκάλεσεν,
943 1648 991 1698 εί
1021 1643 1157 1715 μὴή
1200 1644 1293 1697 τοῦ
1336 1645 1639 1717 στρατηγοῦ
1696 1643 1857 1712 σοφία

276 1734 370 1785 καὶ
410 1733 610 1786 ἄκοντα
636 1733 799 1785 αὑτὸν
827 1732 906 1790 είς
935 1729 1139 1796 ταύτην
1164 1728 1381 1782 ἐνέϐαλε
1405 1729 1503 1799 τὴν
1540 1728 1851 1797 ὑπόσχεσιν.

275 1814 529 1877 Καλέσας
550 1814 625 1879 δέ,
656 1813 777 1867 οὐδέ
801 1809 974 1872 οὕτως
995 1809 1183 1863 ἔσϐεσε
1215 1812 1313 1882 τῆς
1334 1813 1563 1883 καρδίας
1588 1810 1688 1881 τὴν
1719 1808 1857 1880 πλη-

273 1900 398 1969 γὴν,
425 1898 537 1951 ἀλλ’
565 1897 728 1967 ἔτερα
755 1892 911 1946 πάλιν
940 1890 1036 1944 δύο
1066 1893 1225 1946 αὐτὸν
1257 1895 1351 1965 ἔτη
1372 1897 1470 1967 τῆς
1502 1895 1678 1964 ὅψεως
1716 1893 1854 1946 ἀπο·-

274 1984 479 2050 στήσας
520 1980 617 2048 τῆς
656 1973 858 2036 αὐτοῦ,
892 1974 1043 2043 μόλις
1084 1976 1223 2045 μετά
1266 1978 1357 2031 τὸν
1406 1978 1614 2048 μακρὸν
1666 1978 1855 2047 χρόνον

274 2064 462 2115 τοῦτον
486 2062 646 2115 πάλιν
668 2056 919 2121 ἀξιωθεὶς
957 2058 1060 2111 ὑπὸ
1079 2058 1171 2112 τοῦ
1203 2060 1522 2131 στρατηγοῦ,
1541 2059 1853 2132 παρρησίας

278 2148 598 2214 μετέδωκεν.
644 2142 704 2193 '0
747 2140 803 2192 δὲ
849 2141 987 2212 ὑπὲρ
1034 2141 1236 2195 τούτων
1275 2142 1647 2213 μνησικακῶν,
1688 2141 1721 2211 ἢ
1761 2140 1856 2192 καὶ

274 2229 446 2290 άλλως
472 2224 784 2297 τυραννίδος
834 2225 1003 2294 ἐρῶν,
1033 2226 1383 2278 ἐπανίσταται
1421 2225 1498 2294 τῷ
1536 2224 1727 2293 πατρὶ,
1761 2221 1859 2274 καὶ

276 2312 436 2363 πάλιν
458 2308 615 2362 αὑτὸν
640 2310 719 2370 είς
748 2308 870 2370 τοὺς
900 2308 1131 2371 πλάνους
1162 2309 1255 2360 καὶ
1280 2310 1381 2369 τὰς
1411 2308 1609 2373 φυγάς,
1662 2306 1727 2366 ἃς
1756 2304 1858 2355 ὐπ-

277 2393 493 2461 έμεινεν
537 2390 640 2442 ὑπὸ
690 2388 783 2442 τοῦ
812 2390 1013 2451 Σαοὺλ,
1048 2393 1384 2458 ἐπανήγαγε,
1435 2388 1634 2457 μᾶλλον
1673 2387 1730 2439 δὲ
1764 2388 1858 2439 καὶ

277 2474 456 2541 πολλῷ
484 2472 674 2525 τοῦτον
697 2474 903 2525 ἐκείνου
931 2472 1310 2543 χαλεπώτερον
1347 2470 1595 2534 ἀπέδειξε
1626 2472 1716 2524 τὸν
1744 2488 1860 2523 και-

278 2557 390 2625 ρόν.
416 2554 547 2607 Τότε
577 2556 675 2625 μὲν
698 2554 805 2626 γάρ
834 2555 1137 2625 στρατηγὸς
1160 2552 1237 2607 ὢν
1268 2554 1494 2607 τοιαῦτα
1511 2554 1735 2623 ἔπασχε,
1763 2552 1857 2607 νῦν

274 2638 332 2691 δὲ
364 2638 497 2707 μετά
526 2638 585 2690 τὸ
611 2639 836 2709 χρόνους
878 2641 937 2691 ἐν
960 2640 1025 2707 τῇ
1062 2637 1310 2707 βασιλείᾳ
1344 2638 1567 2706 ποιῆσαι
1604 2636 1853 2699 πολλοὺς,

275 2724 371 2774 καὶ
409 2722 681 2791 κρατῆσαι
711 2722 819 2774 τῶν
842 2722 1114 2791 πολεμίων
1136 2721 1389 2773 ἁπάντων
1411 2722 1486 2783 ώς
1512 2722 1705 2783 εἰπεῖν,
1729 2736 1856 2788 μετ-

275 2805 591 2859 αναστεύειν
638 2806 999 2874 ἠναγκάζετο.
1040 2806 1098 2856 'O
1135 2804 1193 2856 δέ
1226 2803 1549 2871 ἀναγκάζων
1573 2804 1673 2855 οὐκ
1702 2803 1857 2855 ἀλλό-

273 2889 425 2958 τριός
448 2906 531 2950 τις
552 2884 639 2958 ἦν,
664 2889 783 2941 ούδέ
814 2888 1092 2957 πολέμιος,
1116 2887 1231 2939 ἀλλ’
1253 2886 1280 2937 ὁ
1313 2890 1374 2940 ἐκ
1402 2888 1499 2956 τῆς
1528 2887 1754 2948 κοιλίας,
1781 2887 1857 2949 ώς

275 2972 360 3041 [2!
374 2972 427 3043 ὕ]
446 2972 605 3035 αὐτὸς
624 2971 938 3041 ἀπωδύρετο
957 2970 1151 3038 λέγων,
1177 2969 1407 3036 ἐξελθὼν
1429 2971 1524 3039 τῆς
1542 2969 1725 3022 αὑτοῦ.
1750 2970 1857 3021 Καὶ

272 3054 393 3105 τότε
421 3055 516 3123 μὲν
542 3056 598 3106 ἐν
618 3055 770 3123 ἀκμῇ
800 3054 897 3122 τῆς
936 3052 1150 3122 ἡλικίας
1172 3048 1262 3122 ἦν,
1299 3054 1388 3104 καὶ
1413 3053 1599 3122 φέρειν
1630 3051 1857 3119 ἠδύνατο

275 3137 453 3189 πάντα
478 3137 739 3203 γενναίως
758 3152 770 3164 ⁸
801 3137 919 3187 νυνὶ
946 3136 1002 3189 δὲ
1048 3136 1200 3207 παρά
1227 3137 1317 3189 τὸν
1351 3138 1561 3206 καιρὸν,
1590 3135 1649 3187 ὃν
1686 3152 1858 3203 γηρο-

272 3219 591 3288 τροφεῖσθαι
624 3218 786 3271 αὑτὸν
821 3219 986 3288 ἐχρῆν
1020 3220 1109 3272 ὑπ’
1143 3220 1347 3272 ἐκείνου
1374 3219 1465 3270 τοῦ
1487 3216 1709 3290 μιαροῦ,
1737 3217 1857 3268 τότε

273 3302 662 3354 ἐπεϐουλεύετο
687 3302 781 3355 καὶ
805 3302 1142 3371 ἐπολεμεῖτο,
1178 3304 1273 3355 καὶ
1302 3302 1447 3371 ἐξῄει
1490 3301 1626 3371 μετά
1662 3300 1857 3367 ὀλίγων

272 3385 435 3436 τινῶν
474 3384 793 3447 ἀνυπόδετος
851 3389 878 3437 6
919 3385 1207 3454 βασιλεὺς,
1244 3385 1718 3454 ἐγκαλυπτόμενος
1764 3386 1858 3436 καὶ

272 3468 543 3535 δακρύων.
561 3470 633 3521 Ού
668 3470 775 3540 γάρ
812 3472 1095 3539 συμφορᾶς
1125 3469 1272 3538 αὐτῷ
1301 3470 1479 3539 μόνον,
1505 3467 1640 3520 ἀλλά
1659 3467 1752 3520 καὶ
1775 3470 1860 3520 αξ·-

276 3549 476 3619 σχύνης
513 3552 769 3604 ὑπόθεσιν
806 3546 951 3621 εἶχεν
982 3553 1009 3603 ό
1050 3552 1303 3621 πόλεμος.
1341 3550 1592 3620 Τοσούτῳ
1622 3551 1729 3621 γὰρ
1762 3550 1857 3602 τοῦ

276 3631 448 3686 Σαοὺλ
474 3633 931 3707 ὑϐριστικώτερον
959 3636 986 3686 6
1020 3634 1132 3697 υίὸς
1173 3635 1445 3704 ἐχρήσατο
1476 3633 1554 3703 τῷ
1605 3634 1857 3704 μακαρίῳ

274 3720 396 3771 τότε
432 3721 643 3791 ἐκείνῳ,
668 3722 741 3785 ὡς
777 3723 870 3774 καὶ
905 3723 983 3783 είς
1015 3721 1113 3784 τὰς
1142 3722 1423 3784 παλλακὰς
1448 3722 1727 3791 ἐνυϐρίσαι
1762 3720 1855 3773 τοῦ

276 3809 502 3878 πατρὸς,
532 3814 627 3863 καὶ
660 3808 833 3862 ταῦτα
872 3810 933 3862 ού
971 3809 1168 3880 λάθρα,
1199 3810 1314 3862 ἀλλ’
1342 3812 1434 3863 ἐπὶ
1465 3810 1557 3863 τοῦ
1585 3810 1853 3880 δώματος,

274 3897 521 3963 ὁρώντων
552 3896 825 3963 ἁπάντων,
844 3898 937 3949 καὶ
969 3898 1095 3959 τοὺς
1124 3898 1224 3965 τῆς
1255 3898 1472 3965 φύσεως
1502 3898 1735 3967 θεσμοὺς
1763 3899 1855 3951 καὶ

274 3986 399 4046 τοὺς
436 3985 533 4054 τῆς
581 3987 778 4053 μιςεως
826 3986 1022 4054 νόμους
1062 3985 1148 4038 διὰ
1194 3985 1290 4056 τὴν
1327 3985 1467 4039 κατά
1513 3985 1606 4038 τοῦ
1652 3985 1855 4056 πατρὸς

274 4070 462 4140 ὕϐριζε
505 4071 720 4140 μανίαν,
753 4071 846 4124 καὶ⁵
886 4072 989 4124 ὑπὸ
1023 4072 1123 4141 τῆς
1162 4072 1349 4137 ἀνοίας
1380 4073 1612 4143 μεθύων,
1649 4073 1727 4125 ἐτι
1758 4072 1851 4125 τοῦ

275 4159 512 4227 πολέμου
554 4159 905 4223 συνεστῶτος,
936 4159 1007 4213 τὰ
1049 4161 1159 4214 τῶν
1203 4162 1306 4231 ήδη
1352 4162 1712 4231 νενικηκότων
1761 4162 1853 4213 καὶ

273 4244 544 4299 λαϐόντων
565 4246 943 4317 αἰχμαλώτους
959 4248 1083 4310 τοὺς
1101 4248 1375 4311 ἐναντίους
1400 4246 1600 4313 ἐτόλμα
1620 4246 1712 4297 καὶ
1754 4246 1851 4298 ἐπ-

272 4333 562 4387 εδείκνυτο.
588 4333 741 4386 Οὕτω
769 4333 944 4386 τοίνυν
964 4334 1092 4389 ὄντα
1129 4333 1430 4387 κατώδυνον
1460 4333 1552 4385 καὶ
1586 4332 1852 4403 φοϐούμε-

272 4438 362 4473 νον
394 4422 567 4491 εὑρὼν
593 4424 621 4474 6
656 4420 789 4473 Σιϐἀ
822 4420 1149 4492 συνετάραξε
1185 4420 1343 4473 πλέον
1373 4420 1851 4491 καταψευσάμενος

269 4509 365 4563 τοῦ
396 4509 675 4566 δεσπότου.
695 4511 788 4562 καὶ
814 4510 1003 4574 εἰπὼν,
1032 4512 1112 4563 ὅτι
1138 4511 1206 4563 τά
1234 4509 1329 4563 τοῦ
1358 4508 1619 4579 τυράννου
1644 4513 1848 4581 φρονεῖ.

345 4593 409 4649 θ’.
429 4595 628 4648 Τοῦτον
646 4595 947 4665 διαδέχεται
972 4597 1000 4648 6
1032 4596 1245 4666 Σεμεεὶ,
1280 4595 1473 4665 μιαρός
1502 4611 1586 4658 τις
1600 4594 1737 4665 ἀνὴρ
1756 4598 1853 4649 καὶ

270 4685 584 4754 ἀχάριστος,
632 4684 725 4735 καὶ
776 4684 991 4753 μυρίοις
1037 4684 1297 4736 ὀνείδεσιν
1330 4681 1520 4735 ἔϐαλλε
1554 4683 1650 4735 καὶ
1680 4682 1850 4747 λίθοις

274 4771 412 4841 μετά
444 4770 550 4823 τῶν
581 4769 841 4840 ῥημάτων
877 4770 1099 4821 ἐκείνων
1121 4788 1133 4798 ·
1173 4771 1447 4834 Ἔξελθε,
1479 4772 1665 4837 φησὶν,
1693 4771 1851 4839 ἀνὴρ

270 4858 551 4926 αἱμάτων,
600 4856 697 4909 καί
751 4856 906 4923 ἀνὴρ
946 4860 977 4909 ό
1016 4858 1381 4926 παράνομος.
1440 4856 1851 4926 Ἐπέστρεψεν

268 4948 370 4999 ἐπὶ
399 4947 473 4999 σὲ
496 4948 707 5012 Κίιριος
734 4943 929 4997 πάντα
957 4946 1029 4998 τὰ
1056 4947 1275 5014 αἵματα
1300 4947 1403 4999 τοῦ
1426 4946 1594 4998 οἴκου
1626 4948 1847 5011 Σαοὺλ,

270 5037 400 5089 ἀνθ’
425 5030 512 5087 ὧν
544 5034 946 5097 ἐϐασίλευσας
979 5034 1104 5085 ἀντ’
1136 5036 1343 5100 αὐτοῦ,
1378 5035 1475 5088 καὶ
1517 5034 1702 5089 ἔδωκε
1734 5040 1851 5091 Κύ-

264 5140 396 5189 ριος
438 5123 551 5191 τὴν
598 5121 924 5185 ,βασιλείαν
969 5123 1055 5185 είς
1095 5122 1297 5189 χεῖρας
1339 5124 1717 5191 Ἀϐεσσαλὼμ
1743 5127 1850 5179 τοῦ

272 5210 407 5262 υίοῦ
442 5228 578 5275 σου,
597 5209 695 5263 καὶ
721 5206 910 5269 ἔδειξέ
928 5224 1025 5259 σοι
1047 5208 1161 5274 τὴν
1176 5210 1393 5261 κακίαν
1412 5226 1549 5270 σου,
1575 5211 1663 5262 ὅτι
1692 5213 1850 5282 ἀνὴρ

269 5298 529 5364 αἱμάτων
562 5298 643 5352 σὺ
670 5293 741 5351 εἷ.
788 5296 846 5347 '0
878 5294 934 5345 δὲ
960 5294 1186 5363 ἐτήκετο
1212 5296 1308 5364 μὲν
1329 5297 1501 5349 ταῦτα
1522 5298 1735 5352 ἀκούων
1754 5304 1848 5355 καὶ

272 5385 607 5453 πάσχων,ώς
630 5384 724 5437 καὶ
753 5383 845 5436 ἀπ’
872 5380 1049 5433 αὐτῶν
1076 5381 1183 5431 τῶν
1210 5381 1424 5451 θρήνων
1442 5383 1600 5435 τοῦτο
1629 5384 1846 5454 ἐδήλου,

270 5472 422 5524 οὐδὲν
446 5472 501 5522 δέ
527 5472 729 5541 ἐτόλμα
754 5470 1060 5541 περαιτέρω
1082 5471 1277 5519 ποιεῖν’
1307 5470 1421 5523 ἀλλ’
1448 5472 1638 5537 εἰπὼν,
1668 5475 1848 5543 ’Ἄφες

270 5578 306 5611 α
317 5559 454 5610 ὺτὸν
474 5557 859 5623 καταρᾶσθαι,
882 5557 969 5609 ὅτι
985 5557 1199 5622 Κύριος
1224 5556 1463 5623 εἴρηκεν
1485 5563 1665 5626 αὐτῷ,
1688 5563 1846 5629 ὅπως

272 5649 371 5715 ἴδῃ
398 5648 511 5715 τὴν
544 5651 903 5702 ταπείνωσίν
925 5667 1064 5719 μου,
1084 5648 1181 5701 καὶ
1215 5649 1486 5717 ἁποδώῃ·
1508 5669 1604 5717 μοι
1632 5656 1847 5721 Κύριος

270 5736 461 5801 ἀγαθὰ
516 5735 647 5787 ἀντὶ
697 5738 954 5804 κατάρας
1004 5736 1116 5804 τῆς
1154 5736 1221 5788 ἐν
1274 5733 1347 5803 τῇ
1394 5736 1581 5804 ﬁyém
1638 5742 1843 5809 ταύτῃ,

271 5824 449 5890 ἀφῆκε
482 5821 657 5885 ζῶντα
688 5821 964 5876 ἀπελθεῖνο
1002 5824 1167 5887 αὐτὸς
1199 5823 1254 5875 δέ
1292 5824 1577 5893 περιέμενε
1609 5826 1677 5878 τὰ
1718 5831 1847 5899 περὶ

273 5910 364 5965 τοῦ
393 5910 556 5963 Χουσὶ
592 5908 869 5979 μεριμνῶν
914 5914 1002 5963 καὶ
1037 5914 1256 5983 τρέμων
1292 5910 1341 5963 τί
1377 5928 1503 5963 ποτε
1539 5912 1645 5982 ἄρα
1694 5914 1844 5969 ἔσται

334 6071 362 6101 ⁸³
382 6070 547 6119 Mnrol.
579 6068 791 6127 ἀποδώῃ,
816 6068 959 6115 Savil.
987 6069 1383 6131 ἀποδώσῃ,(ἶοιῒ).
1407 6074 1750 6127 ἀνταποδιῖισει.

1067 529 1157 582 AD
1193 523 1572 583 STAGIRIUM
1610 525 1654 579 Α
1702 519 2010 578 ΒᾸΞΜΟΝΕ
2046 515 2549 571 ἾΕΧΔἹὌΜᾸΛΒ.
2594 516 2680 570 Ill.

3428 520 3533 575 ιρι

1960 638 2019 690 τὸ
2044 636 2215 700 τέλος.
2256 636 2343 698 Ὠς
2378 634 2433 686 δὲ
2460 632 2779 703 ἀπηγγέλθη
2806 631 2900 683 καὶ
2930 630 3123 691 ταῦτα,
3163 638 3531 701 συνεκροτεῖτο

1960 727 1988 779 6
2021 725 2257 794 πόλεμος
2303 722 2520 776 πάντων
2561 722 2813 789 πολέμων
2841 717 2949 772 τῶν
2982 716 3200 773 πώποτε
3228 722 3534 791 γενομένων

1956 814 2273 874 καινότατος
2306 810 2403 875 ῶν,
2452 812 2544 864 καὶ
2590 809 2874 877 αἰνίγματι
2931 810 3131 878 μᾶλλον
3174 808 3385 873 ἐοικώς.
3432 810 3537 862 Τὸν

1957 900 2067 971 γὰρ
2100 898 2273 952 αἴτιον
2298 899 2404 951 τῶν
2431 897 2702 951 τοσούτων
2730 893 2937 957 κακῶν,
2961 895 3053 946 καὶ
3089 895 3272 966 ἐκείνῃ
3295 898 3360 964 τῇ
3386 896 3537 968 μάχῃ

1960 986 2313 1058 παρασχόντα
2342 986 2441 1055 τὴν
2479 985 2735 1037 ὑπόθεσιν
2782 983 3020 1045 ἃπασαν,
3056 983 3152 1035 καὶ
3184 976 3245 1035 οῦ
3281 983 3539 1044 πεσόντος

1957 1076 2172 1127 ἅπαντα
2198 1072 2385 1125 λέλυτο
2418 1074 2485 1125 τά
2515 1070 2685 1132 δεινὰ,
2715 1069 2904 1124 τοῦτον
2939 1069 3082 1139 ἔχειν
3112 1071 3169 1122 ἐν
3206 1068 3376 1137 πολλῇ
3410 1085 3539 1137 προς

1958 1161 2076 1230 νοία
2105 1160 2195 1211 καὶ
2222 1158 2392 1228 φειδοῖ
2422 1159 2547 1220 τοὺς
2578 1159 2917 1228 στρατηγοὺς
2948 1154 3247 1226 παρεκάλει
3280 1156 3405 1216 τοὺς
3440 1154 3539 1207 αύυ

1956 1245 2075 1310 τοῦ,
2108 1244 2346 1315 συνεχῶς
2376 1243 2645 1311 ἐπιλέγων
2666 1260 2681 1276 ο
2711 1244 3009 1297 Φείσασθέ
3030 1257 3151 1311 μου
3186 1244 3293 1296 τοῦ
3325 1240 3539 1294 παιδα-

1949 1334 2088 1401 ρίου
2131 1330 2537 1400 Ἀϐεσσαλώμ.
2575 1330 2641 1383 Τί
2687 1329 2891 1398 ταύτης
2934 1331 2999 1381 ἂν
3032 1330 3240 1397 γένοιτο
3273 1331 3370 1399 τῆς
3400 1331 3538 1381 ἀπο-

1960 1419 2083 1489 ρίας
2111 1422 2321 1490 χεῖρον;
2359 1418 2410 1471 τί
2462 1418 2561 1488 τῆς
2608 1416 2915 1488 ἀμηχανίας
2947 1415 3333 1485 ἐλεεινότερον,
3374 1417 3539 1467 Πόλε-

1960 1524 2060 1577 μον
2113 1506 2468 1571 ἀναδέξασθαι
2515 1506 2879 1576 ἠναγκάζετο,
2918 1506 2977 1556 ἐν
3017 1498 3062 1571 ᾧ
3105 1504 3200 1556 καὶ
3232 1504 3293 1554 τὸ
3318 1505 3537 1572 νικῆσαι

1957 1594 2051 1648 καὶ
2089 1596 2150 1647 τὸ
2176 1595 2515 1666 κρατηθῆναι
2550 1594 2751 1664 ὁμοίως
2794 1593 3065 1646 ἀπευκτὸν
3097 1588 3166 1664 ἦν
3200 1592 3367 1663 αὐτῷ.
3398 1593 3536 1645 υῦτε

1956 1682 2066 1753 γὰρ
2094 1680 2312 1735 ἔλαττον
2341 1683 2482 1751 ἔχειν
2510 1681 2722 1752 ήθελεν,
2755 1682 2874 1734 οὐδὲ
2899 1681 3007 1753 γάρ
3042 1681 3107 1735 ἂν
3138 1681 3391 1734 τοσοῦτον
3447 1682 3537 1746 ἐξ.

1957 1768 2173 1840 έπεμψε
2203 1770 2455 1840 στρατὸν,
2487 1768 2609 1821 οὔτε
2632 1769 3033 1838 περιγενέσθαι,
3066 1768 3187 1821 οὐδὲ
3214 1770 3318 1839 γὰρ
3347 1768 3413 1823 ἂν
3445 1771 3536 1821 τὸν

1957 1859 2249 1927 συνέχοντα
2271 1857 2367 1909 καὶ
2389 1856 2793 1927 συγκροτοῦντα
2817 1856 2917 1925 τήν
2946 1855 3043 1924 τῆς
3074 1855 3255 1925 μάχης
3290 1856 3539 1927 παράταο

1956 1946 2039 2010 ξιν
2066 1945 2340 1998 ἐκώλυσεν
2372 1944 2600 1997 ἀνελεῖν.
2632 1943 2928 2016 Κριθέντος
2954 1942 3010 1994 δέ
3038 1941 3133 1995 τοῦ
3169 1942 3409 2013 πολέμου
3443 1946 3537 1995 καὶ

1954 2033 2106 2096 τέλος
2152 2032 2406 2095 λαϐόντος
2436 2034 2573 2103 ὅπερ
2603 2030 2794 2100 ήθελεν
2834 2033 2862 2082 ό
2891 2030 3044 2095 Θεὸς,
3076 2030 3170 2083 καὶ
3196 2030 3290 2082 τοῦ
3326 2047 3538 2101 πατρα-

1955 2118 2099 2171 λοίου
2128 2120 2387 2181 πεσόντος
2420 2120 2653 2183 ἐκείνου,
2705 2121 2753 2171 οἱ
2801 2119 2900 2189 μὲν
2940 2118 3120 2170 λοιποὶ
3158 2120 3361 2181 πάντες
3395 2114 3538 2188 ἦσαν

1956 2208 2015 2259 ἐν
2042 2207 2347 2279 εὐφροσύνῃ
2378 2208 2472 2261 καὶ
2504 2209 2668 2278 χαρᾷ,
2699 2208 2856 2277 μόνος
2888 2208 2942 2260 δέ
2972 2210 3175 2271 ἐκεῖνος
3206 2210 3420 2260 ἐπένθει
3442 2211 3536 2261 καὶ

1960 2294 2209 2364 ἐδάκρυε,
2237 2296 2331 2347 καὶ
2351 2294 2643 2365 καθείρξας
2670 2295 2861 2346 ἐαυτὸν
2887 2295 3202 2348 ἀνεκαλεῖτο
3227 2297 3318 2347 τὸν
3349 2295 3537 2365 τεθνη-

1958 2381 2112 2443 κότα,
2145 2382 2238 2433 καὶ
2282 2380 2662 2451 ἐδυσχέραινεν
2693 2382 2775 2434 ὅτι
2815 2382 2890 2452 μὴ
2934 2383 3047 2435 ἀντ’
3082 2384 3290 2436 ἐκείνου
3326 2383 3423 2454 τὴν
3451 2401 3539 2435 τε·

1958 2469 2152 2539 λευτὴν
2182 2467 2419 2532 ἐδέξατο.
2457 2469 2553 2535 Τίς
2581 2468 2758 2523 δώσει
2786 2471 2894 2541 γάρ
2925 2488 3049 2539 μοι,
3077 2472 3230 2541 φησὶ,
3258 2472 3537 2534 θάνατον,

1958 2555 2089 2608 ἀντὶ
2113 2555 2252 2619 σοῦ,
2281 2556 2678 2625 Ἀϐεσσαλὼμ,
2695 2556 2787 2610 υἱέ
2805 2573 2957 2625 μου;
2984 2556 3047 2608 Τί
3070 2558 3271 2629 ταύτης
3298 2557 3540 2626 ἠκούσθη

1956 2642 2442 2713 πολυπλοκώτερον
2481 2643 2580 2713 τῆς
2611 2646 2930 2714 συμφορᾶς;
2966 2645 3093 2696 Ὅτε
3132 2646 3231 2714 μὲν
3264 2646 3355 2697 τὸν
3384 2644 3538 2698 ἀδελ-

1956 2730 2054 2799 φὸν
2082 2730 2311 2793 ἀνεῖλεν,
2337 2730 2547 2783 ἀνελεῖν
2580 2732 2744 2784 αὐτὸν
2776 2731 3129 2795 ἐσπούδαζεν,
3164 2735 3252 2785 ὅτε
3284 2733 3339 2784 δὲ
3364 2734 3540 2803 ἐμάνη

1957 2820 2076 2872 κατ’
2111 2819 2299 2883 αὑτοῦ,
2334 2821 2458 2873 τότε
2511 2822 2754 2891 φείδεται
2791 2823 2885 2875 τοῦ
2938 2823 3145 2887 παιδός.
3191 2824 3302 2877 Καὶ
3343 2825 3443 2876 οὐκ
3476 2825 3542 2877 ἂν

1956 2908 2234 2960 ἐπαύσατο
2267 2908 2482 2979 θρηνῶν
2516 2912 2609 2963 ἐπὶ
2644 2910 2778 2963 πολὺ
2813 2911 2904 2963 τὸν
2932 2911 3145 2982 νεκρὸν,
3176 2913 3226 2964 εὶ
3262 2912 3338 2982 μὴ
3368 2913 3543 2982 εἰσῆλ-

1957 2995 2048 3048 θεν
2074 2999 2103 3049 6
2143 2997 2321 3059 Ίωάϐ,
2354 2999 2447 3050 καὶ
2475 2997 2574 3067 τὴν
2600 2999 2831 3052 ἀτοπίαν
2858 2999 2952 3052 τοῦ
2990 3000 3313 3071 πράγματος
3344 3001 3539 3067 ἔδειξε,

1958 3084 2052 3136 καὶ
2084 3083 2439 3154 σφοδρότερον
2490 3084 2791 3155 διαλεχθεὶς
2842 3086 3105 3154 ἀνέστησέ
3137 3103 3196 3137 τε
3230 3086 3414 3150 αὑτὸν,
3448 3090 3541 3140 καί

1959 3174 2017 3223 ἐν
2067 3174 2306 3243 σχήματι
2352 3173 2431 3242 τῷ
2480 3177 2808 3243 προσήκοντι
2848 3174 3098 3239 δέξασθαι
3141 3176 3239 3246 τὴν
3282 3177 3539 3249 στρατιὰν

1960 3262 2361 3330 παρεσκεύασε.
2396 3260 2542 3332 [217]
2567 3263 2675 3315 Καὶ
2690 3261 2807 3315 οὐδὲ
2824 3264 2945 3314 τότε
2972 3264 3119 3333 αύτῴ
3136 3264 3204 3315 τά
3222 3264 3330 3317 τῶν
3350 3265 3540 3318 δεινῶν

1957 3345 2108 3409 τέλος
2135 3347 2461 3417 ἐλάμϐανεν,
2496 3348 2635 3400 ἀλλά
2662 3349 2878 3420 πρῶτον
2910 3351 3008 3421 μὲν
3042 3352 3373 3405 ἐστασίασαν
3402 3354 3538 3422 πρὸς

1957 3434 2217 3505 ἀλλήλους
2245 3436 2294 3486 οί
2325 3435 2654 3505 στρατιῶται
2686 3438 2781 3491 καὶ
2805 3438 3132 3509 διῃρέθησαν
3152 3455 3166 3468 ⁸
3200 3440 3276 3503 ὡς
3300 3440 3355 3493 δὲ
3388 3440 3539 3509 μόλις

1958 3523 2050 3573 καὶ
2087 3522 2225 3592 μετά
2273 3523 2476 3591 πολλῆς
2526 3525 2624 3595 τῆς
2663 3526 2955 3589 κολακείας
2982 3522 3130 3590 εἶξαν
3180 3527 3257 3596 τῷ
3310 3528 3535 3597 βασιλεῖ,

1957 3609 2117 3662 πάλιν
2150 3610 2601 3681 ἀποπηδήσαντες
2647 3613 3053 3685 προσετέθησαν
3091 3614 3167 3684 τῷ
3210 3616 3401 3673 Σαϐεέ.
3445 3618 3538 3669 καὶ

1958 3697 2118 3750 πάλιν
2142 3696 2200 3761 ἐξ
2224 3699 2397 3768 ἀρχῆς
2422 3700 2506 3752 ἐτε
2518 3717 2606 3768 ρος
2637 3702 2879 3753 ἐτίκτετο
2908 3702 3138 3771 πόλεμος
3158 3702 3265 3755 τῶν
3288 3704 3381 3755 τοῦ
3409 3722 3539 3774 προ-

1955 3783 2113 3853 τέρου
2150 3784 2419 3853 λειψάνων
2462 3787 2731 3856 μενόντων
2762 3788 2862 3840 ἔτι.
2921 3790 3090 3859 ’Υπὲρ
3120 3783 3194 3842 ὧν
3221 3790 3538 3862 θορυϐηθεὶς

1954 3873 1983 3923 6
2012 3870 2195 3934 Δαυῖδ,
2214 3873 2307 3925 καὶ
2328 3875 2708 3942 συγκροτήσας
2729 3876 2855 3937 τοὺς
2878 3877 3237 3944 στρατιώτας,
3264 3878 3536 3945 ἐξέπεμψε

1959 3959 2097 4027 μετά
2126 3959 2234 4011 τῶν
2272 3960 2589 4031 στρατηγῶν
2610 3978 2622 3991 ο
2652 3963 2681 4013 6
2712 3962 2770 4014 δὲ
2809 3962 2965 4015 Ἰωάϐ
2995 3964 3419 4034 τροπωσάμενος
3444 3968 3537 4017 καὶ

1952 4046 2142 4100 τοῦτον
2169 4048 2261 4100 τὸν
2286 4049 2538 4119 πόλεμον,
2567 4050 2668 4103 οὐκ
2696 4049 2874 4118 ἀφῆκε
2907 4050 3150 4121 καθαράν
3178 4052 3415 4122 ἀθυμίας
3440 4070 3537 4119 γε⁸

1954 4133 2141 4187 νέσθαι
2174 4135 2271 4207 τὴν
2305 4138 2412 4189 ἀπὸ
2446 4137 2546 4207 τῆς
2578 4137 2734 4207 νίκης
2768 4138 2981 4208 ἡδονήν.
3032 4139 3136 4191 Τὸν
3167 4140 3274 4210 γὰρ
3306 4142 3538 4211 συστρά-

1952 4238 2122 4291 τηγον
2147 4223 2239 4276 τὸν
2269 4224 2433 4277 αὑτοῦ
2460 4226 2555 4277 καὶ
2587 4225 2766 4278 πάντα
2795 4225 2887 4278 τὸν
2925 4226 3055 4278 λαὸν
3084 4227 3428 4293 ὑποτάξαντα
3460 4228 3539 4298 τῷ

1953 4308 2135 4375 Δαυτδ,
2170 4309 2359 4363 τοῦτον
2401 4310 2589 4371 ἀπλῶς
2634 4312 2729 4365 καὶ
2766 4312 2919 4364 ούδέν
2949 4314 3089 4383 ἔχων
3122 4314 3394 4382 ἐγκαλεῖν,
3431 4317 3537 4369 ὑπὸ

1955 4394 2253 4465 βασκανίας
2288 4398 2477 4466 μανεὶς
2501 4397 2682 4452 ἀνεῖλε
2708 4400 2804 4453 καὶ
2832 4400 3160 4471 διεχρήσατο
3180 4418 3198 4435 ο
3231 4403 3368 4475 ὅπερ
3395 4403 3539 4458 οὔτω

1952 4483 2236 4555 διετάραξε
2279 4485 2371 4537 τὸν
2418 4484 2643 4556 βασιλέα
2675 4488 2769 4539 καὶ
2812 4488 3083 4559 συνέχεεν,
3135 4490 3211 4553 ὡς
3260 4492 3356 4545 καὶ
3406 4494 3539 4564 περὶ

1951 4572 2143 4626 τούτου
2171 4571 2505 4626 τελευτῶντα
2530 4574 2832 4645 ἐπισκῆψαι
2852 4575 2931 4646 τῷ
2956 4578 3125 4643 παιδί,
3158 4578 3253 4631 καὶ
3275 4578 3535 4651 δεηθῆναι

1957 4661 2031 4730 μὴ
2080 4660 2345 4729 περιιδεῖν
2388 4660 2738 4733 ἀτιμώρητον
2777 4664 3081 4719 ἀπελθόντα
3127 4666 3218 4719 τὸν
3277 4668 3532 4738 Ἀμισσᾶ.

1954 4746 2060 4799 Καὶ
2113 4748 2173 4800 τὸ
2234 4748 2298 4818 δὴ
2348 4747 2728 4819 χαλεπώτερον
2754 4789 2769 4812 ,
2825 4750 2969 4804 οὕτω
3018 4752 3360 4822 διακείμενος
3416 4757 3537 4809 οὺδέ

1953 4835 2189 4900 ἐξειπεῖν
2246 4835 2447 4903 ἐτόλμα
2508 4836 2605 4904 τῆς
2669 4836 2906 4907 ἀθυμίας
2967 4840 3065 4907 τὴν
3121 4840 3398 4907 ὑπόθεσιν,
3448 4843 3538 4896 διὰ

1951 4924 2013 4975 τὸ
2055 4923 2267 4993 μυρίοις
2298 4924 2397 4992 ήδη
2450 4923 3130 4996 προστεταλαιπωρηκέναι
3180 4933 3391 4993 κακοῖς.
3427 4933 3537 4985 Καὶ

1952 5011 2059 5081 γὰρ
2120 5009 2258 5079 μετά
2320 5013 2445 5071 τοὺς
2508 5010 2780 5081 πολέμους
2843 5013 3068 5077 τούτους
3118 5015 3388 5082 διεδέξατο
3453 5019 3535 5071 λι-

1955 5098 2054 5169 μὸς
2104 5097 2201 5167 τήν
2258 5095 2440 5165 χώραν
2477 5098 2675 5163 πᾶσαν,
2726 5099 2821 5152 καὶ
2870 5099 2962 5152 τοῦ
3014 5101 3183 5154 κακοῦ
3228 5104 3407 5174 ζητῶν
3437 5106 3533 5157 λύ-

1954 5202 2036 5237 σιν
2094 5185 2294 5253 εύρεῖν,
2354 5184 2693 5252 ἠναγκάζετο
2747 5187 2872 5246 τοὺς
2918 5186 3011 5238 τοῦ
3064 5188 3236 5241 Σαοὺλ
3281 5190 3533 5245 ἐκδοῦναι

1952 5274 2147 5335 παῖδας
2177 5273 2257 5334 εἰς
2301 5273 2536 5342 σφαγήν.
2585 5271 2753 5323 Τοῦτο
2800 5272 2907 5342 γάρ
2960 5275 3145 5343 ἔλεγεν
3190 5278 3219 5329 6
3252 5280 3529 5348 χρησμός·

1964 5361 2095 5414 Ἐπὶ
2145 5360 2366 5423 Σαοὺλ,
2419 5361 2572 5429 φησὶ,
2622 5359 2720 5411 καὶ
2761 5361 2858 5413 ἐπὶ
2909 5362 3014 5415 τὸν
3052 5360 3221 5417 οἷκον
3270 5365 3457 5419 αὐτοῦ
3489 5368 3527 5433 ἡ

1950 5450 2149 5504 ἀδικία
2181 5450 2331 5514 αὕτη
2372 5448 2471 5500 διὰ
2518 5447 2580 5499 τὸ
2628 5448 2969 5505 θανατῶσαι
3010 5453 3194 5503 αὺτέν
3232 5452 3374 5517 τοὺς
3407 5455 3527 5505 ινα-

1950 5539 2259 5601 ϐαωνίτας.
2288 5537 2348 5587 Εἰ
2380 5535 2438 5586 δέ
2472 5552 2554 5597 τις
2587 5536 2858 5606 μέμνηται
2894 5537 3010 5599 πῶς
3040 5539 3129 5589 τὸν
3161 5539 3332 5593 Σαοὺλ
3360 5542 3525 5612 ἐθρή-

1948 5642 2130 5692 νησεν,
2164 5621 2268 5676 οἶδε
2291 5623 2343 5674 τί
2382 5622 2475 5675 καὶ
2522 5624 2642 5675 τότε
2690 5623 2893 5693 ἔπασχε
2926 5624 3250 5695 παραδιδοὺς
3284 5632 3395 5692 τοῖς
3420 5630 3527 5681 Γα-

1950 5712 2237 5773 ϐαωνίταις
2271 5709 2495 5772 αὐτούς’
2531 5710 2645 5762 ἀλλ’
2692 5713 2840 5780 ὅμως
2884 5712 2975 5762 καὶ
3012 5711 3184 5767 ταῦτα
3221 5715 3401 5785 ἔφερε,
3432 5718 3524 5769 καὶ

1950 5799 2257 5871 περαιτέρω
2284 5797 2445 5851 πάλιν
2471 5800 2665 5869 προῄει
2686 5799 2753 5850 τά
2779 5798 2884 5852 τῶν
2910 5801 3221 5873 συμφορῶν.
3248 5801 3397 5853 Μετά
3418 5803 3524 5873 γὰρ

1947 5889 2037 5941 τὸν
2067 5886 2222 5955 λιμὸν
2247 5886 2449 5955 ἐπέστη
2475 5885 2683 5955 λοιμὸς,
2713 5886 2805 5938 καὶ
2834 5888 3119 5940 πίπτουσιν
3156 5888 3525 5959 ἐϐδομήκοντα

1950 5975 2183 6045 χιλιάδες
2235 5972 2443 6044 ἀνδρῶν
2495 5975 2551 6025 ἐν
2590 5974 2665 6044 τῷ
2707 5975 2805 6043 τῆς
2851 5976 3064 6046 ἡμέρας
3102 5977 3289 6045 ἡμίσει
3324 5978 3524 6049 καιρῷ,

1952 6066 2038 6117 ὅτε
2072 6064 2163 6115 καὶ
2197 6060 2262 6113 τὰ
2291 6060 2496 6115 ἐλεεινά
2532 6063 2712 6116 ἐκεῖνα
2756 6064 2971 6133 ῥήματα
3001 6064 3293 6132 φθέγγεται
3318 6066 3346 6116 ό
3369 6064 3523 6132 βασι-
