4490 6742
404 578 505 623 53.")

406 693 487 737 est
530 699 639 737 rex.
673 687 801 740 Cum
837 687 975 741 enim
1004 686 1223 739 vidisset
1254 681 1496 748 angelqu
1528 678 1820 733 districtum
1863 682 1978 749 gla-

404 775 545 827 dium
567 785 853 842 tenentem,
878 776 1101 829 diccbat:
1130 772 1259 825 Ecce
1276 786 1364 836 ego
1388 778 1557 835 pastor
1579 772 1793 837 peccavi,
1823 780 1868 821 ct
1889 786 1979 838 ego

412 880 581 935 pastor
607 870 737 921 male
767 870 859 938 feci
886 868 1007 920 :isti
1026 865 1110 935 qui
1139 870 1253 914 sunt
1274 876 1394 928 grex
1414 900 1428 922 ,
1461 861 1578 927 quid
1607 863 1872 931 ['ecertmt?
1903 862 1981 913 Sit

404 961 453 1011 in
472 977 546 1013 me
568 978 742 1012 manus
759 970 862 1022 tua,
882 967 925 1010 et
944 958 993 1008 in
1011 957 1211 1006 domum
1234 952 1388 1019 patris
1409 954 1499 1003 mei
1519 950 1593 1022 (Ξ.
1611 952 1733 1022 Reg.
1755 951 1845 1005 24.
1870 952 1985 1018 ιτ).

408 1051 636 1119 Denique
664 1052 826 1114 ipsius
842 1059 1026 1101 omnes
1046 1056 1310 1095 mrumnas
1339 1042 1634 1110 diligentius
1662 1058 1978 1098 enumerare

407 1141 656 1209 possibile
679 1158 780 1192 non
804 1148 915 1191 est:
941 1148 1112 1202 neque
1136 1133 1275 1185 enim
1299 1145 1483 1186 omnes
1500 1136 1810 1203 conscriptas
1839 1144 1981 1194 sunt,

408 1250 584 1285 verum
618 1248 680 1285 ex
712 1231 874 1298 ipsius
902 1226 1144 1281 lamentis
1171 1233 1224 1277 et
1249 1224 1530 1289 gemitibus
1552 1241 1831 1296 possumus
1853 1240 1983 1277 con-

406 1326 569 1389 jicere
599 1321 957 1373 calamitatum
981 1330 1191 1386 quoque
1213 1314 1525 1369 omissarum
1548 1315 1981 1386 magnitudinem,

406 1425 564 1480 utque
581 1413 754 1479 justus
774 1410 859 1463 ille
879 1421 1163 1475 numquam
1197 1405 1440 1474 plangere
1460 1423 1521 1461 ac
1539 1409 1721 1463 dolere
1745 1404 1981 1460 desierit.

404 1504 535 1569 Quid
568 1503 706 1557 enim
754 1503 842 1557 ille
888 1502 997 1553 ait?
1028 1498 1144 1549 Dies
1178 1513 1424 1550 annorum
1462 1508 1747 1552 nostrorum
1776 1495 1829 1548 in
1856 1495 1981 1562 ipsis

406 1596 715 1666 septuaginta
750 1594 871 1647 anni
893 1610 911 1646 :
939 1593 982 1643 si
1026 1600 1192 1642 autem
1229 1592 1279 1642 in
1324 1592 1683 1658 potentatibus,
1734 1587 1985 1656 octoginta

407 1689 525 1740 atati
547 1728 561 1752 ,
607 1698 654 1739 et
690 1688 907 1755 amplius
937 1698 1108 1735 eorum
1150 1682 1291 1733 labor
1330 1696 1373 1735 et
1403 1684 1547 1736 dolor
1578 1682 1695 1751 (Ps.
1731 1679 1817 1733 89.
1854 1679 1980 1749 10).

406 1778 495 1831 Sin
527 1793 651 1833 vero
698 1787 750 1830 tu
781 1776 980 1828 dixeris
1017 1788 1111 1841 per
1152 1772 1266 1827 btec
1306 1774 1452 1827 illum
1491 1773 1654 1827 verba
1696 1785 1799 1823 non
1831 1784 1980 1823 suam

406 1869 597 1930 solum,
628 1867 720 1919 scd
748 1878 1081 1919 communem
1108 1864 1263 1916 vitam
1296 1865 1529 1917 omnium
1554 1858 1979 1931 reprehendisse,

407 1960 521 2027 plus
541 1958 734 2027 aliquid
758 1971 914 2026 quam
938 1969 1035 2024 ego
1057 1954 1210 2009 velim
1233 1953 1501 2019 concedis,
1523 1950 1864 2020 plurimisque
1886 1966 1982 2002 nos

405 2050 775 2104 controversiis
795 2048 1002 2107 liberas,
1025 2046 1135 2115 ipse
1151 2047 1486 2101 consentiens
1503 2059 1606 2097 non
1628 2043 1764 2095 illius
1784 2043 1976 2105 solum,

406 2141 495 2196 sed
522 2157 589 2195 ne
617 2138 831 2193 aiiCli'tS
854 2138 1062 2207 quidem
1088 2138 1395 2207 cujusquam
1417 2136 1580 2188 vitam
1610 2134 1828 2187 inveniri
1854 2146 1979 2201 pos-

406 2249 463 2286 se
483 2275 495 2296 ,
530 2234 679 2299 cujus
700 2246 802 2281 non
837 2230 1002 2282 multo
1028 2230 1133 2282 sint
1170 2229 1317 2299 plura
1350 2227 1515 2281 tristia
1541 2239 1696 2294 quam
1719 2224 1972 2293 jucunda.

406 2320 675 2388 Siquidem
706 2319 811 2382 ille,
845 2328 899 2371 ut
927 2329 977 2372 tu
1005 2334 1215 2388 quoque
1259 2318 1359 2372 rite
1389 2316 1690 2379 confiteris,
1722 2330 1825 2369 non
1859 2328 1984 2368 suas

414 2415 584 2466 solum
616 2412 942 2464 calamitates
964 2451 978 2472 ,
1011 2410 1102 2464 sed
1136 2410 1359 2462 aliorum
1389 2422 1599 2477 quoque
1624 2407 1675 2459 in
1703 2416 1984 2459 commune

405 2502 768 2559 ειιηδίἀετοιιε.
804 2501 871 2554 ita
900 2500 1111 2555 demum
1140 2500 1274 2554 hanc
1302 2500 1623 2554 sententiam
1655 2498 1771 2551 tulit
1796 2496 1982 2550 eadem

406 2609 522 2660 qua:
560 2592 853 2661 patriarcha
889 2592 1132 2661 loquutus
1158 2632 1171 2651 ,
1222 2590 1321 2645 nisi
1351 2590 1490 2659 quod
1521 2591 1620 2642 iste
1650 2587 1834 2656 majori
1864 2598 1984 2637 cum

407 2684 761 2735 vehementia.
790 2682 956 2747 Quam
981 2683 1119 2737 enim
1144 2682 1228 2736 ille
1255 2681 1319 2735 de
1346 2691 1515 2751 parte,
1544 2679 1629 2733 hic
1652 2678 1720 2732 de
1741 2675 1988 2731 omnibus

406 2773 644 2844 protulit.
679 2773 864 2826 Aiebat
892 2773 995 2837 ille,
1034 2771 1184 2826 Parvi
1213 2784 1258 2825 et
1284 2772 1405 2825 mali
1425 2780 1538 2824 sunt
1566 2771 1671 2823 dies
1702 2769 1797 2821 mei
1818 2763 1984 2836 (Gen.

407 2864 494 2915 47.
527 2862 597 2931 9)
626 2881 637 2915 :
685 2864 769 2917 hic
798 2874 969 2917 autem
996 2905 1010 2928 ,
1042 2862 1165 2917 Dies
1208 2880 1452 2916 annorum
1476 2873 1760 2918 nostrorum
1786 2859 1840 2912 in
1866 2858 1988 2927 ipsis

409 2955 723 3024 septuaginta
756 2956 911 3007 anni:
941 2956 1040 3009 hoc
1068 2966 1169 3021 est,
1199 2955 1432 3009 omnium
1461 2953 1769 3015 hominum;
1799 2961 1845 3004 et
1874 2967 1985 3003 am-

407 3047 538 3113 plius
563 3063 729 3099 eorum
761 3048 899 3100 labor
924 3059 969 3100 et
1009 3049 1172 3101 dolor.

479 3136 564 3190 10.
609 3136 795 3189 Verum
842 3138 1136 3191 enimvero
1168 3138 1301 3201 haec,
1354 3145 1411 3189 ut
1438 3137 1568 3203 dixi,
1612 3136 1707 3190 tibi
1750 3134 1981 3204 diligen-

408 3230 509 3282 lius
540 3229 590 3281 in
621 3230 729 3282 otio
757 3231 1105 3282 examinanda
1134 3229 1439 3297 relinquens
1467 3243 1566 3298 ego
1590 3228 1656 3282 ad
1698 3226 1983 3297 prophetas

407 3321 613 3372 veniam
662 3319 890 3387 reliquos
934 3337 946 3371 :
989 3319 1199 3374 tametsi
1242 3334 1498 3389 nusquam
1527 3318 1687 3372 vitam
1724 3331 1871 3371 suam
1908 3315 1983 3368 illi

408 3412 557 3465 nobis
604 3410 955 3479 conscriptam
998 3411 1366 3480 reliquerunt,
1406 3409 1475 3465 ob
1511 3411 1767 3464 malorum
1806 3416 1983 3462 tamen

408 3518 526 3571 qua:
578 3502 696 3556 illos
736 3510 1115 3570 oppresserunt
1163 3500 1577 3570 magnitudinem
1630 3499 1712 3553 vel
1762 3514 1828 3553 ex
1878 3512 1982 3551 uno

409 3594 569 3648 verbo
608 3610 820 3648 omnem
866 3594 981 3647 illos
1022 3593 1180 3647 vitam
1224 3593 1276 3646 in
1318 3592 1606 3658 laboribus,
1651 3589 1904 3645 aerumnis
1930 3598 1984 3643 et

408 3686 677 3740 doloribus
730 3687 902 3757 egisse
949 3700 1071 3740 reor
1123 3683 1331 3739 ostendi
1376 3698 1552 3753 posse.
1612 3683 1689 3737 Ac
1732 3683 1981 3751 primum,

408 3778 547 3847 quod
597 3792 878 3831 commune
921 3777 1023 3831 illis
1062 3777 1308 3831 omnibus
1337 3774 1453 3840 fuit,
1488 3775 1636 3835 torti.
1672 3773 1985 3827 verberibus

409 3868 604 3933 allecti,
632 3868 785 3933 secti,
835 3868 1098 3935 lapidibus
1127 3866 1322 3931 obruti,
1352 3866 1654 3919 carceribus
1693 3862 1899 3925 inclusi,
1931 3863 1982 3914 in

408 3959 672 4013 occisione
699 3958 855 4029 gladii
889 3958 1193 4023 morientes,
1240 3957 1629 4010 circumeuntes
1676 3955 1728 4007 in
1775 3952 1984 4007 melotis

408 4061 461 4105 et
490 4050 711 4119 pellibus
748 4051 1001 4119 caprinis,
1044 4058 1259 4118 egentes
1300 4057 1353 4102 et
1389 4046 1554 4116 pressi
1589 4055 1643 4098 et
1685 4044 1863 4099 amicti
1894 4058 1988 4111 per

408 4158 617 4197 onmem
668 4143 828 4197 vitam
884 4143 1223 4211 perstiterunt
1258 4140 1411 4210 (lleb.
1456 4142 1538 4193 ll.
1570 4140 1680 4208 57).
1736 4138 1815 4191 Ad
1874 4138 1985 4190 lnec

407 4236 563 4289 aliam
591 4251 799 4306 quoque
839 4236 1081 4291 mteroris
1117 4234 1466 4303 adjectionem
1514 4232 1611 4285 hac
1654 4231 1981 4284 acerbiorem

410 4330 663 4396 habuere,
691 4330 828 4399 quod
872 4331 1080 4383 illorum
1133 4328 1439 4397 nequitiam,
1469 4325 1556 4394 qui
1589 4338 1647 4377 se
1688 4324 1757 4375 ita
1785 4322 1983 4375 allicie-

409 4420 558 4484 bant,
589 4436 799 4489 semper
824 4422 889 4475 ad
912 4422 1174 4476 deteriora
1204 4418 1445 4490 progredi
1484 4418 1815 4471 intuerentur
1840 4432 1851 4465 :
1880 4429 1979 4483 qua

409 4526 469 4564 cx
516 4526 573 4563 re
604 4510 757 4579 longe
784 4512 903 4579 plus
942 4527 1099 4581 quam
1144 4528 1206 4564 ex
1256 4509 1503 4563 aerumnis
1530 4506 1875 4576 angebantur.
1920 4506 1984 4558 Et

408 4600 541 4653 alius
570 4600 780 4669 quidem
817 4602 993 4654 aiebat
1022 4620 1033 4654 :
1067 4601 1359 4655 Exsecratio
1388 4611 1433 4653 et
1468 4597 1782 4652 mendacium
1804 4608 1849 4649 et
1876 4601 1983 4668 fur-

410 4703 511 4744 tum
539 4702 585 4745 et
610 4692 911 4745 adulterium
938 4702 983 4745 et
1013 4694 1335 4745 homicidium
1358 4691 1518 4756 eﬂ'usa
1542 4700 1655 4744 sunt
1682 4689 1733 4741 in
1757 4699 1907 4754 terra,
1938 4701 1985 4743 et

409 4784 695 4852 sanguinem
735 4799 885 4850 super
932 4785 1226 4852 sanguinem
1268 4786 1542 4836 admiscent
1573 4781 1724 4849 (Osee
1785 4781 1838 4833 ὁ.
1888 4780 1981 4849 2);

410 4895 502 4946 per
541 4878 653 4933 hmc
677 4878 831 4931 verba
863 4878 1074 4931 malitia:
1106 4877 1369 4932 licentiam
1402 4878 1905 4948 perplexitatcmque
1932 4883 1983 4927 et

405 4969 612 5038 copiam
650 4970 800 5024 nobis
830 4969 1120 5022 insinuans.
1157 4970 1305 5023 Alius
1335 4987 1516 5024 rursus
1544 4968 1805 5023 clamabat
1837 4987 1848 5018 :
1894 4966 1984 5020 Va:

406 5062 563 5127 mihi,
616 5064 732 5131 quia
771 5065 934 5133 factus
977 5078 1085 5115 sum
1123 5064 1247 5115 sicut
1294 5065 1378 5132 qui
1418 5064 1607 5131 colligit
1648 5064 1885 5128 stipulam
1931 5065 1982 5116 in

405 5170 583 5219 messe,
621 5168 667 5207 et
697 5154 822 5207 sicut
861 5169 1111 5205 racemum
1137 5155 1189 5205 in
1228 5155 1497 5218 vindemia,
1541 5170 1653 5206 cum
1692 5169 1789 5205 non
1819 5154 1985 5205 adsint

406 5247 534 5297 botri
559 5245 743 5316 (Miclt.
774 5248 825 5300 7.
856 5246 946 5316 1);
976 5261 1068 5315 per
1093 5245 1205 5299 hmc
1232 5248 1499 5299 raritatem
1530 5247 1786 5299 honorum
1815 5246 1985 5299 homi-

406 5352 531 5389 num
563 5338 867 5406 deplorans.
887 5338 1013 5393 ltem
1036 5338 1169 5389 alius
1189 5338 1288 5390 alia
1317 5337 1503 5391 similia
1532 5340 1787 5406 queritur.
1816 5339 1984 5394 P.:rro

404 5431 676 5497 caprarius
704 5432 793 5487 ille
836 5448 939 5485 non
968 5446 1147 5486 eorum
1178 5430 1298 5482 vitia
1330 5429 1541 5498 lugebat
1581 5430 1773 5493 solum,
1798 5446 1981 5483 verum

407 5520 525 5587 plus
553 5518 605 5572 in
636 5519 846 5575 illorum
879 5521 1285 5586 calamitatibus,
1318 5536 1472 5589 quam
1506 5522 1557 5573 in
1594 5522 1703 5575 suis
1735 5524 1984 5576 tentatio-

406 5609 562 5663 nibus
590 5611 868 5676 mtercbat,
910 5628 973 5667 ac
999 5616 1159 5669 Deum
1187 5611 1517 5675 obsecrabat,
1548 5612 1729 5666 dicens
1755 5632 1765 5666 :
1799 5613 1984 5683 Ρνορὶ-

408 5700 507 5753 tius
549 5709 671 5765 esto,
704 5696 951 5765 Domine;
978 5708 1087 5771 quis
1114 5703 1367 5759 suscitabit
1392 5700 1573 5768 Iacob,
1602 5704 1720 5773 quia
1746 5704 1985 5770 parvulus

409 5791 783 5846 est7Pazniteat
811 5804 875 5858 te,
906 5792 1133 5861 Domine,
1160 5816 1305 5869 super
1330 5800 1417 5852 hoc
1439 5797 1629 5867 (Amos.
1660 5797 1711 5849 7.
1734 5796 1788 5849 2.
1814 5797 1889 5863 6).
1922 5798 1985 5850 Et

412 5903 480 5942 ne
524 5888 601 5942 sic
628 5886 839 5957 quidem
884 5902 1098 5956 precum
1136 5907 1350 5947 suarum
1396 5891 1583 5947 eﬂ‘ectu
1631 5891 1823 5961 potitus
1868 5899 1979 5951 est;

416 5978 547 6033 dixit
581 5978 741 6043 enim,
771 5978 831 6031 Et
852 5995 949 6032 non
974 5978 1077 6043 ﬁet,
1097 5983 1221 6032 dicit
1249 5982 1497 6038 Dominus
1519 5983 1599 6051 (Μ’
1653 5983 1829 6040 .lsuias
1859 5999 1980 6035 vero

1250 572 1337 622 AD
1375 563 1739 621 S'l‘AGlltlUM
1778 567 1817 619 A
1864 565 2159 620 D/EMUNE
2204 565 2553 621 V'EXATUM.
2601 567 2727 621 LIB.
2769 570 2850 622 Ill.

3566 578 3667 633 43$

2096 694 2211 730 cum
2245 678 2475 731 audisset
2506 680 2623 747 quia
2655 681 2861 735 deserta
2891 684 2992 735 erit
3032 700 3203 738 munis
3243 695 3400 751 terra,
3434 703 3501 741 ne
3534 706 3662 742 coa-

2094 768 2254 820 Solari
2295 767 2505 835 quidem
2550 770 2731 835 voluit,
2789 771 2881 825 sed
2918 772 3129 826 assidue
3164 774 3395 843 lugebat,
3441 777 3671 833 dicens:

2094 858 2343 911 Dimittite
2379 876 2475 923 me,
2507 877 2676 914 amare
2711 862 2879 930 ﬂebo,-
2916 864 3070 916 nolite
3109 867 3424 931 contendi-rc,
3457 877 3510 919 ut
3538 885 3671 921 con-

2097 952 2330 1003 solemiui
2346 968 2424 1005 me
2444 951 2594 1022 (lsai.
2614 953 2704 1006 22.
2736 952 2815 1026 4).
2846 954 3094 1010 Ieremia:
3126 967 3301 1012 autem
3331 957 3670 1014 lamentatio-

2094 1055 2189 1092 nes
2217 1051 2271 1094 et
2311 1056 2549 1096 seorsum
2586 1045 2936 1113 conscriptas,
2966 1056 3021 1099 et
3061 1063 3155 1115 per
3192 1064 3404 1104 omnem
3435 1051 3665 1120 prophe-

2096 1132 2218 1183 tiam
2240 1133 2525 1200 dispersas,
2547 1151 2609 1188 ac
2631 1138 2819 1204 partim
2842 1138 2907 1193 de
2931 1138 3161 1203 civitate,
3188 1142 3377 1209 partim
3404 1143 3471 1198 de
3491 1144 3667 1213 seipso

2093 1223 2432 1290 compositas,
2472 1226 2593 1293 quis
2636 1227 2801 1293 possit
2845 1228 2958 1282 sine
2990 1230 3234 1300 lacrytnis
3277 1232 3492 1305 legere?
3534 1234 3664 1287 Nam

2093 1328 2230 1367 nunc
2259 1314 2470 1382 quidem
2498 1316 2675 1370 aiebat
2703 1335 2715 1369 :
2748 1318 2873 1382 Quis
2898 1321 3035 1373 dabit
3062 1324 3214 1391 capiti
3244 1340 3352 1377 meo
3389 1341 3592 1393 aquam,
3621 1338 3667 1379 et

2091 1403 2248 1456 oculis
2292 1406 2414 1459 meis
2443 1408 2630 1475 fontem
2660 1408 3021 1479 lacrymarum,
3071 1422 3116 1464 et
3155 1414 3393 1484 plangam
3423 1415 3667 1484 populum

2090 1498 2240 1549 istum
2260 1498 2340 1550 die
2365 1516 2423 1552 ac
2454 1510 2597 1553 nocte
2626 1500 2755 1570 (Jer.
2788 1502 2840 1557 9.
2874 1503 2926 1573 1)
2952 1502 2975 1555 ?
3006 1519 3145 1557 ntmc
3173 1516 3348 1558 autem
3375 1524 3385 1558 :
3416 1507 3539 1572 Quis
3568 1508 3666 1559 da-

2092 1590 2158 1639 bit
2201 1590 2320 1642 nti/ti
2356 1592 2407 1643 in
2448 1592 2639 1646 deserto
2678 1596 2988 1649 mansionem
3033 1606 3326 1662 extremam,
3371 1608 3417 1651 et
3454 1597 3668 1650 derelin-

2090 1694 2236 1744 quam
2272 1681 2515 1747 populum
2543 1682 2715 1747 istum,
2744 1693 2789 1737 et
2816 1685 3046 1737 recedam
3084 1687 3143 1738 ab
3174 1687 3285 1739 eis?
3312 1686 3499 1741 Omnes
3535 1688 3665 1739 enim

2091 1767 2305 1819 adulteri
2330 1780 2447 1821 sunt
2477 1769 2639 1838 (Ibid.
2674 1788 2721 1824 υ.
2743 1772 2821 1842 2).
2848 1773 3252 1843 Nonnumquam
3281 1792 3404 1830 vero
3435 1794 3665 1833 mmrcus

2090 1859 2349 1912 clamabat
2379 1877 2391 1912 :
2438 1860 2522 1914 Va:
2552 1863 2693 1927 nti/ti,
2722 1874 2899 1929 mater,
2923 1867 3117 1932 utquid
3143 1882 3221 1919 me
3242 1868 3456 1935 genuisti
3483 1870 3663 1928 virum.

2088 1949 2174 2015 qui
2210 1949 2482 2015 discernat,
2543 1961 2591 2003 et
2620 1952 2862 2021 dijudicct
2902 1956 3037 2007 omni
3069 1965 3214 2008 terra:
3241 1954 3350 2022 (Id.
3396 1956 3481 2009 l5.
3533 1957 3668 2025 10)?

2091 2040 2387 2109 Aliquando
2428 2042 2533 2095 diei
2578 2046 3223 2113 quoquenativitatissuaa
3265 2048 3554 2110 maledixit,
3588 2049 3667 2100 di-

2089 2144 2216 2183 cens
2241 2149 2254 2183 :
2286 2131 2561 2186 Maledicta
2587 2135 2693 2189 dies
2713 2178 2727 2201 ,
2757 2138 2809 2189 in
2835 2153 2936 2205 qua
2958 2149 3105 2189 natus
3132 2155 3243 2191 sum
3272 2141 3323 2191 in
3354 2158 3410 2192 ea
3438 2139 3546 2211 (Id.
3570 2140 3663 2192 ΞΟ.

2094 2221 2204 2287 ll).
2251 2221 2355 2274 Sed
2386 2231 2440 2275 et
2464 2225 2600 2277 caeni
2630 2224 2794 2289 lacus,
2837 2238 2888 2279 et
2934 2228 3261 2281 vinculorum
3293 2244 3575 2297 pressurtr,
3618 2242 3668 2284 et

2092 2310 2333 2376 verbera,
2376 2321 2428 2365 et
2461 2313 2684 2379 insidize,
2721 2315 3097 2385 irrisionesque
3125 2328 3394 2388 perpetua:
3423 2321 3491 2373 ita
3524 2322 3668 2375 illum

2093 2404 2488 2467 excruciabant,
2537 2416 2592 2459 ut
2618 2406 2725 2474 jam
2758 2423 2892 2476 pene
2937 2409 3263 2477 desperaret.
3305 2411 3438 2477 Quid
3468 2424 3668 2474 autem,

2092 2495 2302 2562 quando
2327 2506 2477 2564 capta
2508 2499 2636 2552 urbe
2663 2500 2994 2567 providentia
3038 2512 3091 2554 et
3121 2502 3320 2555 honore
3364 2517 3394 2554 a
3431 2503 3672 2557 barbaris

2090 2584 2337 2654 dignatus
2389 2587 2508 2640 est?
2550 2604 2675 2641 num
2721 2590 2817 2641 ista
2869 2590 3165 2644 sentiebat?
3213 2591 3326 2645 lmo
3376 2607 3504 2646 vero
3548 2601 3673 2647 tunc

2093 2676 2320 2731 maxime
2358 2692 2536 2730 amara
2584 2678 2672 2731 illa
2701 2678 2929 2732 lamenta
2965 2682 3298 2750 conscripsit,
3347 2693 3584 2736 mortuos
3617 2694 3675 2737 et

2092 2764 2344 2821 abeuntes
2371 2766 2575 2837 lugens.
2610 2769 2791 2838 Neque
2821 2772 3024 2824 minora
3052 2772 3127 2825 illi
3156 2774 3266 2827 visa
3290 2784 3412 2827 sunt
3440 2790 3671 2843 sequen-

2094 2859 2161 2910 tia
2196 2858 2331 2912 mala
2359 2861 2659 2928 praeteritis,
2702 2877 2820 2916 cum
2853 2864 2887 2916 ii
2934 2866 3020 2932 qui
3060 2880 3127 2918 ex
3169 2865 3308 2920 bello
3340 2866 3527 2934 reliqui
3557 2866 3673 2920 fuc-

2095 2959 2214 3001 rant
2258 2966 2440 3004 rursus
2482 2968 2578 3021 per
2611 2968 2707 3006 sua
2745 2954 2947 3008 scelera
2996 2956 3159 3009 Deum
3207 2957 3495 3010 irritarent.
3540 2954 3671 3010 Cum

2093 3044 2234 3096 enim
2260 3043 2478 3111 polliciti
2505 3055 2687 3099 essent
2713 3060 2770 3099 se
2792 3046 2865 3099 illi
2896 3062 2990 3115 per
3014 3050 3190 3101 omnia
3211 3048 3671 3116 obtemperaturos

2092 3131 2332 3201 nihilque
2374 3132 2745 3197 reluctaturos,
2788 3135 2839 3188 in
2888 3134 3175 3206 Egyptum
3221 3152 3407 3190 rursus
3447 3136 3674 3193 descen-

2090 3221 2302 3286 derunt,
2336 3223 2555 3276 oraculo
2575 3226 2838 3280 contraria
2867 3228 3225 3296 pnecipiente,
3254 3228 3674 3300 prophetamque

2091 3325 2272 3366 secum
2297 3311 2647 3380 deduxerunt,
2681 3330 2744 3370 ac
2770 3331 2862 3385 per
2888 3332 3039 3372 suam
3067 3318 3494 3388 ingratitudinem
3522 3321 3669 3375 illum

2090 3402 2188 3456 sibi
2218 3404 2372 3473 longe
2410 3406 2654 3474 graviora
2694 3407 2959 3478 prioribus
2986 3409 3164 3464 dicere
3190 3418 3350 3479 atque
3387 3410 3673 3482 imprecari

2089 3506 2397 3565 coegerunt.
2430 3496 2569 3564 Quid
2609 3514 2735 3553 vero
2765 3499 3052 3555 Ezechiel?
3086 3500 3209 3571 quid
3242 3501 3457 3556 Daniel?
3493 3517 3672 3558 nonne

2092 3590 2145 3641 in
2176 3589 2485 3657 captivitate
2528 3598 2737 3659 tempus
2768 3606 2925 3645 omne
2965 3593 3252 3648 vixerunt?
3277 3595 3511 3660 Quorum
3550 3598 3672 3665 qui-

2097 3680 2217 3734 dem
2258 3684 2404 3751 prior
2426 3681 2564 3736 fame
2590 3698 2652 3737 ac
2676 3684 2761 3736 siti
2790 3699 2887 3752 pro
2914 3683 3102 3739 alienis
3140 3687 3473 3740 cruciabatur
3495 3688 3673 3754 malis,

2094 3787 2363 3841 uxoreque
2385 3772 2627 3826 defuncta
2658 3788 2779 3828 eum
2821 3788 3004 3828 casum
3047 3774 3247 3845 absque
3278 3775 3526 3847 lacrymis
3550 3792 3673 3846 per-

2094 3861 2231 3915 ferre
2254 3862 2561 3931 jubebatur.
2590 3863 2758 3918 Porro
2780 3864 2906 3933 quid
2933 3866 3145 3934 gravius
3173 3865 3274 3919 dici
3299 3866 3483 3935 possit,
3512 3881 3670 3935 quam

2094 3955 2145 4006 in
2189 3954 2299 4007 suis
2336 3953 2573 4008 adversis
2616 3955 2827 4009 casibus
2873 3971 2941 4010 ne
2979 3955 3109 4011 ﬂere
3152 3956 3366 4025 quidem
3406 3957 3676 4025 permitti?

2096 4045 2295 4100 Omitto
2324 4055 2498 4100 autem
2525 4047 2683 4101 modo
2711 4046 2851 4116 quod
2884 4048 2936 4101 in
2978 4046 3103 4101 limo
3130 4062 3317 4116 panem
3340 4062 3494 4101 suum
3523 4062 3671 4101 com-

2094 4139 2255 4191 edere
2296 4146 2511 4193 coactus
2548 4141 2636 4203 sit,
2680 4148 2736 4193 et
2779 4139 2923 4208 quod
2976 4154 3138 4209 super
3165 4155 3327 4193 unum
3374 4139 3511 4193 latus
3549 4155 3671 4194 cen—

2095 4238 2203 4281 tum
2250 4236 2307 4282 et
2348 4229 2635 4299 nonaginta
2666 4228 2854 4284 diebus
2891 4230 3090 4299 jacere,
3137 4230 3343 4299 aliaque
3372 4229 3672 4298 hujusmodi

2091 4320 2319 4373 tolerare
2342 4320 2605 4389 sitjussus
2632 4319 2844 4392 (Ezech.
2874 4321 2928 4375 Δ.
2960 4319 3073 4391 12).
3106 4320 3218 4375 Etsi
3246 4322 3385 4375 enim
3415 4320 3488 4374 illi
3517 4335 3584 4375 ex
3611 4321 3674 4375 iis

2090 4425 2206 4479 qua:
2234 4410 2315 4465 vel
2358 4411 2669 4478 omisimus,
2714 4412 2799 4466 vel
2840 4411 3108 4476 diximus,
3154 4412 3281 4465 nihil
3322 4412 3472 4467 triste
3506 4414 3677 4467 conti-

2091 4503 2273 4570 gisset,
2319 4511 2468 4556 certe
2495 4501 2546 4556 id
2577 4502 2748 4555 solum
2778 4503 2917 4572 quod
2943 4502 3082 4557 inter
3109 4503 3290 4559 hostes
3330 4517 3391 4556 ac
3419 4502 3676 4556 barbaros

2093 4596 2436 4663 impurosque
2482 4594 2726 4648 homines
2776 4595 2857 4648 vir
2904 4594 3080 4663 justus
3125 4603 3179 4648 et
3226 4602 3438 4647 sanctus
3480 4592 3676 4663 jugitcr

2093 4694 2331 4739 versatus
2356 4686 2443 4749 sit,
2471 4686 2613 4739 omni
2645 4695 2756 4737 erat
2786 4685 2861 4737 illi
2887 4684 3146 4753 supplicio
3171 4683 3435 4737 acerbius.

2167 4777 2395 4831 Danielis
2425 4792 2680 4830 (erumnis.
2710 4805 2777 4813 —
2806 4779 2870 4828 At
2910 4791 3036 4828 vero
3081 4775 3262 4828 Daniel
3308 4776 3530 4828 summis
3558 4777 3677 4842 qui-

2094 4870 2215 4924 dem
2248 4868 2539 4922 houoribus
2568 4866 2766 4931 frui,et
2799 4866 2948 4935 quasi
2989 4880 3095 4918 non
3140 4866 3191 4918 in
3223 4865 3551 4934 captivitate,
3580 4866 3674 4918 sed

2095 4962 2147 5014 in
2186 4960 2329 5030 regia
2366 4958 2562 5029 jugitcr
2588 4966 2890 5012 versaretur
2929 4958 3068 5021 aula,
3112 4970 3231 5009 esse
3270 4956 3669 5026 potentissimus

2098 5053 2375 5109 videbatur
2403 5070 2414 5103 :
2445 5058 2696 5105 cancrum
2737 5051 2781 5104 si
2816 5051 2934 5120 quis
2977 5050 3120 5103 illius
3151 5050 3442 5101 orationem
3470 5048 3668 5112 audiat,

2091 5148 2457 5216 jejuniumquc
2482 5143 2805 5208 consideret,
2852 5142 3109 5210 facieique
3142 5140 3584 5204 immutationem,
3614 5156 3677 5193 ac

2090 5242 2240 5308 juges
2288 5239 2652 5306 precationes,
2713 5242 3066 5305 agnoscatque
3112 5231 3393 5301 diligenter
3449 5247 3671 5301 quorum

2094 5334 2262 5402 gratia
2324 5333 2424 5385 ista
2484 5328 2747 5394 faciebat,
2807 5325 3191 5380 animadvertet
3240 5324 3380 5377 hunc
3438 5324 3673 5376 omnium

2096 5422 2326 5475 maxime
2378 5422 2429 5475 in
2472 5419 2745 5474 doloribus
2789 5414 3179 5485 angoribusque
3224 5415 3435 5467 vixisse.
3489 5410 3671 5480 Neque

2094 5517 2234 5567 enim
2287 5514 2430 5567 illum
2483 5510 2761 5579 prtesentia
2818 5516 3021 5561 tantum
3069 5505 3205 5559 mala
3254 5503 3674 5566 excruciabant,

2098 5620 2280 5660 verum
2312 5611 2365 5657 et
2407 5602 2579 5655 futura
2610 5599 2991 5669 perturbabant
3017 5616 3028 5649 :
3056 5611 3173 5666 qute
3202 5595 3359 5649 etiam
3390 5610 3510 5648 cum
3543 5608 3672 5645 nec-

2094 5696 2218 5748 dum
2260 5693 2636 5762 contigissent,
2677 5704 3011 5760 prmnoscere
3054 5688 3244 5756 dignus
3292 5695 3377 5740 est
3436 5685 3666 5746 habitus,

2096 5798 2255 5855 atque
2296 5783 2617 5855 propheticis
2664 5784 2831 5837 oculis
2868 5780 3122 5849 aspicere.
3169 5776 3409 5847 Cumque
3446 5774 3668 5828 necdum

2097 5878 2257 5947 priori
2286 5876 2538 5931 servitute
2564 5876 2817 5929 liberatos
2840 5871 3053 5927 Judzcos
3090 5878 3351 5932 cerneret,
3385 5864 3663 5920 aliamiilis

2100 5985 2280 6027 rursus
2303 5969 2661 6039 captivitatem
2688 5966 2975 6038 prmvidere
3004 5962 3283 6032 cogebatur
3312 5981 3323 6012 -.
3352 5972 3400 6013 et
3425 5975 3539 6029 qtue
3570 5967 3671 6003 ιυνι
