  <div class='ocr_page' id='page_1' title='image "/cluster/home/n/w/nwhite01/storage/ocr_20150623/47/hvd.32044025239690/447.png"; bbox 0 0 4490 6744; ppageno 0'>
   <div class='ocr_carea' id='block_1_1' title="bbox 865 585 966 641">
    <p class='ocr_par' dir='ltr' id='par_1_1' title="bbox 865 585 966 641">
     <span class='ocr_line' id='line_1_1' title="bbox 865 585 966 641; baseline -0.02 0"><span class='ocrx_word' id='word_1_1' title='bbox 865 585 966 641; x_wconf 61' lang='grc'><strong>187</strong></span> 
     </span>
    </p>
   </div>
   <div class='ocr_carea' id='block_1_2' title="bbox 864 695 2426 774">
    <p class='ocr_par' dir='ltr' id='par_1_2' title="bbox 864 695 2426 774">
     <span class='ocr_line' id='line_1_2' title="bbox 864 695 2426 774; baseline 0.008 -28"><span class='ocrx_word' id='word_1_2' title='bbox 864 699 987 749; x_wconf 83' lang='lat' dir='ltr'><strong>dum</strong></span> <span class='ocrx_word' id='word_1_3' title='bbox 1014 695 1270 752; x_wconf 81' lang='lat' dir='ltr'><strong>:cdiﬁcata</strong></span> <span class='ocrx_word' id='word_1_4' title='bbox 1299 697 1489 767; x_wconf 80' lang='lat' dir='ltr'><strong>fuerat,</strong></span> <span class='ocrx_word' id='word_1_5' title='bbox 1522 715 1637 755; x_wconf 90' lang='lat' dir='ltr'><strong>eam</strong></span> <span class='ocrx_word' id='word_1_6' title='bbox 1676 703 1859 757; x_wconf 84' lang='lat' dir='ltr'><strong>urbem</strong></span> <span class='ocrx_word' id='word_1_7' title='bbox 1888 706 2003 774; x_wconf 88' lang='lat' dir='ltr'><strong>capi</strong></span> <span class='ocrx_word' id='word_1_8' title='bbox 2034 708 2305 772; x_wconf 75' lang='lat' dir='ltr'><strong>cernebat,</strong></span> <span class='ocrx_word' id='word_1_9' title='bbox 2340 722 2426 761; x_wconf 85' lang='lat' dir='ltr'><strong>sa-</strong></span> 
     </span>
    </p>
   </div>
   <div class='ocr_carea' id='block_1_3' title="bbox 862 788 2428 862">
    <p class='ocr_par' dir='ltr' id='par_1_3' title="bbox 862 788 2428 862">
     <span class='ocr_line' id='line_1_3' title="bbox 862 788 2428 862; baseline 0.007 -25"><span class='ocrx_word' id='word_1_10' title='bbox 862 788 1181 856; x_wconf 77' lang='lat' dir='ltr'><strong>criﬁciisque</strong></span> <span class='ocrx_word' id='word_1_11' title='bbox 1228 792 1642 846; x_wconf 87' lang='lat' dir='ltr'><strong>contaminatum</strong></span> <span class='ocrx_word' id='word_1_12' title='bbox 1699 793 1947 861; x_wconf 91' lang='lat' dir='ltr'><strong>templum</strong></span> <span class='ocrx_word' id='word_1_13' title='bbox 1995 810 2059 851; x_wconf 90' lang='lat' dir='ltr'><strong>ac</strong></span> <span class='ocrx_word' id='word_1_14' title='bbox 2100 797 2428 862; x_wconf 83' lang='lat' dir='ltr'><strong>desolatum,</strong></span> 
     </span>
    </p>
   </div>
   <div class='ocr_carea' id='block_1_4' title="bbox 864 885 2433 958">
    <p class='ocr_par' dir='ltr' id='par_1_4' title="bbox 864 885 2433 958">
     <span class='ocr_line' id='line_1_4' title="bbox 864 885 2433 958; baseline 0.008 -28"><span class='ocrx_word' id='word_1_15' title='bbox 864 894 1182 949; x_wconf 86' lang='lat' dir='ltr'><strong>omnemque</strong></span> <span class='ocrx_word' id='word_1_16' title='bbox 1222 897 1461 937; x_wconf 84' lang='lat' dir='ltr'><strong>eversam</strong></span> <span class='ocrx_word' id='word_1_17' title='bbox 1514 885 1984 941; x_wconf 86' lang='lat' dir='ltr'><strong>sanctiﬁcatiouem</strong></span> <span class='ocrx_word' id='word_1_18' title='bbox 2014 906 2027 941; x_wconf 91' lang='lat'><strong>:</strong></span> <span class='ocrx_word' id='word_1_19' title='bbox 2056 889 2252 945; x_wconf 91' lang='lat' dir='ltr'><strong>idcirco</strong></span> <span class='ocrx_word' id='word_1_20' title='bbox 2292 891 2433 958; x_wconf 57' lang='lat' dir='ltr'><strong>lnge</strong></span> 
     </span>
    </p>
   </div>
   <div class='ocr_carea' id='block_1_5' title="bbox 864 969 2432 1053">
    <p class='ocr_par' dir='ltr' id='par_1_5' title="bbox 864 969 2432 1053">
     <span class='ocr_line' id='line_1_5' title="bbox 864 969 2432 1053; baseline 0.01 -33"><span class='ocrx_word' id='word_1_21' title='bbox 864 969 955 1023; x_wconf 85' lang='lat' dir='ltr'><strong>bat</strong></span> <span class='ocrx_word' id='word_1_22' title='bbox 981 980 1034 1025; x_wconf 89' lang='lat' dir='ltr'><strong>et</strong></span> <span class='ocrx_word' id='word_1_23' title='bbox 1058 971 1466 1044; x_wconf 78' lang='lat' dir='ltr'><strong>lacrymabatur,</strong></span> <span class='ocrx_word' id='word_1_24' title='bbox 1502 976 1722 1032; x_wconf 87' lang='lat' dir='ltr'><strong>dicens:</strong></span> <span class='ocrx_word' id='word_1_25' title='bbox 1750 978 1914 1034; x_wconf 79' lang='lat' dir='ltr'><strong>Nobis</strong></span> <span class='ocrx_word' id='word_1_26' title='bbox 1936 982 2168 1050; x_wconf 88' lang='lat' dir='ltr'><strong>confusio</strong></span> <span class='ocrx_word' id='word_1_27' title='bbox 2190 984 2354 1053; x_wconf 79' lang='lat' dir='ltr'><strong>faciei,</strong></span> <span class='ocrx_word' id='word_1_28' title='bbox 2385 993 2432 1035; x_wconf 90' lang='lat' dir='ltr'><strong>et</strong></span> 
     </span>
    </p>
   </div>
   <div class='ocr_carea' id='block_1_6' title="bbox 864 1061 2431 1143">
    <p class='ocr_par' dir='ltr' id='par_1_6' title="bbox 864 1061 2431 1143">
     <span class='ocr_line' id='line_1_6' title="bbox 864 1061 2431 1143; baseline 0.009 -32"><span class='ocrx_word' id='word_1_29' title='bbox 864 1061 1173 1130; x_wconf 76' lang='lat' dir='ltr'><strong>principibus</strong></span> <span class='ocrx_word' id='word_1_30' title='bbox 1202 1064 1409 1129; x_wconf 87' lang='lat' dir='ltr'><strong>nostris,</strong></span> <span class='ocrx_word' id='word_1_31' title='bbox 1452 1076 1497 1118; x_wconf 93' lang='lat' dir='ltr'><strong>et</strong></span> <span class='ocrx_word' id='word_1_32' title='bbox 1530 1067 1755 1133; x_wconf 92' lang='lat' dir='ltr'><strong>patribus</strong></span> <span class='ocrx_word' id='word_1_33' title='bbox 1793 1070 1999 1134; x_wconf 89' lang='lat' dir='ltr'><strong>nostris,</strong></span> <span class='ocrx_word' id='word_1_34' title='bbox 2046 1075 2163 1142; x_wconf 82' lang='lat' dir='ltr'><strong>quia</strong></span> <span class='ocrx_word' id='word_1_35' title='bbox 2207 1075 2431 1143; x_wconf 79' lang='lat' dir='ltr'><strong>peccavi-</strong></span> 
     </span>
    </p>
   </div>
   <div class='ocr_carea' id='block_1_7' title="bbox 863 1149 2300 1233">
    <p class='ocr_par' dir='ltr' id='par_1_7' title="bbox 863 1149 2300 1233">
     <span class='ocr_line' id='line_1_7' title="bbox 863 1149 2300 1233; baseline 0.009 -31"><span class='ocrx_word' id='word_1_36' title='bbox 863 1167 975 1203; x_wconf 90' lang='lat' dir='ltr'><strong>mus</strong></span> <span class='ocrx_word' id='word_1_37' title='bbox 1006 1151 1112 1215; x_wconf 86' lang='lat' dir='ltr'><strong>tibi,</strong></span> <span class='ocrx_word' id='word_1_38' title='bbox 1144 1149 1359 1209; x_wconf 80' lang='lat' dir='ltr'><strong>Domine</strong></span> <span class='ocrx_word' id='word_1_39' title='bbox 1384 1154 1539 1225; x_wconf 87' lang='lat' dir='ltr'><strong>(Dan.</strong></span> <span class='ocrx_word' id='word_1_40' title='bbox 1569 1160 1619 1211; x_wconf 85' lang='lat'><strong>9.</strong></span> <span class='ocrx_word' id='word_1_41' title='bbox 1648 1159 1699 1211; x_wconf 91' lang='lat'><strong>8.</strong></span> <span class='ocrx_word' id='word_1_42' title='bbox 1734 1157 1935 1214; x_wconf 83' lang='lat' dir='ltr'><strong>Boruch</strong></span> <span class='ocrx_word' id='word_1_43' title='bbox 1986 1163 2037 1216; x_wconf 92' lang='grc'><strong>1.</strong></span> <span class='ocrx_word' id='word_1_44' title='bbox 2067 1166 2152 1218; x_wconf 85' lang='grc'><strong>15.</strong></span> <span class='ocrx_word' id='word_1_45' title='bbox 2189 1166 2300 1233; x_wconf 83' lang='grc'><strong>16).</strong></span> 
     </span>
    </p>
   </div>
   <div class='ocr_carea' id='block_1_8' title="bbox 936 1238 2435 1323">
    <p class='ocr_par' dir='ltr' id='par_1_8' title="bbox 936 1238 2435 1323">
     <span class='ocr_line' id='line_1_8' title="bbox 936 1238 2435 1323; baseline 0.011 -31"><span class='ocrx_word' id='word_1_46' title='bbox 936 1241 1022 1295; x_wconf 92' lang='grc'><strong>11.</strong></span> <span class='ocrx_word' id='word_1_47' title='bbox 1044 1238 1225 1296; x_wconf 81' lang='lat' dir='ltr'><strong>Helias</strong></span> <span class='ocrx_word' id='word_1_48' title='bbox 1249 1254 1295 1296; x_wconf 91' lang='lat' dir='ltr'><strong>et</strong></span> <span class='ocrx_word' id='word_1_49' title='bbox 1324 1245 1430 1314; x_wconf 87' lang='lat' dir='ltr'><strong>ipse</strong></span> <span class='ocrx_word' id='word_1_50' title='bbox 1448 1248 1676 1316; x_wconf 72' lang='lat' dir='ltr'><strong>afﬂictus.</strong></span> <span class='ocrx_word' id='word_1_51' title='bbox 1711 1248 1923 1305; x_wconf 60' lang='lat' dir='ltr'><strong>lilisteus</strong></span> <span class='ocrx_word' id='word_1_52' title='bbox 1948 1254 2204 1323; x_wconf 77' lang='lat' dir='ltr'><strong>propheta.</strong></span> <span class='ocrx_word' id='word_1_53' title='bbox 2236 1253 2435 1308; x_wconf 86' lang='lat' dir='ltr'><strong>Paulus</strong></span> 
     </span>
    </p>
   </div>
   <div class='ocr_carea' id='block_1_9' title="bbox 861 1332 2436 1408">
    <p class='ocr_par' dir='ltr' id='par_1_9' title="bbox 861 1332 2436 1408">
     <span class='ocr_line' id='line_1_9' title="bbox 861 1332 2436 1408; baseline 0.01 -27"><span class='ocrx_word' id='word_1_54' title='bbox 861 1332 1122 1400; x_wconf 76' lang='lat' dir='ltr'><strong>apostolus</strong></span> <span class='ocrx_word' id='word_1_55' title='bbox 1168 1334 1297 1386; x_wconf 86' lang='lat' dir='ltr'><strong>inter</strong></span> <span class='ocrx_word' id='word_1_56' title='bbox 1334 1351 1417 1388; x_wconf 91' lang='lat' dir='ltr'><strong>eos</strong></span> <span class='ocrx_word' id='word_1_57' title='bbox 1457 1337 1542 1405; x_wconf 88' lang='lat' dir='ltr'><strong>qui</strong></span> <span class='ocrx_word' id='word_1_58' title='bbox 1593 1339 1761 1408; x_wconf 73' lang='lat' dir='ltr'><strong>afflicti</strong></span> <span class='ocrx_word' id='word_1_59' title='bbox 1802 1352 1937 1394; x_wconf 87' lang='lat' dir='ltr'><strong>sunt.</strong></span> <span class='ocrx_word' id='word_1_60' title='bbox 1982 1371 2054 1382; x_wconf 95' lang='lat'><strong>—</strong></span> <span class='ocrx_word' id='word_1_61' title='bbox 2103 1342 2295 1396; x_wconf 80' lang='lat' dir='ltr'><strong>Verum</strong></span> <span class='ocrx_word' id='word_1_62' title='bbox 2344 1358 2436 1397; x_wconf 85' lang='lat' dir='ltr'><strong>ue-</strong></span> 
     </span>
    </p>
   </div>
   <div class='ocr_carea' id='block_1_10' title="bbox 864 1422 2437 1503">
    <p class='ocr_par' dir='ltr' id='par_1_10' title="bbox 864 1422 2437 1503">
     <span class='ocr_line' id='line_1_10' title="bbox 864 1422 2437 1503; baseline 0.009 -30"><span class='ocrx_word' id='word_1_63' title='bbox 864 1422 979 1475; x_wconf 86' lang='lat' dir='ltr'><strong>scio</strong></span> <span class='ocrx_word' id='word_1_64' title='bbox 1005 1436 1111 1491; x_wconf 88' lang='lat' dir='ltr'><strong>quo</strong></span> <span class='ocrx_word' id='word_1_65' title='bbox 1136 1432 1289 1492; x_wconf 86' lang='lat' dir='ltr'><strong>pacto</strong></span> <span class='ocrx_word' id='word_1_66' title='bbox 1316 1439 1403 1480; x_wconf 89' lang='lat' dir='ltr'><strong>me</strong></span> <span class='ocrx_word' id='word_1_67' title='bbox 1425 1440 1558 1495; x_wconf 84' lang='lat' dir='ltr'><strong>pene</strong></span> <span class='ocrx_word' id='word_1_68' title='bbox 1578 1427 1717 1484; x_wconf 90' lang='lat' dir='ltr'><strong>inter</strong></span> <span class='ocrx_word' id='word_1_69' title='bbox 1740 1432 2026 1503; x_wconf 79' lang='lat' dir='ltr'><strong>prophetas</strong></span> <span class='ocrx_word' id='word_1_70' title='bbox 2049 1431 2305 1502; x_wconf 75' lang='lat' dir='ltr'><strong>effugerat</strong></span> <span class='ocrx_word' id='word_1_71' title='bbox 2332 1448 2437 1487; x_wconf 62' lang='lat' dir='ltr'><strong>creo</strong></span> 
     </span>
    </p>
   </div>
   <div class='ocr_carea' id='block_1_11' title="bbox 871 1508 2435 1588">
    <p class='ocr_par' dir='ltr' id='par_1_11' title="bbox 871 1508 2435 1588">
     <span class='ocr_line' id='line_1_11' title="bbox 871 1508 2435 1588; baseline 0.012 -25"><span class='ocrx_word' id='word_1_72' title='bbox 871 1508 1013 1566; x_wconf 83' lang='lat' dir='ltr'><strong>Iestis</strong></span> <span class='ocrx_word' id='word_1_73' title='bbox 1033 1512 1123 1568; x_wconf 92' lang='lat' dir='ltr'><strong>ille</strong></span> <span class='ocrx_word' id='word_1_74' title='bbox 1150 1515 1380 1583; x_wconf 90' lang='lat' dir='ltr'><strong>animus,</strong></span> <span class='ocrx_word' id='word_1_75' title='bbox 1416 1518 1503 1588; x_wconf 87' lang='lat' dir='ltr'><strong>qui</strong></span> <span class='ocrx_word' id='word_1_76' title='bbox 1533 1520 1611 1574; x_wconf 89' lang='lat' dir='ltr'><strong>sic</strong></span> <span class='ocrx_word' id='word_1_77' title='bbox 1645 1521 1697 1574; x_wconf 91' lang='lat' dir='ltr'><strong>in</strong></span> <span class='ocrx_word' id='word_1_78' title='bbox 1738 1530 1875 1576; x_wconf 91' lang='lat' dir='ltr'><strong>terra</strong></span> <span class='ocrx_word' id='word_1_79' title='bbox 1908 1524 2235 1587; x_wconf 81' lang='lat' dir='ltr'><strong>versabatur,</strong></span> <span class='ocrx_word' id='word_1_80' title='bbox 2278 1536 2337 1580; x_wconf 93' lang='lat' dir='ltr'><strong>ut</strong></span> <span class='ocrx_word' id='word_1_81' title='bbox 2380 1528 2435 1582; x_wconf 93' lang='lat' dir='ltr'><strong>in</strong></span> 
     </span>
    </p>
   </div>
   <div class='ocr_carea' id='block_1_12' title="bbox 862 1604 2437 1686">
    <p class='ocr_par' dir='ltr' id='par_1_12' title="bbox 862 1604 2437 1686">
     <span class='ocr_line' id='line_1_12' title="bbox 862 1604 2437 1686; baseline 0.011 -32"><span class='ocrx_word' id='word_1_82' title='bbox 862 1604 996 1656; x_wconf 61' lang='lat' dir='ltr'><strong>ctelo</strong></span> <span class='ocrx_word' id='word_1_83' title='bbox 1022 1618 1234 1674; x_wconf 82' lang='lat' dir='ltr'><strong>semper</strong></span> <span class='ocrx_word' id='word_1_84' title='bbox 1259 1618 1400 1663; x_wconf 83' lang='lat' dir='ltr'><strong>esset</strong></span> <span class='ocrx_word' id='word_1_85' title='bbox 1426 1625 1441 1662; x_wconf 88' lang='lat'><strong>:</strong></span> <span class='ocrx_word' id='word_1_86' title='bbox 1466 1608 1595 1663; x_wconf 80' lang='lat' dir='ltr'><strong>nihil</strong></span> <span class='ocrx_word' id='word_1_87' title='bbox 1632 1612 1772 1665; x_wconf 90' lang='lat' dir='ltr'><strong>enim</strong></span> <span class='ocrx_word' id='word_1_88' title='bbox 1820 1612 1892 1666; x_wconf 88' lang='lat' dir='ltr'><strong>illi</strong></span> <span class='ocrx_word' id='word_1_89' title='bbox 1935 1622 2200 1670; x_wconf 89' lang='lat' dir='ltr'><strong>terrenum</strong></span> <span class='ocrx_word' id='word_1_90' title='bbox 2244 1630 2437 1686; x_wconf 64' lang='lat' dir='ltr'><strong>praeter</strong></span> 
     </span>
    </p>
   </div>
   <div class='ocr_carea' id='block_1_13' title="bbox 866 1698 2437 1777">
    <p class='ocr_par' dir='ltr' id='par_1_13' title="bbox 866 1698 2437 1777">
     <span class='ocr_line' id='line_1_13' title="bbox 866 1698 2437 1777; baseline 0.011 -30"><span class='ocrx_word' id='word_1_91' title='bbox 866 1698 1093 1751; x_wconf 88' lang='lat' dir='ltr'><strong>meloten</strong></span> <span class='ocrx_word' id='word_1_92' title='bbox 1116 1709 1247 1752; x_wconf 91' lang='lat' dir='ltr'><strong>erat.</strong></span> <span class='ocrx_word' id='word_1_93' title='bbox 1277 1699 1411 1767; x_wconf 86' lang='lat' dir='ltr'><strong>Quid</strong></span> <span class='ocrx_word' id='word_1_94' title='bbox 1442 1701 1601 1771; x_wconf 77' lang='lat' dir='ltr'><strong>igitur</strong></span> <span class='ocrx_word' id='word_1_95' title='bbox 1628 1717 1867 1760; x_wconf 91' lang='lat' dir='ltr'><strong>summus</strong></span> <span class='ocrx_word' id='word_1_96' title='bbox 1898 1705 1995 1761; x_wconf 86' lang='lat' dir='ltr'><strong>istc</strong></span> <span class='ocrx_word' id='word_1_97' title='bbox 2021 1716 2179 1777; x_wconf 88' lang='lat' dir='ltr'><strong>atque</strong></span> <span class='ocrx_word' id='word_1_98' title='bbox 2209 1710 2437 1765; x_wconf 88' lang='lat' dir='ltr'><strong>admira-</strong></span> 
     </span>
    </p>
   </div>
   <div class='ocr_carea' id='block_1_14' title="bbox 863 1785 2439 1871">
    <p class='ocr_par' dir='ltr' id='par_1_14' title="bbox 863 1785 2439 1871">
     <span class='ocr_line' id='line_1_14' title="bbox 863 1785 2439 1871; baseline 0.012 -33"><span class='ocrx_word' id='word_1_99' title='bbox 863 1785 983 1840; x_wconf 84' lang='lat' dir='ltr'><strong>bilis</strong></span> <span class='ocrx_word' id='word_1_100' title='bbox 1003 1788 1102 1852; x_wconf 92' lang='lat' dir='ltr'><strong>vir,</strong></span> <span class='ocrx_word' id='word_1_101' title='bbox 1133 1788 1178 1842; x_wconf 89' lang='lat' dir='ltr'><strong>si</strong></span> <span class='ocrx_word' id='word_1_102' title='bbox 1205 1790 1372 1844; x_wconf 88' lang='lat' dir='ltr'><strong>virum</strong></span> <span class='ocrx_word' id='word_1_103' title='bbox 1400 1792 1549 1847; x_wconf 92' lang='lat' dir='ltr'><strong>illum</strong></span> <span class='ocrx_word' id='word_1_104' title='bbox 1572 1810 1762 1849; x_wconf 89' lang='lat' dir='ltr'><strong>vocare</strong></span> <span class='ocrx_word' id='word_1_105' title='bbox 1802 1805 2011 1867; x_wconf 78' lang='lat' dir='ltr'><strong>oportet</strong></span> <span class='ocrx_word' id='word_1_106' title='bbox 2046 1799 2123 1869; x_wconf 79' lang='lat'><strong>(5.</strong></span> <span class='ocrx_word' id='word_1_107' title='bbox 2155 1798 2282 1871; x_wconf 85' lang='lat' dir='ltr'><strong>Reg.</strong></span> <span class='ocrx_word' id='word_1_108' title='bbox 2310 1800 2439 1869; x_wconf 77' lang='lat' dir='ltr'><strong>I9)?</strong></span> 
     </span>
    </p>
   </div>
   <div class='ocr_carea' id='block_1_15' title="bbox 862 1878 2433 1960">
    <p class='ocr_par' dir='ltr' id='par_1_15' title="bbox 862 1878 2433 1960">
     <span class='ocr_line' id='line_1_15' title="bbox 862 1878 2433 1960; baseline 0.008 -27"><span class='ocrx_word' id='word_1_109' title='bbox 862 1878 995 1933; x_wconf 75' lang='lat' dir='ltr'><strong>Nam</strong></span> <span class='ocrx_word' id='word_1_110' title='bbox 1037 1890 1155 1949; x_wconf 90' lang='lat' dir='ltr'><strong>post</strong></span> <span class='ocrx_word' id='word_1_111' title='bbox 1197 1882 1464 1952; x_wconf 83' lang='lat' dir='ltr'><strong>ingentem</strong></span> <span class='ocrx_word' id='word_1_112' title='bbox 1518 1886 1660 1939; x_wconf 84' lang='lat' dir='ltr'><strong>illam</strong></span> <span class='ocrx_word' id='word_1_113' title='bbox 1708 1887 1973 1955; x_wconf 91' lang='lat' dir='ltr'><strong>ﬁduciam,</strong></span> <span class='ocrx_word' id='word_1_114' title='bbox 2026 1906 2129 1960; x_wconf 89' lang='lat' dir='ltr'><strong>qua</strong></span> <span class='ocrx_word' id='word_1_115' title='bbox 2175 1893 2433 1946; x_wconf 86' lang='lat' dir='ltr'><strong>adversus</strong></span> 
     </span>
    </p>
   </div>
   <div class='ocr_carea' id='block_1_16' title="bbox 862 1971 2433 2045">
    <p class='ocr_par' dir='ltr' id='par_1_16' title="bbox 862 1971 2433 2045">
     <span class='ocr_line' id='line_1_16' title="bbox 862 1971 2433 2045; baseline 0.01 -24"><span class='ocrx_word' id='word_1_116' title='bbox 862 1972 1046 2025; x_wconf 78' lang='lat' dir='ltr'><strong>Achab</strong></span> <span class='ocrx_word' id='word_1_117' title='bbox 1075 1986 1201 2026; x_wconf 90' lang='lat' dir='ltr'><strong>usus</strong></span> <span class='ocrx_word' id='word_1_118' title='bbox 1228 1971 1422 2040; x_wconf 81' lang='lat' dir='ltr'><strong>fuerat,</strong></span> <span class='ocrx_word' id='word_1_119' title='bbox 1448 1988 1567 2044; x_wconf 90' lang='lat' dir='ltr'><strong>post</strong></span> <span class='ocrx_word' id='word_1_120' title='bbox 1592 1978 1726 2045; x_wconf 83' lang='lat' dir='ltr'><strong>ignis</strong></span> <span class='ocrx_word' id='word_1_121' title='bbox 1757 1979 1898 2033; x_wconf 92' lang='lat' dir='ltr'><strong>illam</strong></span> <span class='ocrx_word' id='word_1_122' title='bbox 1924 1994 1954 2034; x_wconf 77' lang='grc' dir='ltr'><strong>θ</strong></span> <span class='ocrx_word' id='word_1_123' title='bbox 1981 1983 2112 2035; x_wconf 75' lang='grc' dir='ltr'><strong>οωΙο</strong></span> <span class='ocrx_word' id='word_1_124' title='bbox 2150 1982 2433 2037; x_wconf 75' lang='lat' dir='ltr'><strong>demissio-</strong></span> 
     </span>
    </p>
   </div>
   <div class='ocr_carea' id='block_1_17' title="bbox 863 2067 2435 2141">
    <p class='ocr_par' dir='ltr' id='par_1_17' title="bbox 863 2067 2435 2141">
     <span class='ocr_line' id='line_1_17' title="bbox 863 2067 2435 2141; baseline 0.01 -27"><span class='ocrx_word' id='word_1_125' title='bbox 863 2078 1005 2125; x_wconf 89' lang='lat' dir='ltr'><strong>nem,</strong></span> <span class='ocrx_word' id='word_1_126' title='bbox 1034 2073 1153 2131; x_wconf 91' lang='lat' dir='ltr'><strong>post</strong></span> <span class='ocrx_word' id='word_1_127' title='bbox 1183 2079 1365 2119; x_wconf 89' lang='lat' dir='ltr'><strong>necem</strong></span> <span class='ocrx_word' id='word_1_128' title='bbox 1397 2067 1750 2132; x_wconf 87' lang='lat' dir='ltr'><strong>sacerdotum,</strong></span> <span class='ocrx_word' id='word_1_129' title='bbox 1788 2080 2131 2141; x_wconf 88' lang='lat' dir='ltr'><strong>posteaquam</strong></span> <span class='ocrx_word' id='word_1_130' title='bbox 2172 2074 2435 2129; x_wconf 79' lang='lat' dir='ltr'><strong>clauserat</strong></span> 
     </span>
    </p>
   </div>
   <div class='ocr_carea' id='block_1_18' title="bbox 861 2156 2432 2233">
    <p class='ocr_par' dir='ltr' id='par_1_18' title="bbox 861 2156 2432 2233">
     <span class='ocr_line' id='line_1_18' title="bbox 861 2156 2432 2233; baseline 0.01 -28"><span class='ocrx_word' id='word_1_131' title='bbox 861 2162 916 2206; x_wconf 89' lang='lat' dir='ltr'><strong>et</strong></span> <span class='ocrx_word' id='word_1_132' title='bbox 938 2156 1445 2223; x_wconf 74' lang='lat' dir='ltr'><strong>aperueratca-lum,</strong></span> <span class='ocrx_word' id='word_1_133' title='bbox 1470 2173 1574 2227; x_wconf 92' lang='lat' dir='ltr'><strong>quo</strong></span> <span class='ocrx_word' id='word_1_134' title='bbox 1604 2170 1839 2229; x_wconf 90' lang='lat' dir='ltr'><strong>tempore</strong></span> <span class='ocrx_word' id='word_1_135' title='bbox 1867 2170 2147 2233; x_wconf 87' lang='lat' dir='ltr'><strong>utrumque</strong></span> <span class='ocrx_word' id='word_1_136' title='bbox 2176 2165 2432 2232; x_wconf 88' lang='lat' dir='ltr'><strong>voluerat,</strong></span> 
     </span>
    </p>
   </div>
   <div class='ocr_carea' id='block_1_19' title="bbox 862 2247 2433 2323">
    <p class='ocr_par' dir='ltr' id='par_1_19' title="bbox 862 2247 2433 2323">
     <span class='ocr_line' id='line_1_19' title="bbox 862 2247 2433 2323; baseline 0.011 -29"><span class='ocrx_word' id='word_1_137' title='bbox 862 2254 982 2311; x_wconf 87' lang='lat' dir='ltr'><strong>post</strong></span> <span class='ocrx_word' id='word_1_138' title='bbox 1012 2252 1154 2298; x_wconf 85' lang='lat' dir='ltr'><strong>tanta</strong></span> <span class='ocrx_word' id='word_1_139' title='bbox 1179 2261 1241 2300; x_wconf 91' lang='lat' dir='ltr'><strong>ae</strong></span> <span class='ocrx_word' id='word_1_140' title='bbox 1268 2247 1388 2302; x_wconf 90' lang='lat' dir='ltr'><strong>talia</strong></span> <span class='ocrx_word' id='word_1_141' title='bbox 1434 2258 1577 2304; x_wconf 88' lang='lat' dir='ltr'><strong>recte</strong></span> <span class='ocrx_word' id='word_1_142' title='bbox 1616 2249 1750 2305; x_wconf 81' lang='lat' dir='ltr'><strong>facta</strong></span> <span class='ocrx_word' id='word_1_143' title='bbox 1793 2261 1846 2306; x_wconf 92' lang='lat' dir='ltr'><strong>ct</strong></span> <span class='ocrx_word' id='word_1_144' title='bbox 1898 2253 2046 2323; x_wconf 91' lang='lat' dir='ltr'><strong>signa</strong></span> <span class='ocrx_word' id='word_1_145' title='bbox 2094 2255 2318 2321; x_wconf 63' lang='lat' dir='ltr'><strong>ﬁduciae,</strong></span> <span class='ocrx_word' id='word_1_146' title='bbox 2366 2258 2433 2310; x_wconf 90' lang='lat' dir='ltr'><strong>ita</strong></span> 
     </span>
    </p>
   </div>
   <div class='ocr_carea' id='block_1_20' title="bbox 860 2342 2438 2413">
    <p class='ocr_par' dir='ltr' id='par_1_20' title="bbox 860 2342 2438 2413">
     <span class='ocr_line' id='line_1_20' title="bbox 860 2342 2438 2413; baseline 0.01 -24"><span class='ocrx_word' id='word_1_147' title='bbox 860 2346 1005 2389; x_wconf 83' lang='lat' dir='ltr'><strong>metu</strong></span> <span class='ocrx_word' id='word_1_148' title='bbox 1052 2342 1401 2409; x_wconf 72' lang='lat' dir='ltr'><strong>mterorisque</strong></span> <span class='ocrx_word' id='word_1_149' title='bbox 1438 2344 1798 2412; x_wconf 87' lang='lat' dir='ltr'><strong>magnitudine</strong></span> <span class='ocrx_word' id='word_1_150' title='bbox 1825 2344 2179 2413; x_wconf 90' lang='lat' dir='ltr'><strong>detinebatur,</strong></span> <span class='ocrx_word' id='word_1_151' title='bbox 2222 2357 2277 2402; x_wconf 90' lang='lat' dir='ltr'><strong>ut</strong></span> <span class='ocrx_word' id='word_1_152' title='bbox 2324 2348 2438 2405; x_wconf 66' lang='lat' dir='ltr'><strong>haec</strong></span> 
     </span>
    </p>
   </div>
   <div class='ocr_carea' id='block_1_21' title="bbox 858 2429 2437 2499">
    <p class='ocr_par' dir='ltr' id='par_1_21' title="bbox 858 2429 2437 2499">
     <span class='ocr_line' id='line_1_21' title="bbox 858 2429 2437 2499; baseline 0.01 -20"><span class='ocrx_word' id='word_1_153' title='bbox 858 2429 1017 2483; x_wconf 86' lang='lat' dir='ltr'><strong>verba</strong></span> <span class='ocrx_word' id='word_1_154' title='bbox 1045 2430 1394 2499; x_wconf 86' lang='lat' dir='ltr'><strong>loqueretur:</strong></span> <span class='ocrx_word' id='word_1_155' title='bbox 1446 2433 1587 2489; x_wconf 83' lang='lat' dir='ltr'><strong>Tolle</strong></span> <span class='ocrx_word' id='word_1_156' title='bbox 1630 2438 1853 2491; x_wconf 90' lang='lat' dir='ltr'><strong>animam</strong></span> <span class='ocrx_word' id='word_1_157' title='bbox 1898 2455 2061 2492; x_wconf 85' lang='lat' dir='ltr'><strong>meam</strong></span> <span class='ocrx_word' id='word_1_158' title='bbox 2104 2457 2137 2493; x_wconf 91' lang='lat' dir='ltr'><strong>a</strong></span> <span class='ocrx_word' id='word_1_159' title='bbox 2178 2457 2258 2494; x_wconf 88' lang='lat' dir='ltr'><strong>me</strong></span> <span class='ocrx_word' id='word_1_160' title='bbox 2285 2456 2305 2494; x_wconf 90' lang='lat'><strong><em>:</em></strong></span> <span class='ocrx_word' id='word_1_161' title='bbox 2334 2458 2437 2495; x_wconf 90' lang='lat' dir='ltr'><strong>non</strong></span> 
     </span>
    </p>
   </div>
   <div class='ocr_carea' id='block_1_22' title="bbox 859 2522 2433 2601">
    <p class='ocr_par' dir='ltr' id='par_1_22' title="bbox 859 2522 2433 2601">
     <span class='ocr_line' id='line_1_22' title="bbox 859 2522 2433 2601; baseline 0.01 -30"><span class='ocrx_word' id='word_1_162' title='bbox 859 2522 992 2573; x_wconf 90' lang='lat' dir='ltr'><strong>enim</strong></span> <span class='ocrx_word' id='word_1_163' title='bbox 1020 2538 1129 2574; x_wconf 80' lang='lat' dir='ltr'><strong>sunt</strong></span> <span class='ocrx_word' id='word_1_164' title='bbox 1157 2526 1333 2577; x_wconf 90' lang='lat' dir='ltr'><strong>melior</strong></span> <span class='ocrx_word' id='word_1_165' title='bbox 1360 2540 1450 2595; x_wconf 86' lang='lat' dir='ltr'><strong>ego</strong></span> <span class='ocrx_word' id='word_1_166' title='bbox 1478 2542 1627 2597; x_wconf 86' lang='lat' dir='ltr'><strong>quam</strong></span> <span class='ocrx_word' id='word_1_167' title='bbox 1655 2538 1821 2597; x_wconf 79' lang='lat' dir='ltr'><strong>patres</strong></span> <span class='ocrx_word' id='word_1_168' title='bbox 1849 2531 1946 2584; x_wconf 88' lang='lat' dir='ltr'><strong>mei</strong></span> <span class='ocrx_word' id='word_1_169' title='bbox 1990 2530 2095 2599; x_wconf 87' lang='lat' dir='ltr'><strong>(Ib.</strong></span> <span class='ocrx_word' id='word_1_170' title='bbox 2139 2552 2190 2588; x_wconf 80' lang='grc' dir='ltr'><strong>υ.</strong></span> <span class='ocrx_word' id='word_1_171' title='bbox 2219 2532 2299 2601; x_wconf 73' lang='grc'><strong>4).</strong></span> <span class='ocrx_word' id='word_1_172' title='bbox 2331 2531 2433 2587; x_wconf 84' lang='lat' dir='ltr'><strong>Ista</strong></span> 
     </span>
    </p>
   </div>
   <div class='ocr_carea' id='block_1_23' title="bbox 860 2609 2433 2691">
    <p class='ocr_par' dir='ltr' id='par_1_23' title="bbox 860 2609 2433 2691">
     <span class='ocr_line' id='line_1_23' title="bbox 860 2609 2433 2691; baseline 0.01 -29"><span class='ocrx_word' id='word_1_173' title='bbox 860 2609 972 2673; x_wconf 91' lang='lat' dir='ltr'><strong>ille,</strong></span> <span class='ocrx_word' id='word_1_174' title='bbox 995 2613 1082 2679; x_wconf 89' lang='lat' dir='ltr'><strong>qui</strong></span> <span class='ocrx_word' id='word_1_175' title='bbox 1110 2612 1371 2683; x_wconf 88' lang='lat' dir='ltr'><strong>hodieque</strong></span> <span class='ocrx_word' id='word_1_176' title='bbox 1396 2616 1621 2669; x_wconf 90' lang='lat' dir='ltr'><strong>necdum</strong></span> <span class='ocrx_word' id='word_1_177' title='bbox 1651 2627 1891 2673; x_wconf 88' lang='lat' dir='ltr'><strong>mortuus</strong></span> <span class='ocrx_word' id='word_1_178' title='bbox 1929 2631 2029 2675; x_wconf 89' lang='lat' dir='ltr'><strong>est.</strong></span> <span class='ocrx_word' id='word_1_179' title='bbox 2069 2620 2251 2691; x_wconf 78' lang='lat' dir='ltr'><strong>Neque</strong></span> <span class='ocrx_word' id='word_1_180' title='bbox 2297 2622 2433 2677; x_wconf 84' lang='lat' dir='ltr'><strong>istud</strong></span> 
     </span>
    </p>
   </div>
   <div class='ocr_carea' id='block_1_24' title="bbox 861 2702 2432 2783">
    <p class='ocr_par' dir='ltr' id='par_1_24' title="bbox 861 2702 2432 2783">
     <span class='ocr_line' id='line_1_24' title="bbox 861 2702 2432 2783; baseline 0.011 -32"><span class='ocrx_word' id='word_1_181' title='bbox 861 2702 1054 2764; x_wconf 86' lang='lat' dir='ltr'><strong>solum,</strong></span> <span class='ocrx_word' id='word_1_182' title='bbox 1088 2704 1180 2757; x_wconf 90' lang='lat' dir='ltr'><strong>sed</strong></span> <span class='ocrx_word' id='word_1_183' title='bbox 1227 2705 1279 2758; x_wconf 92' lang='lat' dir='ltr'><strong>in</strong></span> <span class='ocrx_word' id='word_1_184' title='bbox 1318 2706 1587 2761; x_wconf 90' lang='lat' dir='ltr'><strong>desertum</strong></span> <span class='ocrx_word' id='word_1_185' title='bbox 1615 2710 1885 2778; x_wconf 80' lang='lat' dir='ltr'><strong>profectus</strong></span> <span class='ocrx_word' id='word_1_186' title='bbox 1907 2713 2288 2778; x_wconf 83' lang='lat' dir='ltr'><strong>obdormiebat,</strong></span> <span class='ocrx_word' id='word_1_187' title='bbox 2323 2730 2432 2783; x_wconf 75' lang='lat' dir='ltr'><strong>pra:</strong></span> 
     </span>
    </p>
   </div>
   <div class='ocr_carea' id='block_1_25' title="bbox 861 2791 2432 2873">
    <p class='ocr_par' dir='ltr' id='par_1_25' title="bbox 861 2791 2432 2873">
     <span class='ocr_line' id='line_1_25' title="bbox 861 2791 2432 2873; baseline 0.01 -28"><span class='ocrx_word' id='word_1_188' title='bbox 861 2791 1062 2847; x_wconf 87' lang='lat' dir='ltr'><strong>doloris</strong></span> <span class='ocrx_word' id='word_1_189' title='bbox 1096 2809 1159 2848; x_wconf 91' lang='lat' dir='ltr'><strong>ac</strong></span> <span class='ocrx_word' id='word_1_190' title='bbox 1185 2798 1428 2852; x_wconf 67' lang='lat' dir='ltr'><strong>maeroris</strong></span> <span class='ocrx_word' id='word_1_191' title='bbox 1453 2815 1614 2854; x_wconf 91' lang='lat' dir='ltr'><strong>onere</strong></span> <span class='ocrx_word' id='word_1_192' title='bbox 1640 2801 1813 2857; x_wconf 91' lang='lat' dir='ltr'><strong>lassus</strong></span> <span class='ocrx_word' id='word_1_193' title='bbox 1851 2818 1916 2857; x_wconf 88' lang='lat' dir='ltr'><strong>ac</strong></span> <span class='ocrx_word' id='word_1_194' title='bbox 1956 2803 2220 2873; x_wconf 76' lang='lat' dir='ltr'><strong>fatigatus.</strong></span> <span class='ocrx_word' id='word_1_195' title='bbox 2268 2807 2432 2862; x_wconf 89' lang='lat' dir='ltr'><strong>Porro</strong></span> 
     </span>
    </p>
   </div>
   <div class='ocr_carea' id='block_1_26' title="bbox 864 2881 2434 2965">
    <p class='ocr_par' dir='ltr' id='par_1_26' title="bbox 864 2881 2434 2965">
     <span class='ocr_line' id='line_1_26' title="bbox 864 2881 2434 2965; baseline 0.011 -32"><span class='ocrx_word' id='word_1_196' title='bbox 864 2881 1019 2950; x_wconf 87' lang='lat' dir='ltr'><strong>hujus</strong></span> <span class='ocrx_word' id='word_1_197' title='bbox 1045 2883 1337 2953; x_wconf 87' lang='lat' dir='ltr'><strong>discipulus</strong></span> <span class='ocrx_word' id='word_1_198' title='bbox 1357 2902 1463 2941; x_wconf 92' lang='lat' dir='ltr'><strong>non</strong></span> <span class='ocrx_word' id='word_1_199' title='bbox 1504 2890 1674 2944; x_wconf 90' lang='lat' dir='ltr'><strong>solum</strong></span> <span class='ocrx_word' id='word_1_200' title='bbox 1702 2892 1943 2959; x_wconf 88' lang='lat' dir='ltr'><strong>spiritum</strong></span> <span class='ocrx_word' id='word_1_201' title='bbox 1979 2895 2216 2964; x_wconf 83' lang='lat' dir='ltr'><strong>magistri</strong></span> <span class='ocrx_word' id='word_1_202' title='bbox 2261 2896 2434 2965; x_wconf 81' lang='lat' dir='ltr'><strong>dupli-</strong></span> 
     </span>
    </p>
   </div>
   <div class='ocr_carea' id='block_1_27' title="bbox 861 2977 2429 3058">
    <p class='ocr_par' dir='ltr' id='par_1_27' title="bbox 861 2977 2429 3058">
     <span class='ocr_line' id='line_1_27' title="bbox 861 2977 2429 3058; baseline 0.012 -33"><span class='ocrx_word' id='word_1_203' title='bbox 861 2987 976 3025; x_wconf 82' lang='lat' dir='ltr'><strong>cem</strong></span> <span class='ocrx_word' id='word_1_204' title='bbox 1000 2977 1220 3041; x_wconf 83' lang='lat' dir='ltr'><strong>accepit,</strong></span> <span class='ocrx_word' id='word_1_205' title='bbox 1244 2977 1338 3032; x_wconf 90' lang='lat' dir='ltr'><strong>sed</strong></span> <span class='ocrx_word' id='word_1_206' title='bbox 1359 2987 1412 3033; x_wconf 90' lang='lat' dir='ltr'><strong>et</strong></span> <span class='ocrx_word' id='word_1_207' title='bbox 1450 2995 1723 3049; x_wconf 89' lang='lat' dir='ltr'><strong>pressuras</strong></span> <span class='ocrx_word' id='word_1_208' title='bbox 1744 2983 1898 3054; x_wconf 86' lang='lat' dir='ltr'><strong>longe</strong></span> <span class='ocrx_word' id='word_1_209' title='bbox 1920 2986 2076 3040; x_wconf 90' lang='lat' dir='ltr'><strong>etiam</strong></span> <span class='ocrx_word' id='word_1_210' title='bbox 2102 2988 2333 3057; x_wconf 83' lang='lat' dir='ltr'><strong>majores</strong></span> <span class='ocrx_word' id='word_1_211' title='bbox 2355 2992 2429 3058; x_wconf 63' lang='grc' dir='ltr'><strong>(υἱ.</strong></span> 
     </span>
    </p>
   </div>
   <div class='ocr_carea' id='block_1_28' title="bbox 861 3061 2430 3139">
    <p class='ocr_par' dir='ltr' id='par_1_28' title="bbox 861 3061 2430 3139">
     <span class='ocr_line' id='line_1_28' title="bbox 861 3061 2430 3139; baseline 0.013 -25"><span class='ocrx_word' id='word_1_212' title='bbox 861 3061 990 3133; x_wconf 79' lang='lat' dir='ltr'><strong>Reg.</strong></span> <span class='ocrx_word' id='word_1_213' title='bbox 1017 3063 1094 3133; x_wconf 79' lang='grc'><strong>2).</strong></span> <span class='ocrx_word' id='word_1_214' title='bbox 1123 3065 1230 3120; x_wconf 82' lang='lat' dir='ltr'><strong>llos</strong></span> <span class='ocrx_word' id='word_1_215' title='bbox 1255 3066 1482 3138; x_wconf 89' lang='lat' dir='ltr'><strong>denique</strong></span> <span class='ocrx_word' id='word_1_216' title='bbox 1510 3072 1664 3139; x_wconf 92' lang='lat' dir='ltr'><strong>paulo</strong></span> <span class='ocrx_word' id='word_1_217' title='bbox 1692 3082 1814 3128; x_wconf 89' lang='lat' dir='ltr'><strong>ante</strong></span> <span class='ocrx_word' id='word_1_218' title='bbox 1842 3074 2026 3130; x_wconf 89' lang='lat' dir='ltr'><strong>beatus</strong></span> <span class='ocrx_word' id='word_1_219' title='bbox 2048 3077 2240 3133; x_wconf 78' lang='lat' dir='ltr'><strong>Paulus</strong></span> <span class='ocrx_word' id='word_1_220' title='bbox 2254 3091 2430 3134; x_wconf 84' lang='lat' dir='ltr'><strong>osten-</strong></span> 
     </span>
    </p>
   </div>
   <div class='ocr_carea' id='block_1_29' title="bbox 862 3153 2429 3237">
    <p class='ocr_par' dir='ltr' id='par_1_29' title="bbox 862 3153 2429 3237">
     <span class='ocr_line' id='line_1_29' title="bbox 862 3153 2429 3237; baseline 0.011 -30"><span class='ocrx_word' id='word_1_221' title='bbox 862 3153 1014 3220; x_wconf 91' lang='lat' dir='ltr'><strong>dens,</strong></span> <span class='ocrx_word' id='word_1_222' title='bbox 1044 3157 1361 3230; x_wconf 88' lang='lat' dir='ltr'><strong>illorumqne</strong></span> <span class='ocrx_word' id='word_1_223' title='bbox 1386 3177 1651 3217; x_wconf 72' lang='lat' dir='ltr'><strong>aerumnas</strong></span> <span class='ocrx_word' id='word_1_224' title='bbox 1676 3179 2015 3231; x_wconf 87' lang='lat' dir='ltr'><strong>enumerans,</strong></span> <span class='ocrx_word' id='word_1_225' title='bbox 2046 3168 2219 3223; x_wconf 85' lang='lat' dir='ltr'><strong>aiebat</strong></span> <span class='ocrx_word' id='word_1_226' title='bbox 2247 3188 2261 3224; x_wconf 91' lang='lat'><strong>:</strong></span> <span class='ocrx_word' id='word_1_227' title='bbox 2302 3173 2429 3237; x_wconf 84' lang='lat' dir='ltr'><strong>Qut-</strong></span> 
     </span>
    </p>
   </div>
   <div class='ocr_carea' id='block_1_30' title="bbox 861 3245 2433 3334">
    <p class='ocr_par' dir='ltr' id='par_1_30' title="bbox 861 3245 2433 3334">
     <span class='ocr_line' id='line_1_30' title="bbox 861 3245 2433 3334; baseline 0.014 -37"><span class='ocrx_word' id='word_1_228' title='bbox 861 3245 952 3299; x_wconf 90' lang='lat' dir='ltr'><strong>bus</strong></span> <span class='ocrx_word' id='word_1_229' title='bbox 977 3248 1156 3318; x_wconf 83' lang='lat' dir='ltr'><strong>dignus</strong></span> <span class='ocrx_word' id='word_1_230' title='bbox 1183 3267 1283 3304; x_wconf 89' lang='lat' dir='ltr'><strong>non</strong></span> <span class='ocrx_word' id='word_1_231' title='bbox 1311 3262 1420 3306; x_wconf 88' lang='lat' dir='ltr'><strong>erat</strong></span> <span class='ocrx_word' id='word_1_232' title='bbox 1458 3255 1681 3309; x_wconf 88' lang='lat' dir='ltr'><strong>mundus</strong></span> <span class='ocrx_word' id='word_1_233' title='bbox 1726 3255 1883 3329; x_wconf 87' lang='lat' dir='ltr'><strong>(Heb.</strong></span> <span class='ocrx_word' id='word_1_234' title='bbox 1936 3259 2024 3315; x_wconf 89' lang='grc'><strong>11.</strong></span> <span class='ocrx_word' id='word_1_235' title='bbox 2071 3260 2186 3332; x_wconf 76' lang='grc'><strong>58).</strong></span> <span class='ocrx_word' id='word_1_236' title='bbox 2240 3264 2433 3334; x_wconf 84' lang='lat' dir='ltr'><strong>Perop-</strong></span> 
     </span>
    </p>
   </div>
   <div class='ocr_carea' id='block_1_31' title="bbox 860 3342 2432 3424">
    <p class='ocr_par' dir='ltr' id='par_1_31' title="bbox 860 3342 2432 3424">
     <span class='ocr_line' id='line_1_31' title="bbox 860 3342 2432 3424; baseline 0.013 -36"><span class='ocrx_word' id='word_1_237' title='bbox 860 3346 1086 3401; x_wconf 90' lang='lat' dir='ltr'><strong>portune</strong></span> <span class='ocrx_word' id='word_1_238' title='bbox 1108 3355 1246 3395; x_wconf 90' lang='lat' dir='ltr'><strong>nunc</strong></span> <span class='ocrx_word' id='word_1_239' title='bbox 1264 3342 1409 3396; x_wconf 83' lang='lat' dir='ltr'><strong>Pauli</strong></span> <span class='ocrx_word' id='word_1_240' title='bbox 1431 3344 1654 3400; x_wconf 81' lang='lat' dir='ltr'><strong>fecimus</strong></span> <span class='ocrx_word' id='word_1_241' title='bbox 1680 3348 2002 3405; x_wconf 87' lang='lat' dir='ltr'><strong>mentionem</strong></span> <span class='ocrx_word' id='word_1_242' title='bbox 2029 3368 2043 3404; x_wconf 91' lang='lat'><strong>:</strong></span> <span class='ocrx_word' id='word_1_243' title='bbox 2064 3353 2153 3421; x_wconf 90' lang='lat' dir='ltr'><strong>qui</strong></span> <span class='ocrx_word' id='word_1_244' title='bbox 2181 3355 2320 3408; x_wconf 91' lang='lat' dir='ltr'><strong>enim</strong></span> <span class='ocrx_word' id='word_1_245' title='bbox 2343 3372 2432 3424; x_wconf 88' lang='lat' dir='ltr'><strong>per</strong></span> 
     </span>
    </p>
   </div>
   <div class='ocr_carea' id='block_1_32' title="bbox 862 3432 2429 3515">
    <p class='ocr_par' dir='ltr' id='par_1_32' title="bbox 862 3432 2429 3515">
     <span class='ocr_line' id='line_1_32' title="bbox 862 3432 2429 3515; baseline 0.014 -35"><span class='ocrx_word' id='word_1_246' title='bbox 862 3443 923 3481; x_wconf 90' lang='lat' dir='ltr'><strong>se</strong></span> <span class='ocrx_word' id='word_1_247' title='bbox 948 3432 1089 3483; x_wconf 89' lang='lat' dir='ltr'><strong>solus</strong></span> <span class='ocrx_word' id='word_1_248' title='bbox 1112 3432 1382 3502; x_wconf 75' lang='lat' dir='ltr'><strong>inSpectus</strong></span> <span class='ocrx_word' id='word_1_249' title='bbox 1419 3437 1483 3491; x_wconf 89' lang='lat' dir='ltr'><strong>ad</strong></span> <span class='ocrx_word' id='word_1_250' title='bbox 1508 3439 1891 3495; x_wconf 88' lang='lat' dir='ltr'><strong>consolandum</strong></span> <span class='ocrx_word' id='word_1_251' title='bbox 1935 3442 2182 3501; x_wconf 79' lang='lat' dir='ltr'><strong>sufﬁcere</strong></span> <span class='ocrx_word' id='word_1_252' title='bbox 2232 3460 2429 3515; x_wconf 91' lang='lat' dir='ltr'><strong>posset,</strong></span> 
     </span>
    </p>
   </div>
   <div class='ocr_carea' id='block_1_33' title="bbox 863 3518 2435 3596">
    <p class='ocr_par' dir='ltr' id='par_1_33' title="bbox 863 3518 2435 3596">
     <span class='ocr_line' id='line_1_33' title="bbox 863 3518 2435 3596; baseline 0.015 -26"><span class='ocrx_word' id='word_1_253' title='bbox 863 3518 947 3572; x_wconf 89' lang='lat' dir='ltr'><strong>hic</strong></span> <span class='ocrx_word' id='word_1_254' title='bbox 972 3522 1239 3588; x_wconf 73' lang='lat' dir='ltr'><strong>postalios</strong></span> <span class='ocrx_word' id='word_1_255' title='bbox 1267 3525 1509 3589; x_wconf 85' lang='lat' dir='ltr'><strong>veniens,</strong></span> <span class='ocrx_word' id='word_1_256' title='bbox 1542 3528 1693 3596; x_wconf 88' lang='lat' dir='ltr'><strong>cujus</strong></span> <span class='ocrx_word' id='word_1_257' title='bbox 1720 3545 1825 3585; x_wconf 90' lang='lat' dir='ltr'><strong>non</strong></span> <span class='ocrx_word' id='word_1_258' title='bbox 1848 3531 2087 3588; x_wconf 90' lang='lat' dir='ltr'><strong>dolorem</strong></span> <span class='ocrx_word' id='word_1_259' title='bbox 2132 3550 2197 3590; x_wconf 91' lang='lat' dir='ltr'><strong>ac</strong></span> <span class='ocrx_word' id='word_1_260' title='bbox 2242 3552 2435 3592; x_wconf 72' lang='lat' dir='ltr'><strong>moero-</strong></span> 
     </span>
    </p>
   </div>
   <div class='ocr_carea' id='block_1_34' title="bbox 863 3615 2432 3693">
    <p class='ocr_par' dir='ltr' id='par_1_34' title="bbox 863 3615 2432 3693">
     <span class='ocr_line' id='line_1_34' title="bbox 863 3615 2432 3693; baseline 0.014 -33"><span class='ocrx_word' id='word_1_261' title='bbox 863 3624 973 3661; x_wconf 84' lang='lat' dir='ltr'><strong>rem</strong></span> <span class='ocrx_word' id='word_1_262' title='bbox 1001 3625 1317 3667; x_wconf 83' lang='lat' dir='ltr'><strong>evanescere</strong></span> <span class='ocrx_word' id='word_1_263' title='bbox 1357 3615 1549 3670; x_wconf 76' lang='lat' dir='ltr'><strong>faciat“!</strong></span> <span class='ocrx_word' id='word_1_264' title='bbox 1592 3616 1725 3686; x_wconf 90' lang='lat' dir='ltr'><strong>Ejus</strong></span> <span class='ocrx_word' id='word_1_265' title='bbox 1768 3634 1963 3691; x_wconf 87' lang='lat' dir='ltr'><strong>nempe</strong></span> <span class='ocrx_word' id='word_1_266' title='bbox 2004 3621 2218 3689; x_wconf 79' lang='lat' dir='ltr'><strong>famem,</strong></span> <span class='ocrx_word' id='word_1_267' title='bbox 2269 3628 2432 3693; x_wconf 87' lang='lat' dir='ltr'><strong>sitim,</strong></span> 
     </span>
    </p>
   </div>
   <div class='ocr_carea' id='block_1_35' title="bbox 862 3699 2435 3781">
    <p class='ocr_par' dir='ltr' id='par_1_35' title="bbox 862 3699 2435 3781">
     <span class='ocr_line' id='line_1_35' title="bbox 862 3699 2435 3781; baseline 0.015 -32"><span class='ocrx_word' id='word_1_268' title='bbox 862 3699 1169 3765; x_wconf 69' lang='lat' dir='ltr'><strong>auiditatem,</strong></span> <span class='ocrx_word' id='word_1_269' title='bbox 1213 3702 1506 3774; x_wconf 80' lang='lat' dir='ltr'><strong>naufragia,</strong></span> <span class='ocrx_word' id='word_1_270' title='bbox 1544 3706 1849 3779; x_wconf 88' lang='lat' dir='ltr'><strong>desertique</strong></span> <span class='ocrx_word' id='word_1_271' title='bbox 1873 3710 2248 3781; x_wconf 83' lang='lat' dir='ltr'><strong>habitationes,</strong></span> <span class='ocrx_word' id='word_1_272' title='bbox 2279 3718 2435 3772; x_wconf 86' lang='lat' dir='ltr'><strong>timo-</strong></span> 
     </span>
    </p>
   </div>
   <div class='ocr_carea' id='block_1_36' title="bbox 861 3790 2427 3876">
    <p class='ocr_par' dir='ltr' id='par_1_36' title="bbox 861 3790 2427 3876">
     <span class='ocr_line' id='line_1_36' title="bbox 861 3790 2427 3876; baseline 0.014 -38"><span class='ocrx_word' id='word_1_273' title='bbox 861 3800 949 3841; x_wconf 85' lang='lat' dir='ltr'><strong>res</strong></span> <span class='ocrx_word' id='word_1_274' title='bbox 973 3801 1035 3839; x_wconf 88' lang='lat' dir='ltr'><strong>ac</strong></span> <span class='ocrx_word' id='word_1_275' title='bbox 1061 3790 1313 3857; x_wconf 89' lang='lat' dir='ltr'><strong>pericula,</strong></span> <span class='ocrx_word' id='word_1_276' title='bbox 1352 3794 1589 3858; x_wconf 87' lang='lat' dir='ltr'><strong>insidias,</strong></span> <span class='ocrx_word' id='word_1_277' title='bbox 1616 3810 1878 3863; x_wconf 87' lang='lat' dir='ltr'><strong>earceres,</strong></span> <span class='ocrx_word' id='word_1_278' title='bbox 1910 3802 2156 3866; x_wconf 83' lang='lat' dir='ltr'><strong>verbera,</strong></span> <span class='ocrx_word' id='word_1_279' title='bbox 2204 3805 2427 3876; x_wconf 77' lang='lat' dir='ltr'><strong>vigilias,</strong></span> 
     </span>
    </p>
   </div>
   <div class='ocr_carea' id='block_1_37' title="bbox 861 3877 2433 3962">
    <p class='ocr_par' dir='ltr' id='par_1_37' title="bbox 861 3877 2433 3962">
     <span class='ocr_line' id='line_1_37' title="bbox 861 3877 2433 3962; baseline 0.014 -32"><span class='ocrx_word' id='word_1_280' title='bbox 861 3877 1165 3933; x_wconf 89' lang='lat' dir='ltr'><strong>innumeras</strong></span> <span class='ocrx_word' id='word_1_281' title='bbox 1206 3892 1428 3950; x_wconf 89' lang='lat' dir='ltr'><strong>mortes,</strong></span> <span class='ocrx_word' id='word_1_282' title='bbox 1459 3892 1515 3941; x_wconf 91' lang='lat' dir='ltr'><strong>et</strong></span> <span class='ocrx_word' id='word_1_283' title='bbox 1543 3887 1645 3943; x_wconf 86' lang='lat' dir='ltr'><strong>alia</strong></span> <span class='ocrx_word' id='word_1_284' title='bbox 1684 3903 1803 3959; x_wconf 62' lang='lat' dir='ltr'><strong>quas</strong></span> <span class='ocrx_word' id='word_1_285' title='bbox 1843 3892 2233 3962; x_wconf 65' lang='lat' dir='ltr'><strong>praedicationis</strong></span> <span class='ocrx_word' id='word_1_286' title='bbox 2272 3911 2433 3952; x_wconf 83' lang='lat' dir='ltr'><strong>causa</strong></span> 
     </span>
    </p>
   </div>
   <div class='ocr_carea' id='block_1_38' title="bbox 862 3975 2432 4049">
    <p class='ocr_par' dir='ltr' id='par_1_38' title="bbox 862 3975 2432 4049">
     <span class='ocr_line' id='line_1_38' title="bbox 862 3975 2432 4049; baseline 0.015 -30"><span class='ocrx_word' id='word_1_287' title='bbox 862 3982 1145 4037; x_wconf 85' lang='lat' dir='ltr'><strong>perpessus</strong></span> <span class='ocrx_word' id='word_1_288' title='bbox 1168 3981 1270 4038; x_wconf 89' lang='lat' dir='ltr'><strong>est,</strong></span> <span class='ocrx_word' id='word_1_289' title='bbox 1321 3989 1389 4029; x_wconf 91' lang='lat' dir='ltr'><strong>ne</strong></span> <span class='ocrx_word' id='word_1_290' title='bbox 1443 3975 1719 4033; x_wconf 82' lang='lat' dir='ltr'><strong>referenda</strong></span> <span class='ocrx_word' id='word_1_291' title='bbox 1768 3982 1979 4049; x_wconf 89' lang='lat' dir='ltr'><strong>quidem</strong></span> <span class='ocrx_word' id='word_1_292' title='bbox 2026 3984 2274 4041; x_wconf 87' lang='lat' dir='ltr'><strong>arbitror.</strong></span> <span class='ocrx_word' id='word_1_293' title='bbox 2329 3986 2432 4043; x_wconf 90' lang='lat' dir='ltr'><strong>Ista</strong></span> 
     </span>
    </p>
   </div>
   <div class='ocr_carea' id='block_1_39' title="bbox 860 4058 2435 4136">
    <p class='ocr_par' dir='ltr' id='par_1_39' title="bbox 860 4058 2435 4136">
     <span class='ocr_line' id='line_1_39' title="bbox 860 4058 2435 4136; baseline 0.015 -26"><span class='ocrx_word' id='word_1_294' title='bbox 860 4058 1001 4110; x_wconf 77' lang='lat' dir='ltr'><strong>eriim</strong></span> <span class='ocrx_word' id='word_1_295' title='bbox 1027 4061 1125 4114; x_wconf 84' lang='lat' dir='ltr'><strong>etsi</strong></span> <span class='ocrx_word' id='word_1_296' title='bbox 1152 4076 1430 4129; x_wconf 85' lang='lat' dir='ltr'><strong>pressuras</strong></span> <span class='ocrx_word' id='word_1_297' title='bbox 1473 4067 1546 4121; x_wconf 93' lang='lat' dir='ltr'><strong>illi</strong></span> <span class='ocrx_word' id='word_1_298' title='bbox 1576 4070 1925 4136; x_wconf 82' lang='lat' dir='ltr'><strong>exhibebant,</strong></span> <span class='ocrx_word' id='word_1_299' title='bbox 1952 4090 2056 4127; x_wconf 90' lang='lat' dir='ltr'><strong>non</strong></span> <span class='ocrx_word' id='word_1_300' title='bbox 2082 4085 2257 4131; x_wconf 90' lang='lat' dir='ltr'><strong>tamen</strong></span> <span class='ocrx_word' id='word_1_301' title='bbox 2282 4090 2435 4133; x_wconf 89' lang='lat' dir='ltr'><strong>erant</strong></span> 
     </span>
    </p>
   </div>
   <div class='ocr_carea' id='block_1_40' title="bbox 860 4146 2435 4233">
    <p class='ocr_par' dir='ltr' id='par_1_40' title="bbox 860 4146 2435 4233">
     <span class='ocr_line' id='line_1_40' title="bbox 860 4146 2435 4233; baseline 0.017 -35"><span class='ocrx_word' id='word_1_302' title='bbox 860 4146 1060 4217; x_wconf 87' lang='lat' dir='ltr'><strong>absque</strong></span> <span class='ocrx_word' id='word_1_303' title='bbox 1081 4151 1347 4221; x_wconf 74' lang='lat' dir='ltr'><strong>voluptate</strong></span> <span class='ocrx_word' id='word_1_304' title='bbox 1364 4157 1613 4226; x_wconf 88' lang='lat' dir='ltr'><strong>quadam.</strong></span> <span class='ocrx_word' id='word_1_305' title='bbox 1631 4162 1699 4214; x_wconf 87' lang='lat' dir='ltr'><strong>At</strong></span> <span class='ocrx_word' id='word_1_306' title='bbox 1725 4176 1854 4216; x_wconf 89' lang='lat' dir='ltr'><strong>vero</strong></span> <span class='ocrx_word' id='word_1_307' title='bbox 1874 4165 2084 4233; x_wconf 85' lang='lat' dir='ltr'><strong>quando</strong></span> <span class='ocrx_word' id='word_1_308' title='bbox 2109 4167 2255 4222; x_wconf 91' lang='lat' dir='ltr'><strong>illum</strong></span> <span class='ocrx_word' id='word_1_309' title='bbox 2279 4168 2435 4223; x_wconf 82' lang='lat' dir='ltr'><strong>Asia-</strong></span> 
     </span>
    </p>
   </div>
   <div class='ocr_carea' id='block_1_41' title="bbox 862 4240 2432 4329">
    <p class='ocr_par' dir='ltr' id='par_1_41' title="bbox 862 4240 2432 4329">
     <span class='ocr_line' id='line_1_41' title="bbox 862 4240 2432 4329; baseline 0.017 -38"><span class='ocrx_word' id='word_1_310' title='bbox 862 4240 947 4293; x_wconf 83' lang='lat' dir='ltr'><strong>tici</strong></span> <span class='ocrx_word' id='word_1_311' title='bbox 987 4254 1171 4298; x_wconf 89' lang='lat' dir='ltr'><strong>omnes</strong></span> <span class='ocrx_word' id='word_1_312' title='bbox 1223 4250 1453 4302; x_wconf 80' lang='lat' dir='ltr'><strong>aversati</strong></span> <span class='ocrx_word' id='word_1_313' title='bbox 1500 4260 1641 4317; x_wconf 91' lang='lat' dir='ltr'><strong>sunt,</strong></span> <span class='ocrx_word' id='word_1_314' title='bbox 1697 4255 1911 4323; x_wconf 91' lang='lat' dir='ltr'><strong>quando</strong></span> <span class='ocrx_word' id='word_1_315' title='bbox 1951 4255 2153 4313; x_wconf 62' lang='lat' dir='ltr'><strong>Galatae</strong></span> <span class='ocrx_word' id='word_1_316' title='bbox 2197 4262 2432 4329; x_wconf 75' lang='lat' dir='ltr'><strong>perversi</strong></span> 
     </span>
    </p>
   </div>
   <div class='ocr_carea' id='block_1_42' title="bbox 859 4335 2433 4421">
    <p class='ocr_par' dir='ltr' id='par_1_42' title="bbox 859 4335 2433 4421">
     <span class='ocr_line' id='line_1_42' title="bbox 859 4335 2433 4421; baseline 0.016 -38"><span class='ocrx_word' id='word_1_317' title='bbox 859 4341 999 4394; x_wconf 84' lang='lat' dir='ltr'><strong>sunt,</strong></span> <span class='ocrx_word' id='word_1_318' title='bbox 1030 4345 1161 4401; x_wconf 88' lang='lat' dir='ltr'><strong>gens</strong></span> <span class='ocrx_word' id='word_1_319' title='bbox 1196 4335 1394 4406; x_wconf 85' lang='lat' dir='ltr'><strong>integra</strong></span> <span class='ocrx_word' id='word_1_320' title='bbox 1442 4349 1495 4393; x_wconf 89' lang='lat' dir='ltr'><strong>et</strong></span> <span class='ocrx_word' id='word_1_321' title='bbox 1541 4351 1761 4397; x_wconf 90' lang='lat' dir='ltr'><strong>eatenus</strong></span> <span class='ocrx_word' id='word_1_322' title='bbox 1812 4349 2168 4418; x_wconf 89' lang='lat' dir='ltr'><strong>aeceptabilis,</strong></span> <span class='ocrx_word' id='word_1_323' title='bbox 2218 4353 2433 4421; x_wconf 91' lang='lat' dir='ltr'><strong>quando</strong></span> 
     </span>
    </p>
   </div>
   <div class='ocr_carea' id='block_1_43' title="bbox 859 4423 2426 4509">
    <p class='ocr_par' dir='ltr' id='par_1_43' title="bbox 859 4423 2426 4509">
     <span class='ocr_line' id='line_1_43' title="bbox 859 4423 2426 4509; baseline 0.018 -37"><span class='ocrx_word' id='word_1_324' title='bbox 859 4435 1008 4473; x_wconf 89' lang='lat' dir='ltr'><strong>suam</strong></span> <span class='ocrx_word' id='word_1_325' title='bbox 1029 4423 1313 4480; x_wconf 56' lang='lat' dir='ltr'><strong>ltlcclesiam</strong></span> <span class='ocrx_word' id='word_1_326' title='bbox 1328 4428 1581 4487; x_wconf 82' lang='lat' dir='ltr'><strong>Corinthii</strong></span> <span class='ocrx_word' id='word_1_327' title='bbox 1605 4434 1858 4504; x_wconf 91' lang='lat' dir='ltr'><strong>plurimas</strong></span> <span class='ocrx_word' id='word_1_328' title='bbox 1878 4439 1929 4492; x_wconf 92' lang='lat' dir='ltr'><strong>in</strong></span> <span class='ocrx_word' id='word_1_329' title='bbox 1948 4450 2127 4508; x_wconf 89' lang='lat' dir='ltr'><strong>partes</strong></span> <span class='ocrx_word' id='word_1_330' title='bbox 2139 4445 2426 4509; x_wconf 86' lang='lat' dir='ltr'><strong>sciderunt,</strong></span> 
     </span>
    </p>
   </div>
   <div class='ocr_carea' id='block_1_44' title="bbox 856 4509 2432 4604">
    <p class='ocr_par' dir='ltr' id='par_1_44' title="bbox 856 4509 2432 4604">
     <span class='ocr_line' id='line_1_44' title="bbox 856 4509 2432 4604; baseline 0.017 -41"><span class='ocrx_word' id='word_1_331' title='bbox 856 4509 1271 4585; x_wconf 78' lang='lat' dir='ltr'><strong>fornicatorique</strong></span> <span class='ocrx_word' id='word_1_332' title='bbox 1296 4523 1567 4578; x_wconf 80' lang='lat' dir='ltr'><strong>teterrima</strong></span> <span class='ocrx_word' id='word_1_333' title='bbox 1594 4540 1689 4593; x_wconf 90' lang='lat' dir='ltr'><strong>per</strong></span> <span class='ocrx_word' id='word_1_334' title='bbox 1733 4541 1857 4582; x_wconf 88' lang='lat' dir='ltr'><strong>suas</strong></span> <span class='ocrx_word' id='word_1_335' title='bbox 1904 4531 2185 4588; x_wconf 80' lang='lat' dir='ltr'><strong>blanditias</strong></span> <span class='ocrx_word' id='word_1_336' title='bbox 2212 4535 2432 4604; x_wconf 88' lang='lat' dir='ltr'><strong>pudoris</strong></span> 
     </span>
    </p>
   </div>
   <div class='ocr_carea' id='block_1_45' title="bbox 857 4610 2428 4692">
    <p class='ocr_par' dir='ltr' id='par_1_45' title="bbox 857 4610 2428 4692">
     <span class='ocr_line' id='line_1_45' title="bbox 857 4610 2428 4692; baseline 0.015 -37"><span class='ocrx_word' id='word_1_337' title='bbox 857 4618 1067 4674; x_wconf 87' lang='lat' dir='ltr'><strong>quoque</strong></span> <span class='ocrx_word' id='word_1_338' title='bbox 1114 4620 1328 4661; x_wconf 89' lang='lat' dir='ltr'><strong>sensum</strong></span> <span class='ocrx_word' id='word_1_339' title='bbox 1376 4610 1724 4680; x_wconf 87' lang='lat' dir='ltr'><strong>abstulerunt,</strong></span> <span class='ocrx_word' id='word_1_340' title='bbox 1754 4618 1879 4685; x_wconf 92' lang='lat' dir='ltr'><strong>quid</strong></span> <span class='ocrx_word' id='word_1_341' title='bbox 1928 4620 2072 4674; x_wconf 89' lang='lat' dir='ltr'><strong>illum</strong></span> <span class='ocrx_word' id='word_1_342' title='bbox 2120 4639 2428 4692; x_wconf 89' lang='lat' dir='ltr'><strong>perpessum</strong></span> 
     </span>
    </p>
   </div>
   <div class='ocr_carea' id='block_1_46' title="bbox 858 4699 2433 4767">
    <p class='ocr_par' dir='ltr' id='par_1_46' title="bbox 858 4699 2433 4767">
     <span class='ocr_line' id='line_1_46' title="bbox 858 4699 2433 4767; baseline 0.015 -22"><span class='ocrx_word' id='word_1_343' title='bbox 858 4704 1035 4761; x_wconf 87' lang='lat' dir='ltr'><strong>putas,</strong></span> <span class='ocrx_word' id='word_1_344' title='bbox 1081 4704 1307 4766; x_wconf 87' lang='lat' dir='ltr'><strong>quantas</strong></span> <span class='ocrx_word' id='word_1_345' title='bbox 1334 4699 1471 4754; x_wconf 87' lang='lat' dir='ltr'><strong>illius</strong></span> <span class='ocrx_word' id='word_1_346' title='bbox 1498 4706 1676 4760; x_wconf 91' lang='lat' dir='ltr'><strong>animo</strong></span> <span class='ocrx_word' id='word_1_347' title='bbox 1708 4707 1955 4761; x_wconf 88' lang='lat' dir='ltr'><strong>tenebras</strong></span> <span class='ocrx_word' id='word_1_348' title='bbox 1984 4710 2179 4765; x_wconf 73' lang='lat' dir='ltr'><strong>oﬁ‘usas</strong></span> <span class='ocrx_word' id='word_1_349' title='bbox 2206 4713 2433 4767; x_wconf 90' lang='lat' dir='ltr'><strong>arbitra-</strong></span> 
     </span>
    </p>
   </div>
   <div class='ocr_carea' id='block_1_47' title="bbox 857 4788 2430 4870">
    <p class='ocr_par' dir='ltr' id='par_1_47' title="bbox 857 4788 2430 4870">
     <span class='ocr_line' id='line_1_47' title="bbox 857 4788 2430 4870; baseline 0.011 -29"><span class='ocrx_word' id='word_1_350' title='bbox 857 4788 968 4841; x_wconf 82' lang='lat' dir='ltr'><strong>ris?</strong></span> <span class='ocrx_word' id='word_1_351' title='bbox 988 4790 1090 4846; x_wconf 80' lang='lat' dir='ltr'><strong>Sed</strong></span> <span class='ocrx_word' id='word_1_352' title='bbox 1114 4795 1237 4862; x_wconf 89' lang='lat' dir='ltr'><strong>quid</strong></span> <span class='ocrx_word' id='word_1_353' title='bbox 1260 4810 1355 4851; x_wconf 93' lang='lat' dir='ltr'><strong>nos</strong></span> <span class='ocrx_word' id='word_1_354' title='bbox 1380 4797 1475 4850; x_wconf 90' lang='lat' dir='ltr'><strong>ista</strong></span> <span class='ocrx_word' id='word_1_355' title='bbox 1502 4798 1823 4867; x_wconf 86' lang='lat' dir='ltr'><strong>conjecturis</strong></span> <span class='ocrx_word' id='word_1_356' title='bbox 1850 4801 2166 4870; x_wconf 81' lang='lat' dir='ltr'><strong>colligimus,</strong></span> <span class='ocrx_word' id='word_1_357' title='bbox 2205 4819 2322 4858; x_wconf 91' lang='lat' dir='ltr'><strong>cum</strong></span> <span class='ocrx_word' id='word_1_358' title='bbox 2364 4805 2430 4858; x_wconf 89' lang='lat' dir='ltr'><strong>il-</strong></span> 
     </span>
    </p>
   </div>
   <div class='ocr_carea' id='block_1_48' title="bbox 857 4880 2430 4949">
    <p class='ocr_par' dir='ltr' id='par_1_48' title="bbox 857 4880 2430 4949">
     <span class='ocr_line' id='line_1_48' title="bbox 857 4880 2430 4949; baseline 0.011 -17"><span class='ocrx_word' id='word_1_359' title='bbox 857 4880 960 4933; x_wconf 85' lang='lat' dir='ltr'><strong>lius</strong></span> <span class='ocrx_word' id='word_1_360' title='bbox 990 4882 1148 4935; x_wconf 86' lang='lat' dir='ltr'><strong>verba</strong></span> <span class='ocrx_word' id='word_1_361' title='bbox 1198 4885 1381 4939; x_wconf 91' lang='lat' dir='ltr'><strong>audire</strong></span> <span class='ocrx_word' id='word_1_362' title='bbox 1429 4887 1620 4942; x_wconf 89' lang='lat' dir='ltr'><strong>liceat?</strong></span> <span class='ocrx_word' id='word_1_363' title='bbox 1667 4887 1957 4946; x_wconf 89' lang='lat' dir='ltr'><strong>Corinthiis</strong></span> <span class='ocrx_word' id='word_1_364' title='bbox 2006 4894 2146 4947; x_wconf 85' lang='lat' dir='ltr'><strong>enim</strong></span> <span class='ocrx_word' id='word_1_365' title='bbox 2191 4895 2430 4949; x_wconf 82' lang='lat' dir='ltr'><strong>scribens</strong></span> 
     </span>
    </p>
   </div>
   <div class='ocr_carea' id='block_1_49' title="bbox 856 4970 2428 5056">
    <p class='ocr_par' dir='ltr' id='par_1_49' title="bbox 856 4970 2428 5056">
     <span class='ocr_line' id='line_1_49' title="bbox 856 4970 2428 5056; baseline 0.011 -32"><span class='ocrx_word' id='word_1_366' title='bbox 856 4970 1066 5026; x_wconf 83' lang='lat' dir='ltr'><strong>diccbat</strong></span> <span class='ocrx_word' id='word_1_367' title='bbox 1099 4990 1112 5026; x_wconf 89' lang='lat'><strong>:</strong></span> <span class='ocrx_word' id='word_1_368' title='bbox 1141 4973 1387 5039; x_wconf 84' lang='lat' dir='ltr'><strong>Quoniam</strong></span> <span class='ocrx_word' id='word_1_369' title='bbox 1445 4996 1508 5032; x_wconf 74' lang='lat' dir='ltr'><strong>ex</strong></span> <span class='ocrx_word' id='word_1_370' title='bbox 1552 4981 1708 5033; x_wconf 87' lang='lat' dir='ltr'><strong>multa</strong></span> <span class='ocrx_word' id='word_1_371' title='bbox 1750 4982 2065 5038; x_wconf 83' lang='lat' dir='ltr'><strong>tribulatione</strong></span> <span class='ocrx_word' id='word_1_372' title='bbox 2105 4995 2152 5039; x_wconf 90' lang='lat' dir='ltr'><strong>et</strong></span> <span class='ocrx_word' id='word_1_373' title='bbox 2194 4987 2428 5056; x_wconf 82' lang='lat' dir='ltr'><strong>angustia</strong></span> 
     </span>
    </p>
   </div>
   <div class='ocr_carea' id='block_1_50' title="bbox 856 5064 2423 5150">
    <p class='ocr_par' dir='ltr' id='par_1_50' title="bbox 856 5064 2423 5150">
     <span class='ocr_line' id='line_1_50' title="bbox 856 5064 2423 5150; baseline 0.014 -38"><span class='ocrx_word' id='word_1_374' title='bbox 856 5064 1022 5115; x_wconf 84' lang='lat' dir='ltr'><strong>cordis</strong></span> <span class='ocrx_word' id='word_1_375' title='bbox 1044 5065 1221 5134; x_wconf 85' lang='lat' dir='ltr'><strong>scripsi</strong></span> <span class='ocrx_word' id='word_1_376' title='bbox 1248 5068 1380 5121; x_wconf 83' lang='lat' dir='ltr'><strong>vobis</strong></span> <span class='ocrx_word' id='word_1_377' title='bbox 1409 5087 1497 5137; x_wconf 74' lang='lat' dir='ltr'><strong>per</strong></span> <span class='ocrx_word' id='word_1_378' title='bbox 1523 5070 1705 5125; x_wconf 87' lang='lat' dir='ltr'><strong>multas</strong></span> <span class='ocrx_word' id='word_1_379' title='bbox 1731 5074 1979 5143; x_wconf 83' lang='lat' dir='ltr'><strong>lacrymas</strong></span> <span class='ocrx_word' id='word_1_380' title='bbox 2010 5076 2083 5146; x_wconf 77' lang='lat'><strong>(‘2.</strong></span> <span class='ocrx_word' id='word_1_381' title='bbox 2118 5076 2233 5131; x_wconf 88' lang='lat' dir='ltr'><strong>Cor.</strong></span> <span class='ocrx_word' id='word_1_382' title='bbox 2262 5080 2315 5133; x_wconf 74' lang='grc'><strong>2.</strong></span> <span class='ocrx_word' id='word_1_383' title='bbox 2346 5078 2423 5150; x_wconf 74' lang='grc' dir='ltr'><strong>ι).</strong></span> 
     </span>
    </p>
   </div>
   <div class='ocr_carea' id='block_1_51' title="bbox 856 5152 2420 5237">
    <p class='ocr_par' dir='ltr' id='par_1_51' title="bbox 856 5152 2420 5237">
     <span class='ocr_line' id='line_1_51' title="bbox 856 5152 2420 5237; baseline 0.015 -35"><span class='ocrx_word' id='word_1_384' title='bbox 856 5152 923 5203; x_wconf 71' lang='lat' dir='ltr'><strong>lit</strong></span> <span class='ocrx_word' id='word_1_385' title='bbox 948 5168 1157 5207; x_wconf 72' lang='lat' dir='ltr'><strong>rursum</strong></span> <span class='ocrx_word' id='word_1_386' title='bbox 1191 5173 1204 5208; x_wconf 92' lang='lat'><strong>:</strong></span> <span class='ocrx_word' id='word_1_387' title='bbox 1236 5156 1318 5210; x_wconf 91' lang='lat' dir='ltr'><strong>Ne</strong></span> <span class='ocrx_word' id='word_1_388' title='bbox 1356 5164 1484 5227; x_wconf 81' lang='lat' dir='ltr'><strong>forte</strong></span> <span class='ocrx_word' id='word_1_389' title='bbox 1526 5178 1639 5213; x_wconf 88' lang='lat' dir='ltr'><strong>cum</strong></span> <span class='ocrx_word' id='word_1_390' title='bbox 1676 5179 1869 5227; x_wconf 85' lang='lat' dir='ltr'><strong>venero,</strong></span> <span class='ocrx_word' id='word_1_391' title='bbox 1905 5167 2130 5220; x_wconf 86' lang='lat' dir='ltr'><strong>humiliet</strong></span> <span class='ocrx_word' id='word_1_392' title='bbox 2158 5186 2235 5221; x_wconf 88' lang='lat' dir='ltr'><strong>me</strong></span> <span class='ocrx_word' id='word_1_393' title='bbox 2264 5170 2420 5237; x_wconf 81' lang='lat' dir='ltr'><strong>Deus,</strong></span> 
     </span>
    </p>
   </div>
   <div class='ocr_carea' id='block_1_52' title="bbox 856 5241 2424 5328">
    <p class='ocr_par' dir='ltr' id='par_1_52' title="bbox 856 5241 2424 5328">
     <span class='ocr_line' id='line_1_52' title="bbox 856 5241 2424 5328; baseline 0.015 -36"><span class='ocrx_word' id='word_1_394' title='bbox 856 5250 901 5293; x_wconf 89' lang='lat' dir='ltr'><strong>et</strong></span> <span class='ocrx_word' id='word_1_395' title='bbox 928 5241 1126 5311; x_wconf 77' lang='lat' dir='ltr'><strong>lugeam</strong></span> <span class='ocrx_word' id='word_1_396' title='bbox 1156 5247 1339 5299; x_wconf 89' lang='lat' dir='ltr'><strong>ntultos</strong></span> <span class='ocrx_word' id='word_1_397' title='bbox 1362 5251 1445 5315; x_wconf 91' lang='lat' dir='ltr'><strong>qui</strong></span> <span class='ocrx_word' id='word_1_398' title='bbox 1471 5262 1585 5303; x_wconf 91' lang='lat' dir='ltr'><strong>ante</strong></span> <span class='ocrx_word' id='word_1_399' title='bbox 1613 5264 1961 5319; x_wconf 84' lang='lat' dir='ltr'><strong>peccaverunt,</strong></span> <span class='ocrx_word' id='word_1_400' title='bbox 2006 5267 2051 5309; x_wconf 89' lang='lat' dir='ltr'><strong>et</strong></span> <span class='ocrx_word' id='word_1_401' title='bbox 2086 5274 2184 5309; x_wconf 86' lang='lat' dir='ltr'><strong>non</strong></span> <span class='ocrx_word' id='word_1_402' title='bbox 2223 5274 2424 5328; x_wconf 85' lang='lat' dir='ltr'><strong>egerunt</strong></span> 
     </span>
    </p>
   </div>
   <div class='ocr_carea' id='block_1_53' title="bbox 855 5335 2425 5419">
    <p class='ocr_par' dir='ltr' id='par_1_53' title="bbox 855 5335 2425 5419">
     <span class='ocr_line' id='line_1_53' title="bbox 855 5335 2425 5419; baseline 0.015 -35"><span class='ocrx_word' id='word_1_403' title='bbox 855 5335 1197 5401; x_wconf 77' lang='lat' dir='ltr'><strong>pwnitentiem</strong></span> <span class='ocrx_word' id='word_1_404' title='bbox 1235 5336 1338 5409; x_wconf 90' lang='lat' dir='ltr'><strong>(Ib.</strong></span> <span class='ocrx_word' id='word_1_405' title='bbox 1385 5341 1469 5394; x_wconf 75' lang='grc'><strong>19..</strong></span> <span class='ocrx_word' id='word_1_406' title='bbox 1523 5344 1638 5411; x_wconf 71' lang='grc'><strong>(21).</strong></span> <span class='ocrx_word' id='word_1_407' title='bbox 1691 5346 1891 5401; x_wconf 75' lang='lat' dir='ltr'><strong>Calatis</strong></span> <span class='ocrx_word' id='word_1_408' title='bbox 1919 5362 2045 5401; x_wconf 90' lang='lat' dir='ltr'><strong>vero</strong></span> <span class='ocrx_word' id='word_1_409' title='bbox 2077 5367 2089 5402; x_wconf 91' lang='lat'>:</span> <span class='ocrx_word' id='word_1_410' title='bbox 2123 5349 2321 5419; x_wconf 82' lang='lat' dir='ltr'><strong>Filioli,</strong></span> <span class='ocrx_word' id='word_1_411' title='bbox 2355 5355 2425 5407; x_wconf 91' lang='lat' dir='ltr'><strong>in-</strong></span> 
     </span>
    </p>
   </div>
   <div class='ocr_carea' id='block_1_54' title="bbox 852 5427 2421 5511">
    <p class='ocr_par' dir='ltr' id='par_1_54' title="bbox 852 5427 2421 5511">
     <span class='ocr_line' id='line_1_54' title="bbox 852 5427 2421 5511; baseline 0.015 -37"><span class='ocrx_word' id='word_1_412' title='bbox 852 5427 987 5491; x_wconf 84' lang='lat' dir='ltr'><strong>quit,</strong></span> <span class='ocrx_word' id='word_1_413' title='bbox 1017 5428 1135 5490; x_wconf 87' lang='lat' dir='ltr'><strong>mei,</strong></span> <span class='ocrx_word' id='word_1_414' title='bbox 1172 5446 1294 5497; x_wconf 91' lang='lat' dir='ltr'><strong>quos</strong></span> <span class='ocrx_word' id='word_1_415' title='bbox 1336 5433 1511 5486; x_wconf 79' lang='lat' dir='ltr'><strong>iterant</strong></span> <span class='ocrx_word' id='word_1_416' title='bbox 1541 5438 1789 5503; x_wconf 83' lang='lat' dir='ltr'><strong>purtnrio,</strong></span> <span class='ocrx_word' id='word_1_417' title='bbox 1822 5438 1977 5493; x_wconf 85' lang='lat' dir='ltr'><strong>donec</strong></span> <span class='ocrx_word' id='word_1_418' title='bbox 2007 5444 2250 5511; x_wconf 89' lang='lat' dir='ltr'><strong>formetur</strong></span> <span class='ocrx_word' id='word_1_419' title='bbox 2275 5444 2421 5496; x_wconf 79' lang='lat' dir='ltr'><strong>Chri-</strong></span> 
     </span>
    </p>
   </div>
   <div class='ocr_carea' id='block_1_55' title="bbox 851 5517 2424 5598">
    <p class='ocr_par' dir='ltr' id='par_1_55' title="bbox 851 5517 2424 5598">
     <span class='ocr_line' id='line_1_55' title="bbox 851 5517 2424 5598; baseline 0.015 -32"><span class='ocrx_word' id='word_1_420' title='bbox 851 5526 959 5569; x_wconf 86' lang='lat' dir='ltr'><strong>stus</strong></span> <span class='ocrx_word' id='word_1_421' title='bbox 984 5517 1036 5570; x_wconf 89' lang='lat' dir='ltr'><strong>in</strong></span> <span class='ocrx_word' id='word_1_422' title='bbox 1063 5518 1198 5574; x_wconf 77' lang='lat' dir='ltr'><strong>vobis</strong></span> <span class='ocrx_word' id='word_1_423' title='bbox 1226 5520 1365 5594; x_wconf 85' lang='lat' dir='ltr'><strong>(Gal.</strong></span> <span class='ocrx_word' id='word_1_424' title='bbox 1392 5525 1446 5579; x_wconf 74' lang='lat'><strong>4.</strong></span> <span class='ocrx_word' id='word_1_425' title='bbox 1479 5526 1591 5598; x_wconf 81' lang='grc'><strong>19).</strong></span> <span class='ocrx_word' id='word_1_426' title='bbox 1628 5529 1699 5582; x_wconf 88' lang='lat' dir='ltr'><strong>De</strong></span> <span class='ocrx_word' id='word_1_427' title='bbox 1728 5531 1974 5585; x_wconf 82' lang='lat' dir='ltr'><strong>Asiaticis</strong></span> <span class='ocrx_word' id='word_1_428' title='bbox 2016 5548 2145 5589; x_wconf 90' lang='lat' dir='ltr'><strong>vero</strong></span> <span class='ocrx_word' id='word_1_429' title='bbox 2185 5535 2424 5589; x_wconf 88' lang='lat' dir='ltr'><strong>scribens</strong></span> 
     </span>
    </p>
   </div>
   <div class='ocr_carea' id='block_1_56' title="bbox 848 5608 2422 5694">
    <p class='ocr_par' dir='ltr' id='par_1_56' title="bbox 848 5608 2422 5694">
     <span class='ocr_line' id='line_1_56' title="bbox 848 5608 2422 5694; baseline 0.013 -35"><span class='ocrx_word' id='word_1_430' title='bbox 848 5608 915 5660; x_wconf 89' lang='lat' dir='ltr'><strong>ad</strong></span> <span class='ocrx_word' id='word_1_431' title='bbox 944 5608 1258 5677; x_wconf 89' lang='lat' dir='ltr'><strong>discipulum</strong></span> <span class='ocrx_word' id='word_1_432' title='bbox 1281 5614 1516 5682; x_wconf 82' lang='lat' dir='ltr'><strong>queritur</strong></span> <span class='ocrx_word' id='word_1_433' title='bbox 1532 5627 1585 5672; x_wconf 92' lang='lat' dir='ltr'><strong>et</strong></span> <span class='ocrx_word' id='word_1_434' title='bbox 1610 5619 1925 5688; x_wconf 83' lang='lat' dir='ltr'><strong>ingemiscit.</strong></span> <span class='ocrx_word' id='word_1_435' title='bbox 1952 5623 2133 5694; x_wconf 81' lang='lat' dir='ltr'><strong>Neque</strong></span> <span class='ocrx_word' id='word_1_436' title='bbox 2160 5625 2300 5679; x_wconf 89' lang='lat' dir='ltr'><strong>enim</strong></span> <span class='ocrx_word' id='word_1_437' title='bbox 2326 5627 2422 5679; x_wconf 88' lang='lat' dir='ltr'><strong>ista</strong></span> 
     </span>
    </p>
   </div>
   <div class='ocr_carea' id='block_1_57' title="bbox 849 5702 2423 5776">
    <p class='ocr_par' dir='ltr' id='par_1_57' title="bbox 849 5702 2423 5776">
     <span class='ocr_line' id='line_1_57' title="bbox 849 5702 2423 5776; baseline 0.01 -24"><span class='ocrx_word' id='word_1_438' title='bbox 849 5702 1021 5754; x_wconf 79' lang='lat' dir='ltr'><strong>solum</strong></span> <span class='ocrx_word' id='word_1_439' title='bbox 1047 5713 1170 5757; x_wconf 87' lang='lat' dir='ltr'><strong>tunc</strong></span> <span class='ocrx_word' id='word_1_440' title='bbox 1198 5704 1343 5759; x_wconf 73' lang='lat' dir='ltr'><strong>illum</strong></span> <span class='ocrx_word' id='word_1_441' title='bbox 1374 5722 1600 5761; x_wconf 63' lang='lat' dir='ltr'><strong>maerore</strong></span> <span class='ocrx_word' id='word_1_442' title='bbox 1626 5711 1943 5776; x_wconf 85' lang='lat' dir='ltr'><strong>alﬁciebant,</strong></span> <span class='ocrx_word' id='word_1_443' title='bbox 1973 5714 2065 5769; x_wconf 89' lang='lat' dir='ltr'><strong>sed</strong></span> <span class='ocrx_word' id='word_1_444' title='bbox 2091 5725 2144 5770; x_wconf 89' lang='lat' dir='ltr'><strong>et</strong></span> <span class='ocrx_word' id='word_1_445' title='bbox 2172 5716 2326 5769; x_wconf 87' lang='lat' dir='ltr'><strong>datus</strong></span> <span class='ocrx_word' id='word_1_446' title='bbox 2350 5714 2423 5768; x_wconf 88' lang='lat' dir='ltr'><strong>illi</strong></span> 
     </span>
    </p>
   </div>
   <div class='ocr_carea' id='block_1_58' title="bbox 847 5794 2422 5875">
    <p class='ocr_par' dir='ltr' id='par_1_58' title="bbox 847 5794 2422 5875">
     <span class='ocr_line' id='line_1_58' title="bbox 847 5794 2422 5875; baseline 0.007 -27"><span class='ocrx_word' id='word_1_447' title='bbox 847 5794 1092 5848; x_wconf 75' lang='lat' dir='ltr'><strong>stimulus</strong></span> <span class='ocrx_word' id='word_1_448' title='bbox 1119 5797 1189 5850; x_wconf 87' lang='lat' dir='ltr'><strong>ita</strong></span> <span class='ocrx_word' id='word_1_449' title='bbox 1227 5812 1347 5852; x_wconf 85' lang='lat' dir='ltr'><strong>eum</strong></span> <span class='ocrx_word' id='word_1_450' title='bbox 1396 5799 1624 5854; x_wconf 77' lang='lat' dir='ltr'><strong>vexabat</strong></span> <span class='ocrx_word' id='word_1_451' title='bbox 1669 5808 1828 5871; x_wconf 85' lang='lat' dir='ltr'><strong>atque</strong></span> <span class='ocrx_word' id='word_1_452' title='bbox 1864 5802 2156 5875; x_wconf 84' lang='lat' dir='ltr'><strong>afﬂigebat,</strong></span> <span class='ocrx_word' id='word_1_453' title='bbox 2190 5815 2247 5859; x_wconf 89' lang='lat' dir='ltr'><strong>ut</strong></span> <span class='ocrx_word' id='word_1_454' title='bbox 2280 5822 2422 5875; x_wconf 68' lang='lat' dir='ltr'><strong>smpe</strong></span> 
     </span>
    </p>
   </div>
   <div class='ocr_carea' id='block_1_59' title="bbox 851 5890 2417 5968">
    <p class='ocr_par' dir='ltr' id='par_1_59' title="bbox 851 5890 2417 5968">
     <span class='ocr_line' id='line_1_59' title="bbox 851 5890 2417 5968; baseline 0.011 -35"><span class='ocrx_word' id='word_1_455' title='bbox 851 5903 944 5946; x_wconf 69' lang='lat' dir='ltr'><strong>pro</strong></span> <span class='ocrx_word' id='word_1_456' title='bbox 988 5890 1139 5956; x_wconf 84' lang='lat' dir='ltr'><strong>hujus</strong></span> <span class='ocrx_word' id='word_1_457' title='bbox 1181 5893 1514 5946; x_wconf 84' lang='lat' dir='ltr'><strong>absolutione</strong></span> <span class='ocrx_word' id='word_1_458' title='bbox 1562 5894 1726 5948; x_wconf 72' lang='lat' dir='ltr'><strong>Deum</strong></span> <span class='ocrx_word' id='word_1_459' title='bbox 1772 5894 2087 5963; x_wconf 81' lang='lat' dir='ltr'><strong>deprecatus</strong></span> <span class='ocrx_word' id='word_1_460' title='bbox 2119 5900 2185 5953; x_wconf 85' lang='lat' dir='ltr'><strong>sit</strong></span> <span class='ocrx_word' id='word_1_461' title='bbox 2233 5899 2417 5968; x_wconf 75' lang='lat' dir='ltr'><strong>:quod</strong></span> 
     </span>
    </p>
   </div>
   <div class='ocr_carea' id='block_1_60' title="bbox 846 5984 2411 6062">
    <p class='ocr_par' dir='ltr' id='par_1_60' title="bbox 846 5984 2411 6062">
     <span class='ocr_line' id='line_1_60' title="bbox 846 5984 2411 6062; baseline 0.014 -28"><span class='ocrx_word' id='word_1_462' title='bbox 846 5984 989 6035; x_wconf 68' lang='lat' dir='ltr'><strong>ean</strong></span> <span class='ocrx_word' id='word_1_463' title='bbox 1040 5986 1122 6040; x_wconf 81' lang='lat' dir='ltr'><strong>hic</strong></span> <span class='ocrx_word' id='word_1_464' title='bbox 1165 5990 1259 6055; x_wconf 87' lang='lat' dir='ltr'><strong>ait,</strong></span> <span class='ocrx_word' id='word_1_465' title='bbox 1312 6001 1418 6053; x_wconf 85' lang='lat' dir='ltr'><strong>ter,</strong></span> <span class='ocrx_word' id='word_1_466' title='bbox 1477 5994 1667 6054; x_wconf 58' lang='lat' dir='ltr'><strong>suum</strong></span> <span class='ocrx_word' id='word_1_467' title='bbox 1696 5992 1963 6059; x_wconf 63' lang='lat' dir='ltr'><strong>signiﬁed!</strong></span> <span class='ocrx_word' id='word_1_468' title='bbox 1987 5989 2195 6062; x_wconf 64' lang='lat' dir='ltr'><strong>(9-.Cor.</strong></span> <span class='ocrx_word' id='word_1_469' title='bbox 2223 5992 2301 6047; x_wconf 72' lang='grc'><strong>12.</strong></span> <span class='ocrx_word' id='word_1_470' title='bbox 2335 5993 2411 6057; x_wconf 73' lang='lat' dir='ltr'><strong>3l~</strong></span> 
     </span>
    </p>
   </div>
   <div class='ocr_carea' id='block_1_61' title="bbox 1602 588 3404 675">
    <p class='ocr_par' dir='ltr' id='par_1_61' title="bbox 1602 588 3404 675">
     <span class='ocr_line' id='line_1_61' title="bbox 1602 588 3404 675; baseline 0.004 -31"><span class='ocrx_word' id='word_1_471' title='bbox 1602 588 1657 644; x_wconf 91' lang='lat' dir='ltr'><strong>S.</strong></span> <span class='ocrx_word' id='word_1_472' title='bbox 1696 589 1971 649; x_wconf 74' lang='lat' dir='ltr'><strong>JOANNIS</strong></span> <span class='ocrx_word' id='word_1_473' title='bbox 2006 592 2474 651; x_wconf 57' lang='lat' dir='ltr'><strong>CHRYSOSTOMI</strong></span> <span class='ocrx_word' id='word_1_474' title='bbox 2512 594 2829 654; x_wconf 80' lang='lat' dir='ltr'><strong>ARCIHEP.</strong></span> <span class='ocrx_word' id='word_1_475' title='bbox 2870 597 3404 675; x_wconf 60' lang='lat' dir='ltr'><strong>CONSTANTIXOP.</strong></span> 
     </span>
    </p>
   </div>
   <div class='ocr_carea' id='block_1_62' title="bbox 4007 606 4119 662">
    <p class='ocr_par' dir='ltr' id='par_1_62' title="bbox 4007 606 4119 662">
     <span class='ocr_line' id='line_1_62' title="bbox 4007 606 4119 662; baseline 0.009 -1"><span class='ocrx_word' id='word_1_476' title='bbox 4007 606 4119 662; x_wconf 64' lang='lat'><strong>483</strong></span> 
     </span>
    </p>
   </div>
   <div class='ocr_carea' id='block_1_63' title="bbox 2541 709 4115 786">
    <p class='ocr_par' dir='ltr' id='par_1_63' title="bbox 2541 709 4115 786">
     <span class='ocr_line' id='line_1_63' title="bbox 2541 709 4115 786; baseline 0.01 -25"><span class='ocrx_word' id='word_1_477' title='bbox 2541 709 2768 767; x_wconf 83' lang='lat' dir='ltr'><strong>Prorsus</strong></span> <span class='ocrx_word' id='word_1_478' title='bbox 2795 730 2922 769; x_wconf 92' lang='lat' dir='ltr'><strong>vero</strong></span> <span class='ocrx_word' id='word_1_479' title='bbox 2953 716 3163 783; x_wconf 88' lang='lat' dir='ltr'><strong>quando</strong></span> <span class='ocrx_word' id='word_1_480' title='bbox 3191 716 3275 769; x_wconf 83' lang='lat' dir='ltr'><strong>ille</strong></span> <span class='ocrx_word' id='word_1_481' title='bbox 3304 715 3565 782; x_wconf 83' lang='lat' dir='ltr'><strong>respirare</strong></span> <span class='ocrx_word' id='word_1_482' title='bbox 3596 716 3781 782; x_wconf 87' lang='lat' dir='ltr'><strong>potuit,</strong></span> <span class='ocrx_word' id='word_1_483' title='bbox 3813 718 3899 786; x_wconf 89' lang='lat' dir='ltr'><strong>qui</strong></span> <span class='ocrx_word' id='word_1_484' title='bbox 3932 719 4115 776; x_wconf 79' lang='lat' dir='ltr'><strong>fratris</strong></span> 
     </span>
    </p>
   </div>
   <div class='ocr_carea' id='block_1_64' title="bbox 2539 807 4115 880">
    <p class='ocr_par' dir='ltr' id='par_1_64' title="bbox 2539 807 4115 880">
     <span class='ocr_line' id='line_1_64' title="bbox 2539 807 4115 880; baseline 0.008 -26"><span class='ocrx_word' id='word_1_485' title='bbox 2539 817 2749 873; x_wconf 89' lang='lat' dir='ltr'><strong>quoque</strong></span> <span class='ocrx_word' id='word_1_486' title='bbox 2791 808 3083 862; x_wconf 83' lang='lat' dir='ltr'><strong>absentiam</strong></span> <span class='ocrx_word' id='word_1_487' title='bbox 3126 809 3369 879; x_wconf 81' lang='lat' dir='ltr'><strong>lugebat?</strong></span> <span class='ocrx_word' id='word_1_488' title='bbox 3416 807 3496 861; x_wconf 80' lang='lat' dir='ltr'><strong>Ea:</strong></span> <span class='ocrx_word' id='word_1_489' title='bbox 3538 823 3613 868; x_wconf 87' lang='lat' dir='ltr'><strong>eo,</strong></span> <span class='ocrx_word' id='word_1_490' title='bbox 3666 808 3944 874; x_wconf 89' lang='lat' dir='ltr'><strong>enim,ait,</strong></span> <span class='ocrx_word' id='word_1_491' title='bbox 3974 816 4115 880; x_wconf 84' lang='lat' dir='ltr'><strong>quod</strong></span> 
     </span>
    </p>
   </div>
   <div class='ocr_carea' id='block_1_65' title="bbox 2539 897 4107 969">
    <p class='ocr_par' dir='ltr' id='par_1_65' title="bbox 2539 897 4107 969">
     <span class='ocr_line' id='line_1_65' title="bbox 2539 897 4107 969; baseline 0.004 -24"><span class='ocrx_word' id='word_1_492' title='bbox 2539 910 2638 946; x_wconf 87' lang='lat' dir='ltr'><strong>non</strong></span> <span class='ocrx_word' id='word_1_493' title='bbox 2665 897 2827 950; x_wconf 83' lang='lat' dir='ltr'><strong>inveni</strong></span> <span class='ocrx_word' id='word_1_494' title='bbox 2856 898 3017 951; x_wconf 83' lang='lat' dir='ltr'><strong>Titum</strong></span> <span class='ocrx_word' id='word_1_495' title='bbox 3038 904 3243 969; x_wconf 89' lang='lat' dir='ltr'><strong>fratrem</strong></span> <span class='ocrx_word' id='word_1_496' title='bbox 3273 916 3452 963; x_wconf 89' lang='lat' dir='ltr'><strong>meum,</strong></span> <span class='ocrx_word' id='word_1_497' title='bbox 3477 915 3576 951; x_wconf 90' lang='lat' dir='ltr'><strong>non</strong></span> <span class='ocrx_word' id='word_1_498' title='bbox 3598 898 3746 950; x_wconf 82' lang='lat' dir='ltr'><strong>habui</strong></span> <span class='ocrx_word' id='word_1_499' title='bbox 3781 901 3995 965; x_wconf 80' lang='lat' dir='ltr'><strong>requiem</strong></span> <span class='ocrx_word' id='word_1_500' title='bbox 4026 902 4107 969; x_wconf 69' lang='grc' dir='ltr'><strong>(Ξ.</strong></span> 
     </span>
    </p>
   </div>
   <div class='ocr_carea' id='block_1_66' title="bbox 2541 981 4112 1058">
    <p class='ocr_par' dir='ltr' id='par_1_66' title="bbox 2541 981 4112 1058">
     <span class='ocr_line' id='line_1_66' title="bbox 2541 981 4112 1058; baseline 0.006 -25"><span class='ocrx_word' id='word_1_501' title='bbox 2541 981 2660 1035; x_wconf 86' lang='lat' dir='ltr'><strong>Cor.</strong></span> <span class='ocrx_word' id='word_1_502' title='bbox 2684 985 2738 1037; x_wconf 73' lang='lat'><strong>2.</strong></span> <span class='ocrx_word' id='word_1_503' title='bbox 2770 988 2880 1058; x_wconf 83' lang='grc'><strong>15).</strong></span> <span class='ocrx_word' id='word_1_504' title='bbox 2911 989 2969 1042; x_wconf 88' lang='lat' dir='ltr'><strong>In</strong></span> <span class='ocrx_word' id='word_1_505' title='bbox 2993 991 3213 1044; x_wconf 88' lang='lat' dir='ltr'><strong>alterius</strong></span> <span class='ocrx_word' id='word_1_506' title='bbox 3237 992 3362 1045; x_wconf 89' lang='lat' dir='ltr'><strong>item</strong></span> <span class='ocrx_word' id='word_1_507' title='bbox 3389 990 3573 1045; x_wconf 86' lang='lat' dir='ltr'><strong>morbo</strong></span> <span class='ocrx_word' id='word_1_508' title='bbox 3602 989 3702 1042; x_wconf 90' lang='lat' dir='ltr'><strong>hoc</strong></span> <span class='ocrx_word' id='word_1_509' title='bbox 3742 987 3876 1041; x_wconf 88' lang='lat' dir='ltr'><strong>idem</strong></span> <span class='ocrx_word' id='word_1_510' title='bbox 3918 1004 4112 1057; x_wconf 88' lang='lat' dir='ltr'><strong>passus</strong></span> 
     </span>
    </p>
   </div>
   <div class='ocr_carea' id='block_1_67' title="bbox 2541 1076 4111 1155">
    <p class='ocr_par' dir='ltr' id='par_1_67' title="bbox 2541 1076 4111 1155">
     <span class='ocr_line' id='line_1_67' title="bbox 2541 1076 4111 1155; baseline 0.004 -29"><span class='ocrx_word' id='word_1_511' title='bbox 2541 1086 2623 1127; x_wconf 86' lang='lat' dir='ltr'><strong>est</strong></span> <span class='ocrx_word' id='word_1_512' title='bbox 2653 1094 2664 1127; x_wconf 92' lang='lat'><strong>:</strong></span> <span class='ocrx_word' id='word_1_513' title='bbox 2698 1076 2834 1133; x_wconf 90' lang='lat' dir='ltr'><strong>Deus</strong></span> <span class='ocrx_word' id='word_1_514' title='bbox 2860 1083 2993 1135; x_wconf 89' lang='lat' dir='ltr'><strong>enim</strong></span> <span class='ocrx_word' id='word_1_515' title='bbox 3016 1082 3250 1136; x_wconf 86' lang='lat' dir='ltr'><strong>misertus</strong></span> <span class='ocrx_word' id='word_1_516' title='bbox 3266 1094 3338 1137; x_wconf 89' lang='lat' dir='ltr'><strong>est</strong></span> <span class='ocrx_word' id='word_1_517' title='bbox 3354 1085 3483 1155; x_wconf 82' lang='lat' dir='ltr'><strong>ejus,</strong></span> <span class='ocrx_word' id='word_1_518' title='bbox 3501 1083 3567 1137; x_wconf 90' lang='lat' dir='ltr'><strong>de</strong></span> <span class='ocrx_word' id='word_1_519' title='bbox 3598 1080 3839 1151; x_wconf 83' lang='lat' dir='ltr'><strong>Epaphra</strong></span> <span class='ocrx_word' id='word_1_520' title='bbox 3866 1081 4111 1135; x_wconf 85' lang='lat' dir='ltr'><strong>scribens</strong></span> 
     </span>
    </p>
   </div>
   <div class='ocr_carea' id='block_1_68' title="bbox 2540 1164 4115 1236">
    <p class='ocr_par' dir='ltr' id='par_1_68' title="bbox 2540 1164 4115 1236">
     <span class='ocr_line' id='line_1_68' title="bbox 2540 1164 4115 1236; baseline 0.004 -17"><span class='ocrx_word' id='word_1_521' title='bbox 2540 1164 2984 1236; x_wconf 83' lang='lat' dir='ltr'><strong>Philippensibus,</strong></span> <span class='ocrx_word' id='word_1_522' title='bbox 3008 1189 3107 1227; x_wconf 87' lang='lat' dir='ltr'><strong>non</strong></span> <span class='ocrx_word' id='word_1_523' title='bbox 3143 1174 3278 1226; x_wconf 87' lang='lat' dir='ltr'><strong>illius</strong></span> <span class='ocrx_word' id='word_1_524' title='bbox 3305 1186 3469 1228; x_wconf 88' lang='lat' dir='ltr'><strong>autem</strong></span> <span class='ocrx_word' id='word_1_525' title='bbox 3496 1175 3678 1236; x_wconf 83' lang='lat' dir='ltr'><strong>soluat,</strong></span> <span class='ocrx_word' id='word_1_526' title='bbox 3717 1173 3801 1226; x_wconf 77' lang='lat' dir='ltr'><strong>sed</strong></span> <span class='ocrx_word' id='word_1_527' title='bbox 3820 1181 3867 1224; x_wconf 88' lang='lat' dir='ltr'><strong>et</strong></span> <span class='ocrx_word' id='word_1_528' title='bbox 3894 1172 4008 1233; x_wconf 82' lang='lat' dir='ltr'><strong>mei,</strong></span> <span class='ocrx_word' id='word_1_529' title='bbox 4044 1188 4115 1225; x_wconf 84' lang='lat' dir='ltr'><strong>ne</strong></span> 
     </span>
    </p>
   </div>
   <div class='ocr_carea' id='block_1_69' title="bbox 2541 1257 4111 1333">
    <p class='ocr_par' dir='ltr' id='par_1_69' title="bbox 2541 1257 4111 1333">
     <span class='ocr_line' id='line_1_69' title="bbox 2541 1257 4111 1333; baseline 0.003 -25"><span class='ocrx_word' id='word_1_530' title='bbox 2541 1257 2793 1311; x_wconf 87' lang='lat' dir='ltr'><strong>tristitiam</strong></span> <span class='ocrx_word' id='word_1_531' title='bbox 2825 1278 2974 1330; x_wconf 84' lang='lat' dir='ltr'><strong>super</strong></span> <span class='ocrx_word' id='word_1_532' title='bbox 3001 1263 3252 1316; x_wconf 86' lang='lat' dir='ltr'><strong>tristitiam</strong></span> <span class='ocrx_word' id='word_1_533' title='bbox 3288 1265 3515 1319; x_wconf 80' lang='lat' dir='ltr'><strong>haberem</strong></span> <span class='ocrx_word' id='word_1_534' title='bbox 3540 1264 3707 1333; x_wconf 81' lang='lat' dir='ltr'><strong>(Phil.</strong></span> <span class='ocrx_word' id='word_1_535' title='bbox 3735 1262 3789 1316; x_wconf 77' lang='grc'><strong>2,</strong></span> <span class='ocrx_word' id='word_1_536' title='bbox 3812 1257 3920 1329; x_wconf 79' lang='grc'><strong>27).</strong></span> <span class='ocrx_word' id='word_1_537' title='bbox 3948 1259 4015 1316; x_wconf 75' lang='lat' dir='ltr'><strong>Et</strong></span> <span class='ocrx_word' id='word_1_538' title='bbox 4037 1262 4111 1313; x_wconf 83' lang='lat' dir='ltr'><strong>de</strong></span> 
     </span>
    </p>
   </div>
   <div class='ocr_carea' id='block_1_70' title="bbox 2539 1346 4109 1424">
    <p class='ocr_par' dir='ltr' id='par_1_70' title="bbox 2539 1346 4109 1424">
     <span class='ocr_line' id='line_1_70' title="bbox 2539 1346 4109 1424; baseline 0.002 -25"><span class='ocrx_word' id='word_1_539' title='bbox 2539 1346 2905 1405; x_wconf 87' lang='lat' dir='ltr'><strong>seductoribus</strong></span> <span class='ocrx_word' id='word_1_540' title='bbox 2928 1367 2991 1407; x_wconf 91' lang='lat' dir='ltr'><strong>ac</strong></span> <span class='ocrx_word' id='word_1_541' title='bbox 3013 1353 3111 1407; x_wconf 92' lang='lat' dir='ltr'><strong>sibi</strong></span> <span class='ocrx_word' id='word_1_542' title='bbox 3133 1354 3510 1409; x_wconf 88' lang='lat' dir='ltr'><strong>reluctantibus</strong></span> <span class='ocrx_word' id='word_1_543' title='bbox 3524 1355 3750 1424; x_wconf 79' lang='lat' dir='ltr'><strong>graviter</strong></span> <span class='ocrx_word' id='word_1_544' title='bbox 3769 1366 4015 1412; x_wconf 65' lang='lat' dir='ltr'><strong>tumens,</strong></span> <span class='ocrx_word' id='word_1_545' title='bbox 4038 1350 4109 1403; x_wconf 88' lang='lat' dir='ltr'><strong>ad</strong></span> 
     </span>
    </p>
   </div>
   <div class='ocr_carea' id='block_1_71' title="bbox 2540 1436 4112 1510">
    <p class='ocr_par' dir='ltr' id='par_1_71' title="bbox 2540 1436 4112 1510">
     <span class='ocr_line' id='line_1_71' title="bbox 2540 1436 4112 1510; baseline 0.001 -20"><span class='ocrx_word' id='word_1_546' title='bbox 2540 1436 2876 1492; x_wconf 81' lang='lat' dir='ltr'><strong>Timotheum</strong></span> <span class='ocrx_word' id='word_1_547' title='bbox 2928 1442 3116 1497; x_wconf 83' lang='lat' dir='ltr'><strong>scribit</strong></span> <span class='ocrx_word' id='word_1_548' title='bbox 3162 1462 3176 1498; x_wconf 92' lang='lat'><strong>:</strong></span> <span class='ocrx_word' id='word_1_549' title='bbox 3219 1443 3524 1509; x_wconf 73' lang='lat' dir='ltr'><strong>Alexander,</strong></span> <span class='ocrx_word' id='word_1_550' title='bbox 3576 1444 3845 1510; x_wconf 90' lang='lat' dir='ltr'><strong>inquiens,</strong></span> <span class='ocrx_word' id='word_1_551' title='bbox 3894 1442 4112 1495; x_wconf 76' lang='lat' dir='ltr'><strong>crarius</strong></span> 
     </span>
    </p>
   </div>
   <div class='ocr_carea' id='block_1_72' title="bbox 2540 1526 4114 1598">
    <p class='ocr_par' dir='ltr' id='par_1_72' title="bbox 2540 1526 4114 1598">
     <span class='ocr_line' id='line_1_72' title="bbox 2540 1526 4114 1598; baseline 0.003 -21"><span class='ocrx_word' id='word_1_552' title='bbox 2540 1526 2696 1578; x_wconf 90' lang='lat' dir='ltr'><strong>multa</strong></span> <span class='ocrx_word' id='word_1_553' title='bbox 2723 1527 2848 1579; x_wconf 88' lang='lat' dir='ltr'><strong>mihi</strong></span> <span class='ocrx_word' id='word_1_554' title='bbox 2873 1532 3007 1582; x_wconf 88' lang='lat' dir='ltr'><strong>mala</strong></span> <span class='ocrx_word' id='word_1_555' title='bbox 3028 1534 3242 1585; x_wconf 83' lang='lat' dir='ltr'><strong>ostendit</strong></span> <span class='ocrx_word' id='word_1_556' title='bbox 3268 1548 3287 1586; x_wconf 84' lang='lat'><strong>.°</strong></span> <span class='ocrx_word' id='word_1_557' title='bbox 3314 1534 3489 1586; x_wconf 87' lang='lat' dir='ltr'><strong>reddat</strong></span> <span class='ocrx_word' id='word_1_558' title='bbox 3517 1532 3592 1584; x_wconf 90' lang='lat' dir='ltr'><strong>illi</strong></span> <span class='ocrx_word' id='word_1_559' title='bbox 3629 1530 3924 1598; x_wconf 75' lang='lat' dir='ltr'><strong>Deusjaxta</strong></span> <span class='ocrx_word' id='word_1_560' title='bbox 3952 1546 4114 1597; x_wconf 82' lang='lat' dir='ltr'><strong>opera</strong></span> 
     </span>
    </p>
   </div>
   <div class='ocr_carea' id='block_1_73' title="bbox 2540 1616 4115 1692">
    <p class='ocr_par' dir='ltr' id='par_1_73' title="bbox 2540 1616 4115 1692">
     <span class='ocr_line' id='line_1_73' title="bbox 2540 1616 4115 1692; baseline 0.002 -21"><span class='ocrx_word' id='word_1_561' title='bbox 2540 1633 2633 1671; x_wconf 87' lang='lat' dir='ltr'><strong>sua</strong></span> <span class='ocrx_word' id='word_1_562' title='bbox 2661 1616 2734 1688; x_wconf 75' lang='lat'><strong>(9..</strong></span> <span class='ocrx_word' id='word_1_563' title='bbox 2765 1616 2897 1671; x_wconf 85' lang='lat' dir='ltr'><strong>Tim.</strong></span> <span class='ocrx_word' id='word_1_564' title='bbox 2922 1620 2975 1673; x_wconf 77' lang='grc'><strong>4.</strong></span> <span class='ocrx_word' id='word_1_565' title='bbox 3008 1622 3119 1692; x_wconf 74' lang='grc'><strong>14).</strong></span> <span class='ocrx_word' id='word_1_566' title='bbox 3143 1623 3309 1690; x_wconf 85' lang='lat' dir='ltr'><strong>Quam</strong></span> <span class='ocrx_word' id='word_1_567' title='bbox 3333 1623 3489 1691; x_wconf 81' lang='lat' dir='ltr'><strong>igitur</strong></span> <span class='ocrx_word' id='word_1_568' title='bbox 3518 1623 3614 1675; x_wconf 89' lang='lat' dir='ltr'><strong>iste</strong></span> <span class='ocrx_word' id='word_1_569' title='bbox 3630 1621 3711 1673; x_wconf 85' lang='lat' dir='ltr'><strong>vel</strong></span> <span class='ocrx_word' id='word_1_570' title='bbox 3738 1620 3948 1672; x_wconf 88' lang='lat' dir='ltr'><strong>brevem</strong></span> <span class='ocrx_word' id='word_1_571' title='bbox 3981 1634 4115 1674; x_wconf 67' lang='lat' dir='ltr'><strong>mte-</strong></span> 
     </span>
    </p>
   </div>
   <div class='ocr_carea' id='block_1_74' title="bbox 2543 1706 4112 1782">
    <p class='ocr_par' dir='ltr' id='par_1_74' title="bbox 2543 1706 4112 1782">
     <span class='ocr_line' id='line_1_74' title="bbox 2543 1706 4112 1782; baseline 0.003 -25"><span class='ocrx_word' id='word_1_572' title='bbox 2543 1706 2677 1758; x_wconf 89' lang='lat' dir='ltr'><strong>roris</strong></span> <span class='ocrx_word' id='word_1_573' title='bbox 2706 1721 2767 1759; x_wconf 90' lang='lat' dir='ltr'><strong>ac</strong></span> <span class='ocrx_word' id='word_1_574' title='bbox 2795 1706 2996 1761; x_wconf 86' lang='lat' dir='ltr'><strong>doloris</strong></span> <span class='ocrx_word' id='word_1_575' title='bbox 3026 1711 3221 1766; x_wconf 90' lang='lat' dir='ltr'><strong>habere</strong></span> <span class='ocrx_word' id='word_1_576' title='bbox 3248 1713 3482 1781; x_wconf 89' lang='lat' dir='ltr'><strong>requiem</strong></span> <span class='ocrx_word' id='word_1_577' title='bbox 3510 1707 3938 1782; x_wconf 81' lang='lat' dir='ltr'><strong>peterat?Neque</strong></span> <span class='ocrx_word' id='word_1_578' title='bbox 3963 1709 4112 1763; x_wconf 88' lang='lat' dir='ltr'><strong>enim</strong></span> 
     </span>
    </p>
   </div>
   <div class='ocr_carea' id='block_1_75' title="bbox 2542 1799 4117 1872">
    <p class='ocr_par' dir='ltr' id='par_1_75' title="bbox 2542 1799 4117 1872">
     <span class='ocr_line' id='line_1_75' title="bbox 2542 1799 4117 1872; baseline 0.004 -21"><span class='ocrx_word' id='word_1_579' title='bbox 2542 1812 2602 1851; x_wconf 88' lang='lat' dir='ltr'><strong>ea</strong></span> <span class='ocrx_word' id='word_1_580' title='bbox 2632 1799 2743 1853; x_wconf 89' lang='lat' dir='ltr'><strong>sola</strong></span> <span class='ocrx_word' id='word_1_581' title='bbox 2766 1814 2882 1866; x_wconf 69' lang='lat' dir='ltr'><strong>quae</strong></span> <span class='ocrx_word' id='word_1_582' title='bbox 2909 1799 3049 1854; x_wconf 88' lang='lat' dir='ltr'><strong>dicta</strong></span> <span class='ocrx_word' id='word_1_583' title='bbox 3076 1813 3222 1866; x_wconf 88' lang='lat' dir='ltr'><strong>sunt,</strong></span> <span class='ocrx_word' id='word_1_584' title='bbox 3248 1805 3493 1859; x_wconf 89' lang='lat' dir='ltr'><strong>obsidere</strong></span> <span class='ocrx_word' id='word_1_585' title='bbox 3536 1805 3768 1857; x_wconf 90' lang='lat' dir='ltr'><strong>animum</strong></span> <span class='ocrx_word' id='word_1_586' title='bbox 3808 1804 3919 1872; x_wconf 78' lang='lat' dir='ltr'><strong>ejus</strong></span> <span class='ocrx_word' id='word_1_587' title='bbox 3963 1813 4117 1872; x_wconf 77' lang='lat' dir='ltr'><strong>pote-</strong></span> 
     </span>
    </p>
   </div>
   <div class='ocr_carea' id='block_1_76' title="bbox 2542 1890 4117 1963">
    <p class='ocr_par' dir='ltr' id='par_1_76' title="bbox 2542 1890 4117 1963">
     <span class='ocr_line' id='line_1_76' title="bbox 2542 1890 4117 1963; baseline 0.003 -20"><span class='ocrx_word' id='word_1_588' title='bbox 2542 1900 2681 1955; x_wconf 90' lang='lat' dir='ltr'><strong>rant,</strong></span> <span class='ocrx_word' id='word_1_589' title='bbox 2713 1890 2804 1943; x_wconf 86' lang='lat' dir='ltr'><strong>sed</strong></span> <span class='ocrx_word' id='word_1_590' title='bbox 2830 1899 2885 1945; x_wconf 90' lang='lat' dir='ltr'><strong>et</strong></span> <span class='ocrx_word' id='word_1_591' title='bbox 2904 1892 3002 1946; x_wconf 87' lang='lat' dir='ltr'><strong>alia</strong></span> <span class='ocrx_word' id='word_1_592' title='bbox 3031 1910 3148 1963; x_wconf 67' lang='lat' dir='ltr'><strong>quae</strong></span> <span class='ocrx_word' id='word_1_593' title='bbox 3175 1911 3460 1951; x_wconf 68' lang='lat' dir='ltr'><strong>maerorem</strong></span> <span class='ocrx_word' id='word_1_594' title='bbox 3489 1895 3560 1949; x_wconf 90' lang='lat' dir='ltr'><strong>illi</strong></span> <span class='ocrx_word' id='word_1_595' title='bbox 3604 1894 3869 1947; x_wconf 90' lang='lat' dir='ltr'><strong>assiduum</strong></span> <span class='ocrx_word' id='word_1_596' title='bbox 3908 1895 4117 1963; x_wconf 54' lang='lat' dir='ltr'><strong>praebe-</strong></span> 
     </span>
    </p>
   </div>
   <div class='ocr_carea' id='block_1_77' title="bbox 2541 1981 4119 2057">
    <p class='ocr_par' dir='ltr' id='par_1_77' title="bbox 2541 1981 4119 2057">
     <span class='ocr_line' id='line_1_77' title="bbox 2541 1981 4119 2057; baseline 0.003 -24"><span class='ocrx_word' id='word_1_597' title='bbox 2541 1981 2684 2034; x_wconf 88' lang='lat' dir='ltr'><strong>bant.</strong></span> <span class='ocrx_word' id='word_1_598' title='bbox 2715 1982 2777 2035; x_wconf 88' lang='lat' dir='ltr'><strong>Et</strong></span> <span class='ocrx_word' id='word_1_599' title='bbox 2804 1999 2861 2035; x_wconf 87' lang='lat' dir='ltr'><strong>ea</strong></span> <span class='ocrx_word' id='word_1_600' title='bbox 2889 2000 3077 2039; x_wconf 83' lang='lat' dir='ltr'><strong>rursus</strong></span> <span class='ocrx_word' id='word_1_601' title='bbox 3104 1987 3215 2056; x_wconf 91' lang='lat' dir='ltr'><strong>ipse</strong></span> <span class='ocrx_word' id='word_1_602' title='bbox 3236 1988 3459 2057; x_wconf 87' lang='lat' dir='ltr'><strong>aperuit,</strong></span> <span class='ocrx_word' id='word_1_603' title='bbox 3484 2001 3600 2041; x_wconf 90' lang='lat' dir='ltr'><strong>cum</strong></span> <span class='ocrx_word' id='word_1_604' title='bbox 3628 1984 3751 2039; x_wconf 89' lang='lat' dir='ltr'><strong>dicit</strong></span> <span class='ocrx_word' id='word_1_605' title='bbox 3783 2002 3796 2037; x_wconf 90' lang='lat'><strong>:</strong></span> <span class='ocrx_word' id='word_1_606' title='bbox 3829 1985 4025 2038; x_wconf 76' lang='lat' dir='ltr'><strong>Pra-ter</strong></span> <span class='ocrx_word' id='word_1_607' title='bbox 4052 2003 4119 2039; x_wconf 86' lang='lat' dir='ltr'><strong>ea</strong></span> 
     </span>
    </p>
   </div>
   <div class='ocr_carea' id='block_1_78' title="bbox 2538 2074 4116 2148">
    <p class='ocr_par' dir='ltr' id='par_1_78' title="bbox 2538 2074 4116 2148">
     <span class='ocr_line' id='line_1_78' title="bbox 2538 2074 4116 2148; baseline 0.003 -25"><span class='ocrx_word' id='word_1_608' title='bbox 2538 2088 2651 2141; x_wconf 79' lang='lat' dir='ltr'><strong>qua:</strong></span> <span class='ocrx_word' id='word_1_609' title='bbox 2671 2074 2794 2144; x_wconf 86' lang='lat' dir='ltr'><strong>foris</strong></span> <span class='ocrx_word' id='word_1_610' title='bbox 2825 2085 2939 2127; x_wconf 87' lang='lat' dir='ltr'><strong>sunt</strong></span> <span class='ocrx_word' id='word_1_611' title='bbox 2964 2076 3206 2131; x_wconf 86' lang='lat' dir='ltr'><strong>instantia</strong></span> <span class='ocrx_word' id='word_1_612' title='bbox 3234 2096 3344 2132; x_wconf 86' lang='lat' dir='ltr'><strong>mea</strong></span> <span class='ocrx_word' id='word_1_613' title='bbox 3366 2077 3674 2148; x_wconf 88' lang='lat' dir='ltr'><strong>quotidiana,</strong></span> <span class='ocrx_word' id='word_1_614' title='bbox 3700 2075 3982 2128; x_wconf 75' lang='lat' dir='ltr'><strong>sollicitudo</strong></span> <span class='ocrx_word' id='word_1_615' title='bbox 3998 2093 4116 2129; x_wconf 77' lang='lat' dir='ltr'><strong>ont-</strong></span> 
     </span>
    </p>
   </div>
   <div class='ocr_carea' id='block_1_79' title="bbox 2539 2161 4118 2237">
    <p class='ocr_par' dir='ltr' id='par_1_79' title="bbox 2539 2161 4118 2237">
     <span class='ocr_line' id='line_1_79' title="bbox 2539 2161 4118 2237; baseline 0.002 -24"><span class='ocrx_word' id='word_1_616' title='bbox 2539 2163 2677 2214; x_wconf 88' lang='lat' dir='ltr'><strong>nium</strong></span> <span class='ocrx_word' id='word_1_617' title='bbox 2707 2161 3071 2217; x_wconf 81' lang='lat' dir='ltr'><strong>Ecclesiarum.</strong></span> <span class='ocrx_word' id='word_1_618' title='bbox 3109 2166 3233 2233; x_wconf 83' lang='lat' dir='ltr'><strong>Quis</strong></span> <span class='ocrx_word' id='word_1_619' title='bbox 3274 2168 3578 2237; x_wconf 86' lang='lat' dir='ltr'><strong>inﬁrmatur,</strong></span> <span class='ocrx_word' id='word_1_620' title='bbox 3619 2174 3663 2218; x_wconf 92' lang='lat' dir='ltr'><strong>et</strong></span> <span class='ocrx_word' id='word_1_621' title='bbox 3701 2180 3791 2234; x_wconf 80' lang='lat' dir='ltr'><strong>ego</strong></span> <span class='ocrx_word' id='word_1_622' title='bbox 3830 2180 3926 2217; x_wconf 87' lang='lat' dir='ltr'><strong>non</strong></span> <span class='ocrx_word' id='word_1_623' title='bbox 3966 2164 4118 2233; x_wconf 78' lang='lat' dir='ltr'><strong>inﬁr-</strong></span> 
     </span>
    </p>
   </div>
   <div class='ocr_carea' id='block_1_80' title="bbox 2543 2254 4113 2330">
    <p class='ocr_par' dir='ltr' id='par_1_80' title="bbox 2543 2254 4113 2330">
     <span class='ocr_line' id='line_1_80' title="bbox 2543 2254 4113 2330; baseline 0 -23"><span class='ocrx_word' id='word_1_624' title='bbox 2543 2256 2697 2309; x_wconf 82' lang='lat' dir='ltr'><strong>mor?</strong></span> <span class='ocrx_word' id='word_1_625' title='bbox 2722 2258 2834 2325; x_wconf 86' lang='lat' dir='ltr'><strong>quis</strong></span> <span class='ocrx_word' id='word_1_626' title='bbox 2860 2259 3253 2325; x_wconf 77' lang='lat' dir='ltr'><strong>scandalizatur,</strong></span> <span class='ocrx_word' id='word_1_627' title='bbox 3284 2269 3331 2313; x_wconf 86' lang='lat' dir='ltr'><strong>et</strong></span> <span class='ocrx_word' id='word_1_628' title='bbox 3355 2276 3445 2330; x_wconf 85' lang='lat' dir='ltr'><strong>ego</strong></span> <span class='ocrx_word' id='word_1_629' title='bbox 3480 2275 3579 2311; x_wconf 90' lang='lat' dir='ltr'><strong>non</strong></span> <span class='ocrx_word' id='word_1_630' title='bbox 3608 2273 3724 2309; x_wconf 91' lang='lat' dir='ltr'><strong>uror</strong></span> <span class='ocrx_word' id='word_1_631' title='bbox 3752 2256 3824 2326; x_wconf 71' lang='grc' dir='ltr'><strong>(Ξ.</strong></span> <span class='ocrx_word' id='word_1_632' title='bbox 3855 2254 3974 2311; x_wconf 88' lang='lat' dir='ltr'><strong>Cor.</strong></span> <span class='ocrx_word' id='word_1_633' title='bbox 4021 2258 4113 2311; x_wconf 92' lang='grc'><strong>11.</strong></span> 
     </span>
    </p>
   </div>
   <div class='ocr_carea' id='block_1_81' title="bbox 2540 2346 4116 2421">
    <p class='ocr_par' dir='ltr' id='par_1_81' title="bbox 2540 2346 4116 2421">
     <span class='ocr_line' id='line_1_81' title="bbox 2540 2346 4116 2421; baseline -0.001 -20"><span class='ocrx_word' id='word_1_634' title='bbox 2540 2346 2632 2402; x_wconf 73' lang='grc'><strong>28.</strong></span> <span class='ocrx_word' id='word_1_635' title='bbox 2653 2346 2779 2416; x_wconf 73' lang='grc' dir='ltr'><strong>99)ἳ</strong></span> <span class='ocrx_word' id='word_1_636' title='bbox 2803 2347 2857 2402; x_wconf 92' lang='lat' dir='ltr'><strong>Si</strong></span> <span class='ocrx_word' id='word_1_637' title='bbox 2887 2349 3043 2417; x_wconf 84' lang='lat' dir='ltr'><strong>igitur</strong></span> <span class='ocrx_word' id='word_1_638' title='bbox 3074 2351 3158 2404; x_wconf 89' lang='lat' dir='ltr'><strong>ille</strong></span> <span class='ocrx_word' id='word_1_639' title='bbox 3181 2366 3275 2421; x_wconf 90' lang='lat' dir='ltr'><strong>per</strong></span> <span class='ocrx_word' id='word_1_640' title='bbox 3298 2350 3533 2420; x_wconf 86' lang='lat' dir='ltr'><strong>singulos</strong></span> <span class='ocrx_word' id='word_1_641' title='bbox 3571 2364 3778 2413; x_wconf 85' lang='lat' dir='ltr'><strong>eorum,</strong></span> <span class='ocrx_word' id='word_1_642' title='bbox 3821 2348 3909 2416; x_wconf 89' lang='lat' dir='ltr'><strong>qui</strong></span> <span class='ocrx_word' id='word_1_643' title='bbox 3952 2361 4116 2400; x_wconf 87' lang='lat' dir='ltr'><strong>scan-</strong></span> 
     </span>
    </p>
   </div>
   <div class='ocr_carea' id='block_1_82' title="bbox 2541 2435 4115 2508">
    <p class='ocr_par' dir='ltr' id='par_1_82' title="bbox 2541 2435 4115 2508">
     <span class='ocr_line' id='line_1_82' title="bbox 2541 2435 4115 2508; baseline -0.001 -18"><span class='ocrx_word' id='word_1_644' title='bbox 2541 2435 2925 2501; x_wconf 83' lang='lat' dir='ltr'><strong>dalizabantur,</strong></span> <span class='ocrx_word' id='word_1_645' title='bbox 2958 2439 3228 2504; x_wconf 90' lang='lat' dir='ltr'><strong>urebatur,</strong></span> <span class='ocrx_word' id='word_1_646' title='bbox 3260 2440 3492 2508; x_wconf 79' lang='lat' dir='ltr'><strong>profecto</strong></span> <span class='ocrx_word' id='word_1_647' title='bbox 3530 2452 3590 2492; x_wconf 89' lang='lat' dir='ltr'><strong>ea</strong></span> <span class='ocrx_word' id='word_1_648' title='bbox 3618 2436 3823 2491; x_wconf 90' lang='lat' dir='ltr'><strong>adustio</strong></span> <span class='ocrx_word' id='word_1_649' title='bbox 3849 2436 4115 2504; x_wconf 77' lang='lat' dir='ltr'><strong>exstingui</strong></span> 
     </span>
    </p>
   </div>
   <div class='ocr_carea' id='block_1_83' title="bbox 2541 2529 4114 2600">
    <p class='ocr_par' dir='ltr' id='par_1_83' title="bbox 2541 2529 4114 2600">
     <span class='ocr_line' id='line_1_83' title="bbox 2541 2529 4114 2600; baseline -0.003 -17"><span class='ocrx_word' id='word_1_650' title='bbox 2541 2543 2609 2583; x_wconf 81' lang='lat' dir='ltr'><strong>ex</strong></span> <span class='ocrx_word' id='word_1_651' title='bbox 2642 2529 2783 2583; x_wconf 91' lang='lat' dir='ltr'><strong>illius</strong></span> <span class='ocrx_word' id='word_1_652' title='bbox 2809 2530 2985 2583; x_wconf 89' lang='lat' dir='ltr'><strong>animo</strong></span> <span class='ocrx_word' id='word_1_653' title='bbox 3017 2547 3122 2585; x_wconf 86' lang='lat' dir='ltr'><strong>non</strong></span> <span class='ocrx_word' id='word_1_654' title='bbox 3165 2541 3386 2600; x_wconf 85' lang='lat' dir='ltr'><strong>poterat.</strong></span> <span class='ocrx_word' id='word_1_655' title='bbox 3434 2530 3612 2599; x_wconf 85' lang='lat' dir='ltr'><strong>Neque</strong></span> <span class='ocrx_word' id='word_1_656' title='bbox 3663 2530 3803 2583; x_wconf 89' lang='lat' dir='ltr'><strong>enim</strong></span> <span class='ocrx_word' id='word_1_657' title='bbox 3861 2543 4114 2597; x_wconf 85' lang='lat' dir='ltr'><strong>umquam</strong></span> 
     </span>
    </p>
   </div>
   <div class='ocr_carea' id='block_1_84' title="bbox 2538 2619 4115 2689">
    <p class='ocr_par' dir='ltr' id='par_1_84' title="bbox 2538 2619 4115 2689">
     <span class='ocr_line' id='line_1_84' title="bbox 2538 2619 4115 2689; baseline -0.003 -16"><span class='ocrx_word' id='word_1_658' title='bbox 2538 2619 2761 2674; x_wconf 83' lang='lat' dir='ltr'><strong>deerant</strong></span> <span class='ocrx_word' id='word_1_659' title='bbox 2790 2620 2878 2688; x_wconf 86' lang='lat' dir='ltr'><strong>qui</strong></span> <span class='ocrx_word' id='word_1_660' title='bbox 2904 2622 3407 2685; x_wconf 83' lang='lat' dir='ltr'><strong>scandalizarentur,</strong></span> <span class='ocrx_word' id='word_1_661' title='bbox 3435 2621 3645 2689; x_wconf 86' lang='lat' dir='ltr'><strong>ignique</strong></span> <span class='ocrx_word' id='word_1_662' title='bbox 3670 2620 3807 2673; x_wconf 91' lang='lat' dir='ltr'><strong>illius</strong></span> <span class='ocrx_word' id='word_1_663' title='bbox 3834 2628 4115 2672; x_wconf 75' lang='lat' dir='ltr'><strong>maternam</strong></span> 
     </span>
    </p>
   </div>
   <div class='ocr_carea' id='block_1_85' title="bbox 2538 2709 4118 2779">
    <p class='ocr_par' dir='ltr' id='par_1_85' title="bbox 2538 2709 4118 2779">
     <span class='ocr_line' id='line_1_85' title="bbox 2538 2709 4118 2779; baseline -0.003 -15"><span class='ocrx_word' id='word_1_664' title='bbox 2538 2710 3024 2767; x_wconf 90' lang='lat' dir='ltr'><strong>subministrarent.</strong></span> <span class='ocrx_word' id='word_1_665' title='bbox 3051 2712 3184 2767; x_wconf 87' lang='lat' dir='ltr'><strong>Nam</strong></span> <span class='ocrx_word' id='word_1_666' title='bbox 3209 2713 3253 2766; x_wconf 91' lang='lat' dir='ltr'><strong>si</strong></span> <span class='ocrx_word' id='word_1_667' title='bbox 3277 2720 3330 2766; x_wconf 89' lang='lat' dir='ltr'><strong>et</strong></span> <span class='ocrx_word' id='word_1_668' title='bbox 3360 2712 3514 2765; x_wconf 86' lang='lat' dir='ltr'><strong>urbes</strong></span> <span class='ocrx_word' id='word_1_669' title='bbox 3534 2718 3587 2764; x_wconf 89' lang='lat' dir='ltr'><strong>et</strong></span> <span class='ocrx_word' id='word_1_670' title='bbox 3605 2718 3792 2779; x_wconf 87' lang='lat' dir='ltr'><strong>gentes</strong></span> <span class='ocrx_word' id='word_1_671' title='bbox 3816 2723 3955 2776; x_wconf 69' lang='lat' dir='ltr'><strong>saepe</strong></span> <span class='ocrx_word' id='word_1_672' title='bbox 3977 2709 4118 2761; x_wconf 85' lang='lat' dir='ltr'><strong>inte-</strong></span> 
     </span>
    </p>
   </div>
   <div class='ocr_carea' id='block_1_86' title="bbox 2536 2802 4119 2872">
    <p class='ocr_par' dir='ltr' id='par_1_86' title="bbox 2536 2802 4119 2872">
     <span class='ocr_line' id='line_1_86' title="bbox 2536 2802 4119 2872; baseline -0.002 -17"><span class='ocrx_word' id='word_1_673' title='bbox 2536 2817 2643 2871; x_wconf 73' lang='lat' dir='ltr'><strong>grre</strong></span> <span class='ocrx_word' id='word_1_674' title='bbox 2678 2803 2839 2872; x_wconf 59' lang='lat' dir='ltr'><strong>lapsae</strong></span> <span class='ocrx_word' id='word_1_675' title='bbox 2865 2814 3009 2872; x_wconf 89' lang='lat' dir='ltr'><strong>sunt,</strong></span> <span class='ocrx_word' id='word_1_676' title='bbox 3036 2805 3203 2861; x_wconf 92' lang='lat' dir='ltr'><strong>multo</strong></span> <span class='ocrx_word' id='word_1_677' title='bbox 3231 2818 3359 2858; x_wconf 87' lang='lat' dir='ltr'><strong>sane</strong></span> <span class='ocrx_word' id='word_1_678' title='bbox 3392 2802 3559 2870; x_wconf 88' lang='lat' dir='ltr'><strong>magis</strong></span> <span class='ocrx_word' id='word_1_679' title='bbox 3592 2816 3753 2855; x_wconf 87' lang='lat' dir='ltr'><strong>unum</strong></span> <span class='ocrx_word' id='word_1_680' title='bbox 3803 2814 4013 2869; x_wconf 88' lang='lat' dir='ltr'><strong>semper</strong></span> <span class='ocrx_word' id='word_1_681' title='bbox 4057 2809 4119 2853; x_wconf 86' lang='lat' dir='ltr'><strong>et</strong></span> 
     </span>
    </p>
   </div>
   <div class='ocr_carea' id='block_1_87' title="bbox 2537 2892 4112 2965">
    <p class='ocr_par' dir='ltr' id='par_1_87' title="bbox 2537 2892 4112 2965">
     <span class='ocr_line' id='line_1_87' title="bbox 2537 2892 4112 2965; baseline -0.001 -20"><span class='ocrx_word' id='word_1_682' title='bbox 2537 2892 2761 2947; x_wconf 88' lang='lat' dir='ltr'><strong>alterum</strong></span> <span class='ocrx_word' id='word_1_683' title='bbox 2789 2895 2877 2962; x_wconf 90' lang='lat' dir='ltr'><strong>qui</strong></span> <span class='ocrx_word' id='word_1_684' title='bbox 2924 2896 3037 2949; x_wconf 60' lang='lat' dir='ltr'><strong>hinc</strong></span> <span class='ocrx_word' id='word_1_685' title='bbox 3074 2903 3381 2965; x_wconf 87' lang='lat' dir='ltr'><strong>paterentur</strong></span> <span class='ocrx_word' id='word_1_686' title='bbox 3434 2892 3658 2947; x_wconf 80' lang='lat' dir='ltr'><strong>inveniri</strong></span> <span class='ocrx_word' id='word_1_687' title='bbox 3712 2906 3927 2945; x_wconf 87' lang='lat' dir='ltr'><strong>necesse</strong></span> <span class='ocrx_word' id='word_1_688' title='bbox 3967 2901 4112 2954; x_wconf 89' lang='lat' dir='ltr'><strong>erat,</strong></span> 
     </span>
    </p>
   </div>
   <div class='ocr_carea' id='block_1_88' title="bbox 2537 2983 4115 3054">
    <p class='ocr_par' dir='ltr' id='par_1_88' title="bbox 2537 2983 4115 3054">
     <span class='ocr_line' id='line_1_88' title="bbox 2537 2983 4115 3054; baseline -0.001 -16"><span class='ocrx_word' id='word_1_689' title='bbox 2537 2998 2656 3038; x_wconf 87' lang='lat' dir='ltr'><strong>cum</strong></span> <span class='ocrx_word' id='word_1_690' title='bbox 2679 2994 2757 3039; x_wconf 86' lang='lat' dir='ltr'><strong>tot</strong></span> <span class='ocrx_word' id='word_1_691' title='bbox 2780 2999 2961 3041; x_wconf 90' lang='lat' dir='ltr'><strong>essent</strong></span> <span class='ocrx_word' id='word_1_692' title='bbox 2992 2987 3245 3042; x_wconf 71' lang='lat' dir='ltr'><strong>Ecclesia:</strong></span> <span class='ocrx_word' id='word_1_693' title='bbox 3276 3001 3368 3054; x_wconf 87' lang='lat' dir='ltr'><strong>per</strong></span> <span class='ocrx_word' id='word_1_694' title='bbox 3392 2986 3596 3038; x_wconf 87' lang='lat' dir='ltr'><strong>orbem.</strong></span> <span class='ocrx_word' id='word_1_695' title='bbox 3621 2983 3986 3037; x_wconf 87' lang='lat' dir='ltr'><strong>Concedamns</strong></span> <span class='ocrx_word' id='word_1_696' title='bbox 4011 2999 4115 3037; x_wconf 89' lang='lat' dir='ltr'><strong>an-</strong></span> 
     </span>
    </p>
   </div>
   <div class='ocr_carea' id='block_1_89' title="bbox 2540 3074 4115 3147">
    <p class='ocr_par' dir='ltr' id='par_1_89' title="bbox 2540 3074 4115 3147">
     <span class='ocr_line' id='line_1_89' title="bbox 2540 3074 4115 3147; baseline -0.001 -20"><span class='ocrx_word' id='word_1_697' title='bbox 2540 3084 2667 3135; x_wconf 87' lang='lat' dir='ltr'><strong>tem.</strong></span> <span class='ocrx_word' id='word_1_698' title='bbox 2698 3076 2742 3129; x_wconf 93' lang='lat' dir='ltr'><strong>si</strong></span> <span class='ocrx_word' id='word_1_699' title='bbox 2772 3076 2966 3143; x_wconf 85' lang='lat' dir='ltr'><strong>placet,</strong></span> <span class='ocrx_word' id='word_1_700' title='bbox 3003 3092 3174 3147; x_wconf 84' lang='lat' dir='ltr'><strong>neque</strong></span> <span class='ocrx_word' id='word_1_701' title='bbox 3201 3076 3615 3132; x_wconf 83' lang='lat' dir='ltr'><strong>scandalizatum</strong></span> <span class='ocrx_word' id='word_1_702' title='bbox 3655 3074 3814 3128; x_wconf 75' lang='lat' dir='ltr'><strong>fuisse</strong></span> <span class='ocrx_word' id='word_1_703' title='bbox 3858 3075 4115 3142; x_wconf 86' lang='lat' dir='ltr'><strong>aliquem,</strong></span> 
     </span>
    </p>
   </div>
   <div class='ocr_carea' id='block_1_90' title="bbox 2539 3164 4117 3235">
    <p class='ocr_par' dir='ltr' id='par_1_90' title="bbox 2539 3164 4117 3235">
     <span class='ocr_line' id='line_1_90' title="bbox 2539 3164 4117 3235; baseline -0.001 -18"><span class='ocrx_word' id='word_1_704' title='bbox 2539 3180 2710 3233; x_wconf 88' lang='lat' dir='ltr'><strong>neqtte</strong></span> <span class='ocrx_word' id='word_1_705' title='bbox 2735 3166 2802 3219; x_wconf 91' lang='lat' dir='ltr'><strong>ab</strong></span> <span class='ocrx_word' id='word_1_706' title='bbox 2839 3182 2903 3220; x_wconf 87' lang='lat' dir='ltr'><strong>eo</strong></span> <span class='ocrx_word' id='word_1_707' title='bbox 2939 3168 3259 3235; x_wconf 87' lang='lat' dir='ltr'><strong>disjunetum</strong></span> <span class='ocrx_word' id='word_1_708' title='bbox 3306 3165 3609 3234; x_wconf 88' lang='lat' dir='ltr'><strong>aliquando,</strong></span> <span class='ocrx_word' id='word_1_709' title='bbox 3638 3179 3805 3234; x_wconf 89' lang='lat' dir='ltr'><strong>neque</strong></span> <span class='ocrx_word' id='word_1_710' title='bbox 3848 3164 3984 3216; x_wconf 89' lang='lat' dir='ltr'><strong>aliud</strong></span> <span class='ocrx_word' id='word_1_711' title='bbox 4016 3164 4117 3215; x_wconf 82' lang='lat' dir='ltr'><strong>ali-</strong></span> 
     </span>
    </p>
   </div>
   <div class='ocr_carea' id='block_1_91' title="bbox 2538 3257 4118 3327">
    <p class='ocr_par' dir='ltr' id='par_1_91' title="bbox 2538 3257 4118 3327">
     <span class='ocr_line' id='line_1_91' title="bbox 2538 3257 4118 3327; baseline -0.001 -18"><span class='ocrx_word' id='word_1_712' title='bbox 2538 3258 2664 3324; x_wconf 86' lang='lat' dir='ltr'><strong>quid</strong></span> <span class='ocrx_word' id='word_1_713' title='bbox 2694 3257 2994 3327; x_wconf 88' lang='lat' dir='ltr'><strong>hujusmodi</strong></span> <span class='ocrx_word' id='word_1_714' title='bbox 3031 3259 3259 3312; x_wconf 90' lang='lat' dir='ltr'><strong>tristium</strong></span> <span class='ocrx_word' id='word_1_715' title='bbox 3306 3258 3380 3311; x_wconf 92' lang='lat' dir='ltr'><strong>illi</strong></span> <span class='ocrx_word' id='word_1_716' title='bbox 3412 3258 3696 3326; x_wconf 84' lang='lat' dir='ltr'><strong>contigisse</strong></span> <span class='ocrx_word' id='word_1_717' title='bbox 3730 3274 3743 3310; x_wconf 89' lang='lat'><strong>:</strong></span> <span class='ocrx_word' id='word_1_718' title='bbox 3774 3272 3839 3309; x_wconf 91' lang='lat' dir='ltr'><strong>ne</strong></span> <span class='ocrx_word' id='word_1_719' title='bbox 3880 3258 3954 3310; x_wconf 91' lang='lat' dir='ltr'><strong>sic</strong></span> <span class='ocrx_word' id='word_1_720' title='bbox 3994 3257 4118 3325; x_wconf 85' lang='lat' dir='ltr'><strong>qui-</strong></span> 
     </span>
    </p>
   </div>
   <div class='ocr_carea' id='block_1_92' title="bbox 2537 3346 4117 3414">
    <p class='ocr_par' dir='ltr' id='par_1_92' title="bbox 2537 3346 4117 3414">
     <span class='ocr_line' id='line_1_92' title="bbox 2537 3346 4117 3414; baseline 0.001 -15"><span class='ocrx_word' id='word_1_721' title='bbox 2537 3346 2658 3399; x_wconf 90' lang='lat' dir='ltr'><strong>dem</strong></span> <span class='ocrx_word' id='word_1_722' title='bbox 2690 3362 2920 3402; x_wconf 67' lang='lat' dir='ltr'><strong>maerore</strong></span> <span class='ocrx_word' id='word_1_723' title='bbox 2947 3363 3173 3403; x_wconf 84' lang='lat' dir='ltr'><strong>vacuum</strong></span> <span class='ocrx_word' id='word_1_724' title='bbox 3205 3347 3445 3403; x_wconf 88' lang='lat' dir='ltr'><strong>invenire</strong></span> <span class='ocrx_word' id='word_1_725' title='bbox 3475 3347 3781 3413; x_wconf 86' lang='lat' dir='ltr'><strong>poterimus.</strong></span> <span class='ocrx_word' id='word_1_726' title='bbox 3810 3347 3920 3414; x_wconf 86' lang='lat' dir='ltr'><strong>Qua</strong></span> <span class='ocrx_word' id='word_1_727' title='bbox 3965 3346 4019 3400; x_wconf 90' lang='lat' dir='ltr'><strong>iu</strong></span> <span class='ocrx_word' id='word_1_728' title='bbox 4053 3362 4117 3400; x_wconf 88' lang='lat' dir='ltr'><strong>re</strong></span> 
     </span>
    </p>
   </div>
   <div class='ocr_carea' id='block_1_93' title="bbox 2541 3438 4115 3511">
    <p class='ocr_par' dir='ltr' id='par_1_93' title="bbox 2541 3438 4115 3511">
     <span class='ocr_line' id='line_1_93' title="bbox 2541 3438 4115 3511; baseline -0.001 -20"><span class='ocrx_word' id='word_1_729' title='bbox 2541 3439 2714 3493; x_wconf 86' lang='lat' dir='ltr'><strong>nullus</strong></span> <span class='ocrx_word' id='word_1_730' title='bbox 2744 3442 2933 3494; x_wconf 89' lang='lat' dir='ltr'><strong>iterum</strong></span> <span class='ocrx_word' id='word_1_731' title='bbox 2982 3442 3133 3496; x_wconf 86' lang='lat' dir='ltr'><strong>testis</strong></span> <span class='ocrx_word' id='word_1_732' title='bbox 3174 3442 3350 3511; x_wconf 77' lang='lat' dir='ltr'><strong>aptior</strong></span> <span class='ocrx_word' id='word_1_733' title='bbox 3380 3439 3627 3503; x_wconf 90' lang='lat' dir='ltr'><strong>occurrit,</strong></span> <span class='ocrx_word' id='word_1_734' title='bbox 3660 3454 3814 3507; x_wconf 88' lang='lat' dir='ltr'><strong>quam</strong></span> <span class='ocrx_word' id='word_1_735' title='bbox 3866 3439 3977 3506; x_wconf 75' lang='lat' dir='ltr'><strong>ipse</strong></span> <span class='ocrx_word' id='word_1_736' title='bbox 4021 3438 4115 3505; x_wconf 88' lang='lat' dir='ltr'><strong>qui</strong></span> 
     </span>
    </p>
   </div>
   <div class='ocr_carea' id='block_1_94' title="bbox 2540 3524 4117 3599">
    <p class='ocr_par' dir='ltr' id='par_1_94' title="bbox 2540 3524 4117 3599">
     <span class='ocr_line' id='line_1_94' title="bbox 2540 3524 4117 3599; baseline -0.002 -16"><span class='ocrx_word' id='word_1_737' title='bbox 2540 3545 2727 3599; x_wconf 88' lang='lat' dir='ltr'><strong>passus</strong></span> <span class='ocrx_word' id='word_1_738' title='bbox 2754 3540 2856 3587; x_wconf 91' lang='lat' dir='ltr'><strong>est.</strong></span> <span class='ocrx_word' id='word_1_739' title='bbox 2887 3532 3023 3599; x_wconf 79' lang='lat' dir='ltr'><strong>Quid</strong></span> <span class='ocrx_word' id='word_1_740' title='bbox 3065 3533 3204 3588; x_wconf 90' lang='lat' dir='ltr'><strong>enim</strong></span> <span class='ocrx_word' id='word_1_741' title='bbox 3258 3534 3349 3587; x_wconf 89' lang='lat' dir='ltr'><strong>ille</strong></span> <span class='ocrx_word' id='word_1_742' title='bbox 3397 3530 3503 3584; x_wconf 86' lang='lat' dir='ltr'><strong>ait?</strong></span> <span class='ocrx_word' id='word_1_743' title='bbox 3555 3524 3798 3598; x_wconf 86' lang='lat' dir='ltr'><strong>Optabam</strong></span> <span class='ocrx_word' id='word_1_744' title='bbox 3846 3528 4117 3581; x_wconf 79' lang='lat' dir='ltr'><strong>anathema</strong></span> 
     </span>
    </p>
   </div>
   <div class='ocr_carea' id='block_1_95' title="bbox 2540 3622 4117 3696">
    <p class='ocr_par' dir='ltr' id='par_1_95' title="bbox 2540 3622 4117 3696">
     <span class='ocr_line' id='line_1_95' title="bbox 2540 3622 4117 3696; baseline -0.004 -19"><span class='ocrx_word' id='word_1_745' title='bbox 2540 3640 2693 3678; x_wconf 87' lang='lat' dir='ltr'><strong>essea</strong></span> <span class='ocrx_word' id='word_1_746' title='bbox 2718 3624 2918 3680; x_wconf 83' lang='lat' dir='ltr'><strong>Christo</strong></span> <span class='ocrx_word' id='word_1_747' title='bbox 2954 3642 3045 3696; x_wconf 90' lang='lat' dir='ltr'><strong>pro</strong></span> <span class='ocrx_word' id='word_1_748' title='bbox 3074 3626 3313 3695; x_wconf 78' lang='lat' dir='ltr'><strong>fratribus</strong></span> <span class='ocrx_word' id='word_1_749' title='bbox 3341 3624 3485 3687; x_wconf 86' lang='lat' dir='ltr'><strong>meis,</strong></span> <span class='ocrx_word' id='word_1_750' title='bbox 3516 3623 3737 3692; x_wconf 85' lang='lat' dir='ltr'><strong>cognatis</strong></span> <span class='ocrx_word' id='word_1_751' title='bbox 3774 3622 3892 3674; x_wconf 86' lang='lat' dir='ltr'><strong>meis</strong></span> <span class='ocrx_word' id='word_1_752' title='bbox 3934 3637 4117 3674; x_wconf 84' lang='lat' dir='ltr'><strong>secun-</strong></span> 
     </span>
    </p>
   </div>
   <div class='ocr_carea' id='block_1_96' title="bbox 2540 3712 4117 3787">
    <p class='ocr_par' dir='ltr' id='par_1_96' title="bbox 2540 3712 4117 3787">
     <span class='ocr_line' id='line_1_96' title="bbox 2540 3712 4117 3787; baseline -0.003 -19"><span class='ocrx_word' id='word_1_753' title='bbox 2540 3716 2661 3769; x_wconf 90' lang='lat' dir='ltr'><strong>dum</strong></span> <span class='ocrx_word' id='word_1_754' title='bbox 2680 3733 2902 3781; x_wconf 88' lang='lat' dir='ltr'><strong>carnem,</strong></span> <span class='ocrx_word' id='word_1_755' title='bbox 2930 3721 3017 3787; x_wconf 90' lang='lat' dir='ltr'><strong>qui</strong></span> <span class='ocrx_word' id='word_1_756' title='bbox 3038 3728 3154 3771; x_wconf 85' lang='lat' dir='ltr'><strong>sunt</strong></span> <span class='ocrx_word' id='word_1_757' title='bbox 3177 3717 3427 3771; x_wconf 71' lang='lat' dir='ltr'><strong>Israelita:</strong></span> <span class='ocrx_word' id='word_1_758' title='bbox 3456 3715 3629 3783; x_wconf 83' lang='lat' dir='ltr'><strong>(Rom.</strong></span> <span class='ocrx_word' id='word_1_759' title='bbox 3654 3713 3704 3769; x_wconf 88' lang='lat'><strong>9.</strong></span> <span class='ocrx_word' id='word_1_760' title='bbox 3728 3712 3802 3783; x_wconf 81' lang='grc'><strong>5).</strong></span> <span class='ocrx_word' id='word_1_761' title='bbox 3833 3712 3983 3779; x_wconf 84' lang='lat' dir='ltr'><strong>Quod</strong></span> <span class='ocrx_word' id='word_1_762' title='bbox 4021 3728 4117 3763; x_wconf 84' lang='lat' dir='ltr'><strong>au-</strong></span> 
     </span>
    </p>
   </div>
   <div class='ocr_carea' id='block_1_97' title="bbox 2540 3804 4114 3877">
    <p class='ocr_par' dir='ltr' id='par_1_97' title="bbox 2540 3804 4114 3877">
     <span class='ocr_line' id='line_1_97' title="bbox 2540 3804 4114 3877; baseline -0.004 -18"><span class='ocrx_word' id='word_1_763' title='bbox 2540 3816 2645 3862; x_wconf 92' lang='lat' dir='ltr'><strong>tem</strong></span> <span class='ocrx_word' id='word_1_764' title='bbox 2667 3807 2814 3873; x_wconf 90' lang='lat' dir='ltr'><strong>dicit,</strong></span> <span class='ocrx_word' id='word_1_765' title='bbox 2842 3808 2945 3862; x_wconf 86' lang='lat' dir='ltr'><strong>tale</strong></span> <span class='ocrx_word' id='word_1_766' title='bbox 2971 3816 3052 3862; x_wconf 89' lang='lat' dir='ltr'><strong>est</strong></span> <span class='ocrx_word' id='word_1_767' title='bbox 3084 3826 3097 3861; x_wconf 90' lang='lat'><strong>:</strong></span> <span class='ocrx_word' id='word_1_768' title='bbox 3129 3806 3427 3877; x_wconf 84' lang='lat' dir='ltr'><strong>Optabilins</strong></span> <span class='ocrx_word' id='word_1_769' title='bbox 3449 3804 3572 3858; x_wconf 91' lang='lat' dir='ltr'><strong>mihi</strong></span> <span class='ocrx_word' id='word_1_770' title='bbox 3595 3815 3706 3859; x_wconf 90' lang='lat' dir='ltr'><strong>erat</strong></span> <span class='ocrx_word' id='word_1_771' title='bbox 3732 3806 3781 3857; x_wconf 89' lang='lat' dir='ltr'><strong>in</strong></span> <span class='ocrx_word' id='word_1_772' title='bbox 3812 3804 4114 3873; x_wconf 85' lang='lat' dir='ltr'><strong>gehennam</strong></span> 
     </span>
    </p>
   </div>
   <div class='ocr_carea' id='block_1_98' title="bbox 2539 3892 4117 3966">
    <p class='ocr_par' dir='ltr' id='par_1_98' title="bbox 2539 3892 4117 3966">
     <span class='ocr_line' id='line_1_98' title="bbox 2539 3892 4117 3966; baseline -0.004 -16"><span class='ocrx_word' id='word_1_773' title='bbox 2539 3897 2791 3963; x_wconf 79' lang='lat' dir='ltr'><strong>Incidere,</strong></span> <span class='ocrx_word' id='word_1_774' title='bbox 2823 3912 2983 3966; x_wconf 89' lang='lat' dir='ltr'><strong>quam</strong></span> <span class='ocrx_word' id='word_1_775' title='bbox 3024 3897 3290 3952; x_wconf 88' lang='lat' dir='ltr'><strong>lsraelitas</strong></span> <span class='ocrx_word' id='word_1_776' title='bbox 3321 3895 3565 3952; x_wconf 86' lang='lat' dir='ltr'><strong>inﬁdeles</strong></span> <span class='ocrx_word' id='word_1_777' title='bbox 3611 3902 3665 3948; x_wconf 90' lang='lat' dir='ltr'><strong>et</strong></span> <span class='ocrx_word' id='word_1_778' title='bbox 3707 3892 4006 3949; x_wconf 87' lang='lat' dir='ltr'><strong>incredulos</strong></span> <span class='ocrx_word' id='word_1_779' title='bbox 4036 3893 4117 3944; x_wconf 82' lang='lat' dir='ltr'><strong>vi-</strong></span> 
     </span>
    </p>
   </div>
   <div class='ocr_carea' id='block_1_99' title="bbox 2538 3985 4111 4055">
    <p class='ocr_par' dir='ltr' id='par_1_99' title="bbox 2538 3985 4111 4055">
     <span class='ocr_line' id='line_1_99' title="bbox 2538 3985 4111 4055; baseline 0.003 -14"><span class='ocrx_word' id='word_1_780' title='bbox 2538 3986 2665 4042; x_wconf 89' lang='lat' dir='ltr'><strong>dere</strong></span> <span class='ocrx_word' id='word_1_781' title='bbox 2695 4004 2709 4040; x_wconf 90' lang='lat'>:</span> <span class='ocrx_word' id='word_1_782' title='bbox 2741 3985 2841 4040; x_wconf 89' lang='lat' dir='ltr'><strong>hoc</strong></span> <span class='ocrx_word' id='word_1_783' title='bbox 2865 3988 3005 4041; x_wconf 90' lang='lat' dir='ltr'><strong>enim</strong></span> <span class='ocrx_word' id='word_1_784' title='bbox 3031 3996 3131 4051; x_wconf 88' lang='lat' dir='ltr'><strong>est,</strong></span> <span class='ocrx_word' id='word_1_785' title='bbox 3163 3987 3411 4055; x_wconf 81' lang='lat' dir='ltr'><strong>Optabam</strong></span> <span class='ocrx_word' id='word_1_786' title='bbox 3428 3986 3699 4043; x_wconf 76' lang='lat' dir='ltr'><strong>anathema</strong></span> <span class='ocrx_word' id='word_1_787' title='bbox 3721 4004 3840 4046; x_wconf 77' lang='lat' dir='ltr'><strong>esse.</strong></span> <span class='ocrx_word' id='word_1_788' title='bbox 3861 3990 3910 4045; x_wconf 83' lang='lat' dir='ltr'><strong>is</strong></span> <span class='ocrx_word' id='word_1_789' title='bbox 3927 3992 4111 4046; x_wconf 64' lang='lat' dir='ltr'><strong>autem</strong></span> 
     </span>
    </p>
   </div>
   <div class='ocr_carea' id='block_1_100' title="bbox 2538 4076 4113 4147">
    <p class='ocr_par' dir='ltr' id='par_1_100' title="bbox 2538 4076 4113 4147">
     <span class='ocr_line' id='line_1_100' title="bbox 2538 4076 4113 4147; baseline 0.004 -17"><span class='ocrx_word' id='word_1_790' title='bbox 2538 4077 2629 4146; x_wconf 92' lang='lat' dir='ltr'><strong>qui</strong></span> <span class='ocrx_word' id='word_1_791' title='bbox 2654 4076 2882 4147; x_wconf 88' lang='lat' dir='ltr'><strong>eligebat</strong></span> <span class='ocrx_word' id='word_1_792' title='bbox 2906 4078 3162 4147; x_wconf 66' lang='lat' dir='ltr'><strong>gehennae</strong></span> <span class='ocrx_word' id='word_1_793' title='bbox 3204 4079 3514 4144; x_wconf 89' lang='lat' dir='ltr'><strong>cruciatum,</strong></span> <span class='ocrx_word' id='word_1_794' title='bbox 3563 4089 3620 4134; x_wconf 91' lang='lat' dir='ltr'><strong>ut</strong></span> <span class='ocrx_word' id='word_1_795' title='bbox 3658 4080 3867 4136; x_wconf 69' lang='lat' dir='ltr'><strong>Judaaos</strong></span> <span class='ocrx_word' id='word_1_796' title='bbox 3918 4097 4113 4136; x_wconf 88' lang='lat' dir='ltr'><strong>omnes</strong></span> 
     </span>
    </p>
   </div>
   <div class='ocr_carea' id='block_1_101' title="bbox 2538 4168 4109 4241">
    <p class='ocr_par' dir='ltr' id='par_1_101' title="bbox 2538 4168 4109 4241">
     <span class='ocr_line' id='line_1_101' title="bbox 2538 4168 4109 4241; baseline 0.003 -19"><span class='ocrx_word' id='word_1_797' title='bbox 2538 4168 2606 4223; x_wconf 85' lang='lat' dir='ltr'><strong>ad</strong></span> <span class='ocrx_word' id='word_1_798' title='bbox 2630 4168 2787 4224; x_wconf 88' lang='lat' dir='ltr'><strong>ﬁdem</strong></span> <span class='ocrx_word' id='word_1_799' title='bbox 2815 4180 2993 4238; x_wconf 87' lang='lat' dir='ltr'><strong>posset</strong></span> <span class='ocrx_word' id='word_1_800' title='bbox 3022 4170 3290 4234; x_wconf 87' lang='lat' dir='ltr'><strong>inducere,</strong></span> <span class='ocrx_word' id='word_1_801' title='bbox 3334 4170 3495 4240; x_wconf 90' lang='lat' dir='ltr'><strong>liquet</strong></span> <span class='ocrx_word' id='word_1_802' title='bbox 3537 4172 3775 4241; x_wconf 75' lang='lat' dir='ltr'><strong>profecto</strong></span> <span class='ocrx_word' id='word_1_803' title='bbox 3810 4173 3946 4241; x_wconf 85' lang='lat' dir='ltr'><strong>quod</strong></span> <span class='ocrx_word' id='word_1_804' title='bbox 3997 4190 4109 4226; x_wconf 88' lang='lat' dir='ltr'><strong>non</strong></span> 
     </span>
    </p>
   </div>
   <div class='ocr_carea' id='block_1_102' title="bbox 2540 4262 4107 4335">
    <p class='ocr_par' dir='ltr' id='par_1_102' title="bbox 2540 4262 4107 4335">
     <span class='ocr_line' id='line_1_102' title="bbox 2540 4262 4107 4335; baseline 0.003 -20"><span class='ocrx_word' id='word_1_805' title='bbox 2540 4262 2737 4330; x_wconf 89' lang='lat' dir='ltr'><strong>potitus</strong></span> <span class='ocrx_word' id='word_1_806' title='bbox 2764 4264 2871 4316; x_wconf 85' lang='lat' dir='ltr'><strong>voti</strong></span> <span class='ocrx_word' id='word_1_807' title='bbox 2898 4262 2979 4316; x_wconf 91' lang='lat' dir='ltr'><strong>sui</strong></span> <span class='ocrx_word' id='word_1_808' title='bbox 3004 4263 3214 4332; x_wconf 84' lang='lat' dir='ltr'><strong>gravius</strong></span> <span class='ocrx_word' id='word_1_809' title='bbox 3240 4262 3590 4330; x_wconf 80' lang='lat' dir='ltr'><strong>afﬁciebatur,</strong></span> <span class='ocrx_word' id='word_1_810' title='bbox 3634 4281 3789 4335; x_wconf 91' lang='lat' dir='ltr'><strong>quam</strong></span> <span class='ocrx_word' id='word_1_811' title='bbox 3842 4266 3874 4319; x_wconf 92' lang='lat' dir='ltr'><strong>ii</strong></span> <span class='ocrx_word' id='word_1_812' title='bbox 3914 4266 4005 4335; x_wconf 89' lang='lat' dir='ltr'><strong>qui</strong></span> <span class='ocrx_word' id='word_1_813' title='bbox 4054 4267 4107 4318; x_wconf 89' lang='lat' dir='ltr'><strong>in</strong></span> 
     </span>
    </p>
   </div>
   <div class='ocr_carea' id='block_1_103' title="bbox 2537 4352 4107 4427">
    <p class='ocr_par' dir='ltr' id='par_1_103' title="bbox 2537 4352 4107 4427">
     <span class='ocr_line' id='line_1_103' title="bbox 2537 4352 4107 4427; baseline 0 -19"><span class='ocrx_word' id='word_1_814' title='bbox 2537 4353 2777 4423; x_wconf 85' lang='lat' dir='ltr'><strong>gehenna</strong></span> <span class='ocrx_word' id='word_1_815' title='bbox 2814 4354 3116 4407; x_wconf 86' lang='lat' dir='ltr'><strong>cruciantur</strong></span> <span class='ocrx_word' id='word_1_816' title='bbox 3142 4371 3153 4406; x_wconf 93' lang='lat'><strong>:</strong></span> <span class='ocrx_word' id='word_1_817' title='bbox 3177 4352 3599 4426; x_wconf 90' lang='lat' dir='ltr'><strong>quandoquidem</strong></span> <span class='ocrx_word' id='word_1_818' title='bbox 3624 4358 3797 4427; x_wconf 88' lang='lat' dir='ltr'><strong>potius</strong></span> <span class='ocrx_word' id='word_1_819' title='bbox 3818 4355 3917 4410; x_wconf 87' lang='lat' dir='ltr'><strong>hoc</strong></span> <span class='ocrx_word' id='word_1_820' title='bbox 3942 4371 4107 4425; x_wconf 87' lang='lat' dir='ltr'><strong>quam</strong></span> 
     </span>
    </p>
   </div>
   <div class='ocr_carea' id='block_1_104' title="bbox 2539 4445 2959 4515">
    <p class='ocr_par' dir='ltr' id='par_1_104' title="bbox 2539 4445 2959 4515">
     <span class='ocr_line' id='line_1_104' title="bbox 2539 4445 2959 4515; baseline -0.01 -15"><span class='ocrx_word' id='word_1_821' title='bbox 2539 4445 2668 4501; x_wconf 91' lang='lat' dir='ltr'><strong>illud</strong></span> <span class='ocrx_word' id='word_1_822' title='bbox 2693 4445 2959 4515; x_wconf 87' lang='lat' dir='ltr'><strong>cupiebat.</strong></span> 
     </span>
    </p>
   </div>
   <div class='ocr_carea' id='block_1_105' title="bbox 2608 4535 4109 4607">
    <p class='ocr_par' dir='ltr' id='par_1_105' title="bbox 2608 4535 4109 4607">
     <span class='ocr_line' id='line_1_105' title="bbox 2608 4535 4109 4607; baseline -0.003 -17"><span class='ocrx_word' id='word_1_823' title='bbox 2608 4536 2693 4590; x_wconf 76' lang='grc'><strong>12.</strong></span> <span class='ocrx_word' id='word_1_824' title='bbox 2722 4535 2992 4603; x_wconf 83' lang='lat' dir='ltr'><strong>Comparat</strong></span> <span class='ocrx_word' id='word_1_825' title='bbox 3019 4535 3227 4604; x_wconf 80' lang='lat' dir='ltr'><strong>Stagirii</strong></span> <span class='ocrx_word' id='word_1_826' title='bbox 3252 4535 3469 4591; x_wconf 88' lang='lat' dir='ltr'><strong>dolorem</strong></span> <span class='ocrx_word' id='word_1_827' title='bbox 3498 4553 3609 4590; x_wconf 89' lang='lat' dir='ltr'><strong>cum</strong></span> <span class='ocrx_word' id='word_1_828' title='bbox 3640 4539 3956 4607; x_wconf 82' lang='lat' dir='ltr'><strong>antiquorum</strong></span> <span class='ocrx_word' id='word_1_829' title='bbox 3981 4550 4109 4586; x_wconf 79' lang='lat' dir='ltr'><strong>mce-</strong></span> 
     </span>
    </p>
   </div>
   <div class='ocr_carea' id='block_1_106' title="bbox 2535 4628 4100 4700">
    <p class='ocr_par' dir='ltr' id='par_1_106' title="bbox 2535 4628 4100 4700">
     <span class='ocr_line' id='line_1_106' title="bbox 2535 4628 4100 4700; baseline -0.003 -18"><span class='ocrx_word' id='word_1_830' title='bbox 2535 4628 2822 4682; x_wconf 90' lang='lat' dir='ltr'><strong>rore.—Tu</strong></span> <span class='ocrx_word' id='word_1_831' title='bbox 2844 4628 2998 4682; x_wconf 85' lang='lat' dir='ltr'><strong>velim</strong></span> <span class='ocrx_word' id='word_1_832' title='bbox 3022 4643 3114 4696; x_wconf 91' lang='lat' dir='ltr'><strong>per</strong></span> <span class='ocrx_word' id='word_1_833' title='bbox 3130 4629 3329 4698; x_wconf 84' lang='lat' dir='ltr'><strong>singula</strong></span> <span class='ocrx_word' id='word_1_834' title='bbox 3355 4646 3471 4700; x_wconf 83' lang='lat' dir='ltr'><strong>quae</strong></span> <span class='ocrx_word' id='word_1_835' title='bbox 3491 4631 3627 4685; x_wconf 89' lang='lat' dir='ltr'><strong>dicta</strong></span> <span class='ocrx_word' id='word_1_836' title='bbox 3648 4640 3789 4693; x_wconf 88' lang='lat' dir='ltr'><strong>sunt,</strong></span> <span class='ocrx_word' id='word_1_837' title='bbox 3808 4644 3909 4683; x_wconf 92' lang='lat' dir='ltr'><strong>non</strong></span> <span class='ocrx_word' id='word_1_838' title='bbox 3927 4628 4100 4679; x_wconf 78' lang='lat' dir='ltr'><strong>solum</strong></span> 
     </span>
    </p>
   </div>
   <div class='ocr_carea' id='block_1_107' title="bbox 2540 4716 4101 4787">
    <p class='ocr_par' dir='ltr' id='par_1_107' title="bbox 2540 4716 4101 4787">
     <span class='ocr_line' id='line_1_107' title="bbox 2540 4716 4101 4787; baseline 0.001 -16"><span class='ocrx_word' id='word_1_839' title='bbox 2540 4719 2815 4771; x_wconf 88' lang='lat' dir='ltr'><strong>materiam</strong></span> <span class='ocrx_word' id='word_1_840' title='bbox 2846 4719 3061 4787; x_wconf 83' lang='lat' dir='ltr'><strong>cogites,</strong></span> <span class='ocrx_word' id='word_1_841' title='bbox 3089 4734 3152 4772; x_wconf 79' lang='lat' dir='ltr'><strong>ex</strong></span> <span class='ocrx_word' id='word_1_842' title='bbox 3182 4736 3282 4787; x_wconf 90' lang='lat' dir='ltr'><strong>qua</strong></span> <span class='ocrx_word' id='word_1_843' title='bbox 3306 4721 3554 4774; x_wconf 76' lang='lat' dir='ltr'><strong>maestitia</strong></span> <span class='ocrx_word' id='word_1_844' title='bbox 3584 4721 3709 4773; x_wconf 87' lang='lat' dir='ltr'><strong>viris</strong></span> <span class='ocrx_word' id='word_1_845' title='bbox 3732 4721 3832 4773; x_wconf 92' lang='lat' dir='ltr'><strong>illis</strong></span> <span class='ocrx_word' id='word_1_846' title='bbox 3853 4716 4101 4785; x_wconf 76' lang='lat' dir='ltr'><strong>gigneba-</strong></span> 
     </span>
    </p>
   </div>
   <div class='ocr_carea' id='block_1_108' title="bbox 2538 4806 4100 4874">
    <p class='ocr_par' dir='ltr' id='par_1_108' title="bbox 2538 4806 4100 4874">
     <span class='ocr_line' id='line_1_108' title="bbox 2538 4806 4100 4874; baseline -0.002 -13"><span class='ocrx_word' id='word_1_847' title='bbox 2538 4815 2641 4871; x_wconf 87' lang='lat' dir='ltr'><strong>tur,</strong></span> <span class='ocrx_word' id='word_1_848' title='bbox 2671 4806 2763 4862; x_wconf 87' lang='lat' dir='ltr'><strong>scd</strong></span> <span class='ocrx_word' id='word_1_849' title='bbox 2792 4823 3089 4863; x_wconf 84' lang='lat' dir='ltr'><strong>mensuram</strong></span> <span class='ocrx_word' id='word_1_850' title='bbox 3112 4811 3272 4864; x_wconf 89' lang='lat' dir='ltr'><strong>etiam</strong></span> <span class='ocrx_word' id='word_1_851' title='bbox 3309 4811 3526 4874; x_wconf 85' lang='lat' dir='ltr'><strong>doloris,</strong></span> <span class='ocrx_word' id='word_1_852' title='bbox 3558 4820 3612 4863; x_wconf 90' lang='lat' dir='ltr'><strong>et</strong></span> <span class='ocrx_word' id='word_1_853' title='bbox 3642 4807 3967 4862; x_wconf 87' lang='lat' dir='ltr'><strong>multoillum</strong></span> <span class='ocrx_word' id='word_1_854' title='bbox 3990 4820 4100 4857; x_wconf 89' lang='lat' dir='ltr'><strong>ma-</strong></span> 
     </span>
    </p>
   </div>
   <div class='ocr_carea' id='block_1_109' title="bbox 2528 4895 4099 4971">
    <p class='ocr_par' dir='ltr' id='par_1_109' title="bbox 2528 4895 4099 4971">
     <span class='ocr_line' id='line_1_109' title="bbox 2528 4895 4099 4971; baseline -0.004 -18"><span class='ocrx_word' id='word_1_855' title='bbox 2528 4900 2702 4969; x_wconf 86' lang='lat' dir='ltr'><strong>jorem</strong></span> <span class='ocrx_word' id='word_1_856' title='bbox 2724 4900 2967 4969; x_wconf 90' lang='lat' dir='ltr'><strong>aspicies,</strong></span> <span class='ocrx_word' id='word_1_857' title='bbox 2995 4917 3148 4971; x_wconf 88' lang='lat' dir='ltr'><strong>quam</strong></span> <span class='ocrx_word' id='word_1_858' title='bbox 3182 4911 3300 4957; x_wconf 87' lang='lat' dir='ltr'><strong>tuus</strong></span> <span class='ocrx_word' id='word_1_859' title='bbox 3326 4903 3412 4955; x_wconf 89' lang='lat' dir='ltr'><strong>sit.</strong></span> <span class='ocrx_word' id='word_1_860' title='bbox 3439 4901 3584 4967; x_wconf 81' lang='lat' dir='ltr'><strong>Quod</strong></span> <span class='ocrx_word' id='word_1_861' title='bbox 3611 4900 3747 4953; x_wconf 90' lang='lat' dir='ltr'><strong>enim</strong></span> <span class='ocrx_word' id='word_1_862' title='bbox 3776 4895 3929 4948; x_wconf 91' lang='lat' dir='ltr'><strong>modo</strong></span> <span class='ocrx_word' id='word_1_863' title='bbox 3953 4912 4099 4964; x_wconf 66' lang='lat' dir='ltr'><strong>qum-</strong></span> 
     </span>
    </p>
   </div>
   <div class='ocr_carea' id='block_1_110' title="bbox 2535 4991 4101 5062">
    <p class='ocr_par' dir='ltr' id='par_1_110' title="bbox 2535 4991 4101 5062">
     <span class='ocr_line' id='line_1_110' title="bbox 2535 4991 4101 5062; baseline -0.003 -16"><span class='ocrx_word' id='word_1_864' title='bbox 2535 4992 2690 5057; x_wconf 92' lang='lat' dir='ltr'><strong>ritur,</strong></span> <span class='ocrx_word' id='word_1_865' title='bbox 2720 4991 2820 5045; x_wconf 90' lang='lat' dir='ltr'><strong>hoc</strong></span> <span class='ocrx_word' id='word_1_866' title='bbox 2843 5001 2946 5057; x_wconf 90' lang='lat' dir='ltr'><strong>est,</strong></span> <span class='ocrx_word' id='word_1_867' title='bbox 2980 4993 3259 5062; x_wconf 86' lang='lat' dir='ltr'><strong>graviusne</strong></span> <span class='ocrx_word' id='word_1_868' title='bbox 3286 4994 3358 5046; x_wconf 90' lang='lat' dir='ltr'><strong>illi</strong></span> <span class='ocrx_word' id='word_1_869' title='bbox 3389 4999 3709 5060; x_wconf 85' lang='lat' dir='ltr'><strong>angerentur</strong></span> <span class='ocrx_word' id='word_1_870' title='bbox 3740 5004 3752 5038; x_wconf 91' lang='lat'><strong>:</strong></span> <span class='ocrx_word' id='word_1_871' title='bbox 3786 5000 3942 5054; x_wconf 90' lang='lat' dir='ltr'><strong>porro</strong></span> <span class='ocrx_word' id='word_1_872' title='bbox 3966 5002 4101 5041; x_wconf 74' lang='lat' dir='ltr'><strong>mce-</strong></span> 
     </span>
    </p>
   </div>
   <div class='ocr_carea' id='block_1_111' title="bbox 2534 5078 4095 5148">
    <p class='ocr_par' dir='ltr' id='par_1_111' title="bbox 2534 5078 4095 5148">
     <span class='ocr_line' id='line_1_111' title="bbox 2534 5078 4095 5148; baseline -0.004 -11"><span class='ocrx_word' id='word_1_873' title='bbox 2534 5083 2695 5137; x_wconf 83' lang='lat' dir='ltr'><strong>stitiae</strong></span> <span class='ocrx_word' id='word_1_874' title='bbox 2718 5098 2959 5139; x_wconf 87' lang='lat' dir='ltr'><strong>mensura</strong></span> <span class='ocrx_word' id='word_1_875' title='bbox 2994 5102 3094 5138; x_wconf 90' lang='lat' dir='ltr'><strong>non</strong></span> <span class='ocrx_word' id='word_1_876' title='bbox 3127 5101 3190 5139; x_wconf 84' lang='lat' dir='ltr'><strong>ex</strong></span> <span class='ocrx_word' id='word_1_877' title='bbox 3214 5084 3491 5138; x_wconf 88' lang='lat' dir='ltr'><strong>occasione</strong></span> <span class='ocrx_word' id='word_1_878' title='bbox 3517 5094 3618 5148; x_wconf 91' lang='lat' dir='ltr'><strong>qua</strong></span> <span class='ocrx_word' id='word_1_879' title='bbox 3646 5086 3765 5130; x_wconf 85' lang='lat' dir='ltr'><strong>nata</strong></span> <span class='ocrx_word' id='word_1_880' title='bbox 3791 5085 3870 5131; x_wconf 83' lang='lat' dir='ltr'><strong>est</strong></span> <span class='ocrx_word' id='word_1_881' title='bbox 3902 5078 4095 5145; x_wconf 87' lang='lat' dir='ltr'><strong>solum,</strong></span> 
     </span>
    </p>
   </div>
   <div class='ocr_carea' id='block_1_112' title="bbox 2531 5170 4095 5238">
    <p class='ocr_par' dir='ltr' id='par_1_112' title="bbox 2531 5170 4095 5238">
     <span class='ocr_line' id='line_1_112' title="bbox 2531 5170 4095 5238; baseline -0.001 -10"><span class='ocrx_word' id='word_1_882' title='bbox 2531 5174 2624 5229; x_wconf 88' lang='lat' dir='ltr'><strong>sed</strong></span> <span class='ocrx_word' id='word_1_883' title='bbox 2656 5189 2722 5229; x_wconf 77' lang='lat' dir='ltr'><strong>ex</strong></span> <span class='ocrx_word' id='word_1_884' title='bbox 2745 5177 2921 5231; x_wconf 85' lang='lat' dir='ltr'><strong>verbis</strong></span> <span class='ocrx_word' id='word_1_885' title='bbox 2943 5177 3099 5230; x_wconf 87' lang='lat' dir='ltr'><strong>etiam</strong></span> <span class='ocrx_word' id='word_1_886' title='bbox 3123 5187 3175 5230; x_wconf 92' lang='lat' dir='ltr'><strong>et</strong></span> <span class='ocrx_word' id='word_1_887' title='bbox 3204 5175 3360 5228; x_wconf 86' lang='lat' dir='ltr'><strong>rebus</strong></span> <span class='ocrx_word' id='word_1_888' title='bbox 3387 5170 3593 5238; x_wconf 82' lang='lat' dir='ltr'><strong>probari</strong></span> <span class='ocrx_word' id='word_1_889' title='bbox 3629 5170 3916 5223; x_wconf 87' lang='lat' dir='ltr'><strong>consuevit.</strong></span> <span class='ocrx_word' id='word_1_890' title='bbox 3965 5170 4095 5226; x_wconf 76' lang='lat' dir='ltr'><strong>Nam</strong></span> 
     </span>
    </p>
   </div>
   <div class='ocr_carea' id='block_1_113' title="bbox 2530 5259 4096 5336">
    <p class='ocr_par' dir='ltr' id='par_1_113' title="bbox 2530 5259 4096 5336">
     <span class='ocr_line' id='line_1_113' title="bbox 2530 5259 4096 5336; baseline -0.004 -18"><span class='ocrx_word' id='word_1_891' title='bbox 2530 5266 2737 5336; x_wconf 88' lang='lat' dir='ltr'><strong>plurimi</strong></span> <span class='ocrx_word' id='word_1_892' title='bbox 2766 5281 2883 5323; x_wconf 87' lang='lat' dir='ltr'><strong>cum</strong></span> <span class='ocrx_word' id='word_1_893' title='bbox 2911 5267 3079 5320; x_wconf 89' lang='lat' dir='ltr'><strong>solum</strong></span> <span class='ocrx_word' id='word_1_894' title='bbox 3119 5264 3419 5316; x_wconf 84' lang='lat' dir='ltr'><strong>amisissent</strong></span> <span class='ocrx_word' id='word_1_895' title='bbox 3444 5259 3722 5327; x_wconf 82' lang='lat' dir='ltr'><strong>pecunias,</strong></span> <span class='ocrx_word' id='word_1_896' title='bbox 3755 5260 3919 5329; x_wconf 88' lang='lat' dir='ltr'><strong>magis</strong></span> <span class='ocrx_word' id='word_1_897' title='bbox 3939 5276 4096 5329; x_wconf 82' lang='lat' dir='ltr'><strong>quam</strong></span> 
     </span>
    </p>
   </div>
   <div class='ocr_carea' id='block_1_114' title="bbox 2531 5347 4097 5423">
    <p class='ocr_par' dir='ltr' id='par_1_114' title="bbox 2531 5347 4097 5423">
     <span class='ocr_line' id='line_1_114' title="bbox 2531 5347 4097 5423; baseline -0.001 -14"><span class='ocrx_word' id='word_1_898' title='bbox 2531 5356 2689 5411; x_wconf 85' lang='lat' dir='ltr'><strong>modo</strong></span> <span class='ocrx_word' id='word_1_899' title='bbox 2709 5358 2902 5411; x_wconf 89' lang='lat' dir='ltr'><strong>caritas</strong></span> <span class='ocrx_word' id='word_1_900' title='bbox 2928 5364 3014 5409; x_wconf 90' lang='lat' dir='ltr'><strong>tua</strong></span> <span class='ocrx_word' id='word_1_901' title='bbox 3043 5354 3344 5415; x_wconf 85' lang='lat' dir='ltr'><strong>doluerunt,</strong></span> <span class='ocrx_word' id='word_1_902' title='bbox 3362 5359 3519 5417; x_wconf 84' lang='lat' dir='ltr'><strong>atque</strong></span> <span class='ocrx_word' id='word_1_903' title='bbox 3540 5364 3602 5401; x_wconf 80' lang='lat' dir='ltr'><strong>ex</strong></span> <span class='ocrx_word' id='word_1_904' title='bbox 3630 5347 3712 5403; x_wconf 88' lang='lat' dir='ltr'><strong>his</strong></span> <span class='ocrx_word' id='word_1_905' title='bbox 3734 5350 3819 5403; x_wconf 90' lang='lat' dir='ltr'><strong>alii</strong></span> <span class='ocrx_word' id='word_1_906' title='bbox 3852 5366 3909 5406; x_wconf 89' lang='lat' dir='ltr'><strong>se</strong></span> <span class='ocrx_word' id='word_1_907' title='bbox 3944 5355 4097 5423; x_wconf 88' lang='lat' dir='ltr'><strong>aquis</strong></span> 
     </span>
    </p>
   </div>
   <div class='ocr_carea' id='block_1_115' title="bbox 2532 5438 4094 5510">
    <p class='ocr_par' dir='ltr' id='par_1_115' title="bbox 2532 5438 4094 5510">
     <span class='ocr_line' id='line_1_115' title="bbox 2532 5438 4094 5510; baseline -0.001 -11"><span class='ocrx_word' id='word_1_908' title='bbox 2532 5446 2946 5510; x_wconf 83' lang='lat' dir='ltr'><strong>suﬁ‘ocaverunt,</strong></span> <span class='ocrx_word' id='word_1_909' title='bbox 2979 5442 3064 5493; x_wconf 90' lang='lat' dir='ltr'><strong>alii</strong></span> <span class='ocrx_word' id='word_1_910' title='bbox 3094 5441 3282 5507; x_wconf 82' lang='lat' dir='ltr'><strong>laqueo</strong></span> <span class='ocrx_word' id='word_1_911' title='bbox 3305 5438 3404 5492; x_wconf 89' lang='lat' dir='ltr'><strong>sibi</strong></span> <span class='ocrx_word' id='word_1_912' title='bbox 3430 5439 3586 5491; x_wconf 85' lang='lat' dir='ltr'><strong>vitam</strong></span> <span class='ocrx_word' id='word_1_913' title='bbox 3614 5449 3965 5509; x_wconf 82' lang='lat' dir='ltr'><strong>extorserunt,</strong></span> <span class='ocrx_word' id='word_1_914' title='bbox 3995 5445 4094 5499; x_wconf 88' lang='lat' dir='ltr'><strong>de-</strong></span> 
     </span>
    </p>
   </div>
   <div class='ocr_carea' id='block_1_116' title="bbox 2531 5533 4095 5591">
    <p class='ocr_par' dir='ltr' id='par_1_116' title="bbox 2531 5533 4095 5591">
     <span class='ocr_line' id='line_1_116' title="bbox 2531 5533 4095 5591; baseline 0.001 -1"><span class='ocrx_word' id='word_1_915' title='bbox 2531 5538 2778 5591; x_wconf 91' lang='lat' dir='ltr'><strong>trimenta</strong></span> <span class='ocrx_word' id='word_1_916' title='bbox 2832 5550 2937 5587; x_wconf 90' lang='lat' dir='ltr'><strong>non</strong></span> <span class='ocrx_word' id='word_1_917' title='bbox 2978 5533 3208 5588; x_wconf 81' lang='lat' dir='ltr'><strong>ferentes</strong></span> <span class='ocrx_word' id='word_1_918' title='bbox 3241 5551 3254 5586; x_wconf 93' lang='lat'>:</span> <span class='ocrx_word' id='word_1_919' title='bbox 3285 5533 3508 5585; x_wconf 89' lang='lat' dir='ltr'><strong>aliorum</strong></span> <span class='ocrx_word' id='word_1_920' title='bbox 3540 5546 3665 5585; x_wconf 87' lang='lat' dir='ltr'><strong>vero</strong></span> <span class='ocrx_word' id='word_1_921' title='bbox 3701 5534 3859 5589; x_wconf 90' lang='lat' dir='ltr'><strong>etiam</strong></span> <span class='ocrx_word' id='word_1_922' title='bbox 3911 5538 4095 5591; x_wconf 88' lang='lat' dir='ltr'><strong>oculos</strong></span> 
     </span>
    </p>
   </div>
   <div class='ocr_carea' id='block_1_117' title="bbox 2530 5622 4095 5695">
    <p class='ocr_par' dir='ltr' id='par_1_117' title="bbox 2530 5622 4095 5695">
     <span class='ocr_line' id='line_1_117' title="bbox 2530 5622 4095 5695; baseline 0.001 -14"><span class='ocrx_word' id='word_1_923' title='bbox 2530 5628 2776 5683; x_wconf 64' lang='lat' dir='ltr'><strong>maeroris</strong></span> <span class='ocrx_word' id='word_1_924' title='bbox 2808 5626 2965 5695; x_wconf 88' lang='lat' dir='ltr'><strong>hujus</strong></span> <span class='ocrx_word' id='word_1_925' title='bbox 2995 5626 3075 5681; x_wconf 85' lang='lat' dir='ltr'><strong>vis</strong></span> <span class='ocrx_word' id='word_1_926' title='bbox 3115 5640 3177 5678; x_wconf 90' lang='lat' dir='ltr'><strong>ac</strong></span> <span class='ocrx_word' id='word_1_927' title='bbox 3223 5622 3523 5691; x_wconf 84' lang='lat' dir='ltr'><strong>magnitudo</strong></span> <span class='ocrx_word' id='word_1_928' title='bbox 3553 5628 3784 5679; x_wconf 53' lang='lat' dir='ltr'><strong>necavit.</strong></span> <span class='ocrx_word' id='word_1_929' title='bbox 3834 5627 3899 5681; x_wconf 85' lang='lat' dir='ltr'><strong>Et</strong></span> <span class='ocrx_word' id='word_1_930' title='bbox 3946 5640 4095 5683; x_wconf 81' lang='lat' dir='ltr'><strong>certe</strong></span> 
     </span>
    </p>
   </div>
   <div class='ocr_carea' id='block_1_118' title="bbox 2530 5715 4091 5785">
    <p class='ocr_par' dir='ltr' id='par_1_118' title="bbox 2530 5715 4091 5785">
     <span class='ocr_line' id='line_1_118' title="bbox 2530 5715 4091 5785; baseline 0 -11"><span class='ocrx_word' id='word_1_931' title='bbox 2530 5721 2684 5785; x_wconf 74' lang='lat' dir='ltr'><strong>longe</strong></span> <span class='ocrx_word' id='word_1_932' title='bbox 2705 5720 2875 5775; x_wconf 90' lang='lat' dir='ltr'><strong>levius</strong></span> <span class='ocrx_word' id='word_1_933' title='bbox 2900 5735 2961 5774; x_wconf 89' lang='lat' dir='ltr'><strong>ac</strong></span> <span class='ocrx_word' id='word_1_934' title='bbox 2987 5718 3309 5774; x_wconf 86' lang='lat' dir='ltr'><strong>tolerabilius</strong></span> <span class='ocrx_word' id='word_1_935' title='bbox 3342 5715 3540 5770; x_wconf 86' lang='lat' dir='ltr'><strong>videtur</strong></span> <span class='ocrx_word' id='word_1_936' title='bbox 3567 5720 3809 5785; x_wconf 89' lang='lat' dir='ltr'><strong>pecunias</strong></span> <span class='ocrx_word' id='word_1_937' title='bbox 3826 5720 4091 5783; x_wconf 88' lang='lat' dir='ltr'><strong>amittere,</strong></span> 
     </span>
    </p>
   </div>
   <div class='ocr_carea' id='block_1_119' title="bbox 2528 5806 4091 5882">
    <p class='ocr_par' dir='ltr' id='par_1_119' title="bbox 2528 5806 4091 5882">
     <span class='ocr_line' id='line_1_119' title="bbox 2528 5806 4091 5882; baseline -0.003 -17"><span class='ocrx_word' id='word_1_938' title='bbox 2528 5829 2683 5882; x_wconf 85' lang='lat' dir='ltr'><strong>quam</strong></span> <span class='ocrx_word' id='word_1_939' title='bbox 2718 5811 2983 5881; x_wconf 87' lang='lat' dir='ltr'><strong>pertubari</strong></span> <span class='ocrx_word' id='word_1_940' title='bbox 3006 5826 3035 5862; x_wconf 90' lang='lat' dir='ltr'><strong>a</strong></span> <span class='ocrx_word' id='word_1_941' title='bbox 3067 5809 3342 5868; x_wconf 75' lang='lat' dir='ltr'><strong>daunone;</strong></span> <span class='ocrx_word' id='word_1_942' title='bbox 3372 5806 3462 5861; x_wconf 89' lang='lat' dir='ltr'><strong>scd</strong></span> <span class='ocrx_word' id='word_1_943' title='bbox 3499 5817 3670 5864; x_wconf 83' lang='lat' dir='ltr'><strong>tamen</strong></span> <span class='ocrx_word' id='word_1_944' title='bbox 3721 5808 3926 5878; x_wconf 90' lang='lat' dir='ltr'><strong>plurimi</strong></span> <span class='ocrx_word' id='word_1_945' title='bbox 3968 5823 4091 5861; x_wconf 84' lang='lat' dir='ltr'><strong>eum</strong></span> 
     </span>
    </p>
   </div>
   <div class='ocr_carea' id='block_1_120' title="bbox 2528 5897 4091 5970">
    <p class='ocr_par' dir='ltr' id='par_1_120' title="bbox 2528 5897 4091 5970">
     <span class='ocr_line' id='line_1_120' title="bbox 2528 5897 4091 5970; baseline 0 -20"><span class='ocrx_word' id='word_1_946' title='bbox 2528 5905 2637 5959; x_wconf 62' lang='lat' dir='ltr'><strong>luet:</strong></span> <span class='ocrx_word' id='word_1_947' title='bbox 2669 5904 2875 5957; x_wconf 80' lang='lat' dir='ltr'><strong>fortiter</strong></span> <span class='ocrx_word' id='word_1_948' title='bbox 2902 5901 3162 5961; x_wconf 87' lang='lat' dir='ltr'><strong>tulissent,</strong></span> <span class='ocrx_word' id='word_1_949' title='bbox 3197 5899 3263 5951; x_wconf 86' lang='lat' dir='ltr'><strong>ab</strong></span> <span class='ocrx_word' id='word_1_950' title='bbox 3309 5897 3395 5953; x_wconf 89' lang='lat' dir='ltr'><strong>illo</strong></span> <span class='ocrx_word' id='word_1_951' title='bbox 3439 5901 3673 5970; x_wconf 80' lang='lat' dir='ltr'><strong>snperati</strong></span> <span class='ocrx_word' id='word_1_952' title='bbox 3716 5907 3855 5954; x_wconf 91' lang='lat' dir='ltr'><strong>sunt.</strong></span> <span class='ocrx_word' id='word_1_953' title='bbox 3908 5897 4091 5967; x_wconf 77' lang='lat' dir='ltr'><strong>Neque</strong></span> 
     </span>
    </p>
   </div>
   <div class='ocr_carea' id='block_1_121' title="bbox 2530 5990 4090 6059">
    <p class='ocr_par' dir='ltr' id='par_1_121' title="bbox 2530 5990 4090 6059">
     <span class='ocr_line' id='line_1_121' title="bbox 2530 5990 4090 6059; baseline -0.003 -8"><span class='ocrx_word' id='word_1_954' title='bbox 2530 5998 2669 6051; x_wconf 87' lang='lat' dir='ltr'><strong>enim</strong></span> <span class='ocrx_word' id='word_1_955' title='bbox 2694 5995 2849 6049; x_wconf 84' lang='lat' dir='ltr'><strong>velim</strong></span> <span class='ocrx_word' id='word_1_956' title='bbox 2885 5994 2983 6051; x_wconf 83' lang='lat' dir='ltr'><strong>ista</strong></span> <span class='ocrx_word' id='word_1_957' title='bbox 3013 6006 3150 6045; x_wconf 89' lang='lat' dir='ltr'><strong>nunc</strong></span> <span class='ocrx_word' id='word_1_958' title='bbox 3172 6006 3232 6044; x_wconf 79' lang='lat' dir='ltr'><strong>ex</strong></span> <span class='ocrx_word' id='word_1_959' title='bbox 3260 5992 3433 6047; x_wconf 89' lang='lat' dir='ltr'><strong>animo</strong></span> <span class='ocrx_word' id='word_1_960' title='bbox 3481 6002 3569 6047; x_wconf 85' lang='lat' dir='ltr'><strong>tuo</strong></span> <span class='ocrx_word' id='word_1_961' title='bbox 3617 5990 3869 6053; x_wconf 81' lang='lat' dir='ltr'><strong>metiaris,</strong></span> <span class='ocrx_word' id='word_1_962' title='bbox 3918 6005 4090 6059; x_wconf 73' lang='lat' dir='ltr'><strong>neque</strong></span> 
     </span>
    </p>
   </div>
  </div>
