4490 6728
392 618 492 671 580

394 730 638 797 quoniam
689 741 741 785 tu
797 730 1134 799 pecuniarum
1181 729 1497 783 detrimenta
1550 724 1780 790 irridcs,
1832 721 1964 774 alios

397 822 552 875 etiam
578 822 645 875 ita
679 822 895 876 affectos
938 820 1239 884 arbitreris;
1293 818 1486 887 quippe
1529 830 1710 870 earum
1750 812 1966 865 amissio

396 913 651 979 plurimos
682 914 731 965 in
757 911 1016 965 insaniam
1040 919 1090 963 et
1124 925 1329 964 Summa
1358 907 1673 961 detrimenta
1702 902 1963 973 perduxit.

396 1008 462 1059 At
490 1008 629 1061 enim
658 1008 845 1059 fortem
874 1002 1107 1055 aninmm
1132 1013 1375 1057 neutrum
1408 1002 1589 1053 horum
1619 998 1851 1065 dejicere
1872 1011 1966 1045 va-

395 1101 494 1161 let;
543 1095 820 1149 imbecillis
844 1108 970 1146 vero
1008 1109 1071 1145 ac
1115 1091 1313 1145 sa-eulo
1357 1089 1617 1155 addictus,
1664 1088 1754 1142 illo
1796 1084 1967 1154 potius

394 1206 549 1258 quam
582 1190 683 1241 isto
703 1186 1001 1239 cruciatur?
1028 1185 1134 1240 Cur
1165 1186 1254 1238 id?
1281 1183 1412 1249 Quia
1436 1184 1571 1237 idem
1609 1198 1714 1235 non
1762 1189 1861 1243 est,
1895 1180 1968 1230 l‘a-

400 1296 533 1333 mem
559 1294 771 1345 semper
797 1288 1066 1341 metuere,
1106 1288 1159 1331 et
1205 1275 1383 1346 paucis
1416 1275 1600 1326 diebus
1643 1270 1826 1341 agitari
1872 1269 1986 1342 hoe

397 1369 604 1422 inorbo.
633 1367 761 1421 Natn
799 1368 883 1422 hic
902 1368 1112 1438 quidem
1136 1366 1281 1420 brevi
1314 1365 1564 1430 leaiporis
1586 1374 1735 1432 parte
1768 1361 1822 1412 lit
1856 1358 1966 1410 vio-

400 1459 558 1511 lentia
582 1460 773 1521 omnis,
804 1475 909 1513 non
950 1475 1103 1512 secus
1147 1474 1304 1523 quam
1344 1457 1500 1507 febris
1536 1453 1847 1523 cujusdam,
1884 1457 1973 1499 aut

400 1551 607 1613 rigoris,
627 1550 709 1603 vel
738 1552 953 1605 alterius
981 1549 1305 1603 imminentis
1347 1548 1591 1616 periculi;
1645 1546 1752 1597 imo
1800 1540 1971 1594 minus

400 1642 651 1709 temporis
697 1652 955 1712 occupat,
998 1656 1155 1711 quam
1204 1640 1299 1692 ista
1340 1638 1537 1691 omnia.
1590 1635 1695 1689 Sed
1751 1632 1972 1685 fortasse

400 1733 558 1786 vincit
583 1733 952 1788 vehementia?
980 1731 1141 1801 Atqui
1172 1730 1424 1797 plurimos
1458 1730 1549 1782 tibi
1583 1741 1793 1797 possem
1819 1723 1970 1792 equi-

399 1825 521 1877 dem
552 1824 831 1877 ostendere
858 1824 1160 1876 laborantes
1191 1819 1443 1883 febribus,
1474 1820 1560 1886 qui
1592 1831 1711 1869 cum
1748 1828 1813 1867 co
1854 1814 1973 1881 igne

400 1912 775 1981 corripiuntur,
800 1914 964 1965 multo
1002 1912 1169 1979 magis
1199 1926 1353 1978 quam
1393 1910 1445 1973 ii,
1477 1908 1564 1977 qui
1599 1904 1974 1975 perturbantur

401 2022 427 2053 a
456 2002 715 2065 dannone,
741 2003 1089 2071 exagitantur.
1118 2000 1187 2052 At
1215 2016 1336 2052 vero
1366 1998 1665 2067 indigentize
1688 2006 1877 2061 metus,
1907 2009 1973 2047 ne

402 2094 577 2146 desint
602 2094 920 2156 necessaria,
950 2091 1110 2145 veluti
1139 2090 1333 2143 vermis
1360 2089 1601 2142 assiduus
1626 2087 1823 2157 jugiter
1849 2101 1971 2155 per-

402 2184 617 2236 turbans
638 2194 792 2252 atque
819 2183 1080 2246 assidens,
1109 2195 1397 2249 pauperum
1442 2178 1673 2232 corrodit
1716 2177 1971 2230 animum.

403 2275 469 2327 Et
512 2274 633 2341 quid
678 2291 775 2343 ego
819 2284 1181 2344 paupertatem
1229 2270 1659 2326 dicam?0mnes
1700 2269 1975 2323 hominum

401 2365 724 2417 calamitates
748 2366 790 2418 si
817 2365 1157 2418 dinumerare
1193 2362 1447 2424 velimus,
1488 2376 1595 2414 non
1636 2358 1736 2428 ipsi
1780 2358 1972 2419 solum,

402 2453 493 2506 sed
523 2464 576 2506 tu
606 2469 811 2523 quoque
838 2456 1066 2508 lamenta
1105 2464 1191 2507 tua
1222 2467 1285 2506 ac
1312 2452 1547 2521 ploratus
1576 2450 1802 2503 fortasse
1832 2448 1975 2501 ride-

403 2546 501 2597 bis.
531 2545 766 2614 Denique
794 2562 896 2599 non
924 2546 1093 2601 solum
1128 2559 1335 2608 omnes,
1364 2544 1455 2597 sed
1496 2559 1560 2597 ne
1604 2542 1973 2596 brevissimam

400 2635 613 2700 quidem
640 2650 821 2689 earum
872 2646 1071 2705 partem
1117 2635 1290 2703 eloqui
1337 2634 1489 2687 nobis
1526 2632 1773 2703 possibile
1814 2641 1972 2685 esset.

401 2726 580 2795 Neque
618 2727 760 2781 enim
794 2728 989 2782 scimus
1020 2727 1134 2780 illas
1155 2767 1169 2790 ,
1202 2742 1375 2796 neque
1393 2726 1436 2779 si
1464 2726 1741 2787 sciremus,
1771 2733 1976 2790 tempus

400 2831 558 2870 onme
588 2816 878 2869 narrationi
906 2815 1173 2869 sufficeret
1207 2833 1219 2867 :
1247 2830 1427 2868 verum
1478 2826 1673 2882 paucas
1714 2828 1777 2867 ex
1811 2811 1973 2879 pluri-

402 2908 502 2959 mis
526 2923 620 2976 pro
639 2908 835 2961 viribus
860 2910 1136 2977 coliigens,
1165 2923 1227 2961 ex
1270 2907 1351 2960 bis
1391 2906 1481 2958 tibi
1526 2920 1619 2959 eas
1655 2904 1813 2959 etiam
1856 2920 1974 2972 qme

402 2996 555 3049 dictre
581 3012 685 3049 non
714 3006 855 3060 sunt,
885 2996 1241 3065 conjiciendas
1268 2996 1581 3065 relinquam.

472 3086 761 3156 Demophili
786 3089 1013 3157 exemplo
1042 3090 1236 3141 solatur
1261 3087 1557 3157 Stagirium.
1581 3117 1651 3127 —
1688 3086 1972 3149 Memento,

402 3192 600 3246 quaeso,
632 3178 774 3230 senis
801 3178 941 3231 illius
967 3178 1271 3231 amicissimi
1297 3219 1311 3239 ,
1347 3177 1710 3244 Demopbibun
1740 3176 1877 3233 dico.
1905 3190 1973 3229 ex

403 3282 589 3334 magna
617 3267 909 3334 illustrique
937 3267 1153 3320 familia.
1179 3266 1274 3320 llic
1307 3267 1415 3335 jam
1452 3267 1691 3335 quintum
1736 3277 1787 3317 et
1829 3264 1979 3317 deei-

406 3377 547 3413 nnun
592 3377 788 3413 annum
833 3362 959 3429 agit,
1006 3376 1069 3413 ex
1107 3376 1211 3429 quo
1253 3358 1584 3412 nihilfacere
1628 3358 1744 3426 plus
1785 3365 1976 3426 potest,

401 3466 557 3519 quam
579 3453 793 3515 mortui,
812 3452 911 3502 nisi
935 3450 1073 3519 quod
1098 3450 1276 3503 tretnit
1291 3450 1487 3519 jugiter
1507 3458 1559 3503 et
1578 3450 1829 3518 loquitur,
1853 3463 1977 3501 scn-

400 3557 622 3610 s:unque
652 3541 941 3611 perfectum
963 3556 1177 3595 suorum
1211 3542 1367 3595 habet
1401 3542 1681 3595 malorum.
1710 3539 1971 3594 Cmterum

402 3632 453 3683 in
479 3646 683 3684 sintuna
712 3642 1018 3701 paupertate
1044 3632 1203 3685 vitam
1230 3634 1351 3702 agit,
1382 3633 1624 3685 ministro
1647 3642 1847 3685 tantum
1870 3646 1975 3684 uno

400 3723 735 3777 adolescente
771 3727 1071 3787 comitatus,
1123 3726 1261 3779 bono
1303 3724 1512 3794 quidem
1551 3739 1612 3777 ac
1651 3725 1849 3778 domini
1893 3726 1972 3777 sui

400 3814 656 3881 studioso,
688 3831 791 3868 non
818 3826 995 3871 tamen
1019 3818 1106 3887 qui
1128 3818 1479 3871 calamitatem
1499 3817 1638 3871 illam
1668 3816 1826 3869 Solari
1854 3833 1975 3885 pos-

400 3913 488 3957 sit.
522 3904 701 3973 Neque
730 3907 871 3959 enim
906 3908 1135 3977 inepiam
1162 3910 1346 3977 juvare
1376 3918 1564 3977 potest,
1612 3923 1782 3976 neque
1823 3922 1974 3960 reso-

402 3993 616 4047 lutionis
646 4004 929 4050 tremorem
975 4000 1183 4065 sistere,
1227 4000 1317 4053 Sed
1333 3998 1621 4054 btncellam
1655 4006 1855 4053 tantum
1895 4000 1972 4052 ori

404 4084 600 4138 domini
630 4100 918 4155 apponere,
948 4090 1142 4158 quippe
1171 4106 1340 4157 neque
1368 4090 1433 4142 ad
1480 4091 1579 4143 hoc
1612 4090 1755 4143 illum
1792 4090 1976 4159 juvare

405 4184 623 4245 possunt
668 4193 885 4243 manus,
931 4188 985 4233 et
1027 4181 1220 4234 offerre
1259 4182 1497 4244 αιιίςριιι,
1539 4190 1595 4235 et
1632 4190 1974 4249 purgamenta

404 4268 605 4321 narium
628 4268 932 4338 abstergere
967 4270 1236 4338 praevalet,
1264 4269 1405 4322 aliud
1432 4280 1606 4323 autem
1634 4271 1751 4339 plus
1781 4271 1975 4325 inferre

404 4358 555 4411 nihil.
590 4358 657 4412 Et
678 4360 775 4413 iste
804 4358 1035 4427 quidem,
1069 4368 1127 4412 ut
1165 4360 1291 4423 dixi,
1322 4359 1620 4429 quindecim
1660 4360 1767 4429 jam
1806 4376 1972 4415 annos

404 4449 455 4500 in
478 4449 736 4516 eiusmodi
765 4452 1015 4504 mrumnis
1038 4450 1177 4519 degit
1216 4468 1229 4503 :
1266 4467 1363 4520 ego
1393 4462 1565 4505 autem
1608 4453 1753 4506 illum
1793 4454 1972 4507 consi-

404 4539 551 4603 dero,
580 4542 664 4608 qui
695 4543 903 4610 triginta
934 4552 986 4596 et
1014 4553 1134 4596 octo
1173 4544 1326 4596 annis
1369 4543 1468 4597 hoc
1507 4545 1690 4598 morbo
1731 4545 1973 4599 detentus

404 4630 573 4682 fuerat
600 4628 777 4699 (Joan.
810 4632 885 4701 5).

472 4720 753 4772 Aristoxeni
782 4724 1066 4791 exemplum
1090 4740 1151 4777 ex
1176 4722 1433 4794 Bithynia.
1452 4754 1524 4765 ——
1551 4725 1629 4778 Tu
1656 4726 1809 4778 velim
1837 4741 1973 4794 prae-

406 4822 543 4865 terea
577 4811 946 4866 Aristoxenum
978 4831 1187 4885 quoque
1230 4832 1295 4871 ex
1328 4816 1565 4887 Bithynia
1597 4820 1813 4886 t'ogiteS.
1847 4819 1975 4873 lluic

405 4904 543 4957 enim
580 4917 771 4970 corpus
810 4905 1042 4959 nondum
1083 4910 1372 4962 resolutum
1421 4920 1500 4963 est
1531 4921 1581 4961 ut
1614 4912 1681 4961 illi
1715 4911 1847 4975 seni,
1880 4928 1971 4965 ve-

407 5010 519 5048 rum
548 4994 765 5062 languor
793 4994 928 5047 alius
951 4997 1209 5065 imminet,
1243 5001 1398 5069 longe
1428 5000 1653 5071 paralysi
1687 5003 1769 5055 illa
1803 5004 1970 5056 mole-

406 5089 553 5141 stior.
580 5086 815 5155 Namque
844 5085 944 5139 alvi
972 5092 1363 5147 contractiones
1392 5093 1630 5161 quzedam
1657 5093 1971 5164 doloresque

406 5180 683 5234 tormentis
709 5178 950 5231 omnibus
978 5181 1297 5248 acerbiores,
1327 5202 1470 5241 nime
1493 5185 1700 5256 quidem
1741 5188 1972 5243 verubus

403 5274 647 5325 ornnibus
689 5272 887 5324 acutius
926 5284 1240 5339 pungentes,
1298 5294 1438 5333 nunc
1482 5281 1599 5347 igne
1644 5280 1973 5335 vehementis

404 5374 640 5429 urentes,
672 5364 954 5432 diebusque
989 5366 1207 5433 singulis
1250 5384 1312 5421 ac
1347 5374 1590 5427 noctibus
1631 5388 1747 5427 eum
1793 5378 1974 5443 exagi-

404 5461 596 5521 tantes,
624 5459 761 5525 apud
794 5459 1000 5527 ignaros
1029 5459 1143 5525 ejus
1175 5463 1341 5514 tnorbi
1369 5480 1620 5520 vesanum
1644 5468 1789 5519 illum
1808 5469 1972 5522 videri

401 5540 629 5609 faciunt;
661 5550 796 5604 adeo
843 5560 1085 5619 torquent
1132 5552 1270 5603 illius
1320 5557 1566 5623 pupillas,
1616 5561 1746 5613 adeo
1790 5577 1976 5614 manus

404 5631 671 5700 pedesque
704 5643 1039 5703 contrahunt,
1083 5652 1136 5696 et
1178 5653 1377 5695 mutmn
1433 5646 1577 5701 illum
1630 5654 1972 5705 Constituunt.

402 5720 567 5775 Porro
597 5724 863 5786 clamores
890 5735 1005 5803 ejus
1030 5752 1089 5790 ac
1118 5736 1339 5805 gemitus
1372 5740 1512 5805 (nam
1544 5753 1657 5807 post
1688 5744 1831 5797 illam
1866 5746 1973 5813 pri-

401 5815 664 5869 Valioucm
699 5822 845 5874 vocis
876 5840 1272 5900 nonnumquam
1307 5831 1353 5882 in
1398 5831 1681 5886 clamorem
1722 5838 1971 5906 erumpit)

401 5908 625 5961 lamenta
669 5915 1072 5977 parturientium
1112 5930 1356 5989 superant
1384 5964 1397 5987 ,
1434 5925 1566 5976 adeo
1608 5935 1661 5975 ut
1705 5929 1896 5996 srepim
1944 5930 1973 5982 ii

400 5998 579 6061 "inm,
608 6002 795 6065 ‘l‘lli’lis
830 6007 1158 6071 ιηιψίμιξιιὶιις
1186 6015 1249 6065 ab
1286 6016 1421 6069 illius
1467 6014 1759 6067 italum-mulo
1797 6036 1941 6073 remo

1164 617 1251 669 AD
1291 613 1657 672 STACIRIITFI
1702 614 1739 665 .\
1774 608 2068 664 ἰῖθῖἶδὶΟΧΙί
2101 608 2453 663 VEXATUM.
2482 610 2605 663 LIB.
2649 611 2732 665 lli.

3547 618 3649 675 ιθρ

2075 720 2139 771 tis
2169 718 2361 773 inﬁrmi
2384 730 2525 786 sunt,
2558 737 2665 791 pre
2688 722 2980 791 vigiliarum
3010 724 3164 780 tzedio
3206 726 3396 780 turbati
3440 729 3648 781 mittant

2071 809 2366 877 culpantes,
2389 810 2530 881 quod
2563 828 2625 865 ex
2658 814 2797 867 illius
2825 813 3143 868 clamoribus
3174 816 3394 872 infirmis
3416 818 3531 873 suis
3554 819 3646 870 de-

2073 903 2237 955 terius
2259 902 2342 955 sit.
2368 903 2445 958 llli
2474 920 2603 958 vero
2634 923 2735 959 non
2766 922 2828 960 ex
2860 907 3159 977 longinquis
3205 908 3514 977 intervallis,
3556 910 3650 964 sed

2072 996 2269 1062 saepius
2295 995 2480 1049 diebus
2508 998 2731 1065 singulis
2755 1014 2817 1051 ac
2844 1000 3087 1053 noctibus
3128 1000 3404 1067 comingit,
3446 1012 3652 1055 sextus-

2072 1100 2173 1152 que
2192 1084 2301 1153 jam
2326 1084 2411 1139 hic
2438 1102 2610 1141 annus
2640 1089 2884 1153 vertitur,
2916 1105 2979 1143 ex
3003 1106 3107 1155 quo
3132 1091 3509 1147 molestissimo
3532 1091 3655 1144 huic

2072 1174 2281 1243 flagello
2300 1176 2539 1232 addictus
2566 1188 2667 1241 est,
2698 1195 2869 1249 neque
2892 1195 3083 1235 servus
3109 1183 3240 1235 ullus
3261 1184 3535 1253 adest,qui
3562 1198 3656 1236 cu-

2073 1282 2184 1319 ram
2208 1267 2321 1336 ejus
2352 1269 2561 1335 habeat,
2595 1287 2765 1341 neque
2792 1271 3052 1334 medicas,
3083 1274 3171 1342 qui
3212 1275 3523 1329 consoletur
3556 1291 3571 1328 :
3599 1274 3653 1328 id

2076 1371 2290 1426 prepter
2319 1358 2569 1427 inopiam,
2600 1361 2735 1413 istud
2765 1362 2883 1431 quia
2914 1371 3129 1431 superat
3152 1377 3364 1417 onmem
3411 1364 3543 1418 artis
3580 1366 3658 1417 in-

2075 1448 2329 1502 dustriam
2362 1451 2406 1504 is
2436 1452 2672 1505 morbus.
2708 1452 2936 1505 Plurima
2967 1454 3108 1507 enim
3148 1454 3356 1523 plurimi
3383 1470 3503 1509 cum
3529 1470 3656 1525 ege-

2081 1540 2184 1592 rint
2212 1541 2351 1609 (erat
2378 1542 2519 1595 enim
2548 1554 2703 1597 antea
2732 1543 2968 1611 pecuniis
2999 1545 3209 1611 fretus),
3253 1546 3381 1598 nihil
3414 1545 3658 1613 profece-

2081 1640 2222 1685 runt.
2249 1633 2507 1704 Quodque
2533 1634 2617 1688 his
2646 1636 2893 1688 omnibus
2932 1635 3145 1705 gravius
3177 1643 3280 1698 est,
3318 1647 3488 1705 neque
3526 1638 3661 1689 ami-

2079 1737 2261 1775 eorum
2284 1723 2475 1792 aliquis
2504 1741 2622 1777 eum
2649 1725 2755 1792 jam
2783 1726 2965 1780 videre
3006 1726 3139 1789 vult,
3177 1724 3270 1779 sed
3310 1740 3432 1781 eum
3472 1740 3661 1780 omnes

2080 1812 2451 1875 deseruerunt,
2480 1823 2531 1866 ct
2563 1814 2595 1866 ii
2636 1814 2725 1882 qui
2744 1816 2981 1883 plurimis
3003 1826 3159 1871 antea
3187 1816 3255 1869 ab
3288 1832 3355 1871 eo
3390 1816 3659 1871 beneficiis

2081 1904 2288 1958 fuerant
2308 1906 2500 1959 affecti.
2527 1906 2679 1971 Quod
2708 1906 2754 1959 si
2784 1909 2899 1976 quis
2925 1924 3171 1980 umquam
3197 1910 3510 1978 ingreditur,
3540 1924 3663 1979 pro-

2080 1996 2219 2049 tinus
2263 1996 2475 2050 resilit:
2514 2006 2659 2051 tanto
2698 1997 2888 2053 foetore
2928 1998 3117 2052 domus
3160 2001 3245 2053 illa
3279 2001 3430 2067 plena
3462 2009 3561 2062 est,
3594 2014 3661 2054 eo

2078 2087 2216 2155 quod
2258 2087 2435 2140 nullus
2464 2088 2601 2141 adsit
2630 2090 2717 2159 qui
2749 2105 2930 2143 curam
2980 2090 3097 2159 ejus
3149 2100 3318 2159 gerat.
3362 2090 3473 2145 Una
3517 2090 3659 2144 enim

2078 2188 2133 2231 et
2176 2178 2285 2230 Sola
2340 2178 2411 2231 illi
2460 2180 2647 2233 ancilla
2693 2181 2910 2243 assidet,
2958 2190 3159 2234 Lautum
3210 2181 3285 2235 illi
3330 2180 3658 2240 ministrans.

2079 2278 2330 2335 quantum
2358 2276 2537 2338 potest
2574 2270 2788 2336 mulier,
2815 2286 2933 2323 cum
2964 2272 3029 2324 sit
3056 2280 3108 2325 et
3137 2272 3269 2336 sola,
3301 2281 3355 2325 et
3388 2287 3456 2324 ex
3500 2286 3663 2340 opere

2082 2372 2331 2409 manuum
2370 2360 2573 2415 vivens.
2615 2361 2869 2429 Quaenam
2892 2376 3017 2431 ergo
3039 2362 3340 2417 dmmonum
3370 2361 3668 2417 vexatioil-

2084 2447 2185 2501 lius
2213 2450 2462 2504 mrumnis
2490 2453 2785 2519 comparari
2818 2454 3029 2521 potest?
3060 2455 3168 2508 Etsi
3207 2454 3347 2508 enim
3393 2469 3516 2509 eum
3563 2452 3665 2508 bo-

2085 2554 2200 2591 rum
2230 2538 2357 2592 nihil
2382 2542 2734 2608 perturbaret,
2751 2544 2873 2613 quid
2900 2561 3005 2597 non
3030 2556 3295 2613 pateretur
3314 2544 3664 2600 considerans

2080 2630 2216 2685 adeo
2249 2634 2509 2700 prolixum
2539 2644 2766 2703 tempus,
2800 2650 2906 2705 quo
2929 2636 3038 2705 jam
3080 2636 3130 2689 in
3179 2636 3375 2691 lectulo
3413 2635 3659 2700 decubat,

2081 2722 2428 2793 ingentesque
2455 2734 2714 2794 sumptus,
2738 2728 2826 2796 qui
2852 2739 2909 2780 se
2938 2728 2987 2780 in
3018 2742 3319 2796 supremam
3346 2725 3665 2797 redegerunt

2080 2814 2252 2884 inopia
2262 2832 2335 2881 tn,
2350 2818 2639 2871 amicorum
2658 2828 3038 2889 contemptum,
3066 2818 3379 2872 famulorum
3397 2828 3554 2889 atque
3569 2818 3665 2873 ob-

2080 2908 2413 2975 sequentium
2436 2908 2779 2963 solitudinem
2810 2919 2924 2975 :et,
2974 2909 3024 2963 id
3063 2909 3203 2978 quod
3246 2909 3478 2965 maxime
3521 2925 3661 2963 nunc

2080 2995 2251 3059 doles,
2280 3007 2479 3053 certam
2514 2998 2714 3050 nullam
2746 2998 2990 3052 fiduciam
3023 2997 3185 3053 habet
3208 3014 3273 3050 an
3300 2998 3457 3052 finem
3484 2999 3664 3052 clades

2082 3085 2195 3139 ista:
2226 3087 2481 3140 Labitura:
2522 3087 2646 3149 sint,
2680 3089 2787 3142 imo
2816 3102 2944 3143 vero
2986 3098 3184 3143 certam
3226 3090 3488 3155 notitiam,
3521 3090 3662 3159 quod

2083 3188 2142 3227 se
2175 3176 2385 3229 vivente
2430 3191 2492 3228 ac
2526 3177 2762 3245 spirante
2800 3193 3086 3247 numquam
3130 3177 3418 3233 ﬁnientur?
3459 3179 3665 3248 Quippe

2084 3267 2200 3331 ejus
2230 3266 2399 3319 morbi
2430 3266 2527 3329 vis,
2553 3274 2607 3320 et
2628 3267 2967 3337 quotidianus
3015 3268 3066 3322 in
3101 3267 3365 3323 deteriora
3416 3284 3665 3340 progres-

2081 3370 2194 3417 sos,
2222 3354 2321 3409 hoc
2343 3356 2680 3425 pollicentur.

2152 3448 2237 3502 15.
2279 3447 2600 3501 Χρηοιιοτιιὶἱ
2622 3449 2789 3503 aditus
2827 3450 3185 3505 consolationis
3212 3450 3425 3505 occasio.
3454 3478 3529 3491 —
3555 3450 3662 3505 νε·-

2081 3554 2196 3591 rum
2248 3555 2312 3592 ne
2346 3554 2441 3608 per
2471 3541 2709 3609 singulos
2750 3556 3075 3597 enumerans
3102 3557 3197 3596 eos
3234 3542 3321 3612 qui
3354 3541 3662 3611 huiusmodi

2081 3631 2319 3684 adversis
2347 3631 2557 3685 casibus
2586 3632 2766 3686 amicti
2788 3642 2934 3698 sunt,
2967 3632 3235 3688 fastidium
3267 3634 3565 3704 legentibus
3586 3633 3662 3686 fa-

2079 3724 2238 3789 ciam,
2284 3738 2465 3792 perge,
2496 3740 2699 3793 quzeso,
2753 3725 2819 3779 ad
2852 3725 3013 3796 gillum
3065 3728 3149 3779 cui
3178 3724 3495 3779 xenodochii
3538 3741 3661 3779 cura

2082 3816 2337 3883 permissa
2369 3824 2471 3881 est,
2516 3833 2579 3870 ac
2603 3817 2731 3884 jube
2755 3825 2806 3871 te
2829 3818 2895 3871 ad
2924 3818 2991 3871 ibi
3013 3816 3253 3887 jacentes
3292 3817 3574 3882 introduci,
3607 3825 3665 3872 ut

2078 3920 2290 3958 omnem
2318 3906 2626 3959 morborum
2660 3906 2910 3976 inSpicias
2938 3907 3190 3969 radicem,
3234 3922 3473 3976 novaque
3519 3906 3665 3960 infir-

2080 3998 2319 4050 mitatum
2348 4013 2565 4066 genera,
2610 4012 2901 4067 omnesque
2943 3999 3192 4051 materias
3221 4000 3488 4053 Inmroris.
3533 3999 3660 4053 Inde

2085 4100 2134 4143 te
2162 4090 2227 4143 ad
2278 4106 2546 4145 carcerem
2590 4091 2791 4156 confer,
2845 4092 3155 4157 cunctisque
3206 4091 3344 4144 illius
3374 4090 3659 4145 habitaculi

2082 4181 2362 4249 diligenter
2390 4182 2701 4250 exploratis,
2746 4180 3082 4251 proficiscere
3112 4182 3176 4235 ad
3214 4183 3522 4237 balnearum
3568 4199 3659 4236 ve-

2082 4272 2294 4337 stibula,
2327 4287 2433 4341 quo
2473 4273 2524 4325 in
2554 4272 2688 4335 loco,
2735 4273 2860 4325 fimo
2887 4281 2940 4326 ct
2969 4274 3158 4341 stipula
3190 4290 3285 4342 pro
3326 4274 3560 4328 vestibus
3607 4284 3661 4327 et

2079 4362 2239 4415 domo
2287 4372 2495 4417 utentes
2542 4363 2720 4431 jaceat
2764 4366 2998 4417 nonnulli
3028 4365 3173 4428 nudi,
3227 4364 3440 4435 frigore,
3472 4368 3659 4419 morbo

2078 4451 2319 4522 fameque
2350 4464 2600 4523 perpetua
2647 4452 2869 4516 obsessi,
2924 4465 3249 4525 aspectuque
3292 4457 3409 4509 solo
3446 4473 3509 4510 ac
3550 4466 3659 4511 tre-

2080 4562 2228 4599 more
2250 4549 2489 4616 corporis
2514 4560 2564 4601 et
2591 4549 2765 4601 sonitu
2794 4564 2852 4602 se
2870 4549 3234 4603 collidentium
3266 4550 3499 4604 dentium
3524 4566 3659 4619 pra!—

2082 4647 2353 4692 tereuutes
2381 4638 2444 4692 ad
2474 4639 2892 4694 misericnrdiam
2933 4638 3225 4703 flectentes,
3270 4654 3439 4708 neque
3470 4656 3655 4695 Vocem

2081 4735 2347 4799 entitrcre,
2384 4750 2552 4802 neque
2576 4750 2786 4787 manum
2817 4735 3101 4787 extendere
3132 4735 3387 4799 valentes,
3420 4749 3486 4788 eo
3514 4735 3654 4803 quod

2076 4823 2183 4892 jam
2216 4824 2297 4877 bis
2326 4824 2478 4877 malis
2525 4825 2731 4892 penitus
2775 4826 2933 4876 attriti
2979 4832 3119 4875 sunt.
3171 4823 3355 4893 Neque
3400 4826 3656 4879 hactenus

2081 4916 2332 4983 persistas
2362 4914 2537 4976 velim,
2567 4914 2659 4968 sed
2690 4914 2753 4966 ad
2789 4930 3077 4983 panperutn
3104 4914 3479 4980 diversorium,
3512 4916 3650 4986 quod

2078 5017 2201 5060 ante
2237 5005 2417 5059 urbem
2450 5016 2549 5069 est,
2589 5006 2842 5075 egredere
2873 5025 2887 5061 :
2921 5006 3210 5077 perspicies
3247 5008 3478 5077 profecto
3511 5025 3655 5073 eum,

2077 5113 2183 5167 quo
2213 5112 2350 5152 nunc
2371 5096 2643 5164 detineris,
2683 5114 2968 5153 numerem
3004 5112 3210 5169 portmu
3242 5114 3360 5154 esse
3391 5102 3651 5168 tranquil-

2078 5189 2359 5243 lissimum.
2389 5188 2522 5255 Quid
2546 5192 2687 5245 enim
2717 5191 2894 5246 dicere
2922 5207 3135 5247 necesse
3164 5200 3263 5255 est,
3288 5192 3371 5246 vel
3394 5193 3651 5261 elephan-

2080 5280 2147 5334 tia
2166 5292 2511 5352 consumptos
2533 5284 2780 5349 viros,vel
2805 5301 2995 5337 cancro
3018 5282 3299 5338 mulieres?
3320 5282 3491 5336 Ambo
3513 5286 3653 5337 enim

2083 5376 2166 5431 isti
2203 5377 2369 5431 morbi
2402 5386 2455 5429 et
2486 5378 2621 5448 longi
2653 5387 2773 5429 sunt
2806 5387 2856 5429 et
2904 5375 3220 5430 insanabiles
3248 5394 3260 5429 :
3295 5376 3485 5430 borum
3527 5393 3654 5431 vero

2081 5479 2300 5536 uterque
2325 5484 2458 5536 quos
2477 5469 2830 5535 occupaverit,
2856 5469 2961 5519 suis
2985 5467 3201 5521 urbibus
3220 5468 3655 5536 elimiuatmeque

2083 5560 2271 5612 lavacri
2304 5576 2416 5619 eos,
2457 5576 2628 5627 neque
2658 5558 2775 5621 fori,
2809 5575 2980 5629 neque
3006 5561 3223 5614 alterius
3261 5561 3550 5629 cuiuspiam
3580 5562 3655 5613 in-

2084 5660 2159 5703 tra
2194 5650 2345 5719 positi
2381 5651 2477 5702 loci
2512 5651 2792 5720 participes
2822 5651 2937 5705 ﬁeri
2966 5651 3043 5705 fas
3070 5662 3169 5707 est.
3202 5652 3381 5722 Neque
3409 5652 3544 5705 istud
3567 5668 3655 5703 so-

2082 5744 2187 5797 ltnn
2217 5744 2463 5797 acerbum
2492 5755 2594 5811 est,
2625 5761 2811 5799 verum
2838 5745 2993 5799 etiam
3024 5744 3160 5814 quod
3185 5761 3356 5814 neque
3382 5744 3654 5797 confidere

2080 5844 2319 5903 possunt,
2372 5838 2671 5890 necessaria
2705 5838 2860 5891 victui
2911 5838 3008 5889 sibi
3056 5851 3159 5889 non
3205 5835 3466 5889 defutura.
3516 5835 3652 5903 Quid

2080 5942 2201 5980 vero
2234 5927 2349 5979 illos
2380 5943 2692 5992 memorem,
2717 5929 2803 5997 qui
2834 5928 3021 5981 frustra
3049 5936 3239 5995 saeptus
3270 5941 3331 5979 ac
3358 5928 3471 5981 sine
3495 5943 3647 5981 causa

2084 6021 2143 6072 :ul
2180 6021 2383 6073 metalla
2430 6022 2661 6075 damnati
2707 6024 2866 6076 sunt?
2898 6021 3091 6089 Nempe
3132 6019 3215 6077 isti
3260 6037 3445 6075 Ullillt‘S
3491 6022 3652 6073 ntulto
