4490 6740
812 559 910 615 ἀοι

826 676 1070 744 graviore
1090 675 1273 730 dolore
1297 672 1619 735 cruciantur,
1649 685 1806 741 quam
1836 670 1919 739 qui
1947 684 1978 724 a
2005 669 2248 725 deemone
2274 683 2393 722 cor-

832 769 1113 833 ripiuutur.
1140 765 1194 820 Si
1236 778 1359 818 vero
1402 778 1507 817 non
1538 761 1717 817 credis
1739 801 1754 825 ,
1782 760 1912 814 nihil
1940 760 2131 814 mirum
2158 768 2259 815 est.
2286 758 2394 812 No-

827 868 937 909 stra
953 856 1094 908 enim
1116 870 1222 908 non
1245 851 1431 907 eadem
1453 852 1734 915 sententia,
1753 864 1853 917 qua
1875 849 2045 903 aliena
2064 846 2397 903 incommoda

827 943 1062 1011 judicare
1088 942 1493 996 consuevimus:
1525 953 1643 993 cum
1676 938 1760 991 illa
1789 936 2002 1006 quidem
2038 936 2201 991 verbo
2229 935 2398 991 solum

828 1046 877 1085 et
911 1043 1155 1102 aspectu,
1201 1042 1377 1085 nostra
1405 1045 1531 1085 vero
1557 1029 1921 1100 experimento
1968 1042 2033 1082 ac
2070 1042 2251 1092 sensu,
2281 1042 2399 1082 cum

830 1122 1000 1176 nostri
1042 1122 1272 1191 ipsorum
1312 1119 1653 1175 miseratione
1688 1119 1988 1190 conjuncta,
2034 1116 2398 1172 didicerimus.

830 1216 1005 1283 Atque
1021 1214 1215 1268 idcirco
1245 1213 1341 1265 ista
1363 1211 1603 1279 graviora
1620 1226 1757 1275 esse,
1782 1211 2059 1280 minusque
2087 1208 2401 1274 tolerabilia,

830 1318 988 1370 quam
1010 1302 1094 1357 illa
1116 1303 1631 1363 censemus.tame.tsi
1654 1301 1803 1356 valde
1834 1301 1963 1355 levia
1986 1308 2110 1354 sunt
2137 1309 2190 1354 et
2211 1299 2405 1354 tolera-

834 1393 978 1446 bilia.
995 1392 1050 1448 Si
1076 1408 1200 1447 vero
1225 1392 1484 1461 quispiam
1510 1392 1578 1446 ab
1600 1393 1843 1446 omnibus
1869 1392 2001 1446 liber
2026 1391 2234 1444 illorum
2254 1400 2407 1443 natu-

834 1499 947 1539 ram
975 1484 1280 1555 diligentius
1308 1484 1630 1549 consideret,
1676 1492 1728 1537 et
1754 1499 1845 1537 eos
1875 1482 1963 1551 qui
1998 1482 2050 1535 in
2083 1482 2169 1534 illa
2201 1480 2402 1535 incide-

835 1581 959 1627 runt
1000 1575 1408 1639 animadvertat,
1452 1573 1537 1627 hic
1562 1572 1799 1643 profecto
1828 1571 1981 1628 nobis
2004 1571 2071 1625 de
2101 1570 2400 1638 hujusmodi

835 1664 974 1717 feret
1020 1664 1376 1732 incorruptam
1411 1662 1747 1715 sententiam.
1778 1661 1883 1715 Sed
1914 1661 2141 1717 fortasse
2168 1660 2407 1716 dicturus

832 1770 914 1819 es,
941 1768 1125 1808 omnes
1169 1755 1287 1808 illos
1326 1754 1540 1808 morbos
1565 1754 1704 1808 circa
1748 1768 1942 1823 corpus
1982 1754 2181 1808 versari
2209 1753 2405 1819 solum,

834 1845 970 1898 hanc
992 1852 1169 1898 autem
1196 1854 1400 1915 pestem
1433 1845 1599 1914 ipsam
1635 1845 1863 1898 animam
1892 1845 2169 1914 attingere,
2202 1845 2408 1913 illisque

834 1935 1081 1989 omnibus
1106 1950 1226 1990 esse
1253 1935 1522 1990 ditiorem.
1546 1935 1744 2005 Nempe
1767 1937 1866 1989 hoc
1892 1936 2008 2004 ipso
2028 1936 2269 2002 inprimis
2288 1950 2405 1988 eam

833 2027 1162 2082 inveniemus
1189 2028 1293 2082 illis
1326 2028 1571 2082 omnibus
1596 2043 1715 2082 esse
1743 2027 2013 2082 leviorem.
2043 2026 2227 2095 Neque
2259 2026 2400 2081 enim

834 2118 948 2173 inec
976 2128 1032 2172 ut
1053 2120 1124 2172 illi
1146 2134 1339 2187 corpus
1360 2119 1670 2187 corrumpit,
1694 2118 1786 2174 sed
1808 2118 1979 2173 solum
2002 2118 2231 2171 animam
2255 2116 2401 2171 brevi

834 2218 1072 2278 tempore
1091 2209 1322 2278 exagitat
1346 2227 1360 2263 :
1382 2218 1628 2263 caeterum
1653 2209 1726 2263 illi
1748 2210 1846 2279 ipsi
1874 2208 2067 2276 morbi,
2092 2222 2226 2279 quos
2248 2207 2407 2262 modo

836 2300 1251 2364 numeravinms,
1305 2317 1424 2355 cum
1454 2301 1504 2353 in
1535 2316 1694 2355 carne
1715 2302 2018 2371 gignantur,
2045 2316 2163 2355 eam
2193 2314 2407 2355 omnem

834 2403 1034 2459 pestem
1064 2408 1167 2445 non
1199 2402 1417 2445 eatenus
1446 2393 1660 2457 sistunt,
1699 2382 1882 2447 verum
1910 2391 1975 2446 ad
2005 2393 2234 2445 animam
2257 2392 2411 2445 emit-

836 2489 972 2547 tunt,
1004 2490 1308 2550 torquentes
1338 2482 1481 2535 illam
1504 2482 1720 2552 jugiter,
1763 2493 1817 2535 et
1843 2497 1936 2550 per
1960 2481 2161 2537 doloris
2189 2496 2252 2535 ac
2278 2495 2411 2535 mm-

839 2573 976 2627 roris
1021 2573 1236 2627 aculeos
1275 2582 1697 2641 corrumpeutes.
1734 2572 1802 2627 Ut
1844 2574 1997 2640 enim,
2040 2573 2227 2641 inquit,
2256 2572 2412 2625 ulceri

834 2673 1031 2715 acetum
1082 2663 1282 2716 minime
1322 2664 1566 2727 convenit,
1595 2664 1667 2716 ita
1694 2671 1742 2718 et
1787 2663 1987 2717 morbus
2028 2664 2080 2716 in
2114 2679 2300 2732 corpus
2326 2664 2408 2715 in-

833 2762 1000 2805 vectus
1025 2753 1277 2823 perturbat
1312 2769 1397 2807 cor
1428 2752 1606 2825 (Prov.
1634 2754 1724 2809 9.5.
1754 2752 1869 2822 20).
1894 2752 2009 2807 Non
2041 2754 2199 2823 igitur
2224 2752 2275 2806 id
2315 2766 2407 2805 so-

835 2842 942 2895 lum
972 2842 1191 2908 dixeris,
1226 2843 1321 2896 hos
1346 2852 1547 2897 tantum
1583 2843 1723 2914 gigni
1765 2859 1829 2898 ex
1862 2858 2104 2911 corpore,
2148 2841 2245 2897 sed
2283 2841 2407 2895 illud

836 2934 1010 3002 potius
1032 2933 1272 2998 ostende,
1293 2948 1398 3002 quo
1420 2943 1573 3003 pacto
1590 2944 1789 3003 pestem
1810 2948 2023 2988 omnem
2045 2942 2098 2986 et
2116 2932 2412 3000 corruptio-

835 3039 959 3078 nem
990 3022 1055 3076 ad
1081 3025 1309 3077 animam
1341 3039 1444 3077 non
1472 3024 1700 3078 mittant.
1722 3024 1927 3094 Quippe
1950 3035 2003 3078 et
2034 3024 2197 3092 pestis
2228 3023 2245 3053 ί
2289 3037 2410 3075 cum

836 3132 945 3171 non
973 3116 1218 3185 gignatur
1245 3133 1308 3169 ex
1336 3116 1667 3186 corporibus.
1705 3115 1993 3183 corrumpit
2021 3124 2073 3167 et
2103 3113 2270 3182 perdit
2295 3127 2414 3166 cor-

839 3220 989 3274 pora,
1019 3207 1268 3277 virusque
1295 3216 1625 3275 serpentum,
1655 3222 1774 3259 cum
1803 3222 1869 3259 ex
1898 3207 1975 3258 eis
2007 3206 2247 3273 prodeat,
2290 3219 2414 3270 per-

838 3298 915 3350 dit
943 3296 1067 3351 item
1112 3311 1246 3351 nos:
1297 3297 1369 3349 ita
1398 3304 1451 3349 et
1491 3296 1543 3349 in
1573 3294 1657 3348 bis
1690 3295 1893 3349 morbis
1941 3294 2277 3348 sentiendum
2309 3302 2411 3357 est,

838 3390 928 3458 qui
953 3404 1076 3444 cum
1102 3389 1383 3458 gignantur
1409 3402 1477 3441 ex
1502 3400 1747 3455 corpore,
1769 3385 1982 3438 malitia:
2007 3399 2117 3438 sua:
2139 3398 2342 3437 venena
2361 3384 2412 3435 in

838 3480 1069 3533 animam
1100 3488 1337 3531 nostram
1367 3475 1762 3531 transfundunt'.
1788 3474 1943 3530 Omni
1973 3488 2198 3544 namque
2226 3474 2411 3528 obses-

840 3572 990 3624 sione
1018 3568 1277 3622 diabolica
1311 3567 1577 3637 potentior
1604 3575 1687 3622 est
1729 3566 1795 3621 ad
1822 3565 2117 3620 nocendum
2164 3564 2411 3619 maeroris

841 3658 1167 3731 magnitudo.
1207 3658 1445 3728 Namque
1468 3667 1523 3712 et
1546 3658 1756 3712 daemon
1787 3669 2149 3727 quoscumque
2178 3662 2413 3723 superat,

841 3768 936 3822 per
963 3765 1247 3805 mterorem
1278 3757 1494 3819 superat
1529 3765 1544 3802 :
1576 3764 1699 3803 eum
1726 3750 1770 3803 si
1797 3746 2027 3811 auferas,
2074 3745 2202 3799 nihil
2240 3761 2269 3797 a
2309 3745 2419 3798 da:-

845 3858 1006 3897 mone
1046 3843 1324 3912 quisquam
1355 3841 1472 3895 hndi
1516 3843 1728 3910 poterit.
1756 3841 1824 3895 Et
1851 3839 2138 3910 quomodo,
2185 3838 2413 3908 inquies,

841 3936 957 3990 ﬁeri
985 3943 1177 4004 potest,
1230 3944 1286 3988 ut
1313 3948 1546 3990 maerore
1572 3933 1789 3988 vacem?
1817 3932 1931 4002 Ego
1959 3941 2145 3987 contra
2177 3942 2226 3985 te
2252 3931 2418 3984 inter-

842 4027 1061 4095 rogabo,
1080 4025 1204 4095 quid
1224 4039 1399 4080 causa:
1422 4035 1505 4080 est
1529 4024 1670 4095 quod
1696 4039 1800 4079 non
1828 4023 1987 4079 liceat
2006 4037 2036 4076 a
2063 4026 2297 4077 interere
2325 4035 2419 4074 va-

840 4132 987 4172 care.
1015 4116 1146 4171 Nam
1192 4117 1236 4171 si
1281 4116 1620 4182 adulterium,
1671 4116 1718 4169 si
1758 4114 2123 4179 homicidium,
2154 4112 2200 4167 si
2241 4111 2419 4166 scelus

843 4207 1055 4279 aliquod
1082 4206 1383 4278 hujusmodi
1413 4216 1797 4277 perpetrasses,
1838 4204 1981 4276 quod
2011 4213 2063 4260 te
2106 4215 2271 4274 regno
2308 4218 2416 4259 cre-

845 4300 964 4353 lesti
990 4299 1317 4364 excluderet,
1346 4306 1490 4354 recte
1516 4312 1774 4354 mmreres
1803 4311 1867 4351 ac
1896 4296 2106 4367 lugeres
2135 4295 2417 4364 nullusque

843 4399 895 4444 te
920 4389 1259 4459 prohiberet:
1284 4389 1423 4459 quod
1447 4390 1490 4443 si
1513 4404 1607 4459 per
1624 4388 1715 4443 Dei
1729 4387 1950 4458 gratiam
1978 4387 2045 4442 ab
2070 4386 2151 4441 his
2173 4384 2418 4440 omnibus

848 4481 1155 4553 longissime
1174 4491 1411 4535 remotus
1438 4479 1645 4549 es,quid
1674 4478 1867 4535 frustra
1895 4479 2118 4549 teipsum
2143 4476 2417 4531 concidis?

920 4576 1006 4628 14.
1041 4572 1142 4627 Cur
1166 4587 1427 4624 maerorem
1453 4569 1589 4622 Deus
1616 4579 1800 4623 nostra:
1827 4578 2026 4622 natura
2049 4566 2328 4621 inseruerit.
2348 4593 2418 4603 --

846 4663 1128 4719 Mmrorcm
1165 4678 1375 4734 quoque
1407 4662 1548 4716 Deus
1598 4660 1821 4714 inseruit
1862 4667 2064 4712 natura:
2096 4656 2412 4719 mortalium,

849 4772 956 4810 non
975 4755 1143 4811 utabs
1170 4770 1225 4808 re
1251 4763 1305 4808 et
1353 4751 1722 4821 intempestive
1749 4750 1837 4803 illo
1865 4749 1916 4803 in
1943 4747 2101 4802 rebus
2143 4746 2419 4799 contrariis

849 4857 1079 4907 utamur,
1116 4858 1289 4913 neque
1325 4853 1383 4896 ut
1409 4844 1651 4912 nosipsos
1681 4842 2022 4911 perimamus,
2057 4850 2237 4891 verum
2273 4844 2329 4887 ut
2354 4850 2419 4887 ex

846 4951 912 4990 eo
951 4935 1178 4988 maxima
1211 4933 1560 4987 emolumenta
1596 4945 1997 5001 consequamur.
2030 4927 2272 4996 Quonam
2300 4939 2424 4978 vero

850 5025 1008 5080 modo
1069 5026 1156 5080 illa
1197 5024 1623 5094 consequemur?
1675 5024 1731 5078 Si
1777 5024 1922 5077 illum
1977 5019 2288 5089 tempestive
2340 5032 2426 5071 as-

852 5132 1140 5170 nummus.
1174 5116 1340 5169 Porro
1368 5115 1614 5169 maeroris
1652 5122 1856 5181 tempus
1886 5128 1987 5166 non
2021 5122 2143 5167 tunc
2169 5121 2269 5174 est,
2300 5125 2421 5163 cum

848 5207 1046 5276 aliquid
1093 5208 1319 5276 patimur
1354 5207 1584 5272 adversi,
1645 5205 1737 5260 sed
1776 5222 1897 5259 eum
1937 5206 2073 5259 male
2117 5218 2419 5274 operemur.

852 5298 921 5350 At
949 5313 1073 5351 vero
1101 5312 1199 5350 nos
1220 5297 1455 5350 ordinem
1478 5298 1848 5366 pervenimus,
1876 5306 2217 5365 temporaque
2243 5294 2425 5348 immu-

854 5389 1099 5455 lavimus,
1142 5387 1231 5457 qui
1268 5403 1389 5441 cum
1433 5388 1705 5441 innumera
1746 5387 1885 5441 mala
1922 5396 2311 5456 perpetremus,
2360 5399 2426 5439 ne

854 5478 1086 5533 breviter
1126 5480 1336 5549 quidem
1366 5478 1551 5533 dolore
1572 5479 1933 5533 contrahimur
1961 5495 1973 5531 :
2006 5478 2086 5533 sin
2115 5492 2242 5532 vero
2269 5476 2426 5546 quip-

855 5571 993 5640 piam
1020 5586 1049 5625 a
1069 5586 1327 5641 quoquam
1356 5572 1618 5641 patiamur
1640 5571 1783 5637 mali,
1816 5570 2053 5640 protinus
2069 5568 2423 5632 concidimus,

855 5662 1136 5727 hmremus,
1174 5662 1486 5731 liberarique
1512 5673 1564 5717 et
1588 5661 1775 5717 cedere
1797 5678 1861 5715 ex
1892 5662 1992 5714 vita
2021 5659 2352 5714 festinamus.

924 5754 1106 5809 Gravis
1144 5755 1301 5824 igitur
1329 5766 1382 5809 et
1410 5771 1630 5811 onerosa
1672 5770 1735 5809 ea
1765 5768 1848 5808 res
1872 5754 2096 5819 videtur,
2139 5770 2242 5809 non
2273 5766 2427 5807 secus

854 5860 1007 5918 quam
1042 5847 1309 5901 iracundia
1336 5857 1386 5900 et
1408 5845 1851 5915 concIipiscentia.
1873 5843 2000 5897 Nam
2036 5844 2219 5899 ethazc
2234 5843 2425 5898 damna

920 5960 933 5993 ⁵
972 5960 1043 6007 sic
1066 5958 1286 6023 plerique
1430 5964 1478 6006 lu
1496 5965 1561 6017 IL,
1584 5961 1751 6021 fames,
1778 5961 1934 6009 minus
1958 5966 2110 6008 recte.

1508 554 1565 610 S.
1606 552 1897 612 JOANNIS
1929 553 2423 615 CIIRYSOSTOHI
2459 554 2781 611 ARCIIIEP.
2824 556 3377 614 CONSTANTINOP.

3992 564 4102 617 49:2

2505 668 2853 738 importarunt
2874 667 2928 731 ii,
2951 669 3041 736 qui
3060 669 3122 723 iis
3148 686 3252 725 non
3274 678 3418 725 recte
3448 684 3616 739 neque
3645 681 3938 739 opportune
3957 684 4083 726 sunt

2505 759 2606 810 nsi.
2639 756 3009 827 Contingitque
3039 756 3177 811 idem
3206 761 3345 829 quod
3377 762 3427 814 in
3454 760 3872 826 medicamentis,
3904 777 4024 830 qua:
4050 780 4080 815 a

2505 848 2725 902 medicis
2758 848 3075 903 traduntur:
3118 850 3315 918 quippe
3352 862 3405 906 et
3436 853 3520 906 illa
3555 852 3597 906 si
3630 866 3733 906 non
3763 866 3860 905 suo
3889 852 4087 906 ordine

2504 951 2558 993 et
2584 949 2843 1008 tempore,
2883 956 2945 995 ac
2982 954 3079 1010 pro
3107 940 3296 1009 quibus
3330 944 3529 997 morbis
3569 952 3743 1013 parata
3788 952 3930 1007 sunt,
3981 942 4079 997 sed

2507 1043 2603 1099 pro
2620 1029 2738 1083 aliis
2759 1030 3093 1099 imponantur
3108 1030 3229 1094 alia,
3254 1045 3357 1083 non
3382 1033 3554 1087 solum
3576 1035 3812 1089 inﬁrmos
3826 1033 4079 1102 languore

2507 1132 2615 1171 non
2656 1116 2902 1183 liberant,
2934 1120 3026 1174 sed
3064 1118 3419 1173 inﬁrmitatem
3444 1123 3619 1187 potius
3641 1131 3924 1193 aggravant
3956 1139 3971 1175 :
4006 1122 4078 1175 ita

2510 1224 2724 1280 prorsus
2769 1218 2825 1263 et
2866 1226 3068 1266 niteror
3109 1214 3248 1278 facit,
3287 1227 3349 1266 ac
3387 1214 3579 1268 merito
3605 1231 3751 1270 sane.
3798 1216 3926 1271 Nam
3954 1230 4078 1270 cum

2510 1310 2772 1356 austerum
2801 1302 2871 1354 sit
2895 1305 3287 1374 corrodeusque
3316 1304 3777 1374 medicamentum,
3811 1318 3989 1377 atque,
4022 1314 4082 1360 ut

2510 1390 2579 1445 ita
2607 1390 2849 1456 dixerim,
2886 1390 3130 1447 vitiorum
3166 1411 3285 1464 quae
3318 1396 3369 1449 in
3395 1394 3548 1449 nobis
3580 1407 3704 1449 sunt
3739 1400 4004 1467 purgatio,
4036 1399 4081 1451 si

2510 1480 2851 1535 admoveatur
2872 1480 3045 1535 otioso
3066 1497 3130 1537 ac
3156 1484 3381 1539 delicato
3405 1483 3603 1550 animo,
3626 1483 3926 1553 ingentique
3957 1501 4086 1555 pec-

2510 1583 2748 1627 catorum
2774 1571 3005 1642 pondere
3031 1587 3309 1642 oppresso,
3340 1576 3620 1630 maximam
3649 1575 3725 1629 illi
3762 1573 3947 1629 afferet
3980 1578 4087 1628 uti-

2509 1662 2713 1718 litatem
2741 1679 2755 1716 :
2784 1663 2863 1717 sin
2894 1673 3068 1718 autem
3094 1664 3272 1718 animo
3296 1665 3606 1731 decertanti,
3624 1665 3911 1729 dimicanti,
3933 1665 4086 1719 labo-

2512 1755 2658 1809 ribus
2700 1755 2951 1822 exercito,
2999 1754 3139 1809 curis
3170 1770 3446 1824 oppresso,
3494 1766 3547 1812 et
3574 1759 3792 1828 plurima
3825 1770 4085 1827 perpesso

2510 1846 2843 1913 adhibeatur,
2873 1855 3219 1917 prmterquam
3245 1847 3387 1915 quod
3415 1847 3546 1903 nihil
3579 1850 3811 1919 prodest,
3853 1848 4086 1901 maxime

2511 1947 2688 2004 nocet,
2735 1939 3133 1993 imbecilliorem
3176 1938 3320 1992 illum
3363 1937 3561 1995 faciens
3590 1950 3746 2012 atque
3782 1950 4085 2011 expugnatu

2512 2027 2740 2082 facilem.
2790 2028 3047 2095 Quocirca
3093 2028 3351 2083 stantibus
3404 2039 3458 2083 et
3495 2033 3691 2085 acriter
3731 2030 4086 2102 pugnantibus

2512 2117 2704 2172 Paulus
2751 2133 2870 2171 cum
2914 2119 3192 2180 scriberet,
3231 2118 3479 2171 dicebat:
3516 2120 3741 2175 Gaudete
3776 2123 3829 2175 in
3872 2121 4089 2175 Domino

2508 2226 2744 2280 semper;
2780 2212 2957 2265 iterum
2982 2212 3110 2276 dico,
3152 2212 3367 2281 gaudete
3395 2213 3557 2283 (Phil.
3590 2214 3641 2266 4.
3669 2213 3744 2285 4).
3777 2215 3940 2268 Porro
3975 2212 4089 2267 dis-

2511 2302 2698 2355 solutis
2718 2302 3087 2374 ingentemque
3124 2304 3440 2359 habentibus
3466 2314 3745 2370 tumorem,
3776 2306 3845 2361 Et
3870 2324 3974 2371 eos,
4009 2307 4092 2359 in-

2512 2393 2645 2460 quit,
2672 2392 2838 2461 iri/lati
2863 2395 3016 2459 estis;
3045 2404 3089 2445 et
3115 2410 3213 2448 non
3246 2397 3409 2463 potius
3434 2395 3636 2463 ﬂevistis
3667 2394 3880 2466 (l.Cor.
3906 2398 3959 2451 5.
3989 2396 4048 2465 2)
4066 2396 4093 2447 ?

2516 2483 2697 2552 Itaque
2715 2484 2758 2538 is
2782 2484 2999 2553 quidem
3023 2486 3112 2554 qui
3141 2495 3475 2554 peccatorum
3503 2485 3683 2553 sagina
3707 2486 4087 2557 impinguatur,

2513 2581 2829 2627 extenuetur
2866 2589 2930 2627 ac
2968 2575 3193 2628 siccetur
3234 2576 3334 2629 hoc
3376 2576 3759 2631 medicamento
3791 2594 3805 2629 :
3846 2578 3933 2648 qui
3962 2592 4091 2631 vero

2512 2662 2665 2715 bona:
2689 2662 3011 2717 habitudinis
3040 2674 3143 2728 est,
3174 2675 3333 2735 atque
3362 2665 3412 2718 iu
3454 2665 3659 2719 decenti
3691 2675 3828 2720 statu
3852 2667 4090 2739 seip:um

2512 2763 2708 2817 servat,
2764 2754 2889 2822 quid
2940 2763 3021 2807 est
3070 2770 3275 2822 causae,
3324 2770 3418 2810 cur
3442 2772 3534 2824 per
3566 2770 3849 2820 mterorem
3890 2756 4089 2810 bonam

2514 2857 2663 2896 suam
2706 2842 3063 2897 Valetudinem
3110 2846 3454 2915 Corrumpat?
3501 2844 3647 2899 Adeo
3684 2854 3768 2900 est
3809 2846 3947 2900 enim
4000 2846 4091 2901 ille

2512 2947 2640 2986 acer
2668 2943 2827 3002 atque
2851 2933 3062 2997 efﬁcax,
3104 2945 3161 2989 ut
3186 2937 3345 2989 etiam
3371 2951 3472 3004 ope
3508 2951 3599 2990 sua
3628 2936 4012 3005 indigentibus,
4044 2938 4089 2990 si

2515 3024 2634 3094 plus
2660 3026 2911 3093 temporis
2939 3041 3097 3094 quam
3126 3041 3349 3080 necesse
3375 3028 3442 3080 sit
3476 3027 3805 3091 immoretur,
3826 3028 4088 3079 maximo-

2515 3129 2633 3168 rum
2658 3114 2917 3168 malorum
2956 3130 3113 3169 causa
3140 3116 3227 3168 sit.
3260 3116 3412 3183 Quod
3459 3124 3513 3170 et
3538 3114 3720 3170 beatus
3749 3115 3950 3180 Paulus
3978 3132 4093 3168 me-

2520 3213 2675 3259 tuens
2703 3206 2809 3259 cito
2849 3206 3018 3272 illum,
3050 3218 3329 3276 postquam
3372 3207 3570 3263 fecerat
3608 3208 3745 3276 quod
3774 3224 3921 3262 suum
3950 3217 4085 3272 erat,

2517 3296 2711 3350 auferri
2735 3295 2915 3364 jussit,
2956 3312 3277 3367 causamque
3314 3299 3507 3367 adjecit
3534 3314 3649 3353 eam
3685 3298 3807 3355 :Ne
3831 3302 3977 3370 forte,
4012 3302 4095 3353 iu-

2516 3388 2648 3454 quit,
2676 3386 3036 3440 abundantiori
3074 3388 3277 3442 tristitia
3316 3389 3634 3442 absorbeatur
3670 3390 3747 3458 (2.
3775 3388 3891 3443 Cor.
3917 3390 3971 3442 2.
4008 3392 4090 3458 7).

2524 3476 2690 3530 Porro
2739 3477 2784 3530 si
2838 3478 3034 3531 nimius
3068 3493 3269 3533 mwror
3320 3480 3547 3545 irruens,
3578 3494 3672 3535 eos
3702 3481 3860 3535 etiam
3902 3481 4095 3548 quibus

2524 3575 2638 3622 erat
2667 3567 3018 3634 necessarius,
3042 3569 3234 3636 smpius
3260 3567 3507 3636 perdidit,
3530 3568 3651 3637 quid
3674 3569 3778 3622 illis
3798 3568 3974 3634 faciet,
4004 3570 4095 3637 qui

2520 3671 2640 3709 cum
2684 3671 2790 3709 non
2828 3655 3117 3725 indigeant,
3158 3665 3347 3725 sponte
3386 3658 3533 3710 illum
3570 3658 3671 3711 sibi
3714 3658 4095 3713 consciscunt?

2524 3746 2595 3798 lia
2622 3759 2769 3811 sane,
2803 3747 3025 3815 inquies,
3070 3747 3197 3812 novi
3237 3749 3335 3801 hoc
3363 3756 3418 3801 et
3457 3748 3611 3815 ipse:
3650 3748 3745 3802 sed
3784 3763 3891 3818 quo
3935 3760 4094 3818 pacto

2521 3834 2669 3887 illum
2726 3834 3025 3898 excludam,
3078 3845 3233 3904 atque
3281 3836 3348 3891 ab
3395 3838 3568 3891 anima
3622 3852 3739 3892 mea
3793 3852 4092 3905 amoveam,

2521 3924 2721 3979 nescio.
2752 3926 2816 3979 Et
2840 3926 2993 3994 cujus
3022 3926 3119 3979 hoc
3148 3927 3491 3994 diflicultatis,
3518 3929 3915 3983 amantissime?
3957 3929 4092 3982 Nam

2521 4017 2566 4070 si
2594 4017 3020 4087 concupiscentia
3064 4028 3203 4072 esset
3240 4019 3432 4088 aliqua,
3476 4020 3521 4075 si
3564 4035 3845 4090 corporum
3875 4023 4097 4078 insanus

2522 4120 2691 4173 amor,
2738 4105 2783 4160 si
2827 4105 2997 4160 inanis
3023 4106 3204 4175 gloria:
3231 4108 3489 4177 tyrannis,
3528 4108 3709 4162 vitium
3736 4110 3971 4179 profecto
3998 4127 4089 4166 su-

2526 4205 2709 4265 peratu
2745 4194 3115 4250 difﬁcillimum
3138 4238 3152 4262 ,
3180 4205 3273 4250 aut
3295 4196 3491 4267 aliquid
3521 4198 3965 4266 perturbationum
3998 4202 4098 4255 bu-

2517 4284 2833 4355 juscemodi,
2857 4286 3048 4341 merito
3074 4301 3222 4341 esses
3244 4286 3311 4341 de
3326 4286 3628 4357 hujusmodi
3651 4287 3957 4344 liberatione
3982 4292 4096 4345 sol-

2523 4376 2716 4431 licitus.
2762 4377 2870 4431 Eos
2901 4377 3045 4432 enim
3091 4378 3179 4448 qui
3220 4377 3304 4432 his
3341 4378 3481 4447 capti
3519 4377 3728 4433 fuerunt
3749 4393 3854 4433 non
3882 4380 4094 4448 quidem

2522 4476 2603 4521 est
2628 4467 2973 4535 impossibile,
3000 4466 3363 4521 difﬁcillimum
3397 4477 3569 4522 tamen
3586 4482 3647 4523 ea
3665 4468 3797 4522 retia
3817 4467 4093 4540 diffugere.

2524 4560 2628 4612 Cur
2654 4560 2746 4612 id?
2785 4558 2917 4625 Quia
2950 4558 3188 4629 voluptas
3218 4558 3282 4611 iis
3308 4567 3621 4628 cooperatur
3644 4569 3800 4630 atque
3825 4560 3912 4614 illa
3938 4562 4097 4631 adju-

2524 4660 2629 4703 vat.
2678 4650 2751 4703 Ea
2779 4665 2906 4704 vero
2933 4659 3034 4716 est,
3075 4665 3193 4719 quae
3239 4651 3403 4705 semel
3450 4652 3616 4721 captis
3649 4651 3802 4708 funes
3840 4654 4098 4723 plurimos

2526 4742 2763 4809 innectit,
2805 4742 3048 4811 istudque
3092 4742 3319 4811 primum
3362 4742 3684 4799 difﬁcultatis
3728 4745 4096 4814 plenissimum

2526 4843 2625 4897 est,
2645 4834 2963 4904 persuadere
2990 4838 3167 4888 animo
3192 4837 3266 4889 sic
3289 4836 3512 4903 irretito,
3539 4846 3597 4891 ut
3624 4837 3777 4907 plane
3802 4853 3863 4892 ac
3888 4839 4100 4907 penitus

2529 4924 2654 4978 velit
2694 4940 2755 4979 ac
2796 4926 2975 4994 cupiat
3015 4924 3160 4978 hisce
3206 4924 3355 4978 nodis
3390 4926 3601 4981 liberari
3634 4944 3647 4979 :
3694 4927 3852 4997 ﬁtque
3892 4925 4102 4979 similli-

2529 5034 2693 5084 mum,
2723 5018 2883 5073 veluti
2907 5018 2951 5071 si
2989 5017 3106 5087 quis
3133 5016 3360 5071 scabiem
3386 5033 3446 5072 ac
3477 5019 3795 5088 pruriginem
3823 5018 4103 5087 depositu-

2529 5126 2619 5164 rus
2646 5109 2832 5164 morbo
2861 5123 2958 5163 suo
2984 5108 3292 5170 delectetur,
3337 5117 3389 5163 et
3415 5109 3465 5163 in
3492 5109 3735 5163 eumdem
3779 5109 3947 5177 ipsum
3981 5122 4103 5162 sese

2531 5200 2745 5270 injiciat.
2781 5199 3040 5254 Caeterum
3091 5197 3155 5251 ad
3196 5198 3528 5268 eﬁ‘ugandum
3571 5211 3852 5253 maerorem
3898 5195 3950 5249 id
3992 5212 4101 5250 non

2533 5308 2713 5361 parum
2742 5292 2965 5355 confert,
2999 5290 3039 5344 si
3082 5288 3289 5342 interim
3320 5290 3525 5359 ingrate
3553 5290 3695 5343 illum
3738 5288 4097 5341 ailmittamus.

2530 5383 2658 5436 Nam
2688 5382 2776 5451 qui
2807 5396 2864 5435 re
2888 5380 3061 5449 aliqua
3087 5389 3349 5448 gravatur,
3379 5381 3483 5434 cito
3514 5381 3652 5432 illam
3674 5378 3741 5432 ab
3765 5392 3823 5430 se
3851 5387 4104 5434 excutere

2532 5473 2778 5527 studebit.
2818 5471 2954 5537 Quid
2981 5484 3126 5539 ergo,
3155 5471 3199 5524 si
3220 5471 3336 5540 quis
3361 5485 3476 5525 eam
3495 5471 3561 5525 ab
3584 5484 3643 5523 se
3663 5468 3854 5536 ejicere
3873 5468 4102 5536 studeat,

2536 5578 2632 5617 nec
2663 5562 2865 5632 possit?
2886 5560 2998 5614 Non
3020 5560 3254 5615 remittat
3280 5561 3531 5623 studium,
3561 5568 3614 5612 et
3637 5557 3741 5611 cito
3767 5558 3975 5625 poterit.
4001 5558 4108 5614 Co—

2532 5654 2636 5723 gita
2697 5653 2838 5706 enim
2901 5650 3285 5719 Christianum,
3332 5652 3375 5706 si
3416 5648 3627 5720 quando
3668 5648 3921 5715 tristetur,
3968 5650 4109 5704 duas

2536 5751 2735 5797 tantum
2778 5742 2945 5811 justas
2971 5742 3165 5797 habere
3193 5742 3438 5798 maeroris
3468 5753 3672 5805 causas,
3711 5742 3793 5796 vel
3816 5756 3933 5795 cum
3965 5741 4105 5810 ipse,

2536 5835 2618 5888 vel
2643 5850 2760 5888 eum
2792 5836 3063 5905 proximus
3092 5834 3310 5888 olfeudit
3349 5834 3548 5885 Deum:
3576 5848 3691 5886 cum
3719 5848 3845 5887 vero
3872 5846 4110 5900 prsesens

2538 5939 2734 5981 mceror
2776 5936 2895 5983 tuus
2941 5927 3135 5981 nullam
3164 5922 3465 5993 hujusmodi
3498 5925 3832 5981 occasionum
3871 5921 4107 5978 radicem
