4392 6678
289 597 386 651 401

286 715 498 770 νώντων
559 717 654 788 τὴν
705 716 897 788 ὀδύνην
931 716 1167 785 ἔχουσιν.
1223 716 1284 770 Εί
1322 718 1379 771 δὲ
1417 720 1691 781 ἀπιστεῖς,
1715 717 1865 770 οὐδὲν

287 808 619 882 θαυμαστόν.
640 814 714 868 Οὐ
741 815 850 883 γάρ
878 814 944 880 τῇ
987 810 1124 881 αὐτῇ
1157 811 1350 886 γνώμῃ
1380 815 1450 867 τά
1477 833 1537 867 τε
1573 815 1750 866 οἰκεῖα
1773 815 1868 867 καὶ

283 905 353 958 τὰ
385 906 636 978 ἀλλότρια
661 906 868 975 κρίνειν
898 902 1169 974 εἰώθαμεν
1199 909 1362 968 κακὰ,
1395 906 1508 960 ἀλλ’
1550 909 1730 962 ἐκεῖνα
1769 909 1866 978 μὲν

284 997 426 1069 λόγῳ
488 1000 580 1053 καὶ
630 998 748 1065 ὄψει
793 995 952 1065 μόνον
1005 996 1285 1068 μαθόντες,
1313 1002 1486 1056 ταῦτα
1515 1001 1571 1054 δὲ
1605 1003 1669 1070 τῇ
1699 1002 1878 1077 πείρᾳ,

281 1093 376 1145 καὶ
420 1097 485 1163 τῇ
533 1092 783 1160 αἰσθήσει
814 1091 906 1144 καὶ
937 1094 1073 1162 μετά
1097 1095 1197 1166 τῆς
1226 1096 1573 1168 συμπαθείας
1605 1096 1706 1166 τῆς
1736 1097 1862 1150 ἐαυ-

281 1183 390 1235 τῶν
409 1201 422 1213 ·
442 1183 632 1250 διόπερ
660 1179 800 1234 αὐτά
829 1184 1204 1260 ἀφορητότερα
1233 1184 1373 1243 εἶναι
1397 1189 1622 1242 ἐκείνων
1648 1188 1864 1258 νομίζο-

285 1292 406 1344 μεν,
450 1270 736 1344 [Ξῖιηηκᾶν
762 1272 938 1350 λίανῇ
984 1277 1163 1348 κοῦφα
1203 1281 1297 1334 καὶ
1331 1279 1565 1350 φορητά.
1605 1278 1668 1332 El
1696 1278 1752 1331 δέ
1781 1295 1866 1344 τις

279 1365 485 1417 τούτων
519 1364 739 1418 πάντων
773 1367 1107 1438 ἀπαλλαγεὶς
1142 1372 1243 1442 τήν
1281 1389 1339 1425 τε
1370 1371 1535 1441 φύσιν
1568 1371 1747 1425 αὐτῶν
1767 1391 1865 1426 κα-

279 1456 549 1528 ταμάθοι,
601 1456 726 1521 τούς
772 1476 831 1511 τε
880 1461 1219 1528 ἐμπεσόντας
1264 1467 1449 1528 αὐτοῖς
1490 1463 1862 1535 διασκέψαιτο,

280 1540 435 1613 οὗτος
472 1549 770 1604 ἀδέκαστον
803 1551 941 1621 ὑπὲρ
971 1553 1172 1610 τούτων
1197 1558 1336 1612 οἴσει
1379 1560 1478 1631 τὴν
1503 1557 1684 1628 ψῆφον
1709 1560 1860 1629 ἡμῖν.

294 1641 432 1695 Ἀλλ’
456 1643 586 1706 ἴσως
607 1644 786 1696 ἐκεῖνο
805 1643 1064 1714 ἐρεῖς,δτι
1082 1649 1256 1703 πάντα
1285 1652 1382 1720 μὲν
1409 1653 1594 1704 ἐκεῖνα
1626 1650 1694 1703 τά
1717 1651 1863 1722 πάθη

281 1735 407 1804 περὶ
451 1735 512 1788 τὸ
560 1734 718 1805 σῶμα
751 1735 1042 1806 στρέφεται
1081 1739 1259 1809 μόνον,
1305 1743 1445 1814 αὐτη
1475 1742 1529 1796 δὲ
1561 1743 1661 1813 τῆς
1685 1742 1863 1815 ψυχῆς

279 1825 510 1878 ἅπτεται
533 1827 752 1897 ἡνόσος,
779 1829 871 1880 καὶ
893 1828 1098 1883 τούτων
1115 1833 1329 1887 πάντων
1346 1835 1462 1888 ἐστὶ
1479 1835 1860 1906 χαλεπωτέρα.

279 1917 436 1984 Λὶτῷ
458 1918 555 1988 μὲν
565 1915 660 1973 οὖν
676 1920 852 1991 τούτῳ
872 1919 1106 1991 μάλιστα
1121 1925 1290 1996 αὐτὴν
1306 1927 1616 1998 εὑρήσομεν
1640 1927 1862 1981 ἐκείνων

279 2006 610 2078 κουφοτέραν
638 2009 1033 2079 τυγχάνουσαν.
1054 2011 1200 2085 Αῦτη
1223 2014 1322 2084 μὲν
1351 2014 1459 2086 γὰρ
1490 2017 1610 2070 οὐδὲ
1630 2016 1689 2069 1:6
1702 2017 1860 2089 σῶμα

277 2093 602 2165 διαφθείρει,
622 2097 876 2169 καθάπερ
905 2099 1134 2165 ἐκεῖναι,
1158 2104 1248 2155 καὶ
1276 2105 1341 2174 τῇ
1375 2104 1519 2176 ψυχῇ
1551 2106 1690 2176 πρὸς
1725 2106 1860 2177 βρα-

281 2186 382 2253 χὺν
446 2188 653 2257 ἐνοχλεῖ
701 2191 925 2262 χρόνονο
969 2190 1037 2254 ἃς
1093 2193 1150 2246 δὲ
1197 2195 1707 2268 ἀπηριθμησάμεθα
1740 2199 1857 2264 νῦν,

280 2276 505 2343 φύονται
551 2281 648 2350 μὲν
699 2285 756 2335 ἐν
798 2287 864 2355 τῇ
903 2284 1088 2356 σαρκὶ,
1124 2286 1220 2355 τὴν
1246 2287 1300 2340 δὲ
1331 2288 1509 2360 λύμην
1547 2290 1766 2344 ἃπασαν
1797 2291 1859 2344 οὐ

285 2370 478 2438 μ’χρις
534 2372 748 2445 ἐκείνης
801 2375 1044 2438 ἱστῶσιν,
1099 2376 1235 2430 ἀλλά
1281 2379 1376 2432 καὶ
1424 2381 1516 2433 ἐπὶ
1551 2382 1649 2452 τὴν
1681 2382 1861 2453 ψυχὴν

279 2462 731 2533 παραπέμπουσι,
766 2467 1122 2538 στρεϐλοῦσαι
1155 2469 1324 2541 αὐτὴν
1364 2474 1600 2542 συνεχῶς
1631 2475 1726 2528 καὶ
1751 2477 1862 2528 δια-

275 2551 598 2624 φθείρουσαι
631 2557 719 2612 διὰ
748 2559 846 2629 τῆς
883 2559 1076 2631 ὀδύνης
1105 2561 1315 2633 καὶτῆς
1347 2563 1584 2633 ἀθυμίας
1613 2568 1712 2637 τῆς
1732 2567 1862 2620 πολ-

273 2646 395 2715 λῆς.
438 2647 661 2718 Ὠσπερ
699 2651 827 2723 γὰρ,
860 2654 1047 2724 φησὶν,
1106 2655 1249 2722 ὄξος
1271 2656 1438 2711 ἕλκει
1482 2659 1855 2729 ἀσύμφορον,

272 2757 295 2789 (
318 2739 428 2790 ﬁta)
456 2744 807 2807 προσπεσιῖν
823 2745 1013 2814 πάθος
1032 2749 1100 2802 ἐν
1124 2749 1352 2819 σώματι
1378 2751 1632 2819 καρδίαν
1656 2755 1854 2809 λυπεῖ.

272 2832 558 2901 ἶιίὴτοίνυν
591 2835 672 2887 ὅτι
699 2837 805 2891 ἀπὸ
841 2839 934 2892 τοῦ
969 2839 1224 2912 σώματος
1264 2843 1423 2897 τοῦτο
1456 2845 1700 2899 τίκτεται
1735 2845 1857 2915 λέγε

276 2925 459 2993 μῦνον,
492 2926 605 2979 ἀλλ’
635 2929 681 2980 εί
710 2930 782 3000 μὴ
806 2932 1165 3004 παραπέμπει
1193 2934 1290 3005 τὴν
1317 2934 1495 3005 λύμην
1520 2935 1741 2990 ἃπασαν
1764 2938 1858 2990 καὶ

269 3016 371 3086 τὴν
429 3017 632 3089 φθορὰν
675 3023 739 3091 τῇ
786 3023 953 3094 ψυχῇ,
997 3024 1154 3078 τοῦτο
1186 3027 1472 3092 ἐπίδειξον.
1521 3028 1676 3082 Ἐπεὶ
1710 3029 1804 3082 καὶ
1831 3030 1860 3081 6

271 3105 458 3175 λοιμὸς
489 3109 588 3161 οὐκ
619 3110 726 3163 ἀπὸ
752 3111 858 3163 τῶν
893 3114 1159 3184 σωμάτων
1194 3117 1512 3188 τικτόμενος
1543 3119 1758 3190 φθείρει
1787 3121 1857 3174 τὰ

276 3198 528 3268 σώματα,
563 3201 654 3253 καὶ
677 3203 705 3254 6
731 3202 838 3254 τῶν
863 3205 1110 3274 ἑρπετῶν
1143 3206 1220 3269 ἰὸς
1250 3208 1465 3278 πρόεισι
1503 3211 1599 3281 μὲν
1626 3210 1686 3276 ἐξ
1713 3213 1858 3266 ἐκεί-

268 3305 397 3349 νων,
435 3289 757 3360 λυμαίνεται
776 3292 831 3345 δὲ
863 3295 1011 3364 ἡμᾶς
1041 3307 1066 3335 ι
1083 3312 1096 3325 ⁸
1121 3295 1262 3349 οὕτω
1278 3298 1373 3351 καὶ
1390 3299 1484 3352 ἐπὶ
1516 3301 1721 3355 τούτων
1747 3302 1856 3356 τῶν

270 3379 460 3432 παθῶν
482 3397 495 3411 ·
524 3382 766 3436 τίκτεται
791 3387 892 3454 μὲν
911 3384 1019 3438 ἀπὸ
1037 3385 1132 3440 τοῦ
1147 3386 1417 3458 σώματος.
1439 3390 1532 3444 τὸν
1559 3392 1615 3446 δὲ
1648 3394 1723 3446 ἰὸν
1755 3394 1856 3463 τῆς

269 3467 480 3532 ὀἰκείας
525 3471 724 3535 κακίας
772 3474 852 3536 εἰς
881 3473 980 3544 τὴν
1032 3475 1210 3547 ψυχὴν
1241 3478 1339 3548 τὴν
1377 3482 1650 3552 ἡμετέραν
1684 3486 1854 3556 ἐκχεῖ.

271 3558 312 3608 Ii
324 3558 458 3628 άσης
474 3559 582 3630 γάρ
598 3560 682 3615 δαι
693 3564 920 3634 μονικῆς
953 3567 1233 3636 ἐνεργείας
1267 3568 1576 3644 βλαϐερώτε
1585 3592 1677 3646 ρον
1710 3579 1744 3648 ἡ
1758 3579 1857 3649 τῆς

271 3649 511 3719 ἀθυμίας
524 3652 624 3705 ὐπε
635 3654 797 3726 ρὸολή
816 3673 830 3686 ο
850 3657 970 3710 ἐπεὶ
991 3661 1083 3711 καὶ
1099 3662 1126 3713 6
1146 3660 1352 3732 δαίμων
1379 3665 1436 3716 ἐν
1462 3661 1544 3728 οἶς
1566 3666 1632 3719 ἂν
1659 3673 1854 3741 κρατῇ.

268 3739 357 3791 διὰ
391 3739 593 3811 ταύτης
638 3747 864 3811 κρατεῖ·
896 3747 999 3802 κᾶν
1031 3749 1234 3822 ταύτην
1281 3754 1505 3827 ἀφέλῃς,
1541 3757 1694 3810 οὐδὲν
1727 3763 1855 3831 παρ’

265 3831 758 3890 ἐκείνουπείσεταί
786 3855 872 3903 τις
900 3840 1092 3896 δεινόν.
1119 3845 1230 3897 Καὶ
1244 3845 1359 3909 πῶς
1383 3847 1462 3899 ἕνι
1492 3848 1566 3919 μὴ
1597 3849 1851 3921 ἀθυμεῖν,

266 3922 466 3991 φησίν;
519 3923 662 3993 Ἐγὼ
701 3927 758 3981 δέ
799 3946 860 3984 σε
887 3932 1180 4005 ἐρήσομαι.
1215 3936 1333 4000 πῶς
1367 3939 1467 3992 οὐκ
1505 3940 1585 3994 ἔνι
1623 3941 1697 4011 μὴ
1725 3941 1856 3994 ἀθυ-

271 4015 428 4082 μεῖν;
480 4014 545 4068 El
599 4015 700 4085 μὲν
738 4019 849 4090 γὰρ
889 4025 1108 4092 μοιχεία
1135 4026 1230 4078 καὶ
1272 4027 1501 4100 φόνος,ἢ
1529 4029 1658 4083 ἄλλο
1689 4031 1741 4083 τί
1771 4047 1854 4084 σοι

263 4102 507 4160 τοιοῦτον
533 4106 864 4179 τετόλμηται
912 4112 1022 4166 τῶν
1049 4115 1406 4172 ἐκκλειόντων
1433 4119 1536 4190 τῆς
1575 4121 1856 4191 βασιλείας

263 4195 376 4250 τῶν
406 4197 670 4269 οὐρανῶν,
703 4199 904 4273 ἀθύμει
947 4204 1040 4259 καὶ
1069 4207 1274 4273 πένθει,
1304 4211 1334 4262 6
1361 4211 1625 4267 κωλύσων
1655 4213 1850 4276 οὐδείς’

263 4288 316 4340 εί
349 4287 408 4341 δὲ
461 4289 666 4345 τούτων
685 4294 753 4364 τῇ
783 4293 877 4347 τοῦ
904 4295 1040 4350 Θεοῦ
1069 4297 1252 4370 χάριτι
1297 4301 1520 4356 πάντων
1566 4304 1853 4375 πόρρωθεν

265 4377 507 4450 ἕστηκας
527 4423 542 4448 ,
583 4383 637 4437 τί
668 4384 844 4456 μάτην
873 4387 1095 4453 κόπτεις
1121 4391 1350 4456 σαυτόν;

335 4469 399 4523 ιδ’
402 4512 417 4526 .
448 4473 560 4545 Τὴν
576 4476 684 4546 γάρ
700 4477 936 4550 ἀθυμίαν
952 4480 1206 4552 ἐνέθηκεν
1220 4482 1419 4554 ἡμῶνὸ
1433 4483 1566 4550 Θεὸς
1580 4487 1646 4556 τῇ
1666 4486 1844 4555 φύσει,

258 4564 360 4634 οὐχ
393 4565 480 4621 ἴνα
509 4568 696 4634 ἁπλῶς
749 4573 845 4626 καὶ
885 4574 1128 4647 ἀκαίρως
1177 4576 1274 4630 καὶ
1322 4579 1379 4630 ἐν
1423 4581 1536 4642 τοῖς
1584 4580 1848 4646 ἐναντίοις

259 4655 397 4726 αὐτῇ
437 4657 698 4728 χρώμεθα
730 4664 1074 4735 πράγμασιν,
1117 4667 1224 4721 οὐδ’
1265 4669 1351 4721 ἵνα
1381 4669 1690 4743 φθείρωμεν
1723 4673 1849 4728 ἐαυ-

256 4741 422 4815 τούς,
441 4750 557 4803 ἀλλ’
577 4751 665 4804 ἵνα
693 4753 762 4807 τά
791 4755 1024 4824 μέγιστα
1044 4758 1396 4831 κερδάνωμεν
1420 4761 1479 4827 ἐξ
1503 4741 1695 4835 αὐτῆς.
1722 4765 1850 4832 Πῶς

257 4838 316 4891 δὲ
350 4841 605 4912 κερδᾶναι
635 4843 809 4911 ἕστινς
833 4846 999 4899 Ὅταν
1032 4849 1114 4912 είς
1143 4856 1334 4922 καιρὸν
1369 4855 1537 4926 αὐτὴν
1565 4858 1857 4932 παραλαμ.

261 4930 542 5002 θάνωμενο
581 4936 772 5007 καιρὸς
797 4936 843 4990 δ’
873 4937 1112 5010 ἀθυμίας
1147 4942 1246 5013 οὐχ
1265 4945 1396 4999 ὅταν
1418 4947 1717 5021 πάσχωμεν
1751 4930 1850 5007 καθ

261 5023 393 5090 πῶς’
430 5024 544 5079 ἀλλ’
587 5029 715 5082 ὅταν
752 5029 971 5102 δρῶμεν
1007 5033 1228 5098 κακῶςο
1263 5039 1428 5108 ἡμεῖς
1470 5041 1526 5095 δὲ
1563 5043 1663 5115 τὴν
1696 5045 1846 5110 τάξιν

269 5118 698 5190 ἀνεστρέψαμεν,
733 5122 973 5188 καὶτοὺς
989 5125 1218 5196 καιροὺς
1243 5127 1714 5204 ἀντηλλαξάμεθα,
1752 5138 1846 5192 καὶ

264 5210 539 5274 ποιοῦντες
567 5212 663 5282 μὲν
694 5214 862 5284 μυρία
896 5216 1043 5270 κακά
1062 5256 1076 5279 ,
1101 5217 1220 5271 οὐδέ
1238 5220 1377 5290 πρὸς
1400 5221 1574 5292 βραχὺ
1612 5227 1843 5280 συστελο

259 5304 466 5375 λόμεθα
481 5321 494 5336 ’
519 5304 586 5376 ἢν
613 5302 668 5356 δέ
690 5305 885 5375 μικρόν
899 5323 954 5360 τι
983 5309 1115 5381 παρ’
1131 5310 1350 5365 ὁτουοῦν
1367 5312 1652 5384 πάθωμεν,
1676 5335 1844 5371 καταο

262 5393 557 5465 πίπτομεν,
594 5393 934 5466 ἱλιγγιῶμεν,
993 5400 1375 5474 ἀπαλλαγῆναι
1409 5404 1502 5458 καὶ
1539 5405 1844 5482 ἀποστῆναι

255 5483 355 5534 τοῦ
386 5485 501 5552 βίου
532 5487 848 5558 σπεύδομεν.

331 5575 620 5648 Τοιγάρτοι
648 5581 735 5635 διὰ
755 5579 910 5636 τοῦτο
933 5586 1188 5653 φορτικὸν
1214 5591 1308 5642 καὶ
1345 5592 1483 5664 βαρὺ
1521 5595 1580 5648 τὸ
1612 5599 1842 5668 πρᾶγμα

255 5654 397 5714 εἶναι
434 5666 564 5734 ἡμῖν
589 5671 756 5736 δοκεῖ,
790 5667 1084 5744 ῶσπεροῦν
1103 5675 1198 5727 καὶ
1221 5678 1249 5728 6
1279 5654 1450 5748 ου’μδξ
1474 5682 1568 5735 καὶ
1595 5684 1627 5753 ἡ
1656 5654 1844 5737 ἐπίθυ-

256 5754 376 5823 μία.
407 5754 514 5805 Καὶ
533 5757 753 5828 γὰρκαὶ
769 5763 939 5818 ταῦτα
956 5763 1004 5818 οἱ
1038 5763 1109 5835 μὴ
1136 5765 1471 5837 χρησάμενοι
1502 5772 1685 5836 καλῶς
1709 5775 1841 5846 μηδὲ

251 5846 336 5906 εἰς
371 5843 489 5897 δέον
522 5845 768 5904 διέϐαλον
810 5857 871 5895 δ·
916 5858 1012 5911 καὶ
1045 5856 1328 5927 συμϐαίνει
1380 5860 1576 5925 ταυτὸ,
1613 5859 1724 5920 οἷον
1751 5867 1842 5920 ἐπὶ

251 5936 363 5989 τών
395 5939 700 6009 φαρμάκων
729 5944 838 5997 τῶν
875 5947 1026 6020 παρὰ
1049 5948 1157 6003 τῶν
1181 5947 1376 6022 ἰατρῶν
1391 5949 1686 6021 διδομένων
1707 5973 1720 5986 ·
1751 5959 1840 6011 καὶ

318 6055 342 6121 ξ
371 6053 700 6121 λίσιι·ρΙ.-ἡμῖν,
724 6057 804 6106 alii
827 6063 966 6121 ἡμᾶς.

314 6115 343 6151 ιι
371 6116 503 6185 l_'nus
534 6115 666 6185 Coll).
693 6115 961 6170 συνέϐαλον.
1010 6127 1107 6176 Alii
1151 6144 1266 6179 vero
1301 6135 1457 6184 minus
1493 6141 1626 6184 rem?
1672 6138 1812 6185 δήὸ-ιν

250 6184 331 6226 10-.-
380 6178 475 6226 lmn
499 6181 697 6232 rectius,
724 6188 866 6245 atque
894 6187 940 6233 ιιι
969 6178 1281 6242 τρειιιυιιηιιε,

1101 598 1194 654 AD
1235 596 1614 654 STAGIRIUM
1655 601 1693 654 Α
1741 601 2047 658 ΒᾸΞΜΟΝΕ
2088 603 2447 664 VICXATUM.
2487 610 2618 667 LIB.
2661 613 2748 668 HI.

3444 620 3550 677 49?.

1969 721 2078 796 γάρ
2109 725 2293 780 ἐκεῖνα
2333 727 2462 781 ὅταν
2505 729 2579 801 μὴ
2627 733 2738 794 τοῖς
2769 733 3144 806 καταλλήλοις,
3177 737 3273 792 καὶ
3303 739 3440 811 ὑπὲρ
3472 736 3553 800 ὧν

1967 814 2423 882 κατεσκεύασται,
2437 820 2555 874 ἀλλ’
2581 822 2787 895 ἑτέροις
2804 825 2920 878 ἀνθ’
2938 828 3137 899 ἐτέρων
3151 832 3375 904 ἐπιτεθῇ
3395 832 3522 906 [2‘25

1965 905 2216 974 πάθεσιν,
2249 912 2310 964 οὐ
2349 913 2508 982 μόνον
2555 915 2654 970 οὐκ
2687 918 2964 988 ἀπήλλαξε
2999 921 3092 974 τοῦ
3129 923 3424 990 λυποῦντος
3458 924 3552 982 τὸν

1965 999 2263 1091 κάμνοντα,
2291 1006 2428 1061 ἀλλά
2457 1011 2550 1064 καὶ
2584 1011 2785 1081 μᾶλλον
2839 1013 3096 1086 ἐπέτριψε
3135 1027 3158 1056 ο
3193 1018 3253 1071 τὸ
3297 1021 3549 1091 νόσημαο

1963 1092 2101 1165 ὅπερ
2125 1090 2216 1147 οὖν
2243 1098 2334 1150 καὶ
2363 1099 2394 1169 ἡ
2427 1099 2632 1172 ἀθυμία
2670 1107 2835 1170 ποιεῖ,
2867 1106 2962 1159 καὶ
2993 1106 3236 1166 εἰκότως.
3268 1090 3549 1180 Αὐστηρὸν

1963 1188 2071 1260 γάρ
2101 1185 2236 1244 οὖσα
2256 1193 2349 1245 καὶ
2368 1194 2726 1267 διαϐρωτικὺν
2752 1199 3063 1272 φάρμακον,
3086 1203 3180 1256 καὶ
3205 1203 3282 1267 ὼς
3318 1205 3385 1258 ἂν
3406 1207 3550 1259 είποι

1961 1297 2046 1343 τις
2081 1281 2447 1356 καθαρτήριον
2483 1288 2584 1359 τῆς
2613 1293 2881 1364 πονηρίας
2905 1294 3006 1365 τῆς
3033 1297 3091 1349 ἐν
3122 1298 3279 1367 ἡμῖν,
3301 1300 3429 1353 ὅταν
3450 1300 3548 1372 μὲν

1962 1372 2207 1448 ἀργούσῃ
2235 1376 2380 1449 ψυχῇ
2417 1383 2512 1433 καὶ
2545 1383 2802 1455 τρυφώσῃ
2866 1387 2962 1440 καὶ
3001 1387 3169 1442 πολὺν
3217 1390 3419 1464 ἐχούσῃ
3456 1393 3555 1447 τὸν

1961 1463 2070 1516 τῶν
2101 1467 2516 1540 ἁμαρτημάτων
2555 1474 2787 1543 φορυτὸν
2814 1477 3141 1549 παρέχηται,
3189 1480 3423 1551 μέγιστα
3451 1485 3549 1540 τὸν

1961 1560 2251 1633 δεξάμενον
2284 1563 2495 1635 ῶνησεν
2520 1581 2534 1595 ⁶
2571 1567 2700 1621 ὅταν
2748 1568 2806 1622 δὲ
2860 1569 3098 1644 ἀθλούσῃ
3145 1575 3239 1628 καί¹
3279 1575 3546 1645 ἀγωνιζο-

1966 1651 2102 1724 μένῃ
2133 1653 2228 1706 καὶ
2259 1655 2496 1726 πονούσῃ
2523 1657 2619 1710 καὶ
2647 1675 2961 1732 μεμεριμνη
2971 1660 3111 1733 μένῃ
3143 1663 3238 1715 καὶ
3261 1665 3552 1740 πασχούσῃ

1964 1741 2170 1806 κακῶς,
2208 1745 2344 1814 πρὸς
2375 1746 2453 1816 τῷ
2489 1749 2655 1818 μηδὲν
2679 1750 2982 1822 ὠφελῆσαι,
3015 1756 3110 1807 καὶ
3143 1757 3358 1825 μεγάλα
3383 1757 3546 1811 ἐϐλαο

1961 1832 2084 1902 ψεν,
2115 1826 2512 1909 ἀσθενεστέραν
2541 1840 2892 1912 ἐργασαμένη
2923 1846 3018 1898 καὶ
3046 1846 3542 1917 εὐκαταγώνιστον.

1961 1926 2061 1980 Διά
2088 1927 2246 1982 τοῦτο
2273 1932 2386 1993 τοῖς
2414 1931 2513 2001 μὲν
2538 1933 2792 2002 ἐστηκόσι
2826 1935 2923 1987 καὶ
2955 1937 3373 2008 ἀγωνιζομένοις
3400 1943 3548 2014 γρά-

1961 2031 2078 2083 φων
2117 2017 2144 2068 6
2178 2013 2390 2082 Παῦλος
2439 2018 2614 2089 ἔλεγε,
2648 2023 2894 2091 Χαίρετε
2922 2025 2992 2078 ἐν
3017 2028 3210 2094 Κυρίῳ
3252 2030 3542 2085 πάντοτεο

1959 2106 2147 2161 πάλιν
2166 2109 2298 2177 ἐρῶ,
2349 2112 2619 2181 χαίρετεο
2653 2118 2764 2178 τοῖς
2789 2116 2843 2169 δὲ
2886 2117 3186 2188 διαχυθεῖσι
3221 2121 3313 2174 καὶ
3350 2122 3548 2195 πολλὴν

1960 2197 2143 2268 ἔχουσι
2196 2202 2295 2272 τὴν
2342 2204 2684 2277 φλεγμονὴν,
2743 2208 2850 2263 Καὶ
2904 2209 3075 2279 ὑμεῖς
3104 2216 3548 2284 πεφυσιωμένοι

1959 2289 2125 2353 ἐστὲ,
2157 2294 2254 2346 καὶ
2297 2295 2434 2363 οὐχὶ
2469 2296 2712 2363 μᾶλλον
2757 2299 3152 2366 ἐπενθήσατε.
3213 2304 3270 2358 '0
3308 2307 3406 2375 μὲν
3437 2308 3549 2381 γὰρ

1961 2381 2348 2454 λιπαινόμενος
2365 2385 2441 2456 τῷ
2457 2386 2564 2440 τῶν
2592 2389 3008 2461 ἁμαρτημάτων
3023 2392 3304 2465 λιπασμῷ,
3337 2397 3549 2468 ίσχνούο

1962 2473 2076 2527 σθω
2114 2475 2208 2528 καὶ
2253 2477 2664 2544 καταξαινέσθω
2694 2479 2719 2518 ά
2761 2481 2838 2551 τῷ
2877 2484 3155 2556 φαρμάκῳ
3186 2485 3360 2558 τούτῳ
3383 2505 3396 2519 °
3429 2492 3456 2543 6
3489 2491 3548 2544 δὲ

1963 2565 2206 2620 εὐεκτῶν
2249 2568 2342 2620 καὶ
2386 2569 2445 2620 ἐν
2489 2573 2554 2642 τῇ
2601 2573 2955 2645 προσηκούσῃ
2996 2578 3330 2632 καταστάσει
3364 2580 3550 2652 διατη-

1964 2656 2072 2726 ρῶν
2101 2657 2316 2720 ἐαυτὺν,
2347 2660 2492 2720 τίνος
2517 2662 2702 2716 ἕνεκεν
2729 2665 2939 2736 φθείροι
2973 2667 3069 2737 τὴν
3092 2668 3309 2736 εὐεξίαν
3332 2671 3419 2725 διὰ
3449 2677 3550 2744 τῆς

1961 2748 2233 2818 ἀθυμίας;
2269 2749 2425 2804 Οῦτω
2472 2753 2582 2823 γάρ
2619 2753 2764 2806 ἐστιν
2796 2755 2936 2824 αῦτη
2973 2757 3322 2830 δραστήριος,
3347 2761 3424 2824 ὼς
3453 2765 3548 2816 καὶ

1960 2840 2072 2898 τοῖς
2103 2838 2380 2908 δεομένοις
2406 2841 2577 2912 αὐτῆς
2608 2842 2831 2897 πλείονα
2860 2845 2956 2897 τοῦ
2990 2845 3198 2911 δέοντος
3233 2851 3546 2906 ἐπιτεθείσα

1960 2932 2149 3000 χρόνον
2209 2933 2422 3003 μεγάλα
2469 2937 2811 3005 ἐργάσασθαι
2846 2942 3014 2996 κακά.
3056 2943 3235 3014 Ὅπερ
3261 2946 3354 2999 καὶ
3386 2947 3414 2998 6
3442 2967 3546 3018 μα-

1959 3022 2148 3093 κάριος
2204 3026 2416 3090 Παῦλος
2467 3028 2740 3093 δεδοικὼς,
2794 3032 3004 3101 ταχέως
3036 3034 3206 3106 αὐτὴν
3257 3038 3545 3096 ἐκέλευσεν

1958 3112 2177 3181 ἀφελεῖν
2211 3114 2348 3184 μετά
2383 3115 2443 3169 τὸ
2493 3116 2698 3188 πρᾶξαι
2727 3118 2788 3170 τὸ
2841 3120 3061 3191 ἑαυτῆς,
3099 3123 3193 3176 καὶ
3235 3122 3334 3194 τὴν
3362 3126 3545 3180 αἰτίαν

1960 3204 2273 3276 προσετίθει
2296 3204 2520 3277 ταύτην,
2557 3207 2622 3279 ἦν
2651 3207 2762 3276 ἐγὼ
2793 3208 2938 3278 λέγω
2984 3210 3078 3263 νῦν
3098 3228 3112 3242 ⁸
3156 3212 3383 3280 Μήπως
3411 3217 3539 3288 γὰρ,

1958 3295 2114 3367 φησὶ,
2146 3296 2222 3364 τῇ
2243 3299 2643 3366 περισσοτέρᾳ
2664 3302 2829 3368 λύπῃ
2862 3304 3172 3374 καταποθῇ
3191 3309 3225 3360 ὁ
3251 3309 3538 3376 τοιοῦτος.

1955 3387 2021 3440 Εἰ
2055 3387 2111 3440 δὲ
2162 3390 2289 3452 τοὺς
2338 3391 2395 3442 ἐν
2440 3391 2602 3462 χρείᾳ
2655 3391 3008 3458 καθεστῶτας
3052 3391 3193 3450 οἶδεν
3243 3399 3542 3455 ἀπολλύναι

1954 3480 2343 3552 προσπεσοῦσα
2380 3482 2496 3552 μεθ’
2515 3483 2914 3555 ὐπερὸολ.ἦς,τί
2941 3503 3072 3541 ποτε
3095 3489 3385 3560 ἐργάσεται
3413 3495 3542 3558 τοὺς

1953 3573 2075 3626 οὐδὲ
2119 3572 2258 3636 ὅλως
2312 3573 2602 3645 δεομένους
2651 3576 2842 3646 αὐτῆς,
2890 3578 3020 3632 ὅταν
3067 3581 3238 3653 αὐτὴν
3278 3583 3481 3657 πολλὴν
3515 3597 3541 3626 ο

1959 3664 2414 3730 ἐπισπάσωνται;
2470 3665 2598 3726 Ναὶ,
2647 3666 2829 3735 φησὶν,
2875 3663 2995 3722 οἴδα
3035 3669 3194 3725 τοῦτο
3232 3675 3326 3727 καὶ
3354 3675 3539 3740 αὐτὸς,

1955 3755 2090 3808 ἀλλὰ
2140 3756 2258 3818 πῶς
2295 3755 2465 3826 αὐτὴν
2503 3756 2940 3829 ἀποκρούσομαι,
2971 3761 3068 3814 καὶ
3109 3763 3403 3838 ἀποστήσω
3439 3767 3541 3841 τῆς

1954 3844 2192 3914 ἐμαυτοῦ
2225 3845 2422 3914 ψυχῆς,
2446 3846 2546 3899 οὐκ
2564 3841 2700 3900 οἶδα.
2727 3848 2839 3902 Καὶ
2865 3851 3026 3914 ποίας
3054 3851 3212 3906 τοῦτο
3235 3854 3537 3922 δυσκολίας,

1950 3925 1996 3985 ὦ
2051 3933 2206 4001 φίλε;
2237 3934 2300 3986 Εἰ
2329 3936 2427 4005 μὲν
2465 3934 2573 4006 γὰρ
2613 3936 2879 4008 ἐπιθυμία
2906 3956 2993 4001 τις
3021 3935 3112 4012 ἦν,
3151 3943 3245 3995 καὶ
3269 3945 3539 4016 σωμάτων

1952 4023 2092 4096 ἔρως
2123 4024 2342 4088 ἄτοπος,
2378 4026 2410 4095 ἦ
2437 4026 2743 4092 κενοδοξίας
2785 4031 3059 4100 τυραννὶς.
3088 4031 3148 4086 τὸ
3177 4033 3536 4106 δυσκαταγώ-

1952 4133 2130 4171 νιστον
2155 4119 2342 4183 κακὸν,
2375 4120 2409 4192 ἢ
2445 4119 2572 4175 ἀλλο
2598 4140 2650 4176 τι
2689 4123 2800 4177 τῶν
2830 4125 3088 4181 τοιούτων
3119 4130 3328 4198 παθῶν,
3356 4135 3536 4198 καλῶς

1952 4209 2020 4263 ἂν
2041 4210 2267 4281 ἠπόρεις
2299 4213 2441 4285 ὑπὲρ
2471 4214 2573 4285 τῆς
2603 4215 2926 4286 ἀπαλλαγῆς
2945 4235 2959 4250 ⁸
2989 4221 3117 4285 τοὺς
3135 4222 3244 4296 γὰρ
3276 4226 3538 4294 τοιούτοις

1949 4300 2178 4364 ἁλόντας
2227 4302 2486 4357 ἀδύνατον
2533 4306 2633 4376 μὲν
2683 4307 2956 4378 οὐδαμῶς,
3002 4309 3348 4370 δύσκολονδὲ
3384 4317 3536 4388 ὅμως

1948 4390 2248 4462 ἀποδρᾶναι
2307 4393 2374 4446 τὰ
2407 4393 2620 4450 δίκτυα.
2663 4397 2729 4449 Τί
2780 4398 3016 4469 δήποτες
3052 4400 3176 4455 ’Ότι
3213 4404 3312 4476 τὴν
3339 4406 3535 4480 ἡδονὴν

1947 4481 2129 4552 έχουσι
2159 4500 2223 4536 συ
2232 4483 2622 4557 μπράττουσαν
2640 4488 2735 4541 καὶ
2754 4487 3057 4560 βοηθοῦσαν
3073 4488 3257 4560 αὐτοῖς
3277 4513 3292 4528 ·
3322 4499 3417 4552 καὶ
3436 4497 3536 4552 αὕ-

1945 4591 2013 4644 τη
2067 4576 2215 4629 ἐστὶν
2243 4577 2280 4649 ἡ
2320 4576 2390 4632 τὰ
2415 4578 2588 4632 πολλά
2627 4582 2964 4652 πανταχόθεν
2989 4586 3389 4657 περιϐάλλουσα
3418 4593 3530 4657 τοῖς

1949 4665 2216 4720 ἑαλωκόσι
2255 4668 2494 4738 σχοινίαο
2553 4671 2647 4725 καὶ
2689 4672 2846 4725 τοῦτο
2901 4675 3116 4745 πρῶτον
3157 4675 3270 4749 ἔχει
3301 4679 3438 4751 πρὸς
3469 4682 3533 4737 τὸ

1949 4757 2359 4829 κατορθωθῆναι
2385 4761 2638 4830 χαλεπὸν,
2669 4766 2853 4816 πεῖσαι
2882 4766 2980 4834 τὴν
3007 4767 3188 4840 ψυχὴν
3217 4771 3352 4836 ὅλως
3370 4773 3530 4846 θελῆ-

1952 4864 2042 4902 σαι
2096 4849 2190 4902 καὶ
2233 4849 2558 4920 βουληθῆναι
2621 4853 2722 4924 τὴν
2753 4854 3112 4928 ἀπαλλαγήν·
3176 4862 3272 4915 καὶ
3316 4865 3526 4932 γίνεται

1948 4940 2266 5010 παρόμοιον,
2298 4941 2487 5012 ῶσπερ
2512 4941 2577 4996 ἀν
2608 4944 2758 5009 εἴτις
2790 4945 2981 5019 ψώραν
3002 4951 3035 5021 ἢ
3060 4955 3371 5026 κνησμονὴν
3388 4957 3525 5010 ἀπο-

1946 5031 2132 5086 θέσθαι
2179 5033 2409 5104 ὀφείλων
2454 5035 2764 5106 ἐνηδύνοιτο
2817 5040 2896 5113 τῷ
2932 5044 3217 5114 νοσήματι,
3248 5047 3343 5100 καὶ
3394 5048 3526 5102 εἴσω

1943 5125 2038 5180 τοῦ
2086 5126 2292 5194 πάθους
2341 5129 2534 5183 ἑαυτὸν
2568 5131 2803 5186 εἰσωθοῖ.
2833 5135 2976 5204 Πρὸς
2995 5135 3052 5188 δὲ
3085 5135 3182 5208 τὴν
3215 5137 3316 5207 τῆς
3349 5138 3524 5211 λύπης

1943 5219 2286 5293 ἀναχώρησιν
2319 5223 2380 5276 οὐ
2417 5222 2618 5295 μικρὸν
2667 5226 2797 5295 ἡμῖν
2829 5225 2986 5279 τοῦτο
3019 5227 3265 5298 ήνυσται,
3291 5229 3354 5283 τὸ
3385 5231 3526 5295 τέως

1943 5309 2122 5379 ἀηδῶς
2166 5311 2308 5382 ἔχειν
2355 5315 2492 5385 πρὸς
2546 5315 2739 5386 αὐτήν.
2806 5317 2863 5370 Ὁ
2912 5317 3020 5388 γάρ
3070 5336 3177 5374 τινι
3220 5319 3526 5392 βαρυνόμε-

1944 5416 2052 5463 νος,
2087 5402 2178 5454 καὶ
2218 5404 2515 5474 ἀπορρῖψαι
2557 5404 2850 5458 σπουδάσει
2889 5407 3103 5478 ταχέως
3126 5409 3278 5464 αὐτό.
3316 5411 3381 5463 Τί
3403 5407 3519 5474 οὖν,

1943 5492 2010 5546 ἂν
2041 5493 2242 5566 σπεύδῃ
2283 5495 2400 5565 μὲν,
2436 5497 2510 5568 μὴ
2549 5497 2772 5568 δύνηται
2811 5498 2903 5564 δέ;
2937 5499 3028 5570 Μὴ
3061 5500 3319 5554 παυέσθω
3359 5518 3522 5554 σπου-

1940 5585 2135 5650 δάζων,
2163 5587 2256 5640 καὶ
2285 5589 2492 5658 ταχέως
2516 5589 2826 5662 δυνήσεται.
2873 5593 3155 5664 Ἐννόησον
3184 5595 3291 5666 γὰρ
3320 5595 3401 5647 ὅτι
3425 5595 3518 5648 τὸν

1940 5679 2284 5751 Χριστιανὸν,
2338 5683 2389 5736 εἴ
2439 5701 2571 5738 ποτε
2615 5684 2858 5744 λυποῖτο.
2893 5687 2986 5740 δύο
3031 5688 3192 5758 μόνον
3234 5687 3518 5752 ὑποθέσεις

1938 5772 2177 5843 ἀθυμίας
2194 5773 2336 5844 ἔχειν
2359 5775 2454 5839 δεῖ,
2474 5776 2647 5849 ἢὸταν
2662 5779 2844 5844 αὐτὸς,
2872 5779 2906 5850 ἢ
2924 5779 3050 5833 ὅταν
3064 5781 3091 5832 ὁ
3115 5779 3339 5849 πλησίον
3358 5797 3521 5851 προσ-

1939 5859 2144 5931 κρούσῃ
2182 5860 2335 5931 Θεῷ·
2368 5864 2466 5935 τῆς
2508 5865 2566 5919 δὲ
2600 5868 2880 5939 παρούσης
2917 5867 3091 5938 λύπης
3122 5868 3380 5939 οὐδεμίαν
3409 5871 3521 5926 τῶν

1941 5951 2092 6024 [226]
2120 5953 2446 6026 προφάσεων
2484 5957 2687 6012 τούτων
2718 5962 2871 6032 ῥίζαν
2892 5959 3142 6032 ἐχούσης,
3171 5963 3293 6034 εἰκῆ
3323 5964 3517 6020 σαυτὸν

2007 6078 2026 6141 '_
2050 6074 2187 6141 (ῥοῇ).
2214 6076 2450 6141 ἐπέτριψε,
2475 6078 2595 6126 edit.
2623 6078 2860 6141 ἐπέτρεῷε.

2006 6137 2028 6174 τι
2053 6137 2184 6206 (ἶίιψ
2213 6146 2266 6187 et
2289 6137 2826 6206 Si:vil_._gatngwéqmé.
2875 6143 3031 6194 Morel
3091 6141 3509 6206 ίαταξηραινέσθω.

2001 6203 2018 6221 ο
2050 6199 2178 6249 ιὀΙί),
2211 6202 2364 6249 πάλη».
2392 6201 2470 6250 alii
2496 6203 2685 6257 πολλήνι
