  <div class='ocr_page' id='page_1' title='image "/cluster/home/n/w/nwhite01/storage/ocr_20150623/47/hvd.32044025239690/454.png"; bbox 0 0 4490 6730; ppageno 0'>
   <div class='ocr_carea' id='block_1_1' title="bbox 443 616 547 666">
    <p class='ocr_par' dir='ltr' id='par_1_1' title="bbox 443 616 547 666">
     <span class='ocr_line' id='line_1_1' title="bbox 443 616 547 666; baseline -0.048 1"><span class='ocrx_word' id='word_1_1' title='bbox 443 616 547 666; x_wconf 64' lang='grc' dir='ltr'><strong>4ῠῖ</strong></span> 
     </span>
    </p>
   </div>
   <div class='ocr_carea' id='block_1_2' title="bbox 446 710 2017 785">
    <p class='ocr_par' dir='ltr' id='par_1_2' title="bbox 446 710 2017 785">
     <span class='ocr_line' id='line_1_2' title="bbox 446 710 2017 785; baseline -0.003 -17"><span class='ocrx_word' id='word_1_2' title='bbox 446 714 656 780; x_wconf 84' lang='lat' dir='ltr'><strong>habeat,</strong></span> <span class='ocrx_word' id='word_1_3' title='bbox 683 716 904 785; x_wconf 89' lang='lat' dir='ltr'><strong>teipsum</strong></span> <span class='ocrx_word' id='word_1_4' title='bbox 927 713 1119 769; x_wconf 84' lang='lat' dir='ltr'><strong>frustra</strong></span> <span class='ocrx_word' id='word_1_5' title='bbox 1136 713 1443 766; x_wconf 85' lang='lat' dir='ltr'><strong>discrucias.</strong></span> <span class='ocrx_word' id='word_1_6' title='bbox 1464 710 1530 766; x_wconf 87' lang='lat' dir='ltr'><strong>Et</strong></span> <span class='ocrx_word' id='word_1_7' title='bbox 1552 714 1691 766; x_wconf 91' lang='lat' dir='ltr'><strong>unde</strong></span> <span class='ocrx_word' id='word_1_8' title='bbox 1719 711 1766 764; x_wconf 88' lang='lat' dir='ltr'><strong>id</strong></span> <span class='ocrx_word' id='word_1_9' title='bbox 1790 723 2017 775; x_wconf 89' lang='lat' dir='ltr'><strong>constet,</strong></span> 
     </span>
    </p>
   </div>
   <div class='ocr_carea' id='block_1_3' title="bbox 444 803 2020 877">
    <p class='ocr_par' dir='ltr' id='par_1_3' title="bbox 444 803 2020 877">
     <span class='ocr_line' id='line_1_3' title="bbox 444 803 2020 877; baseline -0.002 -18"><span class='ocrx_word' id='word_1_10' title='bbox 444 806 690 874; x_wconf 92' lang='lat' dir='ltr'><strong>inquies,</strong></span> <span class='ocrx_word' id='word_1_11' title='bbox 743 808 885 877; x_wconf 90' lang='lat' dir='ltr'><strong>quod</strong></span> <span class='ocrx_word' id='word_1_12' title='bbox 938 824 1041 859; x_wconf 90' lang='lat' dir='ltr'><strong>ttott</strong></span> <span class='ocrx_word' id='word_1_13' title='bbox 1093 803 1445 856; x_wconf 86' lang='lat' dir='ltr'><strong>offensionum</strong></span> <span class='ocrx_word' id='word_1_14' title='bbox 1493 814 1796 857; x_wconf 90' lang='lat' dir='ltr'><strong>nostrarunt</strong></span> <span class='ocrx_word' id='word_1_15' title='bbox 1836 816 2020 871; x_wconf 74' lang='lat' dir='ltr'><strong>ptenas</strong></span> 
     </span>
    </p>
   </div>
   <div class='ocr_carea' id='block_1_4' title="bbox 443 893 2017 965">
    <p class='ocr_par' dir='ltr' id='par_1_4' title="bbox 443 893 2017 965">
     <span class='ocr_line' id='line_1_4' title="bbox 443 893 2017 965; baseline -0.003 -14"><span class='ocrx_word' id='word_1_16' title='bbox 443 898 814 951; x_wconf 69' lang='lat' dir='ltr'><strong>exsolvamus?</strong></span> <span class='ocrx_word' id='word_1_17' title='bbox 843 897 896 950; x_wconf 98' lang='lat' dir='ltr'><strong>Id</strong></span> <span class='ocrx_word' id='word_1_18' title='bbox 919 895 1131 965; x_wconf 85' lang='lat' dir='ltr'><strong>quidem</strong></span> <span class='ocrx_word' id='word_1_19' title='bbox 1162 895 1385 947; x_wconf 78' lang='lat' dir='ltr'><strong>maxime</strong></span> <span class='ocrx_word' id='word_1_20' title='bbox 1414 894 1598 965; x_wconf 86' lang='lat' dir='ltr'><strong>liquet,</strong></span> <span class='ocrx_word' id='word_1_21' title='bbox 1627 893 1721 946; x_wconf 89' lang='lat' dir='ltr'><strong>sed</strong></span> <span class='ocrx_word' id='word_1_22' title='bbox 1752 893 1852 947; x_wconf 88' lang='lat' dir='ltr'><strong>hoc</strong></span> <span class='ocrx_word' id='word_1_23' title='bbox 1881 896 2017 947; x_wconf 84' lang='lat' dir='ltr'><strong>inte—</strong></span> 
     </span>
    </p>
   </div>
   <div class='ocr_carea' id='block_1_5' title="bbox 443 984 2016 1052">
    <p class='ocr_par' dir='ltr' id='par_1_5' title="bbox 443 984 2016 1052">
     <span class='ocr_line' id='line_1_5' title="bbox 443 984 2016 1052; baseline -0.002 -10"><span class='ocrx_word' id='word_1_24' title='bbox 443 988 542 1042; x_wconf 91' lang='lat' dir='ltr'><strong>rim</strong></span> <span class='ocrx_word' id='word_1_25' title='bbox 564 1005 669 1043; x_wconf 91' lang='lat' dir='ltr'><strong>non</strong></span> <span class='ocrx_word' id='word_1_26' title='bbox 686 989 989 1042; x_wconf 90' lang='lat' dir='ltr'><strong>asserimus.</strong></span> <span class='ocrx_word' id='word_1_27' title='bbox 1014 984 1205 1039; x_wconf 82' lang='lat' dir='ltr'><strong>Verum</strong></span> <span class='ocrx_word' id='word_1_28' title='bbox 1230 987 1315 1052; x_wconf 89' lang='lat' dir='ltr'><strong>sit,</strong></span> <span class='ocrx_word' id='word_1_29' title='bbox 1339 988 1381 1039; x_wconf 90' lang='lat' dir='ltr'><strong>si</strong></span> <span class='ocrx_word' id='word_1_30' title='bbox 1410 988 1507 1050; x_wconf 90' lang='lat' dir='ltr'><strong>vis,</strong></span> <span class='ocrx_word' id='word_1_31' title='bbox 1536 986 1588 1038; x_wconf 95' lang='lat' dir='ltr'><strong>id</strong></span> <span class='ocrx_word' id='word_1_32' title='bbox 1614 1000 1718 1037; x_wconf 92' lang='lat' dir='ltr'><strong>non</strong></span> <span class='ocrx_word' id='word_1_33' title='bbox 1737 986 2016 1049; x_wconf 89' lang='lat' dir='ltr'><strong>incertum,</strong></span> 
     </span>
    </p>
   </div>
   <div class='ocr_carea' id='block_1_6' title="bbox 442 1078 2015 1148">
    <p class='ocr_par' dir='ltr' id='par_1_6' title="bbox 442 1078 2015 1148">
     <span class='ocr_line' id='line_1_6' title="bbox 442 1078 2015 1148; baseline -0.003 -11"><span class='ocrx_word' id='word_1_34' title='bbox 442 1082 535 1137; x_wconf 79' lang='lat' dir='ltr'><strong>sed</strong></span> <span class='ocrx_word' id='word_1_35' title='bbox 563 1084 789 1135; x_wconf 71' lang='lat' dir='ltr'><strong>maxime</strong></span> <span class='ocrx_word' id='word_1_36' title='bbox 830 1079 1187 1145; x_wconf 75' lang='lat' dir='ltr'><strong>manifestum,</strong></span> <span class='ocrx_word' id='word_1_37' title='bbox 1222 1089 1275 1133; x_wconf 89' lang='lat' dir='ltr'><strong>ttt</strong></span> <span class='ocrx_word' id='word_1_38' title='bbox 1316 1090 1366 1133; x_wconf 90' lang='lat' dir='ltr'><strong>tu</strong></span> <span class='ocrx_word' id='word_1_39' title='bbox 1394 1080 1549 1143; x_wconf 87' lang='lat' dir='ltr'><strong>dicis,</strong></span> <span class='ocrx_word' id='word_1_40' title='bbox 1581 1078 1716 1131; x_wconf 86' lang='lat' dir='ltr'><strong>hanc</strong></span> <span class='ocrx_word' id='word_1_41' title='bbox 1745 1094 1861 1133; x_wconf 90' lang='lat' dir='ltr'><strong>esse</strong></span> <span class='ocrx_word' id='word_1_42' title='bbox 1890 1094 2015 1148; x_wconf 88' lang='lat' dir='ltr'><strong>pec-</strong></span> 
     </span>
    </p>
   </div>
   <div class='ocr_carea' id='block_1_7' title="bbox 437 1170 2017 1237">
    <p class='ocr_par' dir='ltr' id='par_1_7' title="bbox 437 1170 2017 1237">
     <span class='ocr_line' id='line_1_7' title="bbox 437 1170 2017 1237; baseline -0.005 -8"><span class='ocrx_word' id='word_1_43' title='bbox 437 1183 677 1229; x_wconf 81' lang='lat' dir='ltr'><strong>calorum</strong></span> <span class='ocrx_word' id='word_1_44' title='bbox 710 1181 916 1222; x_wconf 91' lang='lat' dir='ltr'><strong>tuorum</strong></span> <span class='ocrx_word' id='word_1_45' title='bbox 948 1170 1341 1224; x_wconf 86' lang='lat' dir='ltr'><strong>retributionem</strong></span> <span class='ocrx_word' id='word_1_46' title='bbox 1367 1188 1379 1223; x_wconf 74' lang='grc' dir='ltr'><strong>ι</strong></span> <span class='ocrx_word' id='word_1_47' title='bbox 1413 1185 1559 1232; x_wconf 89' lang='lat' dir='ltr'><strong>num,</strong></span> <span class='ocrx_word' id='word_1_48' title='bbox 1590 1184 1789 1237; x_wconf 75' lang='lat' dir='ltr'><strong>quzeso,</strong></span> <span class='ocrx_word' id='word_1_49' title='bbox 1820 1170 2017 1223; x_wconf 88' lang='lat' dir='ltr'><strong>idcirco</strong></span> 
     </span>
    </p>
   </div>
   <div class='ocr_carea' id='block_1_8' title="bbox 443 1260 2013 1331">
    <p class='ocr_par' dir='ltr' id='par_1_8' title="bbox 443 1260 2013 1331">
     <span class='ocr_line' id='line_1_8' title="bbox 443 1260 2013 1331; baseline -0.001 -15"><span class='ocrx_word' id='word_1_50' title='bbox 443 1278 636 1317; x_wconf 68' lang='lat' dir='ltr'><strong>matres</strong></span> <span class='ocrx_word' id='word_1_51' title='bbox 677 1268 731 1313; x_wconf 86' lang='lat' dir='ltr'><strong>et</strong></span> <span class='ocrx_word' id='word_1_52' title='bbox 768 1260 956 1313; x_wconf 82' lang='lat' dir='ltr'><strong>doles?</strong></span> <span class='ocrx_word' id='word_1_53' title='bbox 998 1263 1151 1331; x_wconf 80' lang='lat' dir='ltr'><strong>Atqui</strong></span> <span class='ocrx_word' id='word_1_54' title='bbox 1190 1262 1419 1331; x_wconf 81' lang='lat' dir='ltr'><strong>gaudere</strong></span> <span class='ocrx_word' id='word_1_55' title='bbox 1451 1261 1623 1327; x_wconf 89' lang='lat' dir='ltr'><strong>potius</strong></span> <span class='ocrx_word' id='word_1_56' title='bbox 1662 1260 1841 1323; x_wconf 88' lang='lat' dir='ltr'><strong>debes.</strong></span> <span class='ocrx_word' id='word_1_57' title='bbox 1875 1262 2013 1331; x_wconf 89' lang='lat' dir='ltr'><strong>quod</strong></span> 
     </span>
    </p>
   </div>
   <div class='ocr_carea' id='block_1_9' title="bbox 441 1352 2012 1418">
    <p class='ocr_par' dir='ltr' id='par_1_9' title="bbox 441 1352 2012 1418">
     <span class='ocr_line' id='line_1_9' title="bbox 441 1352 2012 1418; baseline -0.002 -12"><span class='ocrx_word' id='word_1_58' title='bbox 441 1354 527 1406; x_wconf 90' lang='lat' dir='ltr'><strong>hic</strong></span> <span class='ocrx_word' id='word_1_59' title='bbox 577 1361 790 1418; x_wconf 76' lang='lat' dir='ltr'><strong>peccata</strong></span> <span class='ocrx_word' id='word_1_60' title='bbox 831 1362 915 1404; x_wconf 91' lang='lat' dir='ltr'><strong>tua</strong></span> <span class='ocrx_word' id='word_1_61' title='bbox 961 1352 1049 1406; x_wconf 82' lang='lat' dir='ltr'><strong>tibi</strong></span> <span class='ocrx_word' id='word_1_62' title='bbox 1100 1354 1455 1407; x_wconf 86' lang='lat' dir='ltr'><strong>remittantur.</strong></span> <span class='ocrx_word' id='word_1_63' title='bbox 1524 1367 1588 1404; x_wconf 92' lang='lat' dir='ltr'><strong>ne</strong></span> <span class='ocrx_word' id='word_1_64' title='bbox 1638 1367 1756 1405; x_wconf 94' lang='lat' dir='ltr'><strong>cum</strong></span> <span class='ocrx_word' id='word_1_65' title='bbox 1816 1352 2012 1404; x_wconf 91' lang='lat' dir='ltr'><strong>mundo</strong></span> 
     </span>
    </p>
   </div>
   <div class='ocr_carea' id='block_1_10' title="bbox 440 1444 2012 1511">
    <p class='ocr_par' dir='ltr' id='par_1_10' title="bbox 440 1444 2012 1511">
     <span class='ocr_line' id='line_1_10' title="bbox 440 1444 2012 1511; baseline -0.001 -15"><span class='ocrx_word' id='word_1_66' title='bbox 440 1444 729 1496; x_wconf 79' lang='lat' dir='ltr'><strong>damneris.</strong></span> <span class='ocrx_word' id='word_1_67' title='bbox 777 1444 874 1510; x_wconf 87' lang='lat' dir='ltr'><strong>Qui</strong></span> <span class='ocrx_word' id='word_1_68' title='bbox 904 1445 1046 1499; x_wconf 92' lang='lat' dir='ltr'><strong>enim</strong></span> <span class='ocrx_word' id='word_1_69' title='bbox 1086 1444 1251 1505; x_wconf 84' lang='lat' dir='ltr'><strong>dolet,</strong></span> <span class='ocrx_word' id='word_1_70' title='bbox 1300 1458 1402 1495; x_wconf 93' lang='lat' dir='ltr'><strong>non</strong></span> <span class='ocrx_word' id='word_1_71' title='bbox 1447 1445 1565 1511; x_wconf 91' lang='lat' dir='ltr'><strong>quia</strong></span> <span class='ocrx_word' id='word_1_72' title='bbox 1597 1444 1881 1504; x_wconf 87' lang='lat' dir='ltr'><strong>cruciatur,</strong></span> <span class='ocrx_word' id='word_1_73' title='bbox 1920 1445 2012 1496; x_wconf 91' lang='lat' dir='ltr'><strong>sed</strong></span> 
     </span>
    </p>
   </div>
   <div class='ocr_carea' id='block_1_11' title="bbox 440 1535 2012 1603">
    <p class='ocr_par' dir='ltr' id='par_1_11' title="bbox 440 1535 2012 1603">
     <span class='ocr_line' id='line_1_11' title="bbox 440 1535 2012 1603; baseline 0.003 -18"><span class='ocrx_word' id='word_1_74' title='bbox 440 1536 559 1603; x_wconf 90' lang='lat' dir='ltr'><strong>quia</strong></span> <span class='ocrx_word' id='word_1_75' title='bbox 586 1535 802 1589; x_wconf 76' lang='lat' dir='ltr'><strong>oli&#39;endit</strong></span> <span class='ocrx_word' id='word_1_76' title='bbox 830 1537 1017 1601; x_wconf 88' lang='lat' dir='ltr'><strong>Deum,</strong></span> <span class='ocrx_word' id='word_1_77' title='bbox 1046 1537 1226 1589; x_wconf 88' lang='lat' dir='ltr'><strong>dolere</strong></span> <span class='ocrx_word' id='word_1_78' title='bbox 1271 1535 1447 1588; x_wconf 86' lang='lat' dir='ltr'><strong>debet.</strong></span> <span class='ocrx_word' id='word_1_79' title='bbox 1493 1536 1710 1589; x_wconf 77' lang='lat' dir='ltr'><strong>Peccata</strong></span> <span class='ocrx_word' id='word_1_80' title='bbox 1756 1537 1895 1588; x_wconf 88' lang='lat' dir='ltr'><strong>enint</strong></span> <span class='ocrx_word' id='word_1_81' title='bbox 1926 1552 2012 1590; x_wconf 89' lang='lat' dir='ltr'><strong>se-</strong></span> 
     </span>
    </p>
   </div>
   <div class='ocr_carea' id='block_1_12' title="bbox 441 1626 2011 1693">
    <p class='ocr_par' dir='ltr' id='par_1_12' title="bbox 441 1626 2011 1693">
     <span class='ocr_line' id='line_1_12' title="bbox 441 1626 2011 1693; baseline 0.001 -19"><span class='ocrx_word' id='word_1_82' title='bbox 441 1634 623 1693; x_wconf 83' lang='lat' dir='ltr'><strong>parant</strong></span> <span class='ocrx_word' id='word_1_83' title='bbox 649 1642 676 1677; x_wconf 89' lang='lat' dir='ltr'><strong>a</strong></span> <span class='ocrx_word' id='word_1_84' title='bbox 710 1626 858 1679; x_wconf 87' lang='lat' dir='ltr'><strong>nobis</strong></span> <span class='ocrx_word' id='word_1_85' title='bbox 887 1627 1073 1682; x_wconf 87' lang='lat' dir='ltr'><strong>Deum.</strong></span> <span class='ocrx_word' id='word_1_86' title='bbox 1106 1626 1537 1693; x_wconf 63' lang='lat' dir='ltr'><strong>constitmtntque</strong></span> <span class='ocrx_word' id='word_1_87' title='bbox 1560 1626 1712 1679; x_wconf 86' lang='lat' dir='ltr'><strong>nobis</strong></span> <span class='ocrx_word' id='word_1_88' title='bbox 1740 1627 1882 1676; x_wconf 88' lang='lat' dir='ltr'><strong>illum</strong></span> <span class='ocrx_word' id='word_1_89' title='bbox 1910 1626 2011 1677; x_wconf 83' lang='lat' dir='ltr'><strong>ini-</strong></span> 
     </span>
    </p>
   </div>
   <div class='ocr_carea' id='block_1_13' title="bbox 439 1715 2013 1779">
    <p class='ocr_par' dir='ltr' id='par_1_13' title="bbox 439 1715 2013 1779">
     <span class='ocr_line' id='line_1_13' title="bbox 439 1715 2013 1779; baseline -0.001 -12"><span class='ocrx_word' id='word_1_90' title='bbox 439 1716 627 1767; x_wconf 86' lang='lat' dir='ltr'><strong>tnicum</strong></span> <span class='ocrx_word' id='word_1_91' title='bbox 655 1735 665 1768; x_wconf 92' lang='lat'><strong>:</strong></span> <span class='ocrx_word' id='word_1_92' title='bbox 699 1717 962 1769; x_wconf 89' lang='lat' dir='ltr'><strong>cruciatus</strong></span> <span class='ocrx_word' id='word_1_93' title='bbox 985 1730 1113 1767; x_wconf 88' lang='lat' dir='ltr'><strong>vero</strong></span> <span class='ocrx_word' id='word_1_94' title='bbox 1154 1715 1305 1767; x_wconf 90' lang='lat' dir='ltr'><strong>nobis</strong></span> <span class='ocrx_word' id='word_1_95' title='bbox 1333 1715 1475 1767; x_wconf 87' lang='lat' dir='ltr'><strong>illttttt</strong></span> <span class='ocrx_word' id='word_1_96' title='bbox 1508 1716 1834 1776; x_wconf 73' lang='lat' dir='ltr'><strong>reconciliat,</strong></span> <span class='ocrx_word' id='word_1_97' title='bbox 1882 1729 2013 1779; x_wconf 82' lang='lat' dir='ltr'><strong>prae-</strong></span> 
     </span>
    </p>
   </div>
   <div class='ocr_carea' id='block_1_14' title="bbox 440 1804 2011 1876">
    <p class='ocr_par' dir='ltr' id='par_1_14' title="bbox 440 1804 2011 1876">
     <span class='ocr_line' id='line_1_14' title="bbox 440 1804 2011 1876; baseline 0 -20"><span class='ocrx_word' id='word_1_98' title='bbox 440 1817 688 1875; x_wconf 85' lang='lat' dir='ltr'><strong>paratque</strong></span> <span class='ocrx_word' id='word_1_99' title='bbox 736 1818 790 1861; x_wconf 90' lang='lat' dir='ltr'><strong>ut</strong></span> <span class='ocrx_word' id='word_1_100' title='bbox 819 1807 1075 1876; x_wconf 86' lang='lat' dir='ltr'><strong>propitius</strong></span> <span class='ocrx_word' id='word_1_101' title='bbox 1105 1820 1166 1858; x_wconf 85' lang='lat' dir='ltr'><strong>ac</strong></span> <span class='ocrx_word' id='word_1_102' title='bbox 1194 1806 1516 1874; x_wconf 87' lang='lat' dir='ltr'><strong>propinquus</strong></span> <span class='ocrx_word' id='word_1_103' title='bbox 1542 1806 1628 1857; x_wconf 85' lang='lat' dir='ltr'><strong>sit.</strong></span> <span class='ocrx_word' id='word_1_104' title='bbox 1660 1804 1809 1869; x_wconf 82' lang='lat' dir='ltr'><strong>Quod</strong></span> <span class='ocrx_word' id='word_1_105' title='bbox 1836 1816 2011 1857; x_wconf 83' lang='lat' dir='ltr'><strong>autem</strong></span> 
     </span>
    </p>
   </div>
   <div class='ocr_carea' id='block_1_15' title="bbox 432 1896 2012 1963">
    <p class='ocr_par' dir='ltr' id='par_1_15' title="bbox 432 1896 2012 1963">
     <span class='ocr_line' id='line_1_15' title="bbox 432 1896 2012 1963; baseline 0 -14"><span class='ocrx_word' id='word_1_106' title='bbox 432 1897 597 1950; x_wconf 84' lang='lat' dir='ltr'><strong>sudor</strong></span> <span class='ocrx_word' id='word_1_107' title='bbox 641 1900 735 1951; x_wconf 80' lang='lat' dir='ltr'><strong>iste</strong></span> <span class='ocrx_word' id='word_1_108' title='bbox 776 1911 893 1952; x_wconf 91' lang='lat' dir='ltr'><strong>tuus</strong></span> <span class='ocrx_word' id='word_1_109' title='bbox 929 1912 1033 1950; x_wconf 90' lang='lat' dir='ltr'><strong>non</strong></span> <span class='ocrx_word' id='word_1_110' title='bbox 1083 1897 1151 1949; x_wconf 90' lang='lat' dir='ltr'><strong>sit</strong></span> <span class='ocrx_word' id='word_1_111' title='bbox 1186 1908 1515 1963; x_wconf 87' lang='lat' dir='ltr'><strong>peccatorum</strong></span> <span class='ocrx_word' id='word_1_112' title='bbox 1550 1896 1698 1960; x_wconf 89' lang='lat' dir='ltr'><strong>ultio,</strong></span> <span class='ocrx_word' id='word_1_113' title='bbox 1742 1896 1835 1950; x_wconf 85' lang='lat' dir='ltr'><strong>sed</strong></span> <span class='ocrx_word' id='word_1_114' title='bbox 1862 1913 2012 1950; x_wconf 87' lang='lat' dir='ltr'><strong>coro-</strong></span> 
     </span>
    </p>
   </div>
   <div class='ocr_carea' id='block_1_16' title="bbox 436 1988 2009 2058">
    <p class='ocr_par' dir='ltr' id='par_1_16' title="bbox 436 1988 2009 2058">
     <span class='ocr_line' id='line_1_16' title="bbox 436 1988 2009 2058; baseline -0.001 -19"><span class='ocrx_word' id='word_1_115' title='bbox 436 2002 618 2041; x_wconf 91' lang='lat' dir='ltr'><strong>narunt</strong></span> <span class='ocrx_word' id='word_1_116' title='bbox 642 1991 814 2058; x_wconf 84' lang='lat' dir='ltr'><strong>potius</strong></span> <span class='ocrx_word' id='word_1_117' title='bbox 846 1988 1290 2058; x_wconf 65' lang='lat' dir='ltr'><strong>prmmiorumque</strong></span> <span class='ocrx_word' id='word_1_118' title='bbox 1321 1989 1559 2051; x_wconf 87' lang='lat' dir='ltr'><strong>materia,</strong></span> <span class='ocrx_word' id='word_1_119' title='bbox 1592 1988 1713 2041; x_wconf 91' lang='lat' dir='ltr'><strong>hinc</strong></span> <span class='ocrx_word' id='word_1_120' title='bbox 1742 2002 1870 2040; x_wconf 89' lang='lat' dir='ltr'><strong>sane</strong></span> <span class='ocrx_word' id='word_1_121' title='bbox 1901 2003 2009 2039; x_wconf 81' lang='lat' dir='ltr'><strong>nta-</strong></span> 
     </span>
    </p>
   </div>
   <div class='ocr_carea' id='block_1_17' title="bbox 435 2077 2011 2148">
    <p class='ocr_par' dir='ltr' id='par_1_17' title="bbox 435 2077 2011 2148">
     <span class='ocr_line' id='line_1_17' title="bbox 435 2077 2011 2148; baseline 0.001 -18"><span class='ocrx_word' id='word_1_122' title='bbox 435 2077 679 2131; x_wconf 85' lang='lat' dir='ltr'><strong>nifestum</strong></span> <span class='ocrx_word' id='word_1_123' title='bbox 727 2091 827 2133; x_wconf 88' lang='lat' dir='ltr'><strong>est.</strong></span> <span class='ocrx_word' id='word_1_124' title='bbox 879 2079 935 2132; x_wconf 78' lang='lat' dir='ltr'><strong>Si</strong></span> <span class='ocrx_word' id='word_1_125' title='bbox 992 2078 1132 2132; x_wconf 89' lang='lat' dir='ltr'><strong>enint</strong></span> <span class='ocrx_word' id='word_1_126' title='bbox 1181 2079 1325 2146; x_wconf 90' lang='lat' dir='ltr'><strong>prius</strong></span> <span class='ocrx_word' id='word_1_127' title='bbox 1367 2080 1591 2148; x_wconf 88' lang='lat' dir='ltr'><strong>turpiter</strong></span> <span class='ocrx_word' id='word_1_128' title='bbox 1635 2094 1697 2132; x_wconf 92' lang='lat' dir='ltr'><strong>ac</strong></span> <span class='ocrx_word' id='word_1_129' title='bbox 1742 2080 2011 2131; x_wconf 80' lang='lat' dir='ltr'><strong>luxuriose</strong></span> 
     </span>
    </p>
   </div>
   <div class='ocr_carea' id='block_1_18' title="bbox 432 2170 2010 2239">
    <p class='ocr_par' dir='ltr' id='par_1_18' title="bbox 432 2170 2010 2239">
     <span class='ocr_line' id='line_1_18' title="bbox 432 2170 2010 2239; baseline 0.001 -19"><span class='ocrx_word' id='word_1_130' title='bbox 432 2170 685 2232; x_wconf 81' lang='lat' dir='ltr'><strong>vixisses,</strong></span> <span class='ocrx_word' id='word_1_131' title='bbox 740 2181 898 2239; x_wconf 90' lang='lat' dir='ltr'><strong>atque</strong></span> <span class='ocrx_word' id='word_1_132' title='bbox 942 2170 1011 2223; x_wconf 88' lang='lat' dir='ltr'><strong>ita</strong></span> <span class='ocrx_word' id='word_1_133' title='bbox 1053 2178 1104 2223; x_wconf 88' lang='lat' dir='ltr'><strong>te</strong></span> <span class='ocrx_word' id='word_1_134' title='bbox 1145 2170 1209 2223; x_wconf 90' lang='lat' dir='ltr'><strong>ad</strong></span> <span class='ocrx_word' id='word_1_135' title='bbox 1242 2170 1620 2225; x_wconf 85' lang='lat' dir='ltr'><strong>monachorum</strong></span> <span class='ocrx_word' id='word_1_136' title='bbox 1649 2171 2010 2224; x_wconf 80' lang='lat' dir='ltr'><strong>conversatio-</strong></span> 
     </span>
    </p>
   </div>
   <div class='ocr_carea' id='block_1_19' title="bbox 432 2261 2008 2331">
    <p class='ocr_par' dir='ltr' id='par_1_19' title="bbox 432 2261 2008 2331">
     <span class='ocr_line' id='line_1_19' title="bbox 432 2261 2008 2331; baseline 0.001 -18"><span class='ocrx_word' id='word_1_137' title='bbox 432 2276 549 2315; x_wconf 89' lang='lat' dir='ltr'><strong>nem</strong></span> <span class='ocrx_word' id='word_1_138' title='bbox 598 2264 932 2324; x_wconf 75' lang='lat' dir='ltr'><strong>contulisses,</strong></span> <span class='ocrx_word' id='word_1_139' title='bbox 982 2276 1048 2314; x_wconf 90' lang='lat' dir='ltr'><strong>ne</strong></span> <span class='ocrx_word' id='word_1_140' title='bbox 1077 2262 1152 2314; x_wconf 90' lang='lat' dir='ltr'><strong>sic</strong></span> <span class='ocrx_word' id='word_1_141' title='bbox 1181 2262 1390 2330; x_wconf 92' lang='lat' dir='ltr'><strong>quidem</strong></span> <span class='ocrx_word' id='word_1_142' title='bbox 1427 2261 1541 2315; x_wconf 75' lang='lat' dir='ltr'><strong>ltzec</strong></span> <span class='ocrx_word' id='word_1_143' title='bbox 1576 2262 1806 2331; x_wconf 90' lang='lat' dir='ltr'><strong>suspicio</strong></span> <span class='ocrx_word' id='word_1_144' title='bbox 1834 2263 2008 2315; x_wconf 89' lang='lat' dir='ltr'><strong>locum</strong></span> 
     </span>
    </p>
   </div>
   <div class='ocr_carea' id='block_1_20' title="bbox 431 2350 2009 2420">
    <p class='ocr_par' dir='ltr' id='par_1_20' title="bbox 431 2350 2009 2420">
     <span class='ocr_line' id='line_1_20' title="bbox 431 2350 2009 2420; baseline 0 -17"><span class='ocrx_word' id='word_1_145' title='bbox 431 2350 719 2405; x_wconf 81' lang='lat' dir='ltr'><strong>habuisset.</strong></span> <span class='ocrx_word' id='word_1_146' title='bbox 748 2352 878 2405; x_wconf 88' lang='lat' dir='ltr'><strong>Nant</strong></span> <span class='ocrx_word' id='word_1_147' title='bbox 925 2352 968 2405; x_wconf 92' lang='lat' dir='ltr'><strong>si</strong></span> <span class='ocrx_word' id='word_1_148' title='bbox 1001 2350 1069 2403; x_wconf 91' lang='lat' dir='ltr'><strong>ob</strong></span> <span class='ocrx_word' id='word_1_149' title='bbox 1096 2350 1196 2405; x_wconf 92' lang='lat' dir='ltr'><strong>hoc</strong></span> <span class='ocrx_word' id='word_1_150' title='bbox 1234 2352 1372 2405; x_wconf 83' lang='lat' dir='ltr'><strong>Deus</strong></span> <span class='ocrx_word' id='word_1_151' title='bbox 1421 2366 1607 2420; x_wconf 65' lang='lat' dir='ltr'><strong>poenas</strong></span> <span class='ocrx_word' id='word_1_152' title='bbox 1643 2351 1820 2414; x_wconf 81' lang='lat' dir='ltr'><strong>infert,</strong></span> <span class='ocrx_word' id='word_1_153' title='bbox 1871 2362 1926 2403; x_wconf 93' lang='lat' dir='ltr'><strong>ut</strong></span> <span class='ocrx_word' id='word_1_154' title='bbox 1960 2351 2009 2403; x_wconf 92' lang='lat' dir='ltr'><strong>itt</strong></span> 
     </span>
    </p>
   </div>
   <div class='ocr_carea' id='block_1_21' title="bbox 430 2442 2010 2512">
    <p class='ocr_par' dir='ltr' id='par_1_21' title="bbox 430 2442 2010 2512">
     <span class='ocr_line' id='line_1_21' title="bbox 430 2442 2010 2512; baseline 0 -19"><span class='ocrx_word' id='word_1_155' title='bbox 430 2442 581 2495; x_wconf 85' lang='lat' dir='ltr'><strong>malis</strong></span> <span class='ocrx_word' id='word_1_156' title='bbox 600 2451 1002 2510; x_wconf 78' lang='lat' dir='ltr'><strong>perseverantes</strong></span> <span class='ocrx_word' id='word_1_157' title='bbox 1018 2442 1083 2494; x_wconf 91' lang='lat' dir='ltr'><strong>ad</strong></span> <span class='ocrx_word' id='word_1_158' title='bbox 1110 2442 1473 2511; x_wconf 62' lang='lat' dir='ltr'><strong>paenitentiam</strong></span> <span class='ocrx_word' id='word_1_159' title='bbox 1496 2450 1771 2512; x_wconf 84' lang='lat' dir='ltr'><strong>provocet,</strong></span> <span class='ocrx_word' id='word_1_160' title='bbox 1799 2451 2010 2494; x_wconf 89' lang='lat' dir='ltr'><strong>ostensa</strong></span> 
     </span>
    </p>
   </div>
   <div class='ocr_carea' id='block_1_22' title="bbox 430 2530 2009 2602">
    <p class='ocr_par' dir='ltr' id='par_1_22' title="bbox 430 2530 2009 2602">
     <span class='ocr_line' id='line_1_22' title="bbox 430 2530 2009 2602; baseline 0.003 -21"><span class='ocrx_word' id='word_1_161' title='bbox 430 2532 737 2597; x_wconf 65' lang='lat' dir='ltr'><strong>paenitentia</strong></span> <span class='ocrx_word' id='word_1_162' title='bbox 777 2530 1041 2602; x_wconf 83' lang='lat' dir='ltr'><strong>superﬂua</strong></span> <span class='ocrx_word' id='word_1_163' title='bbox 1086 2532 1194 2600; x_wconf 88' lang='lat' dir='ltr'><strong>jam</strong></span> <span class='ocrx_word' id='word_1_164' title='bbox 1239 2533 1341 2586; x_wconf 90' lang='lat' dir='ltr'><strong>erit</strong></span> <span class='ocrx_word' id='word_1_165' title='bbox 1370 2546 1546 2601; x_wconf 70' lang='lat' dir='ltr'><strong>pmna.</strong></span> <span class='ocrx_word' id='word_1_166' title='bbox 1596 2531 1825 2586; x_wconf 88' lang='lat' dir='ltr'><strong>Tantum</strong></span> <span class='ocrx_word' id='word_1_167' title='bbox 1868 2532 2009 2587; x_wconf 90' lang='lat' dir='ltr'><strong>enim</strong></span> 
     </span>
    </p>
   </div>
   <div class='ocr_carea' id='block_1_23' title="bbox 426 2623 2011 2693">
    <p class='ocr_par' dir='ltr' id='par_1_23' title="bbox 426 2623 2011 2693">
     <span class='ocr_line' id='line_1_23' title="bbox 426 2623 2011 2693; baseline 0 -18"><span class='ocrx_word' id='word_1_168' title='bbox 426 2623 575 2677; x_wconf 86' lang='lat' dir='ltr'><strong>abest</strong></span> <span class='ocrx_word' id='word_1_169' title='bbox 609 2634 666 2677; x_wconf 92' lang='lat' dir='ltr'><strong>ut</strong></span> <span class='ocrx_word' id='word_1_170' title='bbox 696 2639 791 2677; x_wconf 91' lang='lat' dir='ltr'><strong>nos</strong></span> <span class='ocrx_word' id='word_1_171' title='bbox 827 2623 1014 2693; x_wconf 84' lang='lat' dir='ltr'><strong>punire</strong></span> <span class='ocrx_word' id='word_1_172' title='bbox 1040 2623 1165 2677; x_wconf 87' lang='lat' dir='ltr'><strong>velit</strong></span> <span class='ocrx_word' id='word_1_173' title='bbox 1190 2624 1348 2687; x_wconf 87' lang='lat' dir='ltr'><strong>Deus,</strong></span> <span class='ocrx_word' id='word_1_174' title='bbox 1393 2630 1451 2677; x_wconf 88' lang='lat' dir='ltr'><strong>ut</strong></span> <span class='ocrx_word' id='word_1_175' title='bbox 1483 2638 1602 2677; x_wconf 92' lang='lat' dir='ltr'><strong>cum</strong></span> <span class='ocrx_word' id='word_1_176' title='bbox 1642 2638 2011 2692; x_wconf 64' lang='lat' dir='ltr'><strong>saepenumero</strong></span> 
     </span>
    </p>
   </div>
   <div class='ocr_carea' id='block_1_24' title="bbox 428 2713 2010 2783">
    <p class='ocr_par' dir='ltr' id='par_1_24' title="bbox 428 2713 2010 2783">
     <span class='ocr_line' id='line_1_24' title="bbox 428 2713 2010 2783; baseline -0.001 -17"><span class='ocrx_word' id='word_1_177' title='bbox 428 2715 598 2783; x_wconf 59' lang='lat' dir='ltr'><strong>paruis</strong></span> <span class='ocrx_word' id='word_1_178' title='bbox 633 2714 791 2783; x_wconf 83' lang='lat' dir='ltr'><strong>digna</strong></span> <span class='ocrx_word' id='word_1_179' title='bbox 822 2713 1079 2767; x_wconf 80' lang='lat' dir='ltr'><strong>faciamus</strong></span> <span class='ocrx_word' id='word_1_180' title='bbox 1102 2754 1117 2780; x_wconf 92' lang='lat'><strong>,</strong></span> <span class='ocrx_word' id='word_1_181' title='bbox 1159 2730 1473 2783; x_wconf 91' lang='lat' dir='ltr'><strong>summaque</strong></span> <span class='ocrx_word' id='word_1_182' title='bbox 1500 2714 1847 2768; x_wconf 88' lang='lat' dir='ltr'><strong>conversione</strong></span> <span class='ocrx_word' id='word_1_183' title='bbox 1876 2728 2010 2782; x_wconf 68' lang='lat' dir='ltr'><strong>opus</strong></span> 
     </span>
    </p>
   </div>
   <div class='ocr_carea' id='block_1_25' title="bbox 426 2804 2002 2873">
    <p class='ocr_par' dir='ltr' id='par_1_25' title="bbox 426 2804 2002 2873">
     <span class='ocr_line' id='line_1_25' title="bbox 426 2804 2002 2873; baseline 0 -17"><span class='ocrx_word' id='word_1_184' title='bbox 426 2804 731 2867; x_wconf 87' lang='lat' dir='ltr'><strong>habeamus,</strong></span> <span class='ocrx_word' id='word_1_185' title='bbox 755 2804 1167 2858; x_wconf 88' lang='lat' dir='ltr'><strong>comminatione</strong></span> <span class='ocrx_word' id='word_1_186' title='bbox 1184 2805 1354 2860; x_wconf 91' lang='lat' dir='ltr'><strong>solum</strong></span> <span class='ocrx_word' id='word_1_187' title='bbox 1374 2805 1652 2873; x_wconf 79' lang='lat' dir='ltr'><strong>verbiSque</strong></span> <span class='ocrx_word' id='word_1_188' title='bbox 1678 2804 2002 2857; x_wconf 88' lang='lat' dir='ltr'><strong>terribilibus</strong></span> 
     </span>
    </p>
   </div>
   <div class='ocr_carea' id='block_1_26' title="bbox 424 2895 2007 2966">
    <p class='ocr_par' dir='ltr' id='par_1_26' title="bbox 424 2895 2007 2966">
     <span class='ocr_line' id='line_1_26' title="bbox 424 2895 2007 2966; baseline -0.003 -17"><span class='ocrx_word' id='word_1_189' title='bbox 424 2912 520 2950; x_wconf 90' lang='lat' dir='ltr'><strong>nos</strong></span> <span class='ocrx_word' id='word_1_190' title='bbox 560 2897 818 2965; x_wconf 82' lang='lat' dir='ltr'><strong>castigare</strong></span> <span class='ocrx_word' id='word_1_191' title='bbox 856 2898 1046 2951; x_wconf 88' lang='lat' dir='ltr'><strong>malit:</strong></span> <span class='ocrx_word' id='word_1_192' title='bbox 1089 2897 1245 2966; x_wconf 86' lang='lat' dir='ltr'><strong>idque</strong></span> <span class='ocrx_word' id='word_1_193' title='bbox 1287 2897 1439 2950; x_wconf 80' lang='lat' dir='ltr'><strong>facile</strong></span> <span class='ocrx_word' id='word_1_194' title='bbox 1466 2897 1723 2966; x_wconf 87' lang='lat' dir='ltr'><strong>quispiam</strong></span> <span class='ocrx_word' id='word_1_195' title='bbox 1769 2895 2007 2948; x_wconf 81' lang='lat' dir='ltr'><strong>animad-</strong></span> 
     </span>
    </p>
   </div>
   <div class='ocr_carea' id='block_1_27' title="bbox 425 2992 2006 3061">
    <p class='ocr_par' dir='ltr' id='par_1_27' title="bbox 425 2992 2006 3061">
     <span class='ocr_line' id='line_1_27' title="bbox 425 2992 2006 3061; baseline 0.002 -22"><span class='ocrx_word' id='word_1_196' title='bbox 425 3000 592 3042; x_wconf 71' lang='lat' dir='ltr'><strong>vertet</strong></span> <span class='ocrx_word' id='word_1_197' title='bbox 629 2999 681 3043; x_wconf 91' lang='lat' dir='ltr'><strong>et</strong></span> <span class='ocrx_word' id='word_1_198' title='bbox 724 2993 773 3043; x_wconf 92' lang='lat' dir='ltr'><strong>in</strong></span> <span class='ocrx_word' id='word_1_199' title='bbox 806 2992 1088 3045; x_wconf 90' lang='lat' dir='ltr'><strong>Israelitica</strong></span> <span class='ocrx_word' id='word_1_200' title='bbox 1122 2992 1298 3061; x_wconf 88' lang='lat' dir='ltr'><strong>plebe,</strong></span> <span class='ocrx_word' id='word_1_201' title='bbox 1333 3007 1386 3046; x_wconf 93' lang='lat' dir='ltr'><strong>et</strong></span> <span class='ocrx_word' id='word_1_202' title='bbox 1415 2993 1465 3045; x_wconf 90' lang='lat' dir='ltr'><strong>itt</strong></span> <span class='ocrx_word' id='word_1_203' title='bbox 1498 2993 1846 3047; x_wconf 84' lang='lat' dir='ltr'><strong>Ninivitarum</strong></span> <span class='ocrx_word' id='word_1_204' title='bbox 1875 2992 2006 3046; x_wconf 85' lang='lat' dir='ltr'><strong>civi—</strong></span> 
     </span>
    </p>
   </div>
   <div class='ocr_carea' id='block_1_28' title="bbox 428 3080 2006 3151">
    <p class='ocr_par' dir='ltr' id='par_1_28' title="bbox 428 3080 2006 3151">
     <span class='ocr_line' id='line_1_28' title="bbox 428 3080 2006 3151; baseline 0.005 -22"><span class='ocrx_word' id='word_1_205' title='bbox 428 3089 549 3131; x_wconf 83' lang='lat' dir='ltr'><strong>tate.</strong></span> <span class='ocrx_word' id='word_1_206' title='bbox 577 3080 686 3131; x_wconf 60' lang='lat' dir='ltr'><strong>Non</strong></span> <span class='ocrx_word' id='word_1_207' title='bbox 722 3083 894 3133; x_wconf 92' lang='lat' dir='ltr'><strong>solum</strong></span> <span class='ocrx_word' id='word_1_208' title='bbox 926 3083 1065 3134; x_wconf 88' lang='lat' dir='ltr'><strong>enim</strong></span> <span class='ocrx_word' id='word_1_209' title='bbox 1094 3084 1347 3151; x_wconf 86' lang='lat' dir='ltr'><strong>supplicia</strong></span> <span class='ocrx_word' id='word_1_210' title='bbox 1380 3100 1483 3136; x_wconf 88' lang='lat' dir='ltr'><strong>non</strong></span> <span class='ocrx_word' id='word_1_211' title='bbox 1512 3084 1705 3148; x_wconf 82' lang='lat' dir='ltr'><strong>intulit,</strong></span> <span class='ocrx_word' id='word_1_212' title='bbox 1742 3100 1861 3137; x_wconf 92' lang='lat' dir='ltr'><strong>cum</strong></span> <span class='ocrx_word' id='word_1_213' title='bbox 1896 3098 2006 3151; x_wconf 70' lang='lat' dir='ltr'><strong>pte-</strong></span> 
     </span>
    </p>
   </div>
   <div class='ocr_carea' id='block_1_29' title="bbox 424 3171 2005 3241">
    <p class='ocr_par' dir='ltr' id='par_1_29' title="bbox 424 3171 2005 3241">
     <span class='ocr_line' id='line_1_29' title="bbox 424 3171 2005 3241; baseline 0.003 -20"><span class='ocrx_word' id='word_1_214' title='bbox 424 3171 693 3222; x_wconf 86' lang='lat' dir='ltr'><strong>ttitentiant</strong></span> <span class='ocrx_word' id='word_1_215' title='bbox 744 3172 1115 3234; x_wconf 72' lang='lat' dir='ltr'><strong>ostenderent,</strong></span> <span class='ocrx_word' id='word_1_216' title='bbox 1174 3174 1268 3227; x_wconf 91' lang='lat' dir='ltr'><strong>scd</strong></span> <span class='ocrx_word' id='word_1_217' title='bbox 1324 3184 1376 3225; x_wconf 81' lang='lat' dir='ltr'><strong>et</strong></span> <span class='ocrx_word' id='word_1_218' title='bbox 1428 3176 1597 3227; x_wconf 87' lang='lat' dir='ltr'><strong>minas</strong></span> <span class='ocrx_word' id='word_1_219' title='bbox 1648 3176 1789 3241; x_wconf 87' lang='lat' dir='ltr'><strong>ipsas</strong></span> <span class='ocrx_word' id='word_1_220' title='bbox 1828 3175 2005 3226; x_wconf 80' lang='lat' dir='ltr'><strong>statim</strong></span> 
     </span>
    </p>
   </div>
   <div class='ocr_carea' id='block_1_30' title="bbox 431 3261 2003 3332">
    <p class='ocr_par' dir='ltr' id='par_1_30' title="bbox 431 3261 2003 3332">
     <span class='ocr_line' id='line_1_30' title="bbox 431 3261 2003 3332; baseline 0.001 -19"><span class='ocrx_word' id='word_1_221' title='bbox 431 3262 677 3313; x_wconf 88' lang='lat' dir='ltr'><strong>removit.</strong></span> <span class='ocrx_word' id='word_1_222' title='bbox 723 3261 885 3314; x_wconf 77' lang='lat' dir='ltr'><strong>Multo</strong></span> <span class='ocrx_word' id='word_1_223' title='bbox 934 3262 1076 3315; x_wconf 90' lang='lat' dir='ltr'><strong>enim</strong></span> <span class='ocrx_word' id='word_1_224' title='bbox 1117 3265 1282 3328; x_wconf 84' lang='lat' dir='ltr'><strong>magis</strong></span> <span class='ocrx_word' id='word_1_225' title='bbox 1324 3266 1431 3316; x_wconf 86' lang='lat' dir='ltr'><strong>vult</strong></span> <span class='ocrx_word' id='word_1_226' title='bbox 1459 3266 1570 3332; x_wconf 90' lang='lat' dir='ltr'><strong>ipse</strong></span> <span class='ocrx_word' id='word_1_227' title='bbox 1599 3264 1728 3316; x_wconf 91' lang='lat' dir='ltr'><strong>nihil</strong></span> <span class='ocrx_word' id='word_1_228' title='bbox 1770 3278 1867 3317; x_wconf 91' lang='lat' dir='ltr'><strong>nos</strong></span> <span class='ocrx_word' id='word_1_229' title='bbox 1899 3265 2003 3331; x_wconf 85' lang='lat' dir='ltr'><strong>pati</strong></span> 
     </span>
    </p>
   </div>
   <div class='ocr_carea' id='block_1_31' title="bbox 424 3352 2009 3423">
    <p class='ocr_par' dir='ltr' id='par_1_31' title="bbox 424 3352 2009 3423">
     <span class='ocr_line' id='line_1_31' title="bbox 424 3352 2009 3423; baseline 0.004 -21"><span class='ocrx_word' id='word_1_230' title='bbox 424 3352 570 3413; x_wconf 85' lang='lat' dir='ltr'><strong>ntali,</strong></span> <span class='ocrx_word' id='word_1_231' title='bbox 609 3368 765 3421; x_wconf 85' lang='lat' dir='ltr'><strong>quant</strong></span> <span class='ocrx_word' id='word_1_232' title='bbox 799 3367 896 3405; x_wconf 91' lang='lat' dir='ltr'><strong>nos</strong></span> <span class='ocrx_word' id='word_1_233' title='bbox 940 3353 1059 3422; x_wconf 91' lang='lat' dir='ltr'><strong>ipsi,</strong></span> <span class='ocrx_word' id='word_1_234' title='bbox 1110 3354 1392 3422; x_wconf 84' lang='lat' dir='ltr'><strong>nullusque</strong></span> <span class='ocrx_word' id='word_1_235' title='bbox 1429 3355 1526 3407; x_wconf 87' lang='lat' dir='ltr'><strong>sibi</strong></span> <span class='ocrx_word' id='word_1_236' title='bbox 1575 3355 1644 3408; x_wconf 88' lang='lat' dir='ltr'><strong>ita</strong></span> <span class='ocrx_word' id='word_1_237' title='bbox 1679 3367 1918 3423; x_wconf 87' lang='lat' dir='ltr'><strong>parceret</strong></span> <span class='ocrx_word' id='word_1_238' title='bbox 1945 3356 2009 3408; x_wconf 89' lang='lat' dir='ltr'><strong>li-</strong></span> 
     </span>
    </p>
   </div>
   <div class='ocr_carea' id='block_1_32' title="bbox 423 3442 2006 3516">
    <p class='ocr_par' dir='ltr' id='par_1_32' title="bbox 423 3442 2006 3516">
     <span class='ocr_line' id='line_1_32' title="bbox 423 3442 2006 3516; baseline 0.003 -21"><span class='ocrx_word' id='word_1_239' title='bbox 423 3442 629 3508; x_wconf 85' lang='lat' dir='ltr'><strong>benter,</strong></span> <span class='ocrx_word' id='word_1_240' title='bbox 662 3453 715 3495; x_wconf 92' lang='lat' dir='ltr'><strong>ut</strong></span> <span class='ocrx_word' id='word_1_241' title='bbox 743 3444 893 3496; x_wconf 87' lang='lat' dir='ltr'><strong>nobis</strong></span> <span class='ocrx_word' id='word_1_242' title='bbox 920 3445 1164 3497; x_wconf 89' lang='lat' dir='ltr'><strong>omnibus</strong></span> <span class='ocrx_word' id='word_1_243' title='bbox 1197 3444 1353 3498; x_wconf 91' lang='lat' dir='ltr'><strong>Deus.</strong></span> <span class='ocrx_word' id='word_1_244' title='bbox 1404 3445 1600 3499; x_wconf 84' lang='lat' dir='ltr'><strong>Deinde</strong></span> <span class='ocrx_word' id='word_1_245' title='bbox 1629 3447 1672 3499; x_wconf 91' lang='lat' dir='ltr'><strong>is</strong></span> <span class='ocrx_word' id='word_1_246' title='bbox 1696 3446 1784 3515; x_wconf 90' lang='lat' dir='ltr'><strong>qui</strong></span> <span class='ocrx_word' id='word_1_247' title='bbox 1813 3447 2006 3516; x_wconf 73' lang='lat' dir='ltr'><strong>srrpius</strong></span> 
     </span>
    </p>
   </div>
   <div class='ocr_carea' id='block_1_33' title="bbox 424 3536 2003 3606">
    <p class='ocr_par' dir='ltr' id='par_1_33' title="bbox 424 3536 2003 3606">
     <span class='ocr_line' id='line_1_33' title="bbox 424 3536 2003 3606; baseline 0.002 -19"><span class='ocrx_word' id='word_1_248' title='bbox 424 3545 703 3603; x_wconf 77' lang='lat' dir='ltr'><strong>peccantes</strong></span> <span class='ocrx_word' id='word_1_249' title='bbox 740 3536 916 3588; x_wconf 85' lang='lat' dir='ltr'><strong>verbis</strong></span> <span class='ocrx_word' id='word_1_250' title='bbox 946 3546 1148 3589; x_wconf 87' lang='lat' dir='ltr'><strong>tantum</strong></span> <span class='ocrx_word' id='word_1_251' title='bbox 1189 3546 1439 3596; x_wconf 64' lang='lat' dir='ltr'><strong>exterret,</strong></span> <span class='ocrx_word' id='word_1_252' title='bbox 1480 3552 1575 3589; x_wconf 81' lang='lat' dir='ltr'><strong>nec</strong></span> <span class='ocrx_word' id='word_1_253' title='bbox 1616 3539 1782 3605; x_wconf 86' lang='lat' dir='ltr'><strong>punit,</strong></span> <span class='ocrx_word' id='word_1_254' title='bbox 1833 3540 2003 3606; x_wconf 61' lang='lat' dir='ltr'><strong>pani—</strong></span> 
     </span>
    </p>
   </div>
   <div class='ocr_carea' id='block_1_34' title="bbox 428 3634 2003 3705">
    <p class='ocr_par' dir='ltr' id='par_1_34' title="bbox 428 3634 2003 3705">
     <span class='ocr_line' id='line_1_34' title="bbox 428 3634 2003 3705; baseline -0.001 -17"><span class='ocrx_word' id='word_1_255' title='bbox 428 3646 703 3705; x_wconf 86' lang='lat' dir='ltr'><strong>tentesque</strong></span> <span class='ocrx_word' id='word_1_256' title='bbox 736 3637 835 3689; x_wconf 89' lang='lat' dir='ltr'><strong>hac</strong></span> <span class='ocrx_word' id='word_1_257' title='bbox 866 3636 888 3688; x_wconf 84' lang='lat' dir='ltr'><strong>f</strong></span> <span class='ocrx_word' id='word_1_258' title='bbox 921 3635 1146 3689; x_wconf 88' lang='lat' dir='ltr'><strong>rmidine</strong></span> <span class='ocrx_word' id='word_1_259' title='bbox 1176 3635 1381 3697; x_wconf 90' lang='lat' dir='ltr'><strong>liberat,</strong></span> <span class='ocrx_word' id='word_1_260' title='bbox 1431 3644 1478 3687; x_wconf 89' lang='lat' dir='ltr'><strong>te</strong></span> <span class='ocrx_word' id='word_1_261' title='bbox 1505 3635 1592 3702; x_wconf 91' lang='lat' dir='ltr'><strong>qui</strong></span> <span class='ocrx_word' id='word_1_262' title='bbox 1626 3644 1764 3686; x_wconf 87' lang='lat' dir='ltr'><strong>tanta</strong></span> <span class='ocrx_word' id='word_1_263' title='bbox 1797 3634 2003 3701; x_wconf 74' lang='lat' dir='ltr'><strong>religio-</strong></span> 
     </span>
    </p>
   </div>
   <div class='ocr_carea' id='block_1_35' title="bbox 428 3724 2002 3794">
    <p class='ocr_par' dir='ltr' id='par_1_35' title="bbox 428 3724 2002 3794">
     <span class='ocr_line' id='line_1_35' title="bbox 428 3724 2002 3794; baseline -0.003 -16"><span class='ocrx_word' id='word_1_264' title='bbox 428 3727 529 3790; x_wconf 90' lang='lat' dir='ltr'><strong>nis,</strong></span> <span class='ocrx_word' id='word_1_265' title='bbox 574 3735 713 3779; x_wconf 89' lang='lat' dir='ltr'><strong>tattta</strong></span> <span class='ocrx_word' id='word_1_266' title='bbox 746 3727 952 3779; x_wconf 85' lang='lat' dir='ltr'><strong>virtutis</strong></span> <span class='ocrx_word' id='word_1_267' title='bbox 979 3736 1032 3780; x_wconf 90' lang='lat' dir='ltr'><strong>et</strong></span> <span class='ocrx_word' id='word_1_268' title='bbox 1063 3725 1339 3794; x_wconf 84' lang='lat' dir='ltr'><strong>probitatis</strong></span> <span class='ocrx_word' id='word_1_269' title='bbox 1372 3724 1560 3777; x_wconf 77' lang='lat' dir='ltr'><strong>indit-ia</strong></span> <span class='ocrx_word' id='word_1_270' title='bbox 1595 3740 1700 3793; x_wconf 74' lang='lat' dir='ltr'><strong>pra:</strong></span> <span class='ocrx_word' id='word_1_271' title='bbox 1737 3734 1786 3777; x_wconf 82' lang='lat' dir='ltr'><strong>te</strong></span> <span class='ocrx_word' id='word_1_272' title='bbox 1817 3724 2002 3783; x_wconf 77' lang='lat' dir='ltr'><strong>tulisti,</strong></span> 
     </span>
    </p>
   </div>
   <div class='ocr_carea' id='block_1_36' title="bbox 426 3814 2001 3884">
    <p class='ocr_par' dir='ltr' id='par_1_36' title="bbox 426 3814 2001 3884">
     <span class='ocr_line' id='line_1_36' title="bbox 426 3814 2001 3884; baseline -0.003 -14"><span class='ocrx_word' id='word_1_273' title='bbox 426 3834 529 3870; x_wconf 89' lang='lat' dir='ltr'><strong>non</strong></span> <span class='ocrx_word' id='word_1_274' title='bbox 574 3818 742 3870; x_wconf 75' lang='lat' dir='ltr'><strong>stilum</strong></span> <span class='ocrx_word' id='word_1_275' title='bbox 786 3817 866 3870; x_wconf 91' lang='lat' dir='ltr'><strong>Itis</strong></span> <span class='ocrx_word' id='word_1_276' title='bbox 893 3818 1049 3871; x_wconf 85' lang='lat' dir='ltr'><strong>minis</strong></span> <span class='ocrx_word' id='word_1_277' title='bbox 1092 3826 1249 3884; x_wconf 88' lang='lat' dir='ltr'><strong>atque</strong></span> <span class='ocrx_word' id='word_1_278' title='bbox 1280 3815 1378 3869; x_wconf 89' lang='lat' dir='ltr'><strong>hoc</strong></span> <span class='ocrx_word' id='word_1_279' title='bbox 1408 3825 1611 3868; x_wconf 87' lang='lat' dir='ltr'><strong>terrore</strong></span> <span class='ocrx_word' id='word_1_280' title='bbox 1654 3831 1756 3867; x_wconf 90' lang='lat' dir='ltr'><strong>non</strong></span> <span class='ocrx_word' id='word_1_281' title='bbox 1788 3814 2001 3882; x_wconf 85' lang='lat' dir='ltr'><strong>eripuit,</strong></span> 
     </span>
    </p>
   </div>
   <div class='ocr_carea' id='block_1_37' title="bbox 427 3903 2003 3975">
    <p class='ocr_par' dir='ltr' id='par_1_37' title="bbox 427 3903 2003 3975">
     <span class='ocr_line' id='line_1_37' title="bbox 427 3903 2003 3975; baseline -0.003 -18"><span class='ocrx_word' id='word_1_282' title='bbox 427 3923 605 3959; x_wconf 84' lang='lat' dir='ltr'><strong>verum</strong></span> <span class='ocrx_word' id='word_1_283' title='bbox 636 3916 688 3959; x_wconf 86' lang='lat' dir='ltr'><strong>et</strong></span> <span class='ocrx_word' id='word_1_284' title='bbox 724 3922 779 3958; x_wconf 91' lang='lat' dir='ltr'><strong>re</strong></span> <span class='ocrx_word' id='word_1_285' title='bbox 806 3906 914 3973; x_wconf 86' lang='lat' dir='ltr'><strong>ipsa</strong></span> <span class='ocrx_word' id='word_1_286' title='bbox 948 3906 1220 3975; x_wconf 78' lang='lat' dir='ltr'><strong>suppliciis</strong></span> <span class='ocrx_word' id='word_1_287' title='bbox 1236 3906 1477 3972; x_wconf 82' lang='lat' dir='ltr'><strong>exposuit</strong></span> <span class='ocrx_word' id='word_1_288' title='bbox 1497 3906 1518 3955; x_wconf 86' lang='lat'><strong>?</strong></span> <span class='ocrx_word' id='word_1_289' title='bbox 1540 3915 1590 3957; x_wconf 92' lang='lat' dir='ltr'><strong>et</strong></span> <span class='ocrx_word' id='word_1_290' title='bbox 1615 3903 1880 3973; x_wconf 87' lang='lat' dir='ltr'><strong>quentodo</strong></span> <span class='ocrx_word' id='word_1_291' title='bbox 1904 3904 2003 3955; x_wconf 88' lang='lat' dir='ltr'><strong>ali-</strong></span> 
     </span>
    </p>
   </div>
   <div class='ocr_carea' id='block_1_38' title="bbox 427 3994 2005 4067">
    <p class='ocr_par' dir='ltr' id='par_1_38' title="bbox 427 3994 2005 4067">
     <span class='ocr_line' id='line_1_38' title="bbox 427 3994 2005 4067; baseline -0.003 -20"><span class='ocrx_word' id='word_1_292' title='bbox 427 3998 545 4067; x_wconf 87' lang='lat' dir='ltr'><strong>quis</strong></span> <span class='ocrx_word' id='word_1_293' title='bbox 567 3998 662 4051; x_wconf 91' lang='lat' dir='ltr'><strong>hoc</strong></span> <span class='ocrx_word' id='word_1_294' title='bbox 688 3995 869 4049; x_wconf 82' lang='lat' dir='ltr'><strong>credat</strong></span> <span class='ocrx_word' id='word_1_295' title='bbox 889 3998 911 4048; x_wconf 87' lang='lat'><strong>?</strong></span> <span class='ocrx_word' id='word_1_296' title='bbox 932 4000 1176 4050; x_wconf 84' lang='lat' dir='ltr'><strong>Attamen</strong></span> <span class='ocrx_word' id='word_1_297' title='bbox 1206 3996 1247 4049; x_wconf 91' lang='lat' dir='ltr'><strong>si</strong></span> <span class='ocrx_word' id='word_1_298' title='bbox 1280 3995 1422 4065; x_wconf 86' lang='lat' dir='ltr'><strong>prior</strong></span> <span class='ocrx_word' id='word_1_299' title='bbox 1449 3994 1535 4047; x_wconf 89' lang='lat' dir='ltr'><strong>illa</strong></span> <span class='ocrx_word' id='word_1_300' title='bbox 1562 4005 1643 4047; x_wconf 92' lang='lat' dir='ltr'><strong>tua</strong></span> <span class='ocrx_word' id='word_1_301' title='bbox 1674 3994 2005 4046; x_wconf 79' lang='lat' dir='ltr'><strong>conversatio</strong></span> 
     </span>
    </p>
   </div>
   <div class='ocr_carea' id='block_1_39' title="bbox 428 4083 2005 4154">
    <p class='ocr_par' dir='ltr' id='par_1_39' title="bbox 428 4083 2005 4154">
     <span class='ocr_line' id='line_1_39' title="bbox 428 4083 2005 4154; baseline -0.005 -13"><span class='ocrx_word' id='word_1_302' title='bbox 428 4086 871 4154; x_wconf 75' lang='lat' dir='ltr'><strong>eort-ttptafuisset</strong></span> <span class='ocrx_word' id='word_1_303' title='bbox 895 4100 956 4138; x_wconf 88' lang='lat' dir='ltr'><strong>ac</strong></span> <span class='ocrx_word' id='word_1_304' title='bbox 981 4086 1203 4153; x_wconf 89' lang='lat' dir='ltr'><strong>perdita,</strong></span> <span class='ocrx_word' id='word_1_305' title='bbox 1222 4096 1276 4138; x_wconf 86' lang='lat' dir='ltr'><strong>ut</strong></span> <span class='ocrx_word' id='word_1_306' title='bbox 1302 4084 1625 4152; x_wconf 83' lang='lat' dir='ltr'><strong>dixi,aliqttis</strong></span> <span class='ocrx_word' id='word_1_307' title='bbox 1648 4083 1698 4136; x_wconf 89' lang='lat' dir='ltr'><strong>id</strong></span> <span class='ocrx_word' id='word_1_308' title='bbox 1719 4083 1801 4136; x_wconf 89' lang='lat' dir='ltr'><strong>vel</strong></span> <span class='ocrx_word' id='word_1_309' title='bbox 1830 4083 2005 4149; x_wconf 49' lang='lat' dir='ltr'><strong>suspi-</strong></span> 
     </span>
    </p>
   </div>
   <div class='ocr_carea' id='block_1_40' title="bbox 428 4172 2007 4247">
    <p class='ocr_par' dir='ltr' id='par_1_40' title="bbox 428 4172 2007 4247">
     <span class='ocr_line' id='line_1_40' title="bbox 428 4172 2007 4247; baseline -0.004 -16"><span class='ocrx_word' id='word_1_310' title='bbox 428 4179 537 4232; x_wconf 74' lang='lat' dir='ltr'><strong>cati</strong></span> <span class='ocrx_word' id='word_1_311' title='bbox 561 4193 627 4247; x_wconf 82' lang='grc' dir='ltr'>ιο</span> <span class='ocrx_word' id='word_1_312' title='bbox 654 4187 734 4232; x_wconf 84' lang='lat' dir='ltr'><strong>set</strong></span> <span class='ocrx_word' id='word_1_313' title='bbox 754 4195 765 4228; x_wconf 90' lang='lat'><strong>:</strong></span> <span class='ocrx_word' id='word_1_314' title='bbox 785 4192 903 4230; x_wconf 91' lang='lat' dir='ltr'><strong>cum</strong></span> <span class='ocrx_word' id='word_1_315' title='bbox 935 4192 1060 4230; x_wconf 88' lang='lat' dir='ltr'><strong>vero</strong></span> <span class='ocrx_word' id='word_1_316' title='bbox 1080 4176 1312 4230; x_wconf 86' lang='lat' dir='ltr'><strong>deterior</strong></span> <span class='ocrx_word' id='word_1_317' title='bbox 1328 4175 1538 4245; x_wconf 80' lang='lat' dir='ltr'><strong>quidem</strong></span> <span class='ocrx_word' id='word_1_318' title='bbox 1558 4175 1642 4227; x_wconf 89' lang='lat' dir='ltr'><strong>illa</strong></span> <span class='ocrx_word' id='word_1_319' title='bbox 1666 4172 1825 4227; x_wconf 88' lang='lat' dir='ltr'><strong>fuerit</strong></span> <span class='ocrx_word' id='word_1_320' title='bbox 1850 4188 2007 4242; x_wconf 89' lang='lat' dir='ltr'><strong>quant</strong></span> 
     </span>
    </p>
   </div>
   <div class='ocr_carea' id='block_1_41' title="bbox 430 4263 2007 4337">
    <p class='ocr_par' dir='ltr' id='par_1_41' title="bbox 430 4263 2007 4337">
     <span class='ocr_line' id='line_1_41' title="bbox 430 4263 2007 4337; baseline -0.004 -15"><span class='ocrx_word' id='word_1_321' title='bbox 430 4286 660 4337; x_wconf 68' lang='lat' dir='ltr'><strong>praesens</strong></span> <span class='ocrx_word' id='word_1_322' title='bbox 685 4268 772 4330; x_wconf 89' lang='lat' dir='ltr'><strong>sit,</strong></span> <span class='ocrx_word' id='word_1_323' title='bbox 811 4276 995 4320; x_wconf 87' lang='lat' dir='ltr'><strong>ornata</strong></span> <span class='ocrx_word' id='word_1_324' title='bbox 1024 4274 1199 4320; x_wconf 89' lang='lat' dir='ltr'><strong>tamen</strong></span> <span class='ocrx_word' id='word_1_325' title='bbox 1242 4275 1295 4320; x_wconf 91' lang='lat' dir='ltr'><strong>et</strong></span> <span class='ocrx_word' id='word_1_326' title='bbox 1337 4266 1448 4334; x_wconf 92' lang='lat' dir='ltr'><strong>ipsa</strong></span> <span class='ocrx_word' id='word_1_327' title='bbox 1478 4279 1793 4332; x_wconf 89' lang='lat' dir='ltr'><strong>summaque</strong></span> <span class='ocrx_word' id='word_1_328' title='bbox 1837 4263 2007 4316; x_wconf 89' lang='lat' dir='ltr'><strong>hone-</strong></span> 
     </span>
    </p>
   </div>
   <div class='ocr_carea' id='block_1_42' title="bbox 431 4354 2007 4428">
    <p class='ocr_par' dir='ltr' id='par_1_42' title="bbox 431 4354 2007 4428">
     <span class='ocr_line' id='line_1_42' title="bbox 431 4354 2007 4428; baseline -0.003 -18"><span class='ocrx_word' id='word_1_329' title='bbox 431 4371 561 4411; x_wconf 81' lang='lat' dir='ltr'><strong>state</strong></span> <span class='ocrx_word' id='word_1_330' title='bbox 594 4360 810 4428; x_wconf 86' lang='lat' dir='ltr'><strong>pollens,</strong></span> <span class='ocrx_word' id='word_1_331' title='bbox 846 4357 1082 4427; x_wconf 72' lang='lat' dir='ltr'><strong>profecto</strong></span> <span class='ocrx_word' id='word_1_332' title='bbox 1112 4356 1266 4410; x_wconf 87' lang='lat' dir='ltr'><strong>nobis</strong></span> <span class='ocrx_word' id='word_1_333' title='bbox 1301 4356 1446 4409; x_wconf 91' lang='lat' dir='ltr'><strong>omni</strong></span> <span class='ocrx_word' id='word_1_334' title='bbox 1472 4370 1536 4409; x_wconf 83' lang='lat' dir='ltr'><strong>ex</strong></span> <span class='ocrx_word' id='word_1_335' title='bbox 1567 4363 1715 4423; x_wconf 90' lang='lat' dir='ltr'><strong>parte</strong></span> <span class='ocrx_word' id='word_1_336' title='bbox 1740 4354 2007 4407; x_wconf 89' lang='lat' dir='ltr'><strong>constabit</strong></span> 
     </span>
    </p>
   </div>
   <div class='ocr_carea' id='block_1_43' title="bbox 1223 604 2872 665">
    <p class='ocr_par' dir='ltr' id='par_1_43' title="bbox 1223 604 2872 665">
     <span class='ocr_line' id='line_1_43' title="bbox 1223 604 2872 665; baseline -0.004 0"><span class='ocrx_word' id='word_1_337' title='bbox 1223 613 1314 665; x_wconf 80' lang='lat' dir='ltr'><strong>Al)</strong></span> <span class='ocrx_word' id='word_1_338' title='bbox 1357 609 1735 665; x_wconf 70' lang='lat' dir='ltr'><strong>STAGIBIUM</strong></span> <span class='ocrx_word' id='word_1_339' title='bbox 1773 610 1812 659; x_wconf 82' lang='lat'><strong>.\</strong></span> <span class='ocrx_word' id='word_1_340' title='bbox 1857 604 2163 661; x_wconf 66' lang='grc' dir='ltr'><strong>ΙᾘΕΜΟΝΕ</strong></span> <span class='ocrx_word' id='word_1_341' title='bbox 2208 605 2564 660; x_wconf 60' lang='grc' dir='ltr'><strong>ΥΕΧᾹἹἫΧΙ.</strong></span> <span class='ocrx_word' id='word_1_342' title='bbox 2609 607 2737 661; x_wconf 79' lang='lat' dir='ltr'><strong>LIB.</strong></span> <span class='ocrx_word' id='word_1_343' title='bbox 2788 607 2872 659; x_wconf 89' lang='lat' dir='ltr'><strong>Ill.</strong></span> 
     </span>
    </p>
   </div>
   <div class='ocr_carea' id='block_1_44' title="bbox 3599 609 3705 663">
    <p class='ocr_par' dir='ltr' id='par_1_44' title="bbox 3599 609 3705 663">
     <span class='ocr_line' id='line_1_44' title="bbox 3599 609 3705 663; baseline 0.038 -8"><span class='ocrx_word' id='word_1_344' title='bbox 3599 609 3705 663; x_wconf 47' lang='lat' dir='ltr'><strong>VH</strong></span> 
     </span>
    </p>
   </div>
   <div class='ocr_carea' id='block_1_45' title="bbox 2128 715 3703 787">
    <p class='ocr_par' dir='ltr' id='par_1_45' title="bbox 2128 715 3703 787">
     <span class='ocr_line' id='line_1_45' title="bbox 2128 715 3703 787; baseline 0.004 -23"><span class='ocrx_word' id='word_1_345' title='bbox 2128 715 2525 767; x_wconf 83' lang='lat' dir='ltr'><strong>colluctationes</strong></span> <span class='ocrx_word' id='word_1_346' title='bbox 2584 716 2678 769; x_wconf 87' lang='lat' dir='ltr'><strong>has</strong></span> <span class='ocrx_word' id='word_1_347' title='bbox 2729 726 2844 771; x_wconf 84' lang='lat' dir='ltr'><strong>tuas</strong></span> <span class='ocrx_word' id='word_1_348' title='bbox 2882 730 3195 770; x_wconf 87' lang='lat' dir='ltr'><strong>coronarum</strong></span> <span class='ocrx_word' id='word_1_349' title='bbox 3240 716 3333 771; x_wconf 87' lang='lat' dir='ltr'><strong>tibi</strong></span> <span class='ocrx_word' id='word_1_350' title='bbox 3382 716 3703 787; x_wconf 81' lang='lat' dir='ltr'><strong>majorisque</strong></span> 
     </span>
    </p>
   </div>
   <div class='ocr_carea' id='block_1_46' title="bbox 2126 805 3703 879">
    <p class='ocr_par' dir='ltr' id='par_1_46' title="bbox 2126 805 3703 879">
     <span class='ocr_line' id='line_1_46' title="bbox 2126 805 3703 879; baseline 0.004 -20"><span class='ocrx_word' id='word_1_351' title='bbox 2126 805 2307 874; x_wconf 77' lang='lat' dir='ltr'><strong>gloria:</strong></span> <span class='ocrx_word' id='word_1_352' title='bbox 2325 809 2656 862; x_wconf 74' lang='lat' dir='ltr'><strong>Occasionem</strong></span> <span class='ocrx_word' id='word_1_353' title='bbox 2675 809 3044 878; x_wconf 82' lang='lat' dir='ltr'><strong>esse.0portet</strong></span> <span class='ocrx_word' id='word_1_354' title='bbox 3062 812 3238 879; x_wconf 79' lang='lat' dir='ltr'><strong>igitur,</strong></span> <span class='ocrx_word' id='word_1_355' title='bbox 3256 823 3310 866; x_wconf 91' lang='lat' dir='ltr'><strong>ttt</strong></span> <span class='ocrx_word' id='word_1_356' title='bbox 3327 812 3453 875; x_wconf 80' lang='lat' dir='ltr'><strong>dixi,</strong></span> <span class='ocrx_word' id='word_1_357' title='bbox 3474 824 3527 867; x_wconf 90' lang='lat' dir='ltr'><strong>et</strong></span> <span class='ocrx_word' id='word_1_358' title='bbox 3543 813 3636 866; x_wconf 87' lang='lat' dir='ltr'><strong>has</strong></span> <span class='ocrx_word' id='word_1_359' title='bbox 3651 825 3703 866; x_wconf 75' lang='grc' dir='ltr'><strong>ιιι</strong></span> 
     </span>
    </p>
   </div>
   <div class='ocr_carea' id='block_1_47' title="bbox 2129 896 3697 967">
    <p class='ocr_par' dir='ltr' id='par_1_47' title="bbox 2129 896 3697 967">
     <span class='ocr_line' id='line_1_47' title="bbox 2129 896 3697 967; baseline 0.005 -20"><span class='ocrx_word' id='word_1_360' title='bbox 2129 896 2424 964; x_wconf 84' lang='lat' dir='ltr'><strong>hujusmodi</strong></span> <span class='ocrx_word' id='word_1_361' title='bbox 2446 899 2791 967; x_wconf 84' lang='lat' dir='ltr'><strong>cogitationes</strong></span> <span class='ocrx_word' id='word_1_362' title='bbox 2813 914 3047 954; x_wconf 89' lang='lat' dir='ltr'><strong>movere.</strong></span> <span class='ocrx_word' id='word_1_363' title='bbox 3076 901 3333 956; x_wconf 88' lang='lat' dir='ltr'><strong>Convenit</strong></span> <span class='ocrx_word' id='word_1_364' title='bbox 3361 906 3482 957; x_wconf 89' lang='lat' dir='ltr'><strong>item</strong></span> <span class='ocrx_word' id='word_1_365' title='bbox 3507 915 3556 956; x_wconf 92' lang='lat' dir='ltr'><strong>et</strong></span> <span class='ocrx_word' id='word_1_366' title='bbox 3579 919 3697 957; x_wconf 89' lang='lat' dir='ltr'><strong>cum</strong></span> 
     </span>
    </p>
   </div>
   <div class='ocr_carea' id='block_1_48' title="bbox 2137 988 3697 1064">
    <p class='ocr_par' dir='ltr' id='par_1_48' title="bbox 2137 988 3697 1064">
     <span class='ocr_line' id='line_1_48' title="bbox 2137 988 3697 1064; baseline 0.006 -25"><span class='ocrx_word' id='word_1_367' title='bbox 2137 988 2218 1039; x_wconf 75' lang='lat' dir='ltr'><strong>his</strong></span> <span class='ocrx_word' id='word_1_368' title='bbox 2246 1004 2370 1055; x_wconf 88' lang='lat' dir='ltr'><strong>una,</strong></span> <span class='ocrx_word' id='word_1_369' title='bbox 2395 990 2501 1043; x_wconf 91' lang='lat' dir='ltr'><strong>into</strong></span> <span class='ocrx_word' id='word_1_370' title='bbox 2521 1000 2643 1044; x_wconf 91' lang='lat' dir='ltr'><strong>ante</strong></span> <span class='ocrx_word' id='word_1_371' title='bbox 2673 990 2787 1052; x_wconf 89' lang='lat' dir='ltr'><strong>has,</strong></span> <span class='ocrx_word' id='word_1_372' title='bbox 2814 992 3303 1048; x_wconf 89' lang='lat' dir='ltr'><strong>ratiocinationibus</strong></span> <span class='ocrx_word' id='word_1_373' title='bbox 3327 996 3697 1064; x_wconf 87' lang='lat' dir='ltr'><strong>perpetuisque</strong></span> 
     </span>
    </p>
   </div>
   <div class='ocr_carea' id='block_1_49' title="bbox 2128 1080 3697 1150">
    <p class='ocr_par' dir='ltr' id='par_1_49' title="bbox 2128 1080 3697 1150">
     <span class='ocr_line' id='line_1_49' title="bbox 2128 1080 3697 1150; baseline 0.004 -18"><span class='ocrx_word' id='word_1_374' title='bbox 2128 1080 2513 1146; x_wconf 87' lang='lat' dir='ltr'><strong>precationibus</strong></span> <span class='ocrx_word' id='word_1_375' title='bbox 2549 1082 2645 1135; x_wconf 86' lang='lat' dir='ltr'><strong>has</strong></span> <span class='ocrx_word' id='word_1_376' title='bbox 2673 1082 2915 1136; x_wconf 72' lang='lat' dir='ltr'><strong>tenebras</strong></span> <span class='ocrx_word' id='word_1_377' title='bbox 2946 1083 3221 1150; x_wconf 86' lang='lat' dir='ltr'><strong>dissipare.</strong></span> <span class='ocrx_word' id='word_1_378' title='bbox 3251 1083 3378 1137; x_wconf 85' lang='lat' dir='ltr'><strong>Nam</strong></span> <span class='ocrx_word' id='word_1_379' title='bbox 3419 1096 3470 1136; x_wconf 87' lang='lat' dir='ltr'><strong>et</strong></span> <span class='ocrx_word' id='word_1_380' title='bbox 3510 1086 3697 1138; x_wconf 82' lang='lat' dir='ltr'><strong>beatus</strong></span> 
     </span>
    </p>
   </div>
   <div class='ocr_carea' id='block_1_50' title="bbox 2129 1169 3695 1240">
    <p class='ocr_par' dir='ltr' id='par_1_50' title="bbox 2129 1169 3695 1240">
     <span class='ocr_line' id='line_1_50' title="bbox 2129 1169 3695 1240; baseline 0.003 -21"><span class='ocrx_word' id='word_1_381' title='bbox 2129 1169 2306 1231; x_wconf 80' lang='lat' dir='ltr'><strong>David,</strong></span> <span class='ocrx_word' id='word_1_382' title='bbox 2326 1184 2541 1237; x_wconf 74' lang='lat' dir='ltr'><strong>magnus</strong></span> <span class='ocrx_word' id='word_1_383' title='bbox 2567 1172 2653 1224; x_wconf 85' lang='lat' dir='ltr'><strong>ille</strong></span> <span class='ocrx_word' id='word_1_384' title='bbox 2676 1172 2751 1223; x_wconf 91' lang='lat' dir='ltr'><strong>vir</strong></span> <span class='ocrx_word' id='word_1_385' title='bbox 2767 1184 2923 1240; x_wconf 87' lang='lat' dir='ltr'><strong>atque</strong></span> <span class='ocrx_word' id='word_1_386' title='bbox 2946 1172 3224 1236; x_wconf 86' lang='lat' dir='ltr'><strong>mirabilis,</strong></span> <span class='ocrx_word' id='word_1_387' title='bbox 3246 1172 3325 1225; x_wconf 91' lang='lat' dir='ltr'><strong>his</strong></span> <span class='ocrx_word' id='word_1_388' title='bbox 3343 1174 3695 1227; x_wconf 82' lang='lat' dir='ltr'><strong>medicamen-</strong></span> 
     </span>
    </p>
   </div>
   <div class='ocr_carea' id='block_1_51' title="bbox 2126 1260 3694 1331">
    <p class='ocr_par' dir='ltr' id='par_1_51' title="bbox 2126 1260 3694 1331">
     <span class='ocr_line' id='line_1_51' title="bbox 2126 1260 3694 1331; baseline 0 -20"><span class='ocrx_word' id='word_1_389' title='bbox 2126 1263 2189 1312; x_wconf 91' lang='lat' dir='ltr'><strong>tis</strong></span> <span class='ocrx_word' id='word_1_390' title='bbox 2214 1260 2515 1329; x_wconf 89' lang='lat' dir='ltr'><strong>frequenter</strong></span> <span class='ocrx_word' id='word_1_391' title='bbox 2545 1276 2670 1315; x_wconf 93' lang='lat' dir='ltr'><strong>usus</strong></span> <span class='ocrx_word' id='word_1_392' title='bbox 2689 1274 2788 1325; x_wconf 85' lang='lat' dir='ltr'><strong>eSt,</strong></span> <span class='ocrx_word' id='word_1_393' title='bbox 2821 1264 3001 1331; x_wconf 86' lang='lat' dir='ltr'><strong>hisque</strong></span> <span class='ocrx_word' id='word_1_394' title='bbox 3030 1263 3284 1331; x_wconf 90' lang='lat' dir='ltr'><strong>plurimos</strong></span> <span class='ocrx_word' id='word_1_395' title='bbox 3311 1262 3519 1316; x_wconf 86' lang='lat' dir='ltr'><strong>dolores</strong></span> <span class='ocrx_word' id='word_1_396' title='bbox 3547 1279 3694 1329; x_wconf 53' lang='lat' dir='ltr'><strong>pres-</strong></span> 
     </span>
    </p>
   </div>
   <div class='ocr_carea' id='block_1_52' title="bbox 2123 1353 3695 1422">
    <p class='ocr_par' dir='ltr' id='par_1_52' title="bbox 2123 1353 3695 1422">
     <span class='ocr_line' id='line_1_52' title="bbox 2123 1353 3695 1422; baseline 0.002 -21"><span class='ocrx_word' id='word_1_397' title='bbox 2123 1366 2361 1403; x_wconf 67' lang='lat' dir='ltr'><strong>sut-arum</strong></span> <span class='ocrx_word' id='word_1_398' title='bbox 2402 1354 2623 1403; x_wconf 88' lang='lat' dir='ltr'><strong>removit</strong></span> <span class='ocrx_word' id='word_1_399' title='bbox 2666 1368 2727 1406; x_wconf 82' lang='lat' dir='ltr'><strong>ac</strong></span> <span class='ocrx_word' id='word_1_400' title='bbox 2762 1355 2983 1420; x_wconf 73' lang='lat' dir='ltr'><strong>repulit,</strong></span> <span class='ocrx_word' id='word_1_401' title='bbox 3015 1369 3151 1406; x_wconf 93' lang='lat' dir='ltr'><strong>nunc</strong></span> <span class='ocrx_word' id='word_1_402' title='bbox 3180 1353 3392 1422; x_wconf 89' lang='lat' dir='ltr'><strong>quidem</strong></span> <span class='ocrx_word' id='word_1_403' title='bbox 3417 1367 3594 1415; x_wconf 85' lang='lat' dir='ltr'><strong>orans,</strong></span> <span class='ocrx_word' id='word_1_404' title='bbox 3634 1368 3695 1404; x_wconf 86' lang='lat' dir='ltr'><strong>ac</strong></span> 
     </span>
    </p>
   </div>
   <div class='ocr_carea' id='block_1_53' title="bbox 2121 1444 3697 1515">
    <p class='ocr_par' dir='ltr' id='par_1_53' title="bbox 2121 1444 3697 1515">
     <span class='ocr_line' id='line_1_53' title="bbox 2121 1444 3697 1515; baseline 0.002 -20"><span class='ocrx_word' id='word_1_405' title='bbox 2121 1444 2323 1508; x_wconf 85' lang='lat' dir='ltr'><strong>dicens,</strong></span> <span class='ocrx_word' id='word_1_406' title='bbox 2362 1444 2723 1497; x_wconf 83' lang='lat' dir='ltr'><strong>Tribulatioues</strong></span> <span class='ocrx_word' id='word_1_407' title='bbox 2760 1448 2923 1498; x_wconf 82' lang='lat' dir='ltr'><strong>cordis</strong></span> <span class='ocrx_word' id='word_1_408' title='bbox 2955 1449 3047 1499; x_wconf 88' lang='lat' dir='ltr'><strong>mei</strong></span> <span class='ocrx_word' id='word_1_409' title='bbox 3087 1448 3430 1515; x_wconf 65' lang='lat' dir='ltr'><strong>multiplicati:</strong></span> <span class='ocrx_word' id='word_1_410' title='bbox 3455 1457 3592 1512; x_wconf 87' lang='lat' dir='ltr'><strong>sunt,</strong></span> <span class='ocrx_word' id='word_1_411' title='bbox 3634 1447 3697 1498; x_wconf 90' lang='lat' dir='ltr'><strong>de</strong></span> 
     </span>
    </p>
   </div>
   <div class='ocr_carea' id='block_1_54' title="bbox 2120 1535 3694 1604">
    <p class='ocr_par' dir='ltr' id='par_1_54' title="bbox 2120 1535 3694 1604">
     <span class='ocr_line' id='line_1_54' title="bbox 2120 1535 3694 1604; baseline 0.004 -21"><span class='ocrx_word' id='word_1_412' title='bbox 2120 1535 2489 1587; x_wconf 66' lang='lat' dir='ltr'><strong>necessitatibus</strong></span> <span class='ocrx_word' id='word_1_413' title='bbox 2518 1535 2637 1587; x_wconf 88' lang='lat' dir='ltr'><strong>meis</strong></span> <span class='ocrx_word' id='word_1_414' title='bbox 2671 1551 2787 1587; x_wconf 85' lang='lat' dir='ltr'><strong>erue</strong></span> <span class='ocrx_word' id='word_1_415' title='bbox 2813 1552 2890 1587; x_wconf 88' lang='lat' dir='ltr'><strong>me</strong></span> <span class='ocrx_word' id='word_1_416' title='bbox 2930 1535 3096 1603; x_wconf 83' lang='lat' dir='ltr'><strong>(Psul.</strong></span> <span class='ocrx_word' id='word_1_417' title='bbox 3122 1536 3211 1589; x_wconf 64' lang='lat' dir='ltr'><strong>2i.</strong></span> <span class='ocrx_word' id='word_1_418' title='bbox 3244 1538 3333 1604; x_wconf 79' lang='grc' dir='ltr'><strong>ΓΙ)</strong></span> <span class='ocrx_word' id='word_1_419' title='bbox 3369 1555 3382 1587; x_wconf 90' lang='lat'><strong>:</strong></span> <span class='ocrx_word' id='word_1_420' title='bbox 3427 1552 3566 1590; x_wconf 90' lang='lat' dir='ltr'><strong>nunc</strong></span> <span class='ocrx_word' id='word_1_421' title='bbox 3592 1537 3694 1600; x_wconf 81' lang='lat' dir='ltr'><strong>piis</strong></span> 
     </span>
    </p>
   </div>
   <div class='ocr_carea' id='block_1_55' title="bbox 2118 1626 3691 1698">
    <p class='ocr_par' dir='ltr' id='par_1_55' title="bbox 2118 1626 3691 1698">
     <span class='ocr_line' id='line_1_55' title="bbox 2118 1626 3691 1698; baseline 0.004 -24"><span class='ocrx_word' id='word_1_422' title='bbox 2118 1642 2177 1676; x_wconf 85' lang='lat' dir='ltr'><strong>ac</strong></span> <span class='ocrx_word' id='word_1_423' title='bbox 2240 1626 2497 1694; x_wconf 78' lang='lat' dir='ltr'><strong>religiosis</strong></span> <span class='ocrx_word' id='word_1_424' title='bbox 2557 1627 3045 1681; x_wconf 86' lang='lat' dir='ltr'><strong>ratiocinationibus</strong></span> <span class='ocrx_word' id='word_1_425' title='bbox 3111 1628 3340 1682; x_wconf 88' lang='lat' dir='ltr'><strong>admotis</strong></span> <span class='ocrx_word' id='word_1_426' title='bbox 3400 1629 3691 1698; x_wconf 89' lang='lat' dir='ltr'><strong>inquiens:</strong></span> 
     </span>
    </p>
   </div>
   <div class='ocr_carea' id='block_1_56' title="bbox 2122 1714 3697 1787">
    <p class='ocr_par' dir='ltr' id='par_1_56' title="bbox 2122 1714 3697 1787">
     <span class='ocr_line' id='line_1_56' title="bbox 2122 1714 3697 1787; baseline 0.005 -24"><span class='ocrx_word' id='word_1_427' title='bbox 2122 1714 2287 1779; x_wconf 83' lang='lat' dir='ltr'><strong>Quare</strong></span> <span class='ocrx_word' id='word_1_428' title='bbox 2326 1717 2480 1768; x_wconf 80' lang='lat' dir='ltr'><strong>tristis</strong></span> <span class='ocrx_word' id='word_1_429' title='bbox 2508 1733 2579 1779; x_wconf 87' lang='lat' dir='ltr'><strong>es,</strong></span> <span class='ocrx_word' id='word_1_430' title='bbox 2628 1718 2796 1770; x_wconf 84' lang='lat' dir='ltr'><strong>anima</strong></span> <span class='ocrx_word' id='word_1_431' title='bbox 2838 1734 2967 1780; x_wconf 88' lang='lat' dir='ltr'><strong>mea,</strong></span> <span class='ocrx_word' id='word_1_432' title='bbox 3010 1728 3058 1771; x_wconf 86' lang='lat' dir='ltr'><strong>et</strong></span> <span class='ocrx_word' id='word_1_433' title='bbox 3081 1735 3237 1787; x_wconf 86' lang='lat' dir='ltr'><strong>quare</strong></span> <span class='ocrx_word' id='word_1_434' title='bbox 3266 1720 3531 1771; x_wconf 79' lang='lat' dir='ltr'><strong>conturbas</strong></span> <span class='ocrx_word' id='word_1_435' title='bbox 3572 1718 3697 1772; x_wconf 75' lang='lat' dir='ltr'><strong>me!</strong></span> 
     </span>
    </p>
   </div>
   <div class='ocr_carea' id='block_1_57' title="bbox 2120 1804 3690 1883">
    <p class='ocr_par' dir='ltr' id='par_1_57' title="bbox 2120 1804 3690 1883">
     <span class='ocr_line' id='line_1_57' title="bbox 2120 1804 3690 1883; baseline 0.004 -27"><span class='ocrx_word' id='word_1_436' title='bbox 2120 1804 2283 1869; x_wconf 85' lang='lat' dir='ltr'><strong>Spera</strong></span> <span class='ocrx_word' id='word_1_437' title='bbox 2318 1804 2520 1869; x_wconf 79' lang='lat' dir='ltr'><strong>iubeo,</strong></span> <span class='ocrx_word' id='word_1_438' title='bbox 2570 1809 2805 1876; x_wconf 88' lang='lat' dir='ltr'><strong>quoniam</strong></span> <span class='ocrx_word' id='word_1_439' title='bbox 2834 1809 2998 1861; x_wconf 80' lang='lat' dir='ltr'><strong>adhuc</strong></span> <span class='ocrx_word' id='word_1_440' title='bbox 3033 1808 3306 1875; x_wconf 80' lang='lat' dir='ltr'><strong>conﬁtebor</strong></span> <span class='ocrx_word' id='word_1_441' title='bbox 3341 1809 3422 1863; x_wconf 93' lang='lat' dir='ltr'><strong>illi</strong></span> <span class='ocrx_word' id='word_1_442' title='bbox 3449 1807 3565 1883; x_wconf 77' lang='lat' dir='ltr'><strong>(Ps.</strong></span> <span class='ocrx_word' id='word_1_443' title='bbox 3601 1811 3690 1864; x_wconf 64' lang='grc' dir='ltr'><strong>ΛΞ.</strong></span> 
     </span>
    </p>
   </div>
   <div class='ocr_carea' id='block_1_58' title="bbox 2119 1895 3695 1967">
    <p class='ocr_par' dir='ltr' id='par_1_58' title="bbox 2119 1895 3695 1967">
     <span class='ocr_line' id='line_1_58' title="bbox 2119 1895 3695 1967; baseline 0.004 -20"><span class='ocrx_word' id='word_1_444' title='bbox 2119 1895 2193 1963; x_wconf 80' lang='lat'><strong>5).</strong></span> <span class='ocrx_word' id='word_1_445' title='bbox 2217 1896 2547 1965; x_wconf 77' lang='lat' dir='ltr'><strong>Rursumque</strong></span> <span class='ocrx_word' id='word_1_446' title='bbox 2568 1913 2632 1950; x_wconf 82' lang='lat' dir='ltr'><strong>ex</strong></span> <span class='ocrx_word' id='word_1_447' title='bbox 2650 1899 3135 1953; x_wconf 82' lang='lat' dir='ltr'><strong>ratiocinationibus</strong></span> <span class='ocrx_word' id='word_1_448' title='bbox 3156 1900 3458 1967; x_wconf 91' lang='lat' dir='ltr'><strong>hujnsmodi</strong></span> <span class='ocrx_word' id='word_1_449' title='bbox 3487 1900 3553 1953; x_wconf 89' lang='lat' dir='ltr'><strong>ad</strong></span> <span class='ocrx_word' id='word_1_450' title='bbox 3580 1915 3695 1953; x_wconf 85' lang='lat' dir='ltr'><strong>ora-</strong></span> 
     </span>
    </p>
   </div>
   <div class='ocr_carea' id='block_1_59' title="bbox 2118 1987 3694 2058">
    <p class='ocr_par' dir='ltr' id='par_1_59' title="bbox 2118 1987 3694 2058">
     <span class='ocr_line' id='line_1_59' title="bbox 2118 1987 3694 2058; baseline 0 -18"><span class='ocrx_word' id='word_1_451' title='bbox 2118 1987 2291 2040; x_wconf 88' lang='lat' dir='ltr'><strong>tiones</strong></span> <span class='ocrx_word' id='word_1_452' title='bbox 2317 2002 2612 2041; x_wconf 89' lang='lat' dir='ltr'><strong>conversus</strong></span> <span class='ocrx_word' id='word_1_453' title='bbox 2644 2006 2658 2042; x_wconf 90' lang='lat'><strong>:</strong></span> <span class='ocrx_word' id='word_1_454' title='bbox 2694 1987 2927 2052; x_wconf 83' lang='lat' dir='ltr'><strong>Remitte,</strong></span> <span class='ocrx_word' id='word_1_455' title='bbox 2970 1990 3157 2057; x_wconf 89' lang='lat' dir='ltr'><strong>inquit,</strong></span> <span class='ocrx_word' id='word_1_456' title='bbox 3185 1991 3328 2054; x_wconf 83' lang='lat' dir='ltr'><strong>mihi,</strong></span> <span class='ocrx_word' id='word_1_457' title='bbox 3358 2003 3408 2042; x_wconf 89' lang='lat' dir='ltr'><strong>ut</strong></span> <span class='ocrx_word' id='word_1_458' title='bbox 3429 1992 3694 2058; x_wconf 69' lang='lat' dir='ltr'><strong>refrigetrr</strong></span> 
     </span>
    </p>
   </div>
   <div class='ocr_carea' id='block_1_60' title="bbox 2115 2080 3691 2147">
    <p class='ocr_par' dir='ltr' id='par_1_60' title="bbox 2115 2080 3691 2147">
     <span class='ocr_line' id='line_1_60' title="bbox 2115 2080 3691 2147; baseline 0.004 -19"><span class='ocrx_word' id='word_1_459' title='bbox 2115 2081 2403 2147; x_wconf 78' lang='lat' dir='ltr'><strong>priusquam</strong></span> <span class='ocrx_word' id='word_1_460' title='bbox 2442 2080 2638 2145; x_wconf 83' lang='lat' dir='ltr'><strong>abeam,</strong></span> <span class='ocrx_word' id='word_1_461' title='bbox 2684 2090 2732 2132; x_wconf 85' lang='lat' dir='ltr'><strong>et</strong></span> <span class='ocrx_word' id='word_1_462' title='bbox 2762 2080 2898 2133; x_wconf 86' lang='lat' dir='ltr'><strong>ultra</strong></span> <span class='ocrx_word' id='word_1_463' title='bbox 2923 2081 3029 2143; x_wconf 84' lang='lat' dir='ltr'><strong>iam</strong></span> <span class='ocrx_word' id='word_1_464' title='bbox 3054 2097 3154 2133; x_wconf 85' lang='lat' dir='ltr'><strong>nou</strong></span> <span class='ocrx_word' id='word_1_465' title='bbox 3180 2097 3265 2133; x_wconf 87' lang='lat' dir='ltr'><strong>ero</strong></span> <span class='ocrx_word' id='word_1_466' title='bbox 3300 2080 3418 2147; x_wconf 86' lang='lat' dir='ltr'><strong>(Ps.</strong></span> <span class='ocrx_word' id='word_1_467' title='bbox 3446 2081 3534 2134; x_wconf 74' lang='lat'><strong>38.</strong></span> <span class='ocrx_word' id='word_1_468' title='bbox 3568 2082 3691 2146; x_wconf 58' lang='lat' dir='ltr'><strong>is);</strong></span> 
     </span>
    </p>
   </div>
   <div class='ocr_carea' id='block_1_61' title="bbox 2114 2170 3690 2237">
    <p class='ocr_par' dir='ltr' id='par_1_61' title="bbox 2114 2170 3690 2237">
     <span class='ocr_line' id='line_1_61' title="bbox 2114 2170 3690 2237; baseline -0.001 -17"><span class='ocrx_word' id='word_1_469' title='bbox 2114 2182 2270 2237; x_wconf 84' lang='lat' dir='ltr'><strong>atque</strong></span> <span class='ocrx_word' id='word_1_470' title='bbox 2300 2171 2367 2220; x_wconf 92' lang='lat' dir='ltr'><strong>ab</strong></span> <span class='ocrx_word' id='word_1_471' title='bbox 2395 2170 2724 2224; x_wconf 86' lang='lat' dir='ltr'><strong>orationibus</strong></span> <span class='ocrx_word' id='word_1_472' title='bbox 2750 2171 2815 2223; x_wconf 89' lang='lat' dir='ltr'><strong>ad</strong></span> <span class='ocrx_word' id='word_1_473' title='bbox 2847 2171 3277 2224; x_wconf 89' lang='lat' dir='ltr'><strong>ratiocinationes</strong></span> <span class='ocrx_word' id='word_1_474' title='bbox 3311 2187 3325 2224; x_wconf 92' lang='lat'><strong>:</strong></span> <span class='ocrx_word' id='word_1_475' title='bbox 3371 2170 3506 2234; x_wconf 81' lang='lat' dir='ltr'><strong>Quid</strong></span> <span class='ocrx_word' id='word_1_476' title='bbox 3537 2171 3690 2233; x_wconf 80' lang='lat' dir='ltr'><strong>enim,</strong></span> 
     </span>
    </p>
   </div>
   <div class='ocr_carea' id='block_1_62' title="bbox 2113 2258 3688 2329">
    <p class='ocr_par' dir='ltr' id='par_1_62' title="bbox 2113 2258 3688 2329">
     <span class='ocr_line' id='line_1_62' title="bbox 2113 2258 3688 2329; baseline 0 -18"><span class='ocrx_word' id='word_1_477' title='bbox 2113 2261 2204 2323; x_wconf 86' lang='lat' dir='ltr'><strong>ait,</strong></span> <span class='ocrx_word' id='word_1_478' title='bbox 2227 2260 2348 2311; x_wconf 77' lang='lat' dir='ltr'><strong>milii</strong></span> <span class='ocrx_word' id='word_1_479' title='bbox 2368 2268 2438 2311; x_wconf 86' lang='lat' dir='ltr'><strong>est</strong></span> <span class='ocrx_word' id='word_1_480' title='bbox 2468 2261 2519 2312; x_wconf 86' lang='lat' dir='ltr'><strong>in</strong></span> <span class='ocrx_word' id='word_1_481' title='bbox 2538 2262 2679 2324; x_wconf 75' lang='lat' dir='ltr'><strong>ctclo,</strong></span> <span class='ocrx_word' id='word_1_482' title='bbox 2702 2270 2862 2313; x_wconf 86' lang='lat' dir='ltr'><strong>etate</strong></span> <span class='ocrx_word' id='word_1_483' title='bbox 2884 2260 3006 2329; x_wconf 86' lang='lat' dir='ltr'><strong>quid</strong></span> <span class='ocrx_word' id='word_1_484' title='bbox 3034 2262 3169 2314; x_wconf 86' lang='lat' dir='ltr'><strong>volui</strong></span> <span class='ocrx_word' id='word_1_485' title='bbox 3189 2277 3339 2328; x_wconf 86' lang='lat' dir='ltr'><strong>super</strong></span> <span class='ocrx_word' id='word_1_486' title='bbox 3363 2270 3546 2313; x_wconf 82' lang='lat' dir='ltr'><strong>terram</strong></span> <span class='ocrx_word' id='word_1_487' title='bbox 3568 2258 3688 2329; x_wconf 80' lang='lat' dir='ltr'><strong>(Ps.</strong></span> 
     </span>
    </p>
   </div>
   <div class='ocr_carea' id='block_1_63' title="bbox 2116 2348 3693 2419">
    <p class='ocr_par' dir='ltr' id='par_1_63' title="bbox 2116 2348 3693 2419">
     <span class='ocr_line' id='line_1_63' title="bbox 2116 2348 3693 2419; baseline 0.002 -18"><span class='ocrx_word' id='word_1_488' title='bbox 2116 2349 2204 2401; x_wconf 74' lang='lat'><strong>72.</strong></span> <span class='ocrx_word' id='word_1_489' title='bbox 2229 2348 2358 2417; x_wconf 74' lang='lat'><strong>25)?</strong></span> <span class='ocrx_word' id='word_1_490' title='bbox 2390 2350 2462 2403; x_wconf 91' lang='lat' dir='ltr'><strong>Ita</strong></span> <span class='ocrx_word' id='word_1_491' title='bbox 2488 2361 2541 2405; x_wconf 91' lang='lat' dir='ltr'><strong>et</strong></span> <span class='ocrx_word' id='word_1_492' title='bbox 2566 2350 2665 2405; x_wconf 86' lang='lat' dir='ltr'><strong>Job</strong></span> <span class='ocrx_word' id='word_1_493' title='bbox 2692 2352 2838 2404; x_wconf 78' lang='lat' dir='ltr'><strong>uxori</strong></span> <span class='ocrx_word' id='word_1_494' title='bbox 2870 2367 2987 2419; x_wconf 61' lang='lat' dir='ltr'><strong>quae</strong></span> <span class='ocrx_word' id='word_1_495' title='bbox 3023 2352 3183 2404; x_wconf 89' lang='lat' dir='ltr'><strong>verba</strong></span> <span class='ocrx_word' id='word_1_496' title='bbox 3207 2350 3465 2404; x_wconf 85' lang='lat' dir='ltr'><strong>diabolica</strong></span> <span class='ocrx_word' id='word_1_497' title='bbox 3499 2366 3693 2419; x_wconf 61' lang='lat' dir='ltr'><strong>suggeo</strong></span> 
     </span>
    </p>
   </div>
   <div class='ocr_carea' id='block_1_64' title="bbox 2116 2438 3694 2508">
    <p class='ocr_par' dir='ltr' id='par_1_64' title="bbox 2116 2438 3694 2508">
     <span class='ocr_line' id='line_1_64' title="bbox 2116 2438 3694 2508; baseline 0.002 -18"><span class='ocrx_word' id='word_1_498' title='bbox 2116 2438 2284 2501; x_wconf 86' lang='lat' dir='ltr'><strong>rebat,</strong></span> <span class='ocrx_word' id='word_1_499' title='bbox 2312 2439 2801 2493; x_wconf 90' lang='lat' dir='ltr'><strong>ratiocinationibus</strong></span> <span class='ocrx_word' id='word_1_500' title='bbox 2828 2440 3205 2505; x_wconf 85' lang='lat' dir='ltr'><strong>reluctabatur,</strong></span> <span class='ocrx_word' id='word_1_501' title='bbox 3236 2440 3484 2508; x_wconf 86' lang='lat' dir='ltr'><strong>illamque</strong></span> <span class='ocrx_word' id='word_1_502' title='bbox 3522 2441 3694 2493; x_wconf 90' lang='lat' dir='ltr'><strong>incre-</strong></span> 
     </span>
    </p>
   </div>
   <div class='ocr_carea' id='block_1_65' title="bbox 2111 2528 3689 2599">
    <p class='ocr_par' dir='ltr' id='par_1_65' title="bbox 2111 2528 3689 2599">
     <span class='ocr_line' id='line_1_65' title="bbox 2111 2528 3689 2599; baseline -0.001 -17"><span class='ocrx_word' id='word_1_503' title='bbox 2111 2544 2245 2597; x_wconf 86' lang='lat' dir='ltr'><strong>pans</strong></span> <span class='ocrx_word' id='word_1_504' title='bbox 2307 2528 2523 2584; x_wconf 83' lang='lat' dir='ltr'><strong>dicebat</strong></span> <span class='ocrx_word' id='word_1_505' title='bbox 2550 2550 2564 2589; x_wconf 89' lang='lat'>:</span> <span class='ocrx_word' id='word_1_506' title='bbox 2593 2532 2769 2595; x_wconf 80' lang='lat' dir='ltr'><strong>Quare</strong></span> <span class='ocrx_word' id='word_1_507' title='bbox 2844 2540 3097 2599; x_wconf 82' lang='lat' dir='ltr'><strong>tamquam</strong></span> <span class='ocrx_word' id='word_1_508' title='bbox 3135 2546 3236 2583; x_wconf 80' lang='lat' dir='ltr'><strong>una</strong></span> <span class='ocrx_word' id='word_1_509' title='bbox 3277 2534 3547 2584; x_wconf 85' lang='lat' dir='ltr'><strong>slultarum</strong></span> <span class='ocrx_word' id='word_1_510' title='bbox 3575 2548 3689 2582; x_wconf 86' lang='lat' dir='ltr'><strong>mu-</strong></span> 
     </span>
    </p>
   </div>
   <div class='ocr_carea' id='block_1_66' title="bbox 2114 2617 3684 2687">
    <p class='ocr_par' dir='ltr' id='par_1_66' title="bbox 2114 2617 3684 2687">
     <span class='ocr_line' id='line_1_66' title="bbox 2114 2617 3684 2687; baseline 0.002 -19"><span class='ocrx_word' id='word_1_511' title='bbox 2114 2617 2289 2669; x_wconf 89' lang='lat' dir='ltr'><strong>lierum</strong></span> <span class='ocrx_word' id='word_1_512' title='bbox 2314 2618 2518 2687; x_wconf 81' lang='lat' dir='ltr'><strong>loquuta</strong></span> <span class='ocrx_word' id='word_1_513' title='bbox 2536 2619 2625 2672; x_wconf 82' lang='lat' dir='ltr'><strong>es?</strong></span> <span class='ocrx_word' id='word_1_514' title='bbox 2645 2618 2703 2672; x_wconf 90' lang='lat' dir='ltr'><strong>Si</strong></span> <span class='ocrx_word' id='word_1_515' title='bbox 2720 2618 2850 2672; x_wconf 80' lang='lat' dir='ltr'><strong>bona</strong></span> <span class='ocrx_word' id='word_1_516' title='bbox 2870 2620 3179 2686; x_wconf 78' lang='lat' dir='ltr'><strong>suscepimus</strong></span> <span class='ocrx_word' id='word_1_517' title='bbox 3204 2619 3267 2671; x_wconf 89' lang='lat' dir='ltr'><strong>de</strong></span> <span class='ocrx_word' id='word_1_518' title='bbox 3287 2636 3439 2672; x_wconf 84' lang='lat' dir='ltr'><strong>manu</strong></span> <span class='ocrx_word' id='word_1_519' title='bbox 3461 2619 3684 2679; x_wconf 84' lang='lat' dir='ltr'><strong>Domini,</strong></span> 
     </span>
    </p>
   </div>
   <div class='ocr_carea' id='block_1_67' title="bbox 2114 2709 3692 2781">
    <p class='ocr_par' dir='ltr' id='par_1_67' title="bbox 2114 2709 3692 2781">
     <span class='ocr_line' id='line_1_67' title="bbox 2114 2709 3692 2781; baseline 0.003 -22"><span class='ocrx_word' id='word_1_520' title='bbox 2114 2709 2250 2760; x_wconf 88' lang='lat' dir='ltr'><strong>mala</strong></span> <span class='ocrx_word' id='word_1_521' title='bbox 2280 2724 2378 2761; x_wconf 86' lang='lat' dir='ltr'><strong>non</strong></span> <span class='ocrx_word' id='word_1_522' title='bbox 2429 2710 2779 2762; x_wconf 77' lang='lat' dir='ltr'><strong>sustinebimus</strong></span> <span class='ocrx_word' id='word_1_523' title='bbox 2823 2709 2944 2781; x_wconf 82' lang='lat' dir='ltr'><strong>(Job</strong></span> <span class='ocrx_word' id='word_1_524' title='bbox 2971 2709 3025 2762; x_wconf 78' lang='lat'><strong>9..</strong></span> <span class='ocrx_word' id='word_1_525' title='bbox 3061 2710 3191 2779; x_wconf 68' lang='lat'><strong>10)?</strong></span> <span class='ocrx_word' id='word_1_526' title='bbox 3233 2710 3315 2763; x_wconf 87' lang='lat' dir='ltr'><strong>Ad</strong></span> <span class='ocrx_word' id='word_1_527' title='bbox 3362 2711 3525 2765; x_wconf 90' lang='lat' dir='ltr'><strong>Deum</strong></span> <span class='ocrx_word' id='word_1_528' title='bbox 3568 2728 3692 2764; x_wconf 86' lang='lat' dir='ltr'><strong>vero</strong></span> 
     </span>
    </p>
   </div>
   <div class='ocr_carea' id='block_1_68' title="bbox 2113 2798 3689 2869">
    <p class='ocr_par' dir='ltr' id='par_1_68' title="bbox 2113 2798 3689 2869">
     <span class='ocr_line' id='line_1_68' title="bbox 2113 2798 3689 2869; baseline 0.002 -19"><span class='ocrx_word' id='word_1_529' title='bbox 2113 2799 2357 2867; x_wconf 86' lang='lat' dir='ltr'><strong>precibus</strong></span> <span class='ocrx_word' id='word_1_530' title='bbox 2388 2799 2648 2853; x_wconf 89' lang='lat' dir='ltr'><strong>utebatur.</strong></span> <span class='ocrx_word' id='word_1_531' title='bbox 2679 2804 2755 2853; x_wconf 78' lang='lat' dir='ltr'><strong>Ac</strong></span> <span class='ocrx_word' id='word_1_532' title='bbox 2782 2798 2967 2853; x_wconf 87' lang='lat' dir='ltr'><strong>beatus</strong></span> <span class='ocrx_word' id='word_1_533' title='bbox 2999 2799 3190 2853; x_wconf 81' lang='lat' dir='ltr'><strong>Paulus</strong></span> <span class='ocrx_word' id='word_1_534' title='bbox 3220 2800 3457 2869; x_wconf 86' lang='lat' dir='ltr'><strong>utrisque</strong></span> <span class='ocrx_word' id='word_1_535' title='bbox 3488 2800 3570 2855; x_wconf 90' lang='lat' dir='ltr'><strong>his</strong></span> <span class='ocrx_word' id='word_1_536' title='bbox 3602 2818 3689 2853; x_wconf 88' lang='lat' dir='ltr'><strong>ar-</strong></span> 
     </span>
    </p>
   </div>
   <div class='ocr_carea' id='block_1_69' title="bbox 2112 2888 3689 2957">
    <p class='ocr_par' dir='ltr' id='par_1_69' title="bbox 2112 2888 3689 2957">
     <span class='ocr_line' id='line_1_69' title="bbox 2112 2888 3689 2957; baseline 0.001 -18"><span class='ocrx_word' id='word_1_537' title='bbox 2112 2888 2213 2941; x_wconf 90' lang='lat' dir='ltr'><strong>mis</strong></span> <span class='ocrx_word' id='word_1_538' title='bbox 2238 2902 2352 2951; x_wconf 76' lang='lat' dir='ltr'><strong>eos,</strong></span> <span class='ocrx_word' id='word_1_539' title='bbox 2403 2889 2491 2957; x_wconf 91' lang='lat' dir='ltr'><strong>qui</strong></span> <span class='ocrx_word' id='word_1_540' title='bbox 2523 2890 2574 2941; x_wconf 92' lang='lat' dir='ltr'><strong>in</strong></span> <span class='ocrx_word' id='word_1_541' title='bbox 2607 2888 2868 2955; x_wconf 84' lang='lat' dir='ltr'><strong>pressaris</strong></span> <span class='ocrx_word' id='word_1_542' title='bbox 2905 2904 2968 2942; x_wconf 91' lang='lat' dir='ltr'><strong>ac</strong></span> <span class='ocrx_word' id='word_1_543' title='bbox 2993 2889 3378 2942; x_wconf 89' lang='lat' dir='ltr'><strong>tentalionibus</strong></span> <span class='ocrx_word' id='word_1_544' title='bbox 3407 2899 3575 2953; x_wconf 85' lang='lat' dir='ltr'><strong>erant,</strong></span> <span class='ocrx_word' id='word_1_545' title='bbox 3602 2891 3689 2956; x_wconf 85' lang='lat' dir='ltr'><strong>jn-</strong></span> 
     </span>
    </p>
   </div>
   <div class='ocr_carea' id='block_1_70' title="bbox 2110 2977 3692 3048">
    <p class='ocr_par' dir='ltr' id='par_1_70' title="bbox 2110 2977 3692 3048">
     <span class='ocr_line' id='line_1_70' title="bbox 2110 2977 3692 3048; baseline 0.001 -18"><span class='ocrx_word' id='word_1_546' title='bbox 2110 2978 2285 3043; x_wconf 88' lang='lat' dir='ltr'><strong>vabat,</strong></span> <span class='ocrx_word' id='word_1_547' title='bbox 2312 2993 2452 3031; x_wconf 91' lang='lat' dir='ltr'><strong>nunc</strong></span> <span class='ocrx_word' id='word_1_548' title='bbox 2475 2977 2685 3048; x_wconf 90' lang='lat' dir='ltr'><strong>quidem</strong></span> <span class='ocrx_word' id='word_1_549' title='bbox 2708 2978 2919 3032; x_wconf 89' lang='lat' dir='ltr'><strong>dicens:</strong></span> <span class='ocrx_word' id='word_1_550' title='bbox 2945 2979 3006 3032; x_wconf 86' lang='lat' dir='ltr'><strong>Si</strong></span> <span class='ocrx_word' id='word_1_551' title='bbox 3025 2988 3187 3031; x_wconf 82' lang='lat' dir='ltr'><strong>autent</strong></span> <span class='ocrx_word' id='word_1_552' title='bbox 3215 2988 3357 3032; x_wconf 68' lang='lat' dir='ltr'><strong>extra</strong></span> <span class='ocrx_word' id='word_1_553' title='bbox 3377 2980 3692 3048; x_wconf 77' lang='lat' dir='ltr'><strong>disciplinam</strong></span> 
     </span>
    </p>
   </div>
   <div class='ocr_carea' id='block_1_71' title="bbox 2110 3069 3692 3139">
    <p class='ocr_par' dir='ltr' id='par_1_71' title="bbox 2110 3069 3692 3139">
     <span class='ocr_line' id='line_1_71' title="bbox 2110 3069 3692 3139; baseline 0.001 -19"><span class='ocrx_word' id='word_1_554' title='bbox 2110 3070 2246 3132; x_wconf 89' lang='lat' dir='ltr'><strong>estis,</strong></span> <span class='ocrx_word' id='word_1_555' title='bbox 2284 3085 2405 3139; x_wconf 87' lang='lat' dir='ltr'><strong>ergo</strong></span> <span class='ocrx_word' id='word_1_556' title='bbox 2432 3069 2721 3131; x_wconf 86' lang='lat' dir='ltr'><strong>adulterini,</strong></span> <span class='ocrx_word' id='word_1_557' title='bbox 2751 3085 2850 3121; x_wconf 87' lang='lat' dir='ltr'><strong>non</strong></span> <span class='ocrx_word' id='word_1_558' title='bbox 2871 3070 2966 3137; x_wconf 81' lang='lat' dir='ltr'><strong>ﬁlii</strong></span> <span class='ocrx_word' id='word_1_559' title='bbox 2984 3084 3004 3130; x_wconf 90' lang='lat'><strong><em>;</em></strong></span> <span class='ocrx_word' id='word_1_560' title='bbox 3045 3071 3155 3137; x_wconf 85' lang='lat' dir='ltr'><strong>quis</strong></span> <span class='ocrx_word' id='word_1_561' title='bbox 3183 3069 3315 3121; x_wconf 82' lang='lat' dir='ltr'><strong>enim</strong></span> <span class='ocrx_word' id='word_1_562' title='bbox 3346 3071 3504 3137; x_wconf 78' lang='lat' dir='ltr'><strong>ﬁlius,</strong></span> <span class='ocrx_word' id='word_1_563' title='bbox 3549 3087 3692 3139; x_wconf 79' lang='lat' dir='ltr'><strong>quem</strong></span> 
     </span>
    </p>
   </div>
   <div class='ocr_carea' id='block_1_72' title="bbox 2111 3157 3693 3229">
    <p class='ocr_par' dir='ltr' id='par_1_72' title="bbox 2111 3157 3693 3229">
     <span class='ocr_line' id='line_1_72' title="bbox 2111 3157 3693 3229; baseline 0 -17"><span class='ocrx_word' id='word_1_564' title='bbox 2111 3177 2208 3212; x_wconf 80' lang='lat' dir='ltr'><strong>non</strong></span> <span class='ocrx_word' id='word_1_565' title='bbox 2226 3160 2431 3226; x_wconf 80' lang='lat' dir='ltr'><strong>corripit</strong></span> <span class='ocrx_word' id='word_1_566' title='bbox 2451 3160 2620 3229; x_wconf 85' lang='lat' dir='ltr'><strong>pater(</strong></span> <span class='ocrx_word' id='word_1_567' title='bbox 2635 3157 2762 3212; x_wconf 81' lang='lat' dir='ltr'><strong>Ileb.</strong></span> <span class='ocrx_word' id='word_1_568' title='bbox 2787 3159 2873 3213; x_wconf 76' lang='grc'><strong>19..</strong></span> <span class='ocrx_word' id='word_1_569' title='bbox 2894 3161 2947 3213; x_wconf 82' lang='lat'><strong>8.</strong></span> <span class='ocrx_word' id='word_1_570' title='bbox 2965 3158 3057 3225; x_wconf 84' lang='lat'><strong>7)?</strong></span> <span class='ocrx_word' id='word_1_571' title='bbox 3077 3174 3318 3227; x_wconf 89' lang='lat' dir='ltr'><strong>nuncque</strong></span> <span class='ocrx_word' id='word_1_572' title='bbox 3339 3176 3387 3211; x_wconf 91' lang='lat' dir='ltr'><strong>ot</strong></span> <span class='ocrx_word' id='word_1_573' title='bbox 3402 3174 3518 3223; x_wconf 87' lang='lat' dir='ltr'><strong>aus,</strong></span> <span class='ocrx_word' id='word_1_574' title='bbox 3543 3159 3693 3212; x_wconf 80' lang='lat' dir='ltr'><strong>Fide-</strong></span> 
     </span>
    </p>
   </div>
   <div class='ocr_carea' id='block_1_73' title="bbox 2112 3247 3691 3319">
    <p class='ocr_par' dir='ltr' id='par_1_73' title="bbox 2112 3247 3691 3319">
     <span class='ocr_line' id='line_1_73' title="bbox 2112 3247 3691 3319; baseline 0 -18"><span class='ocrx_word' id='word_1_575' title='bbox 2112 3250 2194 3312; x_wconf 85' lang='lat' dir='ltr'><strong>lis,</strong></span> <span class='ocrx_word' id='word_1_576' title='bbox 2223 3250 2409 3318; x_wconf 84' lang='lat' dir='ltr'><strong>inquit,</strong></span> <span class='ocrx_word' id='word_1_577' title='bbox 2442 3247 2576 3300; x_wconf 86' lang='lat' dir='ltr'><strong>Deus</strong></span> <span class='ocrx_word' id='word_1_578' title='bbox 2603 3260 2692 3309; x_wconf 84' lang='lat' dir='ltr'><strong>est,</strong></span> <span class='ocrx_word' id='word_1_579' title='bbox 2727 3249 2810 3317; x_wconf 89' lang='lat' dir='ltr'><strong>qui</strong></span> <span class='ocrx_word' id='word_1_580' title='bbox 2838 3264 2939 3301; x_wconf 84' lang='lat' dir='ltr'><strong>non</strong></span> <span class='ocrx_word' id='word_1_581' title='bbox 2971 3250 3188 3313; x_wconf 81' lang='lat' dir='ltr'><strong>patietur</strong></span> <span class='ocrx_word' id='word_1_582' title='bbox 3214 3265 3301 3301; x_wconf 80' lang='lat' dir='ltr'><strong>vos</strong></span> <span class='ocrx_word' id='word_1_583' title='bbox 3329 3258 3507 3302; x_wconf 78' lang='lat' dir='ltr'><strong>tentari</strong></span> <span class='ocrx_word' id='word_1_584' title='bbox 3539 3266 3691 3319; x_wconf 71' lang='lat' dir='ltr'><strong>supra</strong></span> 
     </span>
    </p>
   </div>
   <div class='ocr_carea' id='block_1_74' title="bbox 2110 3338 3693 3410">
    <p class='ocr_par' dir='ltr' id='par_1_74' title="bbox 2110 3338 3693 3410">
     <span class='ocr_line' id='line_1_74' title="bbox 2110 3338 3693 3410; baseline 0 -17"><span class='ocrx_word' id='word_1_585' title='bbox 2110 3341 2163 3393; x_wconf 91' lang='lat' dir='ltr'><strong>id</strong></span> <span class='ocrx_word' id='word_1_586' title='bbox 2190 3339 2324 3408; x_wconf 86' lang='lat' dir='ltr'><strong>quod</strong></span> <span class='ocrx_word' id='word_1_587' title='bbox 2347 3342 2551 3409; x_wconf 75' lang='lat' dir='ltr'><strong>potestis</strong></span> <span class='ocrx_word' id='word_1_588' title='bbox 2572 3338 2770 3410; x_wconf 82' lang='lat' dir='ltr'><strong>(LCor.</strong></span> <span class='ocrx_word' id='word_1_589' title='bbox 2792 3340 2877 3394; x_wconf 78' lang='grc'><strong>10.</strong></span> <span class='ocrx_word' id='word_1_590' title='bbox 2910 3340 2997 3407; x_wconf 80' lang='lat' dir='ltr'><strong>I5)</strong></span> <span class='ocrx_word' id='word_1_591' title='bbox 3022 3356 3039 3393; x_wconf 95' lang='lat'><strong>:</strong></span> <span class='ocrx_word' id='word_1_592' title='bbox 3068 3348 3123 3393; x_wconf 89' lang='lat' dir='ltr'><strong>et</strong></span> <span class='ocrx_word' id='word_1_593' title='bbox 3144 3355 3371 3404; x_wconf 89' lang='lat' dir='ltr'><strong>rursum,</strong></span> <span class='ocrx_word' id='word_1_594' title='bbox 3405 3341 3465 3393; x_wconf 86' lang='lat' dir='ltr'><strong>Si</strong></span> <span class='ocrx_word' id='word_1_595' title='bbox 3495 3342 3693 3409; x_wconf 85' lang='lat' dir='ltr'><strong>quidem</strong></span> 
     </span>
    </p>
   </div>
   <div class='ocr_carea' id='block_1_75' title="bbox 2104 3430 3693 3499">
    <p class='ocr_par' dir='ltr' id='par_1_75' title="bbox 2104 3430 3693 3499">
     <span class='ocr_line' id='line_1_75' title="bbox 2104 3430 3693 3499; baseline 0.001 -17"><span class='ocrx_word' id='word_1_596' title='bbox 2104 3432 2296 3499; x_wconf 80' lang='lat' dir='ltr'><strong>justum</strong></span> <span class='ocrx_word' id='word_1_597' title='bbox 2325 3432 2463 3499; x_wconf 85' lang='lat' dir='ltr'><strong>apud</strong></span> <span class='ocrx_word' id='word_1_598' title='bbox 2491 3430 2650 3481; x_wconf 87' lang='lat' dir='ltr'><strong>Deum</strong></span> <span class='ocrx_word' id='word_1_599' title='bbox 2679 3440 2772 3494; x_wconf 85' lang='lat' dir='ltr'><strong>est,</strong></span> <span class='ocrx_word' id='word_1_600' title='bbox 2804 3430 3071 3483; x_wconf 75' lang='lat' dir='ltr'><strong>retribuere</strong></span> <span class='ocrx_word' id='word_1_601' title='bbox 3094 3431 3467 3482; x_wconf 84' lang='lat' dir='ltr'><strong>retributionem</strong></span> <span class='ocrx_word' id='word_1_602' title='bbox 3494 3431 3572 3483; x_wconf 79' lang='lat' dir='ltr'><strong>Itis</strong></span> <span class='ocrx_word' id='word_1_603' title='bbox 3607 3432 3693 3498; x_wconf 84' lang='lat' dir='ltr'><strong>qui</strong></span> 
     </span>
    </p>
   </div>
   <div class='ocr_carea' id='block_1_76' title="bbox 2109 3520 3687 3589">
    <p class='ocr_par' dir='ltr' id='par_1_76' title="bbox 2109 3520 3687 3589">
     <span class='ocr_line' id='line_1_76' title="bbox 2109 3520 3687 3589; baseline 0.001 -15"><span class='ocrx_word' id='word_1_604' title='bbox 2109 3537 2193 3574; x_wconf 79' lang='lat' dir='ltr'><strong>vos</strong></span> <span class='ocrx_word' id='word_1_605' title='bbox 2217 3523 2475 3583; x_wconf 82' lang='lat' dir='ltr'><strong>tribu/aut,</strong></span> <span class='ocrx_word' id='word_1_606' title='bbox 2504 3531 2550 3572; x_wconf 81' lang='lat' dir='ltr'><strong>et</strong></span> <span class='ocrx_word' id='word_1_607' title='bbox 2567 3520 2700 3572; x_wconf 79' lang='lat' dir='ltr'><strong>vobis</strong></span> <span class='ocrx_word' id='word_1_608' title='bbox 2719 3522 2803 3589; x_wconf 86' lang='lat' dir='ltr'><strong>qui</strong></span> <span class='ocrx_word' id='word_1_609' title='bbox 2819 3521 3148 3585; x_wconf 86' lang='lat' dir='ltr'><strong>tribulamiui,</strong></span> <span class='ocrx_word' id='word_1_610' title='bbox 3174 3521 3392 3588; x_wconf 78' lang='lat' dir='ltr'><strong>requiem</strong></span> <span class='ocrx_word' id='word_1_611' title='bbox 3414 3521 3487 3589; x_wconf 70' lang='grc' dir='ltr'><strong>(ἐ.</strong></span> <span class='ocrx_word' id='word_1_612' title='bbox 3514 3520 3687 3575; x_wconf 75' lang='lat' dir='ltr'><strong>Thess.</strong></span> 
     </span>
    </p>
   </div>
   <div class='ocr_carea' id='block_1_77' title="bbox 2110 3612 3690 3681">
    <p class='ocr_par' dir='ltr' id='par_1_77' title="bbox 2110 3612 3690 3681">
     <span class='ocr_line' id='line_1_77' title="bbox 2110 3612 3690 3681; baseline -0.002 -14"><span class='ocrx_word' id='word_1_613' title='bbox 2110 3616 2161 3667; x_wconf 78' lang='grc'><strong>1.</strong></span> <span class='ocrx_word' id='word_1_614' title='bbox 2192 3618 2241 3667; x_wconf 83' lang='lat'><strong>6.</strong></span> <span class='ocrx_word' id='word_1_615' title='bbox 2278 3614 2353 3680; x_wconf 84' lang='lat'><strong>7).</strong></span> <span class='ocrx_word' id='word_1_616' title='bbox 2384 3613 2439 3664; x_wconf 65' lang='lat' dir='ltr'><strong>Si</strong></span> <span class='ocrx_word' id='word_1_617' title='bbox 2474 3613 2635 3681; x_wconf 79' lang='lat' dir='ltr'><strong>igitur</strong></span> <span class='ocrx_word' id='word_1_618' title='bbox 2661 3613 2822 3665; x_wconf 87' lang='lat' dir='ltr'><strong>armis</strong></span> <span class='ocrx_word' id='word_1_619' title='bbox 2854 3612 2935 3665; x_wconf 84' lang='lat' dir='ltr'><strong>his</strong></span> <span class='ocrx_word' id='word_1_620' title='bbox 2963 3612 3075 3679; x_wconf 85' lang='lat' dir='ltr'><strong>ipse</strong></span> <span class='ocrx_word' id='word_1_621' title='bbox 3094 3626 3305 3679; x_wconf 91' lang='lat' dir='ltr'><strong>quoque</strong></span> <span class='ocrx_word' id='word_1_622' title='bbox 3343 3627 3469 3665; x_wconf 89' lang='lat' dir='ltr'><strong>usus</strong></span> <span class='ocrx_word' id='word_1_623' title='bbox 3509 3612 3690 3675; x_wconf 75' lang='lat' dir='ltr'><strong>fueris,</strong></span> 
     </span>
    </p>
   </div>
   <div class='ocr_carea' id='block_1_78' title="bbox 2108 3702 3691 3771">
    <p class='ocr_par' dir='ltr' id='par_1_78' title="bbox 2108 3702 3691 3771">
     <span class='ocr_line' id='line_1_78' title="bbox 2108 3702 3691 3771; baseline -0.001 -14"><span class='ocrx_word' id='word_1_624' title='bbox 2108 3720 2170 3757; x_wconf 90' lang='lat' dir='ltr'><strong>ac</strong></span> <span class='ocrx_word' id='word_1_625' title='bbox 2214 3705 2440 3771; x_wconf 85' lang='lat' dir='ltr'><strong>teipsum</strong></span> <span class='ocrx_word' id='word_1_626' title='bbox 2472 3702 2703 3771; x_wconf 88' lang='lat' dir='ltr'><strong>perfecte</strong></span> <span class='ocrx_word' id='word_1_627' title='bbox 2731 3702 2963 3771; x_wconf 86' lang='lat' dir='ltr'><strong>undique</strong></span> <span class='ocrx_word' id='word_1_628' title='bbox 3007 3704 3323 3766; x_wconf 87' lang='lat' dir='ltr'><strong>armaveris,</strong></span> <span class='ocrx_word' id='word_1_629' title='bbox 3355 3702 3691 3771; x_wconf 75' lang='lat' dir='ltr'><strong>ettgitatiotti-</strong></span> 
     </span>
    </p>
   </div>
   <div class='ocr_carea' id='block_1_79' title="bbox 2108 3794 3691 3863">
    <p class='ocr_par' dir='ltr' id='par_1_79' title="bbox 2108 3794 3691 3863">
     <span class='ocr_line' id='line_1_79' title="bbox 2108 3794 3691 3863; baseline -0.005 -11"><span class='ocrx_word' id='word_1_630' title='bbox 2108 3798 2208 3852; x_wconf 92' lang='lat' dir='ltr'><strong>bus</strong></span> <span class='ocrx_word' id='word_1_631' title='bbox 2248 3797 2496 3851; x_wconf 60' lang='lat' dir='ltr'><strong>maeroris</strong></span> <span class='ocrx_word' id='word_1_632' title='bbox 2538 3794 2826 3850; x_wconf 87' lang='lat' dir='ltr'><strong>retundens</strong></span> <span class='ocrx_word' id='word_1_633' title='bbox 2867 3795 3143 3863; x_wconf 82' lang='lat' dir='ltr'><strong>impetum,</strong></span> <span class='ocrx_word' id='word_1_634' title='bbox 3196 3794 3524 3848; x_wconf 89' lang='lat' dir='ltr'><strong>orationibus</strong></span> <span class='ocrx_word' id='word_1_635' title='bbox 3567 3811 3691 3848; x_wconf 85' lang='lat' dir='ltr'><strong>vero</strong></span> 
     </span>
    </p>
   </div>
   <div class='ocr_carea' id='block_1_80' title="bbox 2109 3887 3690 3957">
    <p class='ocr_par' dir='ltr' id='par_1_80' title="bbox 2109 3887 3690 3957">
     <span class='ocr_line' id='line_1_80' title="bbox 2109 3887 3690 3957; baseline -0.003 -13"><span class='ocrx_word' id='word_1_636' title='bbox 2109 3899 2217 3944; x_wconf 89' lang='lat' dir='ltr'><strong>tam</strong></span> <span class='ocrx_word' id='word_1_637' title='bbox 2264 3890 2389 3955; x_wconf 91' lang='lat' dir='ltr'><strong>tuis,</strong></span> <span class='ocrx_word' id='word_1_638' title='bbox 2436 3903 2595 3957; x_wconf 90' lang='lat' dir='ltr'><strong>quam</strong></span> <span class='ocrx_word' id='word_1_639' title='bbox 2638 3888 2862 3941; x_wconf 79' lang='lat' dir='ltr'><strong>aliorum</strong></span> <span class='ocrx_word' id='word_1_640' title='bbox 2903 3895 2955 3940; x_wconf 91' lang='lat' dir='ltr'><strong>te</strong></span> <span class='ocrx_word' id='word_1_641' title='bbox 2994 3887 3153 3940; x_wconf 84' lang='lat' dir='ltr'><strong>veluti</strong></span> <span class='ocrx_word' id='word_1_642' title='bbox 3205 3902 3357 3940; x_wconf 91' lang='lat' dir='ltr'><strong>muro</strong></span> <span class='ocrx_word' id='word_1_643' title='bbox 3403 3887 3690 3939; x_wconf 88' lang='lat' dir='ltr'><strong>fortissimo</strong></span> 
     </span>
    </p>
   </div>
   <div class='ocr_carea' id='block_1_81' title="bbox 2110 3978 3686 4048">
    <p class='ocr_par' dir='ltr' id='par_1_81' title="bbox 2110 3978 3686 4048">
     <span class='ocr_line' id='line_1_81' title="bbox 2110 3978 3686 4048; baseline -0.003 -12"><span class='ocrx_word' id='word_1_644' title='bbox 2110 3984 2374 4045; x_wconf 91' lang='lat' dir='ltr'><strong>muniens,</strong></span> <span class='ocrx_word' id='word_1_645' title='bbox 2406 3980 2655 4035; x_wconf 82' lang='lat' dir='ltr'><strong>celeriter</strong></span> <span class='ocrx_word' id='word_1_646' title='bbox 2678 3980 2976 4048; x_wconf 75' lang='lat' dir='ltr'><strong>disciplina:</strong></span> <span class='ocrx_word' id='word_1_647' title='bbox 2997 3979 3151 4033; x_wconf 91' lang='lat' dir='ltr'><strong>istius</strong></span> <span class='ocrx_word' id='word_1_648' title='bbox 3180 3980 3439 4047; x_wconf 86' lang='lat' dir='ltr'><strong>percipies</strong></span> <span class='ocrx_word' id='word_1_649' title='bbox 3462 3978 3686 4033; x_wconf 78' lang='lat' dir='ltr'><strong>fructus.</strong></span> 
     </span>
    </p>
   </div>
   <div class='ocr_carea' id='block_1_82' title="bbox 2109 4068 3689 4138">
    <p class='ocr_par' dir='ltr' id='par_1_82' title="bbox 2109 4068 3689 4138">
     <span class='ocr_line' id='line_1_82' title="bbox 2109 4068 3689 4138; baseline -0.002 -12"><span class='ocrx_word' id='word_1_650' title='bbox 2109 4074 2224 4126; x_wconf 84' lang='lat' dir='ltr'><strong>Non</strong></span> <span class='ocrx_word' id='word_1_651' title='bbox 2245 4072 2387 4125; x_wconf 90' lang='lat' dir='ltr'><strong>enim</strong></span> <span class='ocrx_word' id='word_1_652' title='bbox 2417 4072 2517 4124; x_wconf 91' lang='lat' dir='ltr'><strong>hoc</strong></span> <span class='ocrx_word' id='word_1_653' title='bbox 2540 4070 2716 4124; x_wconf 90' lang='lat' dir='ltr'><strong>solum</strong></span> <span class='ocrx_word' id='word_1_654' title='bbox 2747 4069 3060 4133; x_wconf 87' lang='lat' dir='ltr'><strong>lucraberis,</strong></span> <span class='ocrx_word' id='word_1_655' title='bbox 3091 4068 3232 4138; x_wconf 89' lang='lat' dir='ltr'><strong>quod</strong></span> <span class='ocrx_word' id='word_1_656' title='bbox 3260 4071 3539 4138; x_wconf 69' lang='lat' dir='ltr'><strong>prmsentia</strong></span> <span class='ocrx_word' id='word_1_657' title='bbox 3584 4068 3689 4123; x_wconf 86' lang='lat' dir='ltr'><strong>for-</strong></span> 
     </span>
    </p>
   </div>
   <div class='ocr_carea' id='block_1_83' title="bbox 2112 4160 3688 4227">
    <p class='ocr_par' dir='ltr' id='par_1_83' title="bbox 2112 4160 3688 4227">
     <span class='ocr_line' id='line_1_83' title="bbox 2112 4160 3688 4227; baseline -0.002 -11"><span class='ocrx_word' id='word_1_658' title='bbox 2112 4165 2234 4217; x_wconf 90' lang='lat' dir='ltr'><strong>titer</strong></span> <span class='ocrx_word' id='word_1_659' title='bbox 2254 4161 2413 4227; x_wconf 78' lang='lat' dir='ltr'><strong>feras,</strong></span> <span class='ocrx_word' id='word_1_660' title='bbox 2458 4177 2642 4215; x_wconf 89' lang='lat' dir='ltr'><strong>verum</strong></span> <span class='ocrx_word' id='word_1_661' title='bbox 2673 4161 2754 4214; x_wconf 91' lang='lat' dir='ltr'><strong>his</strong></span> <span class='ocrx_word' id='word_1_662' title='bbox 2778 4160 3248 4214; x_wconf 79' lang='lat' dir='ltr'><strong>exercitationibus</strong></span> <span class='ocrx_word' id='word_1_663' title='bbox 3283 4160 3688 4214; x_wconf 82' lang='lat' dir='ltr'><strong>robustissimus</strong></span> 
     </span>
    </p>
   </div>
   <div class='ocr_carea' id='block_1_84' title="bbox 2111 4253 3683 4323">
    <p class='ocr_par' dir='ltr' id='par_1_84' title="bbox 2111 4253 3683 4323">
     <span class='ocr_line' id='line_1_84' title="bbox 2111 4253 3683 4323; baseline -0.004 -12"><span class='ocrx_word' id='word_1_664' title='bbox 2111 4256 2352 4320; x_wconf 79' lang='lat' dir='ltr'><strong>eﬂ‘ectus,</strong></span> <span class='ocrx_word' id='word_1_665' title='bbox 2383 4255 2540 4309; x_wconf 89' lang='lat' dir='ltr'><strong>nullis</strong></span> <span class='ocrx_word' id='word_1_666' title='bbox 2554 4254 2663 4323; x_wconf 91' lang='lat' dir='ltr'><strong>jam</strong></span> <span class='ocrx_word' id='word_1_667' title='bbox 2688 4255 2807 4308; x_wconf 66' lang='lat' dir='ltr'><strong>vitae</strong></span> <span class='ocrx_word' id='word_1_668' title='bbox 2836 4254 2991 4322; x_wconf 87' lang='lat' dir='ltr'><strong>hujus</strong></span> <span class='ocrx_word' id='word_1_669' title='bbox 3014 4253 3257 4308; x_wconf 80' lang='lat' dir='ltr'><strong>adversis</strong></span> <span class='ocrx_word' id='word_1_670' title='bbox 3281 4254 3493 4307; x_wconf 88' lang='lat' dir='ltr'><strong>casibus</strong></span> <span class='ocrx_word' id='word_1_671' title='bbox 3520 4254 3683 4317; x_wconf 65' lang='lat' dir='ltr'><strong>frangi</strong></span> 
     </span>
    </p>
   </div>
   <div class='ocr_carea' id='block_1_85' title="bbox 2110 4347 2614 4416">
    <p class='ocr_par' dir='ltr' id='par_1_85' title="bbox 2110 4347 2614 4416">
     <span class='ocr_line' id='line_1_85' title="bbox 2110 4347 2614 4416; baseline -0.006 -16"><span class='ocrx_word' id='word_1_672' title='bbox 2110 4350 2193 4403; x_wconf 86' lang='lat' dir='ltr'><strong>vel</strong></span> <span class='ocrx_word' id='word_1_673' title='bbox 2212 4349 2366 4416; x_wconf 88' lang='lat' dir='ltr'><strong>dejici</strong></span> <span class='ocrx_word' id='word_1_674' title='bbox 2397 4347 2614 4415; x_wconf 86' lang='lat' dir='ltr'><strong>poteris.</strong></span> 
     </span>
    </p>
   </div>
   <div class='ocr_carea' id='block_1_86' title="bbox 1888 4714 2267 4776">
    <p class='ocr_par' dir='ltr' id='par_1_86' title="bbox 1888 4714 2267 4776">
     <span class='ocr_line' id='line_1_86' title="bbox 1888 4714 2267 4776; baseline -0.003 -1"><span class='ocrx_word' id='word_1_675' title='bbox 1888 4714 2267 4776; x_wconf 79' lang='lat' dir='ltr'><strong>MONITUM</strong></span> 
     </span>
    </p>
   </div>
   <div class='ocr_carea' id='block_1_87' title="bbox 435 5053 2007 5125">
    <p class='ocr_par' dir='ltr' id='par_1_87' title="bbox 435 5053 2007 5125">
     <span class='ocr_line' id='line_1_87' title="bbox 435 5053 2007 5125; baseline -0.006 -10"><span class='ocrx_word' id='word_1_676' title='bbox 435 5056 707 5115; x_wconf 82' lang='lat' dir='ltr'><strong>Palladius</strong></span> <span class='ocrx_word' id='word_1_677' title='bbox 727 5069 873 5118; x_wconf 90' lang='lat' dir='ltr'><strong>vero,</strong></span> <span class='ocrx_word' id='word_1_678' title='bbox 904 5056 1172 5111; x_wconf 85' lang='lat' dir='ltr'><strong>sincerior</strong></span> <span class='ocrx_word' id='word_1_679' title='bbox 1199 5072 1375 5110; x_wconf 84' lang='lat' dir='ltr'><strong>rerum</strong></span> <span class='ocrx_word' id='word_1_680' title='bbox 1410 5053 1784 5125; x_wconf 77' lang='lat' dir='ltr'><strong>ChrySostomi</strong></span> <span class='ocrx_word' id='word_1_681' title='bbox 1811 5068 2007 5123; x_wconf 73' lang='lat' dir='ltr'><strong>praeco,</strong></span> 
     </span>
    </p>
   </div>
   <div class='ocr_carea' id='block_1_88' title="bbox 436 5146 2011 5218">
    <p class='ocr_par' dir='ltr' id='par_1_88' title="bbox 436 5146 2011 5218">
     <span class='ocr_line' id='line_1_88' title="bbox 436 5146 2011 5218; baseline -0.006 -9"><span class='ocrx_word' id='word_1_682' title='bbox 436 5156 488 5208; x_wconf 89' lang='lat' dir='ltr'><strong>in</strong></span> <span class='ocrx_word' id='word_1_683' title='bbox 516 5150 740 5218; x_wconf 81' lang='lat' dir='ltr'><strong>Dialogo</strong></span> <span class='ocrx_word' id='word_1_684' title='bbox 778 5148 942 5201; x_wconf 81' lang='lat' dir='ltr'><strong>hasce</strong></span> <span class='ocrx_word' id='word_1_685' title='bbox 978 5151 1257 5203; x_wconf 85' lang='lat' dir='ltr'><strong>orationes</strong></span> <span class='ocrx_word' id='word_1_686' title='bbox 1302 5149 1366 5203; x_wconf 89' lang='lat' dir='ltr'><strong>ad</strong></span> <span class='ocrx_word' id='word_1_687' title='bbox 1403 5146 1613 5200; x_wconf 89' lang='lat' dir='ltr'><strong>initium</strong></span> <span class='ocrx_word' id='word_1_688' title='bbox 1664 5147 2011 5216; x_wconf 84' lang='lat' dir='ltr'><strong>episcopatus</strong></span> 
     </span>
    </p>
   </div>
   <div class='ocr_carea' id='block_1_89' title="bbox 433 5234 2009 5312">
    <p class='ocr_par' dir='ltr' id='par_1_89' title="bbox 433 5234 2009 5312">
     <span class='ocr_line' id='line_1_89' title="bbox 433 5234 2009 5312; baseline -0.002 -16"><span class='ocrx_word' id='word_1_689' title='bbox 433 5242 552 5312; x_wconf 82' lang='lat' dir='ltr'><strong>ejus</strong></span> <span class='ocrx_word' id='word_1_690' title='bbox 582 5237 743 5293; x_wconf 78' lang='lat' dir='ltr'><strong>refert</strong></span> <span class='ocrx_word' id='word_1_691' title='bbox 777 5253 789 5289; x_wconf 90' lang='lat'>:</span> <span class='ocrx_word' id='word_1_692' title='bbox 822 5255 839 5286; x_wconf 72' lang='grc' dir='ltr'><strong>ι</strong></span> <span class='ocrx_word' id='word_1_693' title='bbox 877 5234 965 5290; x_wconf 91' lang='lat' dir='ltr'><strong>Sic</strong></span> <span class='ocrx_word' id='word_1_694' title='bbox 994 5240 1281 5295; x_wconf 91' lang='lat' dir='ltr'><strong>ordinatus</strong></span> <span class='ocrx_word' id='word_1_695' title='bbox 1316 5240 1572 5301; x_wconf 79' lang='lat' dir='ltr'><strong>Joannes,</strong></span> <span class='ocrx_word' id='word_1_696' title='bbox 1598 5238 1795 5308; x_wconf 89' lang='lat' dir='ltr'><strong>inquit,</strong></span> <span class='ocrx_word' id='word_1_697' title='bbox 1827 5255 2009 5293; x_wconf 89' lang='lat' dir='ltr'><strong>rerum</strong></span> 
     </span>
    </p>
   </div>
   <div class='ocr_carea' id='block_1_90' title="bbox 436 5327 2011 5399">
    <p class='ocr_par' dir='ltr' id='par_1_90' title="bbox 436 5327 2011 5399">
     <span class='ocr_line' id='line_1_90' title="bbox 436 5327 2011 5399; baseline 0.001 -13"><span class='ocrx_word' id='word_1_698' title='bbox 436 5346 621 5388; x_wconf 85' lang='lat' dir='ltr'><strong>curam</strong></span> <span class='ocrx_word' id='word_1_699' title='bbox 664 5327 991 5399; x_wconf 79' lang='lat' dir='ltr'><strong>aggreditur,</strong></span> <span class='ocrx_word' id='word_1_700' title='bbox 1042 5344 1138 5398; x_wconf 91' lang='lat' dir='ltr'><strong>per</strong></span> <span class='ocrx_word' id='word_1_701' title='bbox 1177 5333 1552 5386; x_wconf 88' lang='lat' dir='ltr'><strong>rationabilem</strong></span> <span class='ocrx_word' id='word_1_702' title='bbox 1608 5332 1841 5385; x_wconf 88' lang='lat' dir='ltr'><strong>tistulaut</strong></span> <span class='ocrx_word' id='word_1_703' title='bbox 1878 5347 2011 5387; x_wconf 78' lang='lat' dir='ltr'><strong>oves</strong></span> 
     </span>
    </p>
   </div>
   <div class='ocr_carea' id='block_1_91' title="bbox 434 5416 2011 5492">
    <p class='ocr_par' dir='ltr' id='par_1_91' title="bbox 434 5416 2011 5492">
     <span class='ocr_line' id='line_1_91' title="bbox 434 5416 2011 5492; baseline -0.002 -14"><span class='ocrx_word' id='word_1_704' title='bbox 434 5424 661 5492; x_wconf 86' lang='lat' dir='ltr'><strong>probare</strong></span> <span class='ocrx_word' id='word_1_705' title='bbox 684 5434 933 5475; x_wconf 76' lang='lat' dir='ltr'><strong>exorsus.</strong></span> <span class='ocrx_word' id='word_1_706' title='bbox 962 5416 1107 5472; x_wconf 82' lang='lat' dir='ltr'><strong>Raro</strong></span> <span class='ocrx_word' id='word_1_707' title='bbox 1130 5435 1310 5475; x_wconf 90' lang='lat' dir='ltr'><strong>autem</strong></span> <span class='ocrx_word' id='word_1_708' title='bbox 1342 5423 1603 5477; x_wconf 88' lang='lat' dir='ltr'><strong>adhibens</strong></span> <span class='ocrx_word' id='word_1_709' title='bbox 1631 5422 1792 5476; x_wconf 90' lang='lat' dir='ltr'><strong>etiam</strong></span> <span class='ocrx_word' id='word_1_710' title='bbox 1812 5424 2011 5491; x_wconf 92' lang='lat' dir='ltr'><strong>pedum</strong></span> 
     </span>
    </p>
   </div>
   <div class='ocr_carea' id='block_1_92' title="bbox 434 5513 2009 5585">
    <p class='ocr_par' dir='ltr' id='par_1_92' title="bbox 434 5513 2009 5585">
     <span class='ocr_line' id='line_1_92' title="bbox 434 5513 2009 5585; baseline 0.002 -20"><span class='ocrx_word' id='word_1_711' title='bbox 434 5513 845 5585; x_wconf 87' lang='lat' dir='ltr'><strong>increpationis,</strong></span> <span class='ocrx_word' id='word_1_712' title='bbox 883 5526 1189 5567; x_wconf 89' lang='lat' dir='ltr'><strong>sermonem</strong></span> <span class='ocrx_word' id='word_1_713' title='bbox 1226 5515 1412 5584; x_wconf 67' lang='lat' dir='ltr'><strong>dirigit</strong></span> <span class='ocrx_word' id='word_1_714' title='bbox 1457 5517 1743 5570; x_wconf 87' lang='lat' dir='ltr'><strong>adversum</strong></span> <span class='ocrx_word' id='word_1_715' title='bbox 1777 5517 2009 5569; x_wconf 88' lang='lat' dir='ltr'><strong>ementi-</strong></span> 
     </span>
    </p>
   </div>
   <div class='ocr_carea' id='block_1_93' title="bbox 429 5606 2006 5676">
    <p class='ocr_par' dir='ltr' id='par_1_93' title="bbox 429 5606 2006 5676">
     <span class='ocr_line' id='line_1_93' title="bbox 429 5606 2006 5676; baseline 0.004 -21"><span class='ocrx_word' id='word_1_716' title='bbox 429 5613 545 5658; x_wconf 91' lang='lat' dir='ltr'><strong>tum</strong></span> <span class='ocrx_word' id='word_1_717' title='bbox 577 5606 806 5661; x_wconf 86' lang='lat' dir='ltr'><strong>fratrum</strong></span> <span class='ocrx_word' id='word_1_718' title='bbox 838 5620 1193 5674; x_wconf 82' lang='lat' dir='ltr'><strong>sororuntque</strong></span> <span class='ocrx_word' id='word_1_719' title='bbox 1226 5608 1561 5676; x_wconf 85' lang='lat' dir='ltr'><strong>convictum,</strong></span> <span class='ocrx_word' id='word_1_720' title='bbox 1583 5624 1642 5665; x_wconf 90' lang='lat' dir='ltr'><strong>re</strong></span> <span class='ocrx_word' id='word_1_721' title='bbox 1673 5624 1795 5663; x_wconf 87' lang='lat' dir='ltr'><strong>vera</strong></span> <span class='ocrx_word' id='word_1_722' title='bbox 1828 5618 2006 5662; x_wconf 89' lang='lat' dir='ltr'><strong>autem</strong></span> 
     </span>
    </p>
   </div>
   <div class='ocr_carea' id='block_1_94' title="bbox 428 5696 2009 5767">
    <p class='ocr_par' dir='ltr' id='par_1_94' title="bbox 428 5696 2009 5767">
     <span class='ocr_line' id='line_1_94' title="bbox 428 5696 2009 5767; baseline 0.01 -26"><span class='ocrx_word' id='word_1_723' title='bbox 428 5701 644 5758; x_wconf 84' lang='lat' dir='ltr'><strong>turpem</strong></span> <span class='ocrx_word' id='word_1_724' title='bbox 668 5696 1085 5767; x_wconf 90' lang='lat' dir='ltr'><strong>improbumque</strong></span> <span class='ocrx_word' id='word_1_725' title='bbox 1108 5698 1441 5761; x_wconf 88' lang='lat' dir='ltr'><strong>convictum,</strong></span> <span class='ocrx_word' id='word_1_726' title='bbox 1470 5700 1536 5753; x_wconf 90' lang='lat' dir='ltr'><strong>de</strong></span> <span class='ocrx_word' id='word_1_727' title='bbox 1560 5700 2009 5764; x_wconf 86' lang='lat' dir='ltr'><strong>subintroductis,</strong></span> 
     </span>
    </p>
   </div>
   <div class='ocr_carea' id='block_1_95' title="bbox 429 5783 2011 5864">
    <p class='ocr_par' dir='ltr' id='par_1_95' title="bbox 429 5783 2011 5864">
     <span class='ocr_line' id='line_1_95' title="bbox 429 5783 2011 5864; baseline 0.013 -36"><span class='ocrx_word' id='word_1_728' title='bbox 429 5783 822 5853; x_wconf 78' lang='grc' dir='ltr'><strong>συνεισάκτων,</strong></span> <span class='ocrx_word' id='word_1_729' title='bbox 878 5798 940 5845; x_wconf 81' lang='grc' dir='ltr'><strong>ιιι</strong></span> <span class='ocrx_word' id='word_1_730' title='bbox 988 5796 1202 5850; x_wconf 85' lang='lat' dir='ltr'><strong>vocant,</strong></span> <span class='ocrx_word' id='word_1_731' title='bbox 1262 5801 1426 5857; x_wconf 84' lang='lat' dir='ltr'><strong>agens</strong></span> <span class='ocrx_word' id='word_1_732' title='bbox 1486 5792 1910 5864; x_wconf 83' lang='lat' dir='ltr'><strong>ostendensque,</strong></span> <span class='ocrx_word' id='word_1_733' title='bbox 1966 5794 2011 5849; x_wconf 92' lang='lat' dir='ltr'><strong>si</strong></span> 
     </span>
    </p>
   </div>
   <div class='ocr_carea' id='block_1_96' title="bbox 430 5869 2008 5949">
    <p class='ocr_par' dir='ltr' id='par_1_96' title="bbox 430 5869 2008 5949">
     <span class='ocr_line' id='line_1_96' title="bbox 430 5869 2008 5949; baseline 0.01 -28"><span class='ocrx_word' id='word_1_734' title='bbox 430 5869 699 5923; x_wconf 91' lang='lat' dir='ltr'><strong>malorum</strong></span> <span class='ocrx_word' id='word_1_735' title='bbox 740 5874 900 5930; x_wconf 89' lang='lat' dir='ltr'><strong>detur</strong></span> <span class='ocrx_word' id='word_1_736' title='bbox 948 5878 1118 5949; x_wconf 92' lang='lat' dir='ltr'><strong>optio,</strong></span> <span class='ocrx_word' id='word_1_737' title='bbox 1161 5876 1415 5933; x_wconf 90' lang='lat' dir='ltr'><strong>meliores</strong></span> <span class='ocrx_word' id='word_1_738' title='bbox 1451 5878 1570 5934; x_wconf 88' lang='lat' dir='ltr'><strong>istis</strong></span> <span class='ocrx_word' id='word_1_739' title='bbox 1618 5882 1841 5940; x_wconf 84' lang='lat' dir='ltr'><strong>lenones</strong></span> <span class='ocrx_word' id='word_1_740' title='bbox 1871 5899 2008 5941; x_wconf 88' lang='lat' dir='ltr'><strong>esse.</strong></span> 
     </span>
    </p>
   </div>
   <div class='ocr_carea' id='block_1_97' title="bbox 438 5960 2018 6047">
    <p class='ocr_par' dir='ltr' id='par_1_97' title="bbox 438 5960 2018 6047">
     <span class='ocr_line' id='line_1_97' title="bbox 438 5960 2018 6047; baseline 0.013 -35"><span class='ocrx_word' id='word_1_741' title='bbox 438 5960 516 6013; x_wconf 90' lang='lat' dir='ltr'><strong>Illi</strong></span> <span class='ocrx_word' id='word_1_742' title='bbox 566 5978 801 6030; x_wconf 76' lang='lat' dir='ltr'><strong>natoque</strong></span> <span class='ocrx_word' id='word_1_743' title='bbox 854 5973 1045 6037; x_wconf 91' lang='lat' dir='ltr'><strong>procul</strong></span> <span class='ocrx_word' id='word_1_744' title='bbox 1081 5988 1112 6028; x_wconf 84' lang='lat' dir='ltr'><strong>a</strong></span> <span class='ocrx_word' id='word_1_745' title='bbox 1161 5972 1383 6027; x_wconf 84' lang='lat' dir='ltr'><strong>medicis</strong></span> <span class='ocrx_word' id='word_1_746' title='bbox 1418 5972 1747 6037; x_wconf 83' lang='lat' dir='ltr'><strong>habitantes.</strong></span> <span class='ocrx_word' id='word_1_747' title='bbox 1782 5979 1920 6047; x_wconf 89' lang='lat' dir='ltr'><strong>apud</strong></span> <span class='ocrx_word' id='word_1_748' title='bbox 1960 5993 2018 6034; x_wconf 91' lang='lat' dir='ltr'><strong>sc</strong></span> 
     </span>
    </p>
   </div>
   <div class='ocr_carea' id='block_1_98' title="bbox 439 6052 2019 6123">
    <p class='ocr_par' dir='ltr' id='par_1_98' title="bbox 439 6052 2019 6123">
     <span class='ocr_line' id='line_1_98' title="bbox 439 6052 2019 6123; baseline 0.004 -7"><span class='ocrx_word' id='word_1_749' title='bbox 439 6052 685 6104; x_wconf 62' lang='grc' dir='ltr'><strong>ιιλυνῗδηιη</strong></span> <span class='ocrx_word' id='word_1_750' title='bbox 722 6053 941 6123; x_wconf 55' lang='lat' dir='ltr'><strong>habent,</strong></span> <span class='ocrx_word' id='word_1_751' title='bbox 975 6066 1067 6119; x_wconf 86' lang='lat' dir='ltr'><strong>sed</strong></span> <span class='ocrx_word' id='word_1_752' title='bbox 1101 6066 1403 6122; x_wconf 66' lang='lat' dir='ltr'><strong>volentibus</strong></span> <span class='ocrx_word' id='word_1_753' title='bbox 1434 6064 1519 6118; x_wconf 90' lang='lat' dir='ltr'><strong>:hi</strong></span> <span class='ocrx_word' id='word_1_754' title='bbox 1547 6077 1723 6119; x_wconf 69' lang='lat' dir='ltr'><strong>LIUII&#39;III</strong></span> <span class='ocrx_word' id='word_1_755' title='bbox 1748 6068 1799 6120; x_wconf 88' lang='lat' dir='ltr'><strong>itt</strong></span> <span class='ocrx_word' id='word_1_756' title='bbox 1827 6072 2019 6123; x_wconf 82' lang='lat' dir='ltr'><strong>salutis</strong></span> 
     </span>
    </p>
   </div>
   <div class='ocr_carea' id='block_1_99' title="bbox 2122 5051 3707 5122">
    <p class='ocr_par' dir='ltr' id='par_1_99' title="bbox 2122 5051 3707 5122">
     <span class='ocr_line' id='line_1_99' title="bbox 2122 5051 3707 5122; baseline 0 -17"><span class='ocrx_word' id='word_1_757' title='bbox 2122 5051 2335 5107; x_wconf 86' lang='lat' dir='ltr'><strong>oIIicina</strong></span> <span class='ocrx_word' id='word_1_758' title='bbox 2378 5051 2710 5113; x_wconf 83' lang='lat' dir='ltr'><strong>habitantes,</strong></span> <span class='ocrx_word' id='word_1_759' title='bbox 2746 5051 2908 5104; x_wconf 70' lang='lat' dir='ltr'><strong>etiam</strong></span> <span class='ocrx_word' id='word_1_760' title='bbox 2944 5067 3110 5105; x_wconf 87' lang='lat' dir='ltr'><strong>sanos</strong></span> <span class='ocrx_word' id='word_1_761' title='bbox 3145 5052 3429 5122; x_wconf 86' lang='lat' dir='ltr'><strong>impellunt</strong></span> <span class='ocrx_word' id='word_1_762' title='bbox 3460 5052 3524 5105; x_wconf 89' lang='lat' dir='ltr'><strong>ad</strong></span> <span class='ocrx_word' id='word_1_763' title='bbox 3558 5070 3707 5105; x_wconf 87' lang='lat' dir='ltr'><strong>mor-</strong></span> 
     </span>
    </p>
   </div>
   <div class='ocr_carea' id='block_1_100' title="bbox 2111 5144 3702 5214">
    <p class='ocr_par' dir='ltr' id='par_1_100' title="bbox 2111 5144 3702 5214">
     <span class='ocr_line' id='line_1_100' title="bbox 2111 5144 3702 5214; baseline 0 -16"><span class='ocrx_word' id='word_1_764' title='bbox 2111 5146 2262 5200; x_wconf 88' lang='lat' dir='ltr'><strong>buut.</strong></span> <span class='ocrx_word' id='word_1_765' title='bbox 2287 5144 2414 5198; x_wconf 85' lang='lat' dir='ltr'><strong>Inde</strong></span> <span class='ocrx_word' id='word_1_766' title='bbox 2445 5159 2571 5214; x_wconf 90' lang='lat' dir='ltr'><strong>pars</strong></span> <span class='ocrx_word' id='word_1_767' title='bbox 2603 5144 2732 5199; x_wconf 88' lang='lat' dir='ltr'><strong>cleri</strong></span> <span class='ocrx_word' id='word_1_768' title='bbox 2774 5144 3000 5199; x_wconf 88' lang='lat' dir='ltr'><strong>minime</strong></span> <span class='ocrx_word' id='word_1_769' title='bbox 3045 5145 3318 5214; x_wconf 80' lang='lat' dir='ltr'><strong>religiosa,</strong></span> <span class='ocrx_word' id='word_1_770' title='bbox 3356 5160 3475 5213; x_wconf 72' lang='lat' dir='ltr'><strong>qua:</strong></span> <span class='ocrx_word' id='word_1_771' title='bbox 3506 5148 3702 5198; x_wconf 84' lang='lat' dir='ltr'><strong>morbo</strong></span> 
     </span>
    </p>
   </div>
   <div class='ocr_carea' id='block_1_101' title="bbox 2114 5234 3695 5303">
    <p class='ocr_par' dir='ltr' id='par_1_101' title="bbox 2114 5234 3695 5303">
     <span class='ocr_line' id='line_1_101' title="bbox 2114 5234 3695 5303; baseline -0.001 -11"><span class='ocrx_word' id='word_1_772' title='bbox 2114 5236 2205 5292; x_wconf 88' lang='lat' dir='ltr'><strong>illo</strong></span> <span class='ocrx_word' id='word_1_773' title='bbox 2254 5236 2561 5299; x_wconf 85' lang='lat' dir='ltr'><strong>tenebatur,</strong></span> <span class='ocrx_word' id='word_1_774' title='bbox 2610 5246 2883 5292; x_wconf 88' lang='lat' dir='ltr'><strong>commota</strong></span> <span class='ocrx_word' id='word_1_775' title='bbox 2916 5244 3016 5290; x_wconf 89' lang='lat' dir='ltr'><strong>est.</strong></span> <span class='ocrx_word' id='word_1_776' title='bbox 3063 5254 3079 5283; x_wconf 73' lang='grc' dir='ltr'><strong>ι</strong></span> <span class='ocrx_word' id='word_1_777' title='bbox 3123 5236 3243 5289; x_wconf 70' lang='lat' dir='ltr'><strong>&quot;(BC</strong></span> <span class='ocrx_word' id='word_1_778' title='bbox 3276 5234 3573 5303; x_wconf 80' lang='lat' dir='ltr'><strong>Palladius,</strong></span> <span class='ocrx_word' id='word_1_779' title='bbox 3606 5239 3695 5291; x_wconf 88' lang='lat' dir='ltr'><strong>cui</strong></span> 
     </span>
    </p>
   </div>
   <div class='ocr_carea' id='block_1_102' title="bbox 2116 5328 3705 5401">
    <p class='ocr_par' dir='ltr' id='par_1_102' title="bbox 2116 5328 3705 5401">
     <span class='ocr_line' id='line_1_102' title="bbox 2116 5328 3705 5401; baseline -0.003 -14"><span class='ocrx_word' id='word_1_780' title='bbox 2116 5341 2303 5401; x_wconf 84' lang='lat' dir='ltr'><strong>utpote</strong></span> <span class='ocrx_word' id='word_1_781' title='bbox 2326 5332 2543 5386; x_wconf 84' lang='lat' dir='ltr'><strong>oculato</strong></span> <span class='ocrx_word' id='word_1_782' title='bbox 2580 5331 2701 5385; x_wconf 85' lang='lat' dir='ltr'><strong>testi</strong></span> <span class='ocrx_word' id='word_1_783' title='bbox 2736 5330 2890 5383; x_wconf 87' lang='lat' dir='ltr'><strong>tidem</strong></span> <span class='ocrx_word' id='word_1_784' title='bbox 2941 5328 3139 5382; x_wconf 87' lang='lat' dir='ltr'><strong>habere</strong></span> <span class='ocrx_word' id='word_1_785' title='bbox 3177 5343 3275 5398; x_wconf 89' lang='lat' dir='ltr'><strong>par</strong></span> <span class='ocrx_word' id='word_1_786' title='bbox 3312 5339 3413 5381; x_wconf 86' lang='lat' dir='ltr'><strong>est.</strong></span> <span class='ocrx_word' id='word_1_787' title='bbox 3447 5328 3705 5384; x_wconf 73' lang='lat' dir='ltr'><strong>Socrates</strong></span> 
     </span>
    </p>
   </div>
   <div class='ocr_carea' id='block_1_103' title="bbox 2121 5423 3701 5481">
    <p class='ocr_par' dir='ltr' id='par_1_103' title="bbox 2121 5423 3701 5481">
     <span class='ocr_line' id='line_1_103' title="bbox 2121 5423 3701 5481; baseline -0.003 -1"><span class='ocrx_word' id='word_1_788' title='bbox 2121 5440 2252 5481; x_wconf 79' lang='lat' dir='ltr'><strong>vero</strong></span> <span class='ocrx_word' id='word_1_789' title='bbox 2284 5426 2467 5479; x_wconf 85' lang='lat' dir='ltr'><strong>omnia</strong></span> <span class='ocrx_word' id='word_1_790' title='bbox 2524 5426 2761 5479; x_wconf 89' lang='lat' dir='ltr'><strong>miscuit.</strong></span> <span class='ocrx_word' id='word_1_791' title='bbox 2801 5423 2947 5477; x_wconf 83' lang='lat' dir='ltr'><strong>Licet</strong></span> <span class='ocrx_word' id='word_1_792' title='bbox 2990 5434 3172 5478; x_wconf 86' lang='lat' dir='ltr'><strong>autem</strong></span> <span class='ocrx_word' id='word_1_793' title='bbox 3220 5424 3334 5477; x_wconf 82' lang='lat' dir='ltr'><strong>hac</strong></span> <span class='ocrx_word' id='word_1_794' title='bbox 3373 5423 3440 5476; x_wconf 86' lang='lat' dir='ltr'><strong>ad</strong></span> <span class='ocrx_word' id='word_1_795' title='bbox 3486 5423 3701 5476; x_wconf 90' lang='lat' dir='ltr'><strong>initium</strong></span> 
     </span>
    </p>
   </div>
   <div class='ocr_carea' id='block_1_104' title="bbox 2121 5516 3704 5589">
    <p class='ocr_par' dir='ltr' id='par_1_104' title="bbox 2121 5516 3704 5589">
     <span class='ocr_line' id='line_1_104' title="bbox 2121 5516 3704 5589; baseline -0.003 -15"><span class='ocrx_word' id='word_1_796' title='bbox 2121 5521 2472 5589; x_wconf 82' lang='lat' dir='ltr'><strong>episcopatus</strong></span> <span class='ocrx_word' id='word_1_797' title='bbox 2504 5519 2623 5587; x_wconf 89' lang='lat' dir='ltr'><strong>ejus</strong></span> <span class='ocrx_word' id='word_1_798' title='bbox 2662 5518 2939 5573; x_wconf 80' lang='lat' dir='ltr'><strong>referenda</strong></span> <span class='ocrx_word' id='word_1_799' title='bbox 2968 5517 3098 5580; x_wconf 86' lang='lat' dir='ltr'><strong>sint,</strong></span> <span class='ocrx_word' id='word_1_800' title='bbox 3144 5526 3380 5571; x_wconf 89' lang='lat' dir='ltr'><strong>attamen</strong></span> <span class='ocrx_word' id='word_1_801' title='bbox 3427 5516 3613 5571; x_wconf 88' lang='lat' dir='ltr'><strong>Savilii</strong></span> <span class='ocrx_word' id='word_1_802' title='bbox 3652 5529 3704 5569; x_wconf 84' lang='grc' dir='ltr'><strong>ιι</strong></span> 
     </span>
    </p>
   </div>
   <div class='ocr_carea' id='block_1_105' title="bbox 2123 5610 3702 5680">
    <p class='ocr_par' dir='ltr' id='par_1_105' title="bbox 2123 5610 3702 5680">
     <span class='ocr_line' id='line_1_105' title="bbox 2123 5610 3702 5680; baseline -0.003 -14"><span class='ocrx_word' id='word_1_803' title='bbox 2123 5611 2419 5669; x_wconf 83' lang='lat' dir='ltr'><strong>Frontonis</strong></span> <span class='ocrx_word' id='word_1_804' title='bbox 2452 5611 2633 5667; x_wconf 60' lang='lat' dir='ltr'><strong>Durati</strong></span> <span class='ocrx_word' id='word_1_805' title='bbox 2665 5612 2765 5667; x_wconf 91' lang='lat' dir='ltr'><strong>hac</strong></span> <span class='ocrx_word' id='word_1_806' title='bbox 2796 5612 2848 5665; x_wconf 92' lang='lat' dir='ltr'><strong>in</strong></span> <span class='ocrx_word' id='word_1_807' title='bbox 2879 5620 3029 5680; x_wconf 73' lang='lat' dir='ltr'><strong>parte</strong></span> <span class='ocrx_word' id='word_1_808' title='bbox 3062 5610 3309 5664; x_wconf 91' lang='lat' dir='ltr'><strong>ordinem</strong></span> <span class='ocrx_word' id='word_1_809' title='bbox 3340 5610 3493 5679; x_wconf 90' lang='lat' dir='ltr'><strong>sequi</strong></span> <span class='ocrx_word' id='word_1_810' title='bbox 3526 5611 3702 5663; x_wconf 82' lang='lat' dir='ltr'><strong>visum</strong></span> 
     </span>
    </p>
   </div>
   <div class='ocr_carea' id='block_1_106' title="bbox 2120 5702 3701 5775">
    <p class='ocr_par' dir='ltr' id='par_1_106' title="bbox 2120 5702 3701 5775">
     <span class='ocr_line' id='line_1_106' title="bbox 2120 5702 3701 5775; baseline -0.003 -15"><span class='ocrx_word' id='word_1_811' title='bbox 2120 5716 2225 5770; x_wconf 87' lang='lat' dir='ltr'><strong>est,</strong></span> <span class='ocrx_word' id='word_1_812' title='bbox 2255 5707 2348 5775; x_wconf 87' lang='lat' dir='ltr'><strong>qui</strong></span> <span class='ocrx_word' id='word_1_813' title='bbox 2386 5722 2471 5761; x_wconf 84' lang='lat' dir='ltr'><strong>res</strong></span> <span class='ocrx_word' id='word_1_814' title='bbox 2505 5721 2695 5761; x_wconf 88' lang='lat' dir='ltr'><strong>omnes</strong></span> <span class='ocrx_word' id='word_1_815' title='bbox 2728 5705 2792 5760; x_wconf 90' lang='lat' dir='ltr'><strong>ad</strong></span> <span class='ocrx_word' id='word_1_816' title='bbox 2824 5705 3143 5766; x_wconf 84' lang='lat' dir='ltr'><strong>monachos,</strong></span> <span class='ocrx_word' id='word_1_817' title='bbox 3182 5713 3411 5769; x_wconf 81' lang='lat' dir='ltr'><strong>aSCetas,</strong></span> <span class='ocrx_word' id='word_1_818' title='bbox 3445 5702 3701 5771; x_wconf 74' lang='lat' dir='ltr'><strong>virgines,</strong></span> 
     </span>
    </p>
   </div>
   <div class='ocr_carea' id='block_1_107' title="bbox 2121 5796 3307 5867">
    <p class='ocr_par' dir='ltr' id='par_1_107' title="bbox 2121 5796 3307 5867">
     <span class='ocr_line' id='line_1_107' title="bbox 2121 5796 3307 5867; baseline -0.001 -18"><span class='ocrx_word' id='word_1_819' title='bbox 2121 5798 2422 5866; x_wconf 88' lang='lat' dir='ltr'><strong>viduasque</strong></span> <span class='ocrx_word' id='word_1_820' title='bbox 2450 5806 2755 5867; x_wconf 88' lang='lat' dir='ltr'><strong>spectantes</strong></span> <span class='ocrx_word' id='word_1_821' title='bbox 2790 5796 2955 5852; x_wconf 90' lang='lat' dir='ltr'><strong>simul</strong></span> <span class='ocrx_word' id='word_1_822' title='bbox 2988 5804 3307 5866; x_wconf 85' lang='lat' dir='ltr'><strong>posuerunt.</strong></span> 
     </span>
    </p>
   </div>
   <div class='ocr_carea' id='block_1_108' title="bbox 2193 5886 3701 5957">
    <p class='ocr_par' dir='ltr' id='par_1_108' title="bbox 2193 5886 3701 5957">
     <span class='ocr_line' id='line_1_108' title="bbox 2193 5886 3701 5957; baseline 0.001 -17"><span class='ocrx_word' id='word_1_823' title='bbox 2193 5886 2698 5957; x_wconf 87' lang='lat' dir='ltr'><strong>Interpretationem</strong></span> <span class='ocrx_word' id='word_1_824' title='bbox 2760 5888 3008 5943; x_wconf 86' lang='lat' dir='ltr'><strong>Latinam</strong></span> <span class='ocrx_word' id='word_1_825' title='bbox 3064 5889 3255 5944; x_wconf 88' lang='lat' dir='ltr'><strong>incerti</strong></span> <span class='ocrx_word' id='word_1_826' title='bbox 3310 5886 3452 5954; x_wconf 85' lang='lat' dir='ltr'><strong>viri,</strong></span> <span class='ocrx_word' id='word_1_827' title='bbox 3511 5887 3701 5941; x_wconf 75' lang='lat' dir='ltr'><strong>multis</strong></span> 
     </span>
    </p>
   </div>
   <div class='ocr_carea' id='block_1_109' title="bbox 2122 5980 3699 6055">
    <p class='ocr_par' dir='ltr' id='par_1_109' title="bbox 2122 5980 3699 6055">
     <span class='ocr_line' id='line_1_109' title="bbox 2122 5980 3699 6055; baseline 0.001 -21"><span class='ocrx_word' id='word_1_828' title='bbox 2122 5981 2173 6034; x_wconf 93' lang='lat' dir='ltr'><strong>in</strong></span> <span class='ocrx_word' id='word_1_829' title='bbox 2230 5980 2363 6035; x_wconf 84' lang='lat' dir='ltr'><strong>locis</strong></span> <span class='ocrx_word' id='word_1_830' title='bbox 2413 5983 2753 6038; x_wconf 86' lang='lat' dir='ltr'><strong>emendatam</strong></span> <span class='ocrx_word' id='word_1_831' title='bbox 2814 5998 2844 6037; x_wconf 91' lang='lat' dir='ltr'><strong>e</strong></span> <span class='ocrx_word' id='word_1_832' title='bbox 2888 5985 3106 6055; x_wconf 82' lang='lat' dir='ltr'><strong>regione</strong></span> <span class='ocrx_word' id='word_1_833' title='bbox 3144 5982 3313 6039; x_wconf 65' lang='lat' dir='ltr'><strong>Graeci</strong></span> <span class='ocrx_word' id='word_1_834' title='bbox 3361 5991 3543 6036; x_wconf 81' lang='lat' dir='ltr'><strong>textus</strong></span> <span class='ocrx_word' id='word_1_835' title='bbox 3599 5998 3699 6051; x_wconf 78' lang='lat' dir='ltr'><strong>po-</strong></span> 
     </span>
    </p>
   </div>
   <div class='ocr_carea' id='block_1_110' title="bbox 2122 6088 2355 6126">
    <p class='ocr_par' dir='ltr' id='par_1_110' title="bbox 2122 6088 2355 6126">
     <span class='ocr_line' id='line_1_110' title="bbox 2122 6088 2355 6126; baseline 0 0"><span class='ocrx_word' id='word_1_836' title='bbox 2122 6088 2355 6126; x_wconf 63' lang='grc' dir='ltr'>ειῑιιιιυς.</span> 
     </span>
    </p>
   </div>
  </div>
