4490 6762
850 560 954 613 595
1540 556 1595 610 5.
1636 553 1926 609 δυλκκιδ
1976 552 2470 611 CHRYSOSTOMI
2513 554 2623 607 Alli

2365 553 2470 609 Mil
2513 551 2841 607 AllClllEll.
2892 546 3446 607 CONSTANTINOI’.
4038 544 4138 597 si“:

2221 977 2757 1072 EJUSDEM

1282 1265 1647 1321 ADVERSUS
1683 1263 1813 1319 EOS
1851 1262 1969 1337 ρης
2015 1261 2195 1323 APUD
2236 1260 2323 1317 SE
2366 1254 2639 1313 HABENT
2680 1254 3009 1311 VIRGINES
3041 1251 3695 1313 SUBINTRODUCTAS.

932 1768 982 1822 1.
1016 1765 1299 1834 Majoribus
1338 1762 1534 1815 nostris
1568 1759 1688 1813 duze
1726 1765 1931 1811 tantum
1968 1752 2184 1809 fuerunt
2219 1762 2396 1805 causa:
2419 1790 2434 1815 ,

861 1867 1079 1924 prepter
1113 1867 1245 1922 quas
1289 1849 1602 1905 mulieribus
1639 1847 1737 1901 viri
1782 1844 2169 1900 cohabitarcnt.
2223 1840 2291 1894 Et
2336 1852 2438 1893 una

859 1944 1072 2013 quidem
1116 1952 1268 1997 vetus
1309 1950 1393 1996 est
1428 1955 1493 1994 ac
1524 1939 1669 2009 justa
1696 1936 1995 2005 rationique
2035 1940 2392 1987 consentanea
2423 1943 2436 1979 :

862 2050 1056 2105 nempe
1081 2032 1497 2095 matrimonium,
1523 2028 1662 2097 quod
1688 2028 1795 2080 Deo
1814 2025 2113 2093 legislatorc
2141 2019 2436 2073 institutum

862 2136 982 2181 est:
1014 2124 1233 2193 Propter
1256 2126 1353 2175 hoc
1388 2122 1559 2183 enim,
1605 2117 1805 2185 inquit,
1851 2114 2089 2181 relinquet
2134 2112 2205 2163 vir
2245 2116 2437 2177 patrem

861 2232 1008 2269 suum
1028 2224 1072 2267 rt
1099 2223 1305 2265 matrem
1323 2227 1488 2274 suam,
1516 2218 1559 2261 et
1585 2204 1857 2260 adherebit
1878 2218 2026 2255 ιιερνι
2045 2217 2171 2263 sum,
2200 2208 2439 2261 eruntque

863 2308 964 2360 duo
991 2307 1046 2359 in
1082 2321 1283 2357 carnem
1310 2318 1461 2353 unam
1486 2297 1641 2367 (Gen.
1668 2296 1725 2350 2.
1750 2294 1842 2365 24)
1864 2311 1879 2359 ;
1908 2295 2073 2346 altera
2100 2306 2227 2343 vero
2256 2304 2439 2341 recen-

864 2400 986 2461 tior,
1016 2397 1192 2464 iniqua
1219 2402 1271 2447 et
1298 2392 1403 2461 legi
1431 2392 1676 2455 adversa,
1708 2401 1899 2455 nempe
1925 2383 2224 2441 fornicatio,
2256 2394 2375 2450 quae
2410 2393 2439 2430 a

865 2488 1111 2557 malignis
1133 2484 1432 2538 introducta
1462 2491 1543 2535 εει
1569 2476 1918 2533 dmntonibtts.
1941 2474 2111 2542 Atque
2141 2481 2319 2523 nostra
2346 2469 2442 2521 hac

866 2587 1023 2632 mtate
1063 2576 1249 2629 tertius
1276 2572 1488 2642 quidam
1517 2582 1689 2623 novus
1716 2575 1770 2621 et
1798 2564 2044 2619 insolitus
2072 2576 2189 2614 mos
2215 2558 2440 2628 prodiit,

865 2669 1017 2737 cujus
1053 2681 1263 2720 causam
1303 2663 1438 2716 haud
1479 2660 1633 2715 facile
1676 2655 2096 2725 investigaveris.
2127 2653 2260 2707 Sunt
2301 2651 2442 2704 enim

867 2759 1138 2823 nonnulli,
1179 2758 1267 2827 qui
1310 2756 1510 2825 puellas
1538 2752 1835 2821 nuptiarqu
1882 2749 2186 2818 inexpertas
2224 2745 2442 2798 donmm

866 2852 1098 2913 ducunt,
1140 2860 1195 2903 et
1225 2863 1392 2917 usque
1420 2847 1474 2902 in
1516 2854 1810 2899 extremam
1840 2848 2165 2894 senectutem
2212 2834 2443 2888 inclusas

867 2952 1052 2997 tcucut
1075 2956 1137 2995 ac
1163 2940 1362 3002 fovent,
1397 2952 1499 2990 non
1530 2932 1976 3004 procreandorum
2005 2930 2289 2983 liberorum
2319 2939 2443 2995 gra-

870 3036 968 3099 tia,
1000 3040 1190 3101 negant
1219 3031 1358 3084 enim
1389 3044 1446 3082 se
1473 3044 1593 3082 cum
1634 3026 1738 3079 illis
1767 3039 1878 3078 rem
1909 3024 2139 3085 habere;
2180 3033 2352 3087 neque
2381 3017 2439 3069 li-

868 3125 1061 3179 hidinis
1080 3137 1240 3177 causa
1261 3162 1276 3185 ,
1305 3121 1452 3173 aiunt
1477 3117 1620 3174 enim
1664 3115 1806 3185 quod
1837 3114 1954 3168 illas
1980 3114 2310 3178 incorruptas
2332 3122 2443 3162 ser-

868 3224 993 3269 vent
1019 3231 1033 3266 :
1063 3221 1116 3267 et
1147 3214 1192 3267 si
1222 3211 1342 3281 quis
1369 3211 1437 3264 ab
1464 3209 1544 3262 eis
1568 3221 1781 3261 causam
1811 3204 2105 3273 rogaverit,
2136 3202 2318 3254 dicunt
2345 3198 2446 3252 sibi

870 3307 1062 3360 multas
1100 3318 1253 3369 esse;
1296 3302 1391 3357 sed
1422 3302 1662 3369 tingunt:
1693 3314 1792 3368 ego
1818 3297 1958 3351 enim
1988 3295 2183 3349 nullam
2224 3308 2318 3348 eos
2349 3290 2445 3344 ha-

870 3397 1000 3452 bere
1027 3394 1366 3454 crediderim,
1396 3407 1514 3462 qua:
1541 3391 1624 3445 vel
1650 3392 1869 3446 honesta
1902 3387 1984 3440 vel
2015 3386 2204 3439 idonea
2226 3385 2314 3438 sit.
2350 3382 2449 3437 Ve-

870 3502 989 3539 rum
1032 3485 1101 3540 de
1138 3484 1221 3538 his
1264 3483 1496 3538 nondum
1539 3481 1817 3535 dicemus:
1856 3477 2139 3531 afferetuus
2168 3484 2345 3527 autem
2393 3473 2444 3526 in

872 3576 1103 3630 medium
1134 3590 1293 3644 quam
1332 3588 1428 3626 nos
1470 3570 1802 3640 potissimum
1831 3582 2045 3623 causam
2092 3565 2442 3633 suspicamur.

871 3671 939 3724 Et
965 3684 1207 3740 quaenam
1232 3676 1313 3722 est
1340 3666 1466 3719 illa?
1493 3664 1724 3719 Omnino
1743 3703 1758 3727 ,
1792 3662 1837 3715 si
1863 3676 1893 3714 a
1920 3674 2081 3729 scopo
2104 3658 2442 3716 aberravero,

872 3760 950 3815 fas
981 3760 1130 3815 vobis
1154 3766 1237 3813 est
1278 3768 1337 3812 ut
1376 3774 1459 3811 mc
1487 3755 1835 3825 redarguatis.
1870 3753 1935 3807 Et
1971 3765 2211 3820 qutenam
2252 3747 2446 3801 causa?

872 3852 991 3922 quis
1021 3850 1112 3904 ille
1153 3845 1473 3918 prmtextus?
1501 3844 1719 3899 Videtur
1746 3842 1873 3897 mihi
1915 3840 2150 3895 mulieris
2176 3838 2448 3892 convictus

874 3957 979 3996 non
1004 3955 1070 3995 ex
1100 3939 1215 4008 lege
1247 3938 1548 4006 nuptiarum
1590 3933 1782 3998 modo,
1815 3932 1907 3986 sed
1939 3931 2095 3985 etiam
2128 3930 2328 3997 absque
2356 3944 2451 3979 nu-

873 4032 998 4103 ptiis
1023 4046 1086 4085 ac
1112 4043 1419 4099 congressu,
1452 4026 1733 4097 voluptatis
1768 4024 1965 4079 habere
2006 4022 2266 4077 nonnihil.
2296 4019 2449 4086 Quod

875 4126 918 4179 si
946 4138 1048 4178 non
1076 4132 1218 4177 recte
1243 4121 1445 4185 sentio,
1473 4134 1576 4174 non
1607 4134 1819 4187 possum
1854 4117 2030 4171 dicere
2056 4134 2070 4171 :
2101 4132 2269 4170 meatu
2304 4114 2450 4169 vobis

878 4214 1193 4270 sententiam
1240 4226 1437 4265 narro:
1471 4212 1605 4264 forte
1648 4219 1828 4263 autem
1876 4223 1979 4261 non
2029 4222 2198 4259 meam
2240 4204 2447 4266 solum,

877 4309 969 4363 sed
997 4316 1051 4362 et
1096 4309 1340 4372 illorum;
1389 4322 1508 4359 nam
1541 4316 1592 4359 et
1637 4304 1740 4358 illis
1781 4304 1858 4358 sic
1900 4305 2123 4367 videtur,
2152 4301 2289 4370 quod
2330 4301 2452 4354 hinc

881 4403 1066 4470 liquet.
1097 4400 1319 4456 Tantam
1360 4399 1501 4453 enim
1542 4397 1763 4466 gloriam
1795 4406 1849 4450 et
1879 4404 2019 4449 tanta
2048 4393 2296 4449 scandala
2326 4408 2453 4447 neu-

880 4494 1077 4563 tiquam
1105 4490 1459 4562 deSpicerent,
1491 4491 1591 4543 nisi
1620 4490 1802 4559 ingens
1826 4488 2067 4558 quadam
2090 4496 2143 4541 et
2166 4485 2451 4540 vehemens

878 4583 1216 4640 cohabitand't
1236 4582 1482 4652 voluptas
1507 4589 1667 4634 esset.
1690 4579 1840 4646 Quod
1871 4578 1913 4633 si
1946 4578 2083 4632 forte
2108 4582 2455 4631 succenseant

880 4674 1128 4744 quidam,
1173 4672 1315 4742 quod
1346 4671 1461 4726 htcc
1501 4670 1774 4734 dicamus,
1806 4684 1993 4737 precor
2026 4676 2083 4721 ut
2121 4668 2273 4720 nobis
2299 4667 2452 4720 venia

882 4767 1055 4829 detur,
1083 4763 1328 4833 absitque
1356 4760 1646 4830 indignatio
1671 4777 1683 4813 :
1718 4774 1889 4828 neque
1916 4759 2055 4812 enim
2085 4758 2256 4812 libens
2280 4772 2342 4811 ac
2372 4770 2453 4812 te-

884 4870 1031 4910 mere
1057 4854 1191 4907 hanc
1219 4852 1545 4906 inimicitiam
1568 4852 1913 4921 susciperem.
1944 4850 2057 4901 Non
2078 4863 2193 4901 sum
2224 4857 2326 4900 tam
2360 4848 2454 4901 nti-

883 4961 972 5000 ser
992 4959 1054 4998 ac
1074 4956 1424 5007 aerumnosos,
1444 4943 1531 5011 qui
1554 4952 1756 4996 temere
1775 4956 1959 4994 omnes
1977 4939 2245 4994 otl‘endere
2266 4939 2452 5001 velim;

883 5035 980 5090 sed
1011 5033 1161 5088 valde
1202 5032 1357 5086 doleo
1385 5046 1447 5085 ac
1474 5032 1699 5093 crucior,
1730 5041 1781 5083 et
1818 5031 2041 5100 gloriam
2084 5030 2174 5082 Dei
2213 5027 2459 5097 blasphe-

886 5130 1015 5184 ntari
1050 5129 1278 5189 intuens,
1312 5134 1361 5180 et
1410 5124 1691 5177 multorum
1717 5124 1937 5175 salutem
1972 5131 2185 5191 propter
2212 5121 2457 5187 volupta-

883 5231 988 5274 tem
1036 5218 1173 5273 hanc
1215 5216 1465 5286 paulatim
1514 5216 1709 5285 perire.
1755 5216 1905 5282 Quod
1936 5216 2073 5269 enim
2125 5214 2253 5269 illud
2297 5230 2459 5269 suave

884 5313 971 5375 sit,
1004 5320 1058 5365 et
1088 5311 1305 5379 nuptiali
1329 5309 1597 5363 consortio
1624 5308 1977 5361 ardentiorem
2009 5308 2177 5375 pariat
2198 5321 2454 5369 amorem,

884 5416 1024 5456 nunc
1055 5403 1188 5454 forte
1210 5398 1485 5468 stnpehitis
1507 5398 1797 5459 audientes,
1822 5396 1914 5451 sed
1943 5396 2025 5450 ubi
2052 5397 2100 5449 ἰ‹Ι
2128 5397 2459 5451 demonstra-

882 5507 1029 5555 vero,
1062 5506 1154 5545 vos
1183 5492 1340 5545 etiam
1387 5488 1783 5544 contitebimini.
1815 5489 2022 5542 Etenim
2068 5501 2186 5541 cum
2225 5487 2457 5557 legitima

884 5582 1106 5637 muliere
1131 5582 1378 5652 congredi
1408 5596 1527 5636 cum
1557 5597 1661 5635 non
1696 5580 1761 5635 sit
1788 5582 2040 5647 vetitum,
2076 5581 2453 5650 concupiscen-

946 5769 960 5796 ³
996 5762 1178 5827 Titulus
1195 5766 1283 5827 psic
1305 5763 1451 5813 habet
1472 5764 1521 5827 _in
1542 5761 1702 5827 Savil.,
1726 5761 2062 5827 Chrysostomi,
2087 5763 2315 5814 adversus
2352 5765 2460 5819 illos

882 5826 962 5889 qm‘
973 5826 1139 5876 habent
1161 5824 1365 5888 virgines
1378 5825 1757 5889 subintroductus
1770 5824 1980 5887 ωσι-ειη
1995 5828 2221 5888 Ejusdem
2230 5830 2458 5881 adversus

886 5887 963 5951 aut
1008 5889 1089 5951 qui
1112 5887 1280 5939 habent
1324 5887 1719 5951 subintroductas.
1784 5887 2030 5950 tnterpres'
2047 5902 2190 5948 vero,
2236 5890 2457 5951 Ejusdem

882 5949 1122 6017 adversus
1141 5964 1218 6000 eos
1254 5949 1337 6012 qui
1366 5949 1496 6012 apud
1533 5964 1582 6002 se
1627 5954 1779 6015 fovent
1823 5949 2007 6001 sortires
2049 5949 2295 6016 adoptivus
2338 5966 2457 6016 quas

882 6014 1122 6062 meamet
1129 6028 1169 6061 δι.
1184 6020 1254 6063 tua
1280 6019 1459 6062 rorant.

2543 1746 2670 1800 tiam
2699 1744 2877 1811 sedat,
2905 1752 2961 1800 et
2998 1760 3366 1816 saepenumero
3390 1752 3681 1807 satietatem
3708 1750 3860 1805 aﬂ'erl
3878 1794 3892 1816 ,
3927 1751 4095 1805 immo

2545 1834 2718 1889 dicum
2747 1834 3081 1903 rcStingueus
3109 1836 3380 1893 ardorem.
3412 1841 3671 1895 Printerea
3702 1851 3876 1909 partus
3903 1850 3956 1893 et
3990 1856 4119 1909 par-

2544 1932 2691 1979 tuum
2716 1924 2958 1990 dolores,
2991 1940 3384 1996 puerorumque
3410 1932 3799 1998 procreationes
3824 1944 3884 1983 ac
3918 1930 4120 1983 educa-

2543 2016 2753 2077 tiones,
2800 2030 3004 2069 necnon
3044 2024 3098 2069 et
3141 2016 3447 2086 frequentes
3483 2022 3570 2090 qui
3605 2037 3669 2076 ex
3712 2021 3794 2076 his
3820 2032 4121 2090 sequuntur

2544 2102 2714 2157 morbi
2744 2118 2935 2172 corpus
2966 2104 3225 2173 afﬂigunt,
3267 2106 3451 2162 florem
3482 2112 3650 2165 mtatis
3675 2111 3959 2165 marcidum
3992 2111 4122 2164 red-

2542 2192 2690 2255 dunt,
2726 2192 3119 2262 invalidumque
3148 2196 3439 2264 voluptatis
3462 2200 3637 2254 calcar
3662 2200 3894 2255 faciunt:
3924 2201 3974 2253 in
4007 2202 4120 2253 vir-

2543 2285 2664 2353 gine
2690 2292 2867 2336 autem
2895 2285 3278 2340 cohabitatrice
3303 2287 3433 2341 nihil
3463 2289 3651 2342 horum
3678 2292 3929 2359 reperies.
3953 2291 4122 2343 Abest

2543 2376 2684 2430 enim
2711 2376 2916 2441 coitus,
2962 2378 3050 2446 qui
3095 2387 3300 2432 natum:
3349 2387 3601 2449 impetum
3645 2382 3903 2451 deprimat
3928 2392 3980 2436 et
4019 2382 4120 2434 oh-

2546 2465 2759 2530 tundat;
2791 2481 2963 2536 neque
2990 2466 3206 2521 dolores
3232 2478 3446 2537 partus,
3480 2486 3649 2538 neque
3683 2486 3958 2538 puerorum
3992 2470 4124 2523 edu-

2544 2560 2783 2612 cationes
2810 2573 3026 2612 carnem
3070 2574 3401 2613 marcescere
3442 2558 3676 2614 faciunt:
3705 2561 3793 2614 sed
3828 2562 4120 2629 juvenilcm

2547 2648 2780 2717 vigorem
2811 2647 2901 2699 diu
2928 2657 3208 2701 conservat
3231 2690 3243 2707 .
3284 2657 3467 2716 utpote
3499 2651 3692 2701 intacta
3725 2665 3962 2702 manens.
3998 2650 4126 2703 Post

2548 2746 2727 2805 partus
2752 2736 2895 2789 enim
2942 2744 2993 2789 et
3022 2736 3369 2790 educationes
3412 2752 3695 2804 puerorum
3744 2755 3962 2807 corpora
3994 2756 4125 2793 uxo-

2548 2841 2664 2879 rum
2692 2825 2981 2879 inlirmiora
3012 2826 3176 2891 ﬁunt;
3216 2826 3318 2878 illae
3358 2837 3532 2880 autem
3561 2844 3725 2896 usque
3755 2831 3805 2881 in
3833 2830 4129 2898 quadrage-

2546 2919 2741 2974 simum
2769 2934 2964 2972 annum
2990 2919 3045 2972 in
3069 2934 3161 2972 sua
3186 2928 3497 2988 permanent
3518 2919 3708 2984 forma,
3740 2931 3931 2974 etcum
3961 2923 4125 2991 virgi-

2548 3006 2834 3076 nibusjam
2865 3007 3137 3062 elocandis
3177 3018 3402 3061 certant.
3442 3008 3574 3062 Hinc
3602 3019 3684 3062 est
3720 3010 3858 3078 quod
3901 3011 4125 3065 cohabi-

2548 3105 2723 3152 tantes
2745 3097 2942 3167 duplici
2970 3101 3091 3167 igne
3116 3099 3510 3163 accenduntur;
3540 3115 3660 3153 nam
3684 3110 3735 3153 et
3755 3102 3911 3154 ardor
3938 3118 4126 3155 eorum

2550 3206 2655 3246 non
2684 3193 3029 3262 restinguitur
3047 3193 3188 3246 coitu
3213 3194 3292 3247 eis
3314 3194 3612 3261 interdicto,
3650 3206 3701 3250 et
3731 3197 3933 3250 ardoris
3955 3198 4130 3249 fontes

2551 3293 2732 3336 manet
2773 3282 3120 3353 redtlturque
3148 3284 3393 3338 validior.
3422 3285 3570 3339 Hanc
3608 3302 3706 3357 ego
3745 3287 3897 3355 hujus
3933 3298 4127 3340 comit-

2551 3370 2721 3425 bernii
2752 3387 2966 3425 causam
2997 3374 3269 3442 suspicor;
3314 3374 3408 3428 sed
3437 3390 3502 3429 ne
3528 3376 3679 3430 valde
3718 3391 4127 3430 succenseatnns

2549 3461 2663 3524 eis,
2709 3476 2882 3530 neque
2924 3460 3168 3517 difﬁciles
3212 3465 3378 3517 simus
3417 3474 3469 3517 et
3513 3465 3816 3534 importuni.
3857 3466 3985 3519 Nam
4032 3470 4126 3535 qui

2550 3570 2750 3623 :rgrum
2773 3555 2883 3606 vult
2909 3556 3207 3619 restituere,
3242 3570 3347 3609 non
3376 3555 3477 3609 hoc
3495 3558 3602 3625 agit
3622 3558 3696 3610 ira
3722 3568 3774 3611 et
3797 3558 4126 3621 verberibus,

2552 3644 2644 3698 sed
2674 3645 2828 3697 otl'ert
2872 3644 3154 3713 pltarmaca
3181 3660 3301 3698 etnn
3335 3660 3522 3712 magna
3552 3661 3676 3700 cura
3717 3655 3769 3701 et
3806 3646 3993 3699 blanda
4034 3649 4129 3698 ad-

2552 3732 2872 3786 hortatione.
2918 3733 3125 3787 Eteuim
3172 3734 3215 3787 si
3247 3734 3314 3787 ab
3344 3735 3446 3787 illis
3478 3750 3662 3804 pcnnas
3697 3746 3943 3805 expetere
3972 3737 4129 3791 nobis

2552 3826 2880 3895 propositum
2910 3835 3079 3889 esset,
3114 3833 3169 3880 et
3194 3826 3237 3879 si
3258 3826 3494 3894 judicum
3520 3827 3759 3881 ordinem
3794 3837 4129 3889 teneremus,

2555 3917 2817 3987 indignari
2843 3927 3145 3988 oporteret;
3177 3919 3270 3971 sed
3292 3920 3333 3971 si
3364 3920 3453 3971 illo
3481 3920 3697 3974 dimisso
3719 3919 4041 3973 medicorum
4073 3934 4129 3974 et

2554 4024 2747 4064 curare
2776 4010 3063 4063 volentium
3091 4025 3286 4063 munus
3315 4012 3690 4079 suscipiamus,
3722 4012 3939 4076 hortari,
3970 4013 4129 4065 obse-

2553 4115 2722 4165 crare,
2754 4110 2827 4163 et,
2860 4101 2903 4154 si
2926 4116 3059 4169 opus
3080 4101 3166 4166 sit,
3194 4115 3363 4170 genua
3391 4109 3600 4171 tangere
3628 4118 3758 4170 opus
3782 4114 3882 4168 est,
3906 4112 3961 4156 ut
3986 4104 4132 4172 quod

2553 4190 2815 4260 agendum
2844 4190 3173 4259 suscepimus
3199 4189 3550 4258 perficiamus.
3589 4190 3748 4260 Igitur
3780 4194 4127 4261 quemadmo-

2554 4282 2678 4335 dum
2708 4280 2933 4345 medici,
2964 4281 3050 4349 qui
3080 4295 3251 4350 aegros
3275 4296 3304 4333 a
3335 4281 3453 4333 cibo
3480 4281 3560 4333 vcl
3588 4292 3707 4349 potu
3739 4283 3923 4334 nocivo
3945 4297 4133 4335 arcere

2556 4378 2798 4446 cupiunt,
2835 4376 2957 4430 licet
2986 4377 3072 4430 illa
3112 4378 3327 4430 mixtam
3372 4377 3598 4430 habeant
3626 4377 3973 4445 voluptatem,
4006 4388 4134 4434 ante

2556 4466 2734 4520 omnia
2782 4474 2959 4519 tamen
3007 4465 3326 4534 persuadent
3365 4465 3539 4519 inesse
3584 4466 3685 4519 illis
3728 4476 3918 4536 przeter
3965 4484 4131 4522 nocu-

2558 4568 2735 4612 menta
2762 4558 2921 4610 etiam
2964 4556 3187 4610 multum
3219 4558 3591 4621 insuavitatis;
3623 4558 3699 4611 sic
3736 4570 3793 4613 et
3832 4573 3933 4613 nos
3964 4558 4133 4613 heia-

2557 4664 2698 4711 mus,
2720 4648 3187 4702 conuuonstrando
3209 4649 3309 4701 illis
3330 4649 3468 4716 quod
3490 4649 3805 4704 cohabitatio
3826 4652 3932 4713 illa,
3953 4667 4134 4718 quam-

2557 4738 2638 4792 vis
2661 4738 2837 4793 suavis
2856 4747 2909 4791 et
2925 4737 3156 4806 jucunda
3177 4738 3432 4801 videatur,
3459 4740 3749 4807 perniciosa
3774 4742 3861 4804 sit,
3885 4752 3938 4795 et
3963 4743 4134 4794 nihilo

2558 4829 2748 4884 melior
2773 4844 2931 4897 quant
2974 4828 3258 4883 mortifera:
3286 4831 3543 4898 potiones.
3587 4832 3654 4885 Et
3685 4832 3889 4886 videtur
3917 4834 4130 4901 quidem

2559 4920 2779 4973 multam
2814 4919 3007 4972 habere
3043 4919 3306 4983 hctitiam,
3340 4922 3464 4975 latet
3509 4932 3680 4976 tamen
3721 4925 3942 4977 ntultum
3972 4925 4023 4975 in
4068 4939 4132 4976 ea

2559 5010 2945 5071 amaritudinis,
2968 5025 3125 5076 quain
3152 5011 3359 5076 animm,
3388 5029 3504 5081 qua:
3527 5014 3876 5083 voluptatibus
3898 5013 4133 5067 oblecta-

2562 5109 2667 5163 tur,
2696 5100 2945 5154 infundit.
2968 5098 3096 5152 Natn
3122 5100 3209 5169 qui
3241 5117 3519 5170 persuasus
3548 5103 3785 5166 discedit,
3816 5118 4001 5156 secure
4025 5105 4134 5155 dis-

2563 5192 2720 5248 cedit.
2752 5192 2890 5247 Sane
2920 5191 3007 5261 qui
3050 5204 3190 5246 metu
3231 5203 3285 5248 et
3327 5195 3639 5250 necessitate
3664 5209 3693 5246 a
3723 5193 3909 5247 dilecta
3949 5194 4135 5261 sejun-

2564 5284 2721 5351 gitnr,
2755 5283 2940 5337 fortior
2966 5292 3170 5336 amator
3203 5285 3289 5348 ﬁt,
3320 5295 3371 5338 et
3410 5284 3649 5338 fortassis
3678 5285 3861 5336 iterum
3892 5282 3957 5335 ad
3990 5283 4135 5337 illum

2565 5376 2812 5439 accedet;
2844 5386 2897 5427 at
2936 5376 2979 5427 si
3027 5384 3082 5427 ut
3125 5390 3234 5427 rem
3276 5376 3585 5430 damnosam
3614 5386 3665 5429 et
3702 5388 3932 5427 amaram
3968 5374 4096 5443 fugit
4120 5419 4136 5439 ,

2566 5468 2967 5537 haudquaquam
3000 5467 3187 5519 iterum
3220 5470 3500 5521 revertitur
3524 5465 3593 5520 ob
3624 5464 3879 5517 calculum
3916 5475 4137 5518 senten-

2565 5559 2649 5611 tia:
2680 5573 2821 5620 sua),
2860 5574 2979 5626 quzc
3018 5558 3200 5625 quavis
3238 5560 3549 5612 necessitate
3580 5557 3855 5609 violentius
3890 5555 3960 5607 illi
4012 5572 4136 5624 per-

2565 5649 2769 5705 soadet.
2801 5649 3076 5714 Quomodo
3100 5665 3226 5719 ergo
3258 5651 3689 5719 pCl'Sllatit'itillltlS
3716 5648 3836 5709 illis,
3868 5649 4005 5716 quod
4035 5650 4137 5701 hoc

2565 5755 2669 5793 non
2700 5739 2868 5793 solum
2901 5751 3116 5806 noceat,
3160 5742 3249 5794 sed
3296 5751 3348 5795 et
3382 5754 3619 5793 amarum
3647 5739 3748 5790 sit?
3781 5738 3841 5791 lit
3869 5741 4139 5808 quomodo

2566 5830 2739 5895 aliter,
2786 5846 2941 5898 quam
2986 5846 3049 5885 ex
3100 5832 3210 5900 ipsa
3256 5846 3432 5883 rerum
3481 5830 3700 5881 natura?
3749 5829 4139 5898 Interrogomns

2564 5938 2690 5989 ergo
2723 5938 2814 5977 eos
2838 5965 2851 5989 ,
2883 5924 2925 5977 si
2967 5925 3084 5993 quis
3127 5937 3307 5977 mensa
3338 5932 3637 5989 sumptuosa
3677 5924 3909 5989 apposita
3936 5964 3947 5983 ,
3979 5924 4139 5973 variis

2564 6008 2988 6080 dttlcissimisqne
3030 6011 3184 6079 plena
3213 6006 3435 6073 eduliis,
3480 6007 3741 6062 denuntiet
3773 6006 3994 6059 suminis
4037 6010 4138 6058 ini-
