4392 6700
305 603 412 660 κδ

947 586 1225 645 CONTRA
1269 582 1398 637 EOS
1438 580 1553 648 QUI
1597 568 2230 633 SUBINTROIWCTXS
2271 563 2544 620 ΠᾹΒΕΝΤ
2589 561 2681 615 νιῐ

1197 587 1225 637 λ
1269 582 1398 637 EOS
1438 580 1553 648 QUI
1597 568 2230 633 SUBWTROIWCTAS
2271 563 2544 620 ΙΙᾹΒΕΝΤ
2589 557 2931 615 VIRGINES.

3476 551 3576 606 496

353 770 3579 830 _______________________________________________

1491 987 1927 1082 Γω1ΤοΥ
2005 989 2382 1078 ΑΥΤΟΥ

1024 1300 1196 1356 ΠΡΟΣ
1234 1303 1276 1354 Τ
1281 1303 1414 1355 ΟΥΣ
1462 1295 1784 1352 ΕΧΟΝΤΛΣ
1825 1287 2242 1346 ΠΑΡΘΕΝΟΥΣ
2280 1283 2809 1339 ΣΥΝΕΙΣΑΚΤΟΥΣ
2835 1295 2885 1336 ιι.

382 2018 450 2066 α’.
498 2009 620 2065 Ἐπὶ
645 2009 742 2080 μὲν
763 2006 871 2060 τῶν
895 2007 1168 2078 προγόνων
1187 2009 1294 2063 τῶν
1324 2007 1607 2081 ἡμετέρων
1635 2005 1726 2061 δύο
1752 2007 1893 2070 τινὲς

309 2093 450 2170 ἦσαν
499 2096 799 2166 προφάσεις
846 2096 901 2147 αἱ
949 2091 1047 2156 τάς
1078 2097 1340 2162 γυναῖκας
1380 2091 1892 2162 συγκατοικίζουσαι

312 2187 424 2246 τοῖς
468 2181 722 2251 ἀνδράσι·
762 2177 860 2249 μία
901 2177 999 2248 μὲν
1040 2179 1073 2247 ἠ
1122 2177 1214 2229 τοῦ
1238 2178 1439 2248 γάμου,
1469 2177 1668 2247 ἀρχαία
1699 2193 1759 2228 τε
1798 2174 1893 2227 καὶ

311 2268 492 2323 δικαία
525 2276 619 2317 και
656 2261 897 2330 εὔλογος,
933 2261 1028 2316 ἀτε
1061 2261 1153 2313 τὸν
1179 2262 1308 2314 Θεὸν
1341 2262 1536 2332 ἔχουσα
1559 2259 1854 2331 νομοθέτην
1874 2274 1889 2288 ·

323 2345 472 2400 Ἀντί
493 2346 600 2417 γάρ
625 2347 863 2410 τούτου,
895 2345 1047 2416 φησὶ,
1080 2346 1425 2414 καταλείψει
1455 2344 1764 2411 ἄνθρωπος
1787 2343 1894 2395 τὸν

311 2431 534 2499 πατέρα
562 2429 746 2484 αὑτοῦ
777 2430 874 2483 καὶ
899 2429 1012 2497 τὴν
1037 2428 1280 2497 μητέρα,
1316 2429 1409 2482 καὶ
1439 2428 1893 2495 προσκολληθήο

311 2531 481 2568 σεται
533 2514 684 2581 πρὸς
722 2513 836 2582 τὴν
872 2513 1127 2581 γυναῖκα
1158 2515 1365 2575 αὑτοῦ,
1407 2515 1501 2567 καὶ
1555 2515 1797 2568 ἔσονται
1841 2517 1892 2566 οἱ

305 2599 421 2652 δύο
449 2600 536 2664 είς
565 2597 760 2666 σάρκα
781 2596 959 2666 μίανο
994 2596 1158 2667 ἐτέρα
1199 2597 1256 2649 δὲ
1286 2598 1318 2666 ή
1365 2597 1463 2667 τῆς
1491 2597 1767 2668 πορνείας,
1801 2595 1895 2648 καὶ

309 2681 550 2751 νεωτέρα
579 2680 780 2750 ταύτης
809 2680 901 2732 καὶ
929 2678 1112 2743 ἄδικος
1140 2679 1232 2732 καὶ
1257 2680 1592 2748 παράνομος,
1625 2677 1719 2731 ac:
1745 2676 1896 2750 παρὰ

307 2762 418 2816 τῶν
450 2761 698 2833 πονηρῶν
729 2762 1092 2832 είσενεχθεῖσα
1122 2762 1410 2832 δαιμόνων.
1446 2762 1569 2815 Ἐπὶ
1602 2761 1656 2815 δέ
1686 2762 1785 2831 τῆς
1805 2778 1898 2829 γε⁶

308 2849 436 2908 νεᾶς
458 2847 555 2916 τῆς
579 2845 850 2915 ἡμετέρας
876 2847 970 2899 καὶ
989 2845 1171 2914 τρίτος
1193 2847 1455 2916 ἐπενοήθη
1485 2846 1684 2914 τρόπος
1711 2846 1896 2909 καινός

308 2946 392 2989 τις
421 2929 512 2981 καὶ
534 2927 832 2999 παράδοξος
856 2930 948 2982 καὶ
986 2930 1185 3001 πολλὴν
1213 2929 1351 2998 ἔχων
1383 2931 1480 2998 τὴν
1516 2929 1747 2998 ἀπορίαν
1779 2932 1893 2992 τοῖς

313 3011 652 3082 βουλομένοις
679 3011 777 3081 τὴν
811 3011 988 3064 αἰτίαν
1017 3013 1217 3083 εὑρεῖν.
1254 3013 1371 3064 Εἰσὶ
1413 3013 1520 3082 γάρ
1546 3030 1690 3075 τινες
1714 3012 1764 3064 οἳ
1791 3012 1892 3079 γάο

315 3111 416 3164 μου
459 3093 550 3146 καὶ
599 3093 878 3157 συνουσίας
911 3095 1080 3165 χωρὶς
1118 3095 1286 3164 κόρας
1326 3095 1732 3163 ἀπειρογάμους
1764 3094 1891 3162 ἀγό-

314 3193 484 3245 μενοι,
531 3175 840 3238 καθίζουσιν
891 3177 1027 3228 οἴκοι
1068 3177 1375 3240 διαπαντὸς,
1414 3177 1503 3228 καὶ
1541 3179 1619 3238 εἰς
1665 3175 1892 3244 ἔσχατον

310 3261 486 3330 γῆρας
536 3261 745 3322 ἑαυτοῖς
797 3259 1332 3327 συγκατακλείουσιν,
1381 3258 1502 3312 οὔτε
1555 3260 1647 3311 ἐπὶ
1708 3257 1894 3311 παιδο-

308 3343 460 3414 ποιίᾳ
489 3345 537 3403 δ,
568 3343 629 3394 οὐ
659 3344 766 3413 γάρ
812 3359 976 3410 φασιν
1017 3343 1206 3404 αὑταῖς
1248 3342 1615 3410 συγγίνεσθαι,
1670 3339 1791 3393 ούτε
1837 3339 1896 3405 ἐξ

309 3425 622 3488 ἀκολασίας,
661 3424 879 3492 λέγουσι
918 3425 1024 3497 γάρ
1066 3425 1236 3486 αὑτάς
1265 3424 1552 3495 ἀκεραίους
1583 3423 1891 3494 διατηρεῖν⁹

308 3509 422 3562 ἀλλ’
454 3509 547 3562 ἐάν
596 3526 677 3572 τις
715 3508 906 3580 ἐρηται
943 3507 1041 3578 τὴν
1078 3508 1291 3573 αἰτίαν,
1331 3510 1511 3578 ἔχουσι
1538 3509 1636 3578 μὲν
1669 3507 1890 3572 πολλὰς,

309 3593 404 3645 καὶ
437 3594 890 3665 μεμελετήκασιν,
919 3591 1136 3660 εὔλογον
1168 3592 1245 3656 δὲ,
1273 3592 1350 3655 ὡς
1391 3591 1564 3660 ἔγωγε
1595 3587 1768 3661 οἶμαι,
1798 3593 1890 3644 ού-

307 3675 518 3746 δεμίαν,
546 3679 669 3730 ούδέ
699 3679 924 3749 σεμνήν.
959 3675 1119 3730 Ἀλλά
1153 3677 1316 3746 μήπω
1346 3677 1472 3745 περὶ
1499 3675 1721 3738 τούτων,
1755 3675 1892 3745 μηδέ

311 3757 410 3820 τὰς
446 3759 668 3812 ἐκείνων
704 3761 844 3824 τέως
889 3761 1133 3830 λέγωμεν
1180 3758 1500 3830 προφάσεις,
1540 3758 1652 3812 ἀλλ’
1692 3758 1758 3828 ἢν
1795 3758 1888 3810 αύ-

308 3839 393 3892 τοὶ
446 3840 678 3910 μάλιστα
723 3843 1100 3911 ὑποπτεύομεν
1144 3836 1318 3903 εἶναι,
1352 3839 1554 3911 ταύτην
1595 3843 1675 3904 εἰς
1729 3840 1893 3911 μέσον

309 3923 624 3994 ἀγάγωμεν.
660 3924 756 3987 Τίς
787 3922 880 3979 οὖν
924 3929 1070 3979 ἐστιν
1113 3925 1278 3994 αὓτης
1329 3925 1550 3987 Πάντως
1583 3925 1638 3977 δὲ
1683 3926 1731 3977 εί
1777 3924 1894 3977 δια-

309 4006 574 4076 μάρτοιμι
611 4006 704 4059 τοῦ
739 4009 960 4071 σκοποῦ,
995 4007 1201 4072 ἔξεστιν
1237 4006 1589 4059 ἐπιλαϐέσθαι
1622 4010 1734 4069 τοῖς
1768 4007 1890 4074 βου-

308 4089 554 4158 λομένοις
584 4088 758 4159 ὑμῶν.
792 4091 888 4153 Τίς
920 4088 1012 4144 οῦν
1040 4094 1238 4161 ἐστινὴ
1276 4091 1576 4162 πρόφασις
1604 4093 1761 4143 Δοκεῖ
1803 4091 1892 4160 μοί

309 4189 428 4223 τινα
472 4171 665 4243 ἡδονὴν
707 4172 850 4240 ἔχειν
899 4174 962 4225 τὸ
1015 4177 1284 4227 συνοικεῖν
1329 4173 1592 4242 γυναιξὶν,
1629 4174 1689 4226 οὐ
1745 4174 1894 4244 νόμῳ

307 4254 485 4324 γάμου
520 4255 697 4324 μόνον,
732 4254 867 4307 ἀλλά
901 4257 995 4308 καὶ
1023 4257 1202 4326 γάμου
1246 4258 1338 4309 καὶ
1381 4257 1667 4318 συνουσίας
1703 4257 1890 4327 χωρίς.

310 4337 372 4389 Εἰ
402 4337 458 4389 δὲ
486 4339 586 4390 οὐκ
612 4337 788 4406 ὀρθῶς
814 4337 978 4401 δοκῶ,
1008 4338 1188 4406 λέγειν
1216 4340 1316 4392 ούκ
1350 4339 1488 4409 ἔχω’
1525 4339 1625 4409 τὴν
1658 4338 1768 4408 γάρ
1797 4341 1895 4408 ἐμ-

308 4419 473 4473 αυτοῦ
497 4421 631 4485 τέως
656 4422 784 4491 ὑμῖν
810 4421 1102 4493 διηγοῦμαι
1138 4421 1364 4493 γνώμην
1383 4437 1396 4450 ⁸
1427 4424 1567 4493 τάχα
1605 4424 1663 4476 δέ
1701 4424 1762 4476 ού
1793 4425 1892 4495 τὴν

307 4503 545 4573 ἐμαυτοῦ
583 4504 760 4573 μόνον,
807 4505 942 4559 ἀλλά
989 4505 1083 4559 καὶ
1127 4505 1228 4576 τὴν
1286 4505 1467 4558 αὐτῶν
1509 4507 1767 4560 ἐκείνων
1811 4509 1892 4560 ὃτι

306 4585 418 4656 γὰρ
447 4585 541 4639 καὶ
579 4587 809 4651 ἐκείνοις
836 4587 978 4641 οὕτω
1021 4588 1185 4652 δοκεῖ,
1213 4587 1370 4658 δῆλον
1415 4589 1640 4644 ἐκεῖθεν.
1677 4591 1753 4644 υύ
1785 4591 1893 4663 γάρ

309 4669 378 4723 ἂν
428 4667 698 4740 τοσαύτης
757 4671 1167 4743 κατεφρόνησαν
1237 4672 1394 4743 δόξης
1465 4675 1560 4726 καὶ
1625 4676 1894 4730 τοσούτων

309 4751 640 4814 σκανδάλων,
676 4755 724 4804 εἰ
766 4754 840 4823 μὴ
879 4756 1086 4826 σφοδρά
1125 4773 1210 4819 τις
1240 4752 1309 4827 ἦν
1345 4759 1437 4810 καὶ
1465 4758 1761 4830 τυραννικὴ
1794 4759 1896 4828 τῆς

310 4835 672 4903 συνοικήσεως
713 4836 915 4906 ταύτης
947 4839 980 4907 ή
1009 4839 1195 4908 ἡδονή.
1234 4841 1296 4892 Et
1337 4839 1392 4893 δέ
1425 4858 1569 4904 τινες
1609 4840 1893 4912 δυσχεραί-

310 4935 450 4971 νοιεν
484 4917 652 4970 ταῦτα
690 4918 955 4986 λεγόντων
1004 4919 1186 4990 ήμῶν,
1244 4925 1655 4996 παραιτήσομαι
1705 4941 1892 4992 συγγι-

311 4999 537 5056 νώσκειν
579 5002 740 5070 ἡμῖν,
790 5000 883 5054 καὶ
931 5001 1006 5072 μὴ
1057 5002 1418 5070 ἀγανακτεῖν·
1461 5007 1522 5060 ού
1567 5007 1674 5078 γάρ
1727 5006 1888 5070 ἐκὼν,

310 5085 431 5140 οὐδὲ
464 5083 646 5145 ἁπλῶς
673 5083 772 5153 τὴν
802 5084 1094 5154 ἀπέχθειαν
1125 5086 1482 5153 ἀναδέξασθαι
1523 5091 1721 5160 ταύτην
1750 5089 1889 5142 εἱλό-

318 5186 445 5241 μην.
490 5167 599 5236 Ούχ
646 5165 818 5229 οὕτως
862 5168 1041 5232 ἀθλιος
1095 5168 1204 5237 ἐγὼ
1255 5169 1350 5223 καὶ
1401 5171 1773 5243 ταλαίπωρος,
1815 5173 1890 5237 ὡς

313 5255 436 5324 είκῆ
473 5249 746 5322 βούλεσθαι
780 5252 1138 5321 προσκρούειν
1191 5253 1421 5308 ἅπασιν·
1470 5255 1585 5309 ἀλλ’
1620 5256 1890 5327 ὀδυνῶμαι

316 5337 520 5408 σφόδρα
551 5334 644 5388 καὶ
691 5333 839 5401 ἀλγῶ
874 5337 968 5387 καὶ
1005 5336 1105 5406 τὴν
1155 5336 1248 5389 τοῦ
1299 5336 1434 5390 Θεοῦ
1481 5339 1637 5404 δόξαν
1679 5339 1892 5410 ὑδριζο-

317 5421 488 5493 μένην
529 5418 686 5492 ὀρῶν¹
733 5417 828 5470 καὶ
872 5418 970 5488 τὴν
1025 5419 1130 5473 τῶν
1177 5421 1386 5476 πολλῶν
1433 5423 1704 5494 σωτηρίαν
1750 5426 1891 5480 κατά

315 5505 511 5572 μικρὸν
560 5502 924 5573 ὑπορρέουσαν
975 5501 1064 5556 διὰ
1112 5505 1210 5576 τὴν
1255 5506 1448 5580 ἡδονὴν
1493 5509 1718 5580 ταύτην.
1772 5511 1893 5565 ’Ὀτι

309 5585 421 5651 γάρ
455 5587 552 5655 ήδυ
581 5587 738 5640 τοῦτο
765 5586 859 5639 κα)⁸
895 5583 986 5637 τοῦ
1017 5586 1165 5656 νόμῳ
1194 5590 1374 5660 γάμου
1407 5596 1675 5648 συνοικεῖν
1701 5595 1896 5666 δριμύ-

309 5680 469 5750 τερον
505 5668 616 5737 ἔχει
653 5670 744 5723 τὸν
785 5669 978 5741 ἔρωτα,
1008 5667 1102 5722 νῦν
1136 5671 1233 5738 μὲν
1274 5674 1405 5738 ἴσως
1451 5678 1546 5731 καὶ
1578 5678 1894 5750 θορυϐεῖσθε

310 5744 622 5834 ἀκούοντες,
657 5753 796 5822 μετὰ
826 5753 881 5806 δὲ
915 5751 1010 5824 τὴν
1041 5752 1311 5816 ἀπόδειξιν
1342 5758 1437 5810 καὶ
1475 5744 1896 5834 αὑτοισυνομο-

308 5825 591 5897 λογήσετε.
634 5834 757 5888 Ἐπὶ
790 5839 888 5908 μὲν
925 5838 1032 5910 γάρ
1064 5836 1162 5908 τῆς
1195 5837 1418 5907 ἐννόμου
1448 5845 1706 5910 γυναικὸς
1739 5849 1771 5918 ή
1801 5825 1895 5919 μί-

778 5963 931 6016 habet
971 5970 1018 6041 in
1044 5966 1230 6041 Sil\'“‘.'2
1255 5967 1618 6041 Χρυνονροςτόμου3
1650 5974 1765 6041 πρός
1786 5975 1897 6041 τοὺς

311 6018 503 6088 ἔχοντας
524 6021 721 6092 παρθένο
731 6039 774 6076 δς
796 6031 1147 6089 συνεισάκτους,
1175 6018 1342 6078 More].
1357 6027 1455 6076 Τοῦ
1477 6018 1622 6078 αὖτοῦ
1651 6018 1767 6095 πὲὸξ
1785 6018 1894 6094 τούξ

309 6093 645 6140 συνειλσοικτους
667 6097 877 6140 εχοντας.

373 6139 400 6180 b
428 6137 506 6188 Sic
531 6132 911 6204 Savilfbplinie.
943 6148 1170 6202 Edidoral
1211 6153 1374 6203 Montl'.
1397 6152 1710 6210 παιδοποιίας.
1751 6156 1886 6209 Ευιτ.

1994 2004 2076 2073 ξις
2106 2001 2382 2067 ἀκώλυτος
2409 1997 2562 2068 οὖσα,
2592 2003 2684 2057 τόν
2727 2020 2785 2057 τε
2819 2002 2983 2058 πόθον
3017 2008 3460 2080 παρεμυθήσατο,
3483 2012 3578 2068 καὶ

1991 2089 2070 2150 εἰς
2104 2087 2263 2159 κόρον
2295 2085 2554 2149 πολλάκις
2594 2086 2686 2140 τὸν
2722 2086 2889 2158 ἄνδρα
2931 2088 3130 2160 ἤγαγε,
3177 2090 3273 2146 καὶ
3311 2093 3411 2162 τὴν
3449 2111 3575 2163 σφοο

1991 2168 2124 2237 δρὰν
2149 2169 2444 2223 κατέλυσεν
2473 2169 2790 2238 ἐπιθυμίαν.
2819 2171 2930 2224 Καὶ
2962 2173 3132 2244 χωρὶς
3164 2173 3220 2226 δέ
3257 2173 3463 2228 τούτων
3487 2177 3582 2230 καὶ

1992 2253 2177 2316 ὠδῖνες
2202 2253 2297 2306 καὶ
2328 2253 2476 2306 τόκοι
2520 2252 2616 2306 καὶ
2663 2253 2991 2306 παιδοποιίαι
3039 2256 3134 2308 καὶ
3178 2257 3579 2330 παιδοτροφίαι,

1992 2336 2178 2389 καὶτὰ
2207 2338 2270 2388 ἐκ
2301 2335 2508 2388 τούτων
2537 2335 2778 2406 ἐπόμενα
2805 2337 3002 2407 συνεχῆ
3029 2341 3332 2410 νοσήματα,
3363 2343 3582 2414 πολιορ-

1993 2418 2195 2472 κοῦντα
2227 2413 2376 2489 [229]
2403 2417 2464 2470 τὺ
2500 2417 2660 2488 σῶμα
2691 2419 2786 2472 καὶ
2829 2421 3162 2490 μαραίνοντα
3202 2422 3264 2474 τὸ
3292 2422 3451 2486 ἄνθος
3485 2426 3583 2493 τῆς

1995 2500 2161 2569 ῶρας,
2186 2499 2572 2570 ἀσθενέστερον
2593 2500 2654 2553 τὸ
2679 2501 2902 2571 κέντρον
2926 2502 3220 2572 ἐργάζεται
3239 2505 3338 2574 τῆς
3364 2505 3581 2574 ήδονῆς.

2007 2585 2128 2636 Ἐπὶ
2151 2584 2208 2636 δέ
2237 2583 2336 2653 τῆς
2363 2583 2631 2654 παρθένου
2659 2584 2812 2638 οὐδὲν
2837 2584 3041 2639 τούτων
3071 2585 3150 2639 ἔνι
3167 2601 3181 2615 ·
3205 2586 3328 2639 οὗτε
3356 2588 3464 2657 γάρ
3497 2589 3584 2658 μί-

1999 2665 2079 2730 ξις
2111 2667 2226 2719 ἐστὶ
2269 2667 2359 2718 τὸν
2401 2663 2613 2737 οἶστρον
2645 2667 2748 2737 τῆς
2791 2667 3006 2737 φύσεως
3051 2668 3324 2740 δυναμένη
3356 2671 3584 2740 χαλάσαι

1998 2749 2092 2802 καὶ
2135 2751 2506 2816 κατενεγκεῖν,
2540 2748 2661 2802 οὗτε
2696 2749 2882 2812 ὠδῖνες
2923 2752 3016 2804 καὶ¹
3067 2751 3447 2821 παιδοτροφίαι
3489 2754 3584 2826 τὴν

1999 2832 2178 2902 σάρκα
2231 2830 2622 2901 μαραίνουσιν,
2677 2832 2790 2884 ἀλλ’
2837 2833 3067 2886 ἐπιπολὺ
3114 2833 3432 2900 διασώζουσι
3488 2838 3584 2908 τὴν

1994 2914 2198 2984 ἀκμὴν,
2216 2913 2312 2967 ἆτε
2344 2914 2611 2983 ἀνέπαφοι
2639 2915 3014 2985 μένουσαιτῶν
3036 2916 3303 2971 ἐντεῦθεν.
3325 2919 3444 2972 Τῶν
3485 2921 3584 2991 μὲν

1993 2997 2102 3068 γάρ
2136 2998 2500 3067 γαμουμένων
2545 2999 2683 3067 μετὰ
2715 3000 2842 3061 τοὺς
2872 2999 3067 3062 τόκους
3109 3002 3204 3053 καὶ
3251 3004 3346 3065 τὰς
3397 3006 3584 3057 παιδο-

1990 3079 2219 3150 τροφίας
2248 3078 2611 3150 ἀσθενέστερα
2639 3080 2710 3133 τὰ
2750 3079 2974 3150 σώματα
3011 3082 3251 3149 γίνεται,
3302 3086 3358 3136 αἱ
3393 3085 3450 3138 δὲ
3492 3089 3584 3139 καὶ

1995 3164 2072 3224 εἰς
2103 3162 2538 3232 τεσσαρακοστὸν
2584 3163 2701 3226 ἔτος
2755 3164 3033 3233 μένουσιν,
3072 3165 3447 3236 ἁμιλλώμεναι
3478 3169 3584 3222 τῶν

1997 3243 2280 3315 παρθένων
2321 3248 2441 3306 ταῖς
2478 3244 2982 3315 θαλαμευομέναις·
3017 3245 3138 3300 ὅθεν
3173 3248 3336 3303 διπλᾶ
3379 3251 3444 3304 τὰ
3486 3253 3585 3320 τῆς

1999 3327 2298 3396 ἐπιθυμίας
2320 3326 2590 3397 ἐγείρεται
2633 3331 2746 3390 τοῖς
2791 3328 3128 3382 συνοικοῦσιν
3168 3333 3377 3396 αὐταῖς,
3408 3334 3486 3404 τῷ
3522 3352 3583 3387 τε

2002 3410 2076 3480 μὴ
2106 3411 2502 3480 συγχωρεῖσθαι
2535 3413 2599 3480 τῇ
2636 3410 2778 3480 μίξει
2809 3410 2899 3464 τὸν
2931 3411 3094 3466 πόθον
3121 3416 3581 3484 παραμυθεῖσθαι,

1996 3496 2089 3547 καὶ
2120 3493 2199 3564 τῷ
2227 3494 2408 3564 μένειν
2441 3483 2670 3546 ἐπιπολὺ
2702 3493 2794 3546 τοῦ
2827 3494 2994 3548 πόθου
3027 3495 3126 3567 τὴν
3159 3483 3412 3552 ὑπόθεσιν
3443 3503 3586 3571 ισχυ-

1997 3578 2245 3647 ροτέραν.
2277 3576 2492 3645 Ταύτην
2531 3578 2820 3630 ὑποπτεύω
2862 3579 3130 3649 πρόφασιν
3156 3577 3295 3636 εἶναι
3332 3583 3442 3650 ἐγὼ
3487 3585 3585 3654 τῆς

1993 3660 2325 3730 ὁμοσκηνίας
2349 3659 2571 3728 ταύτης.
2603 3661 2762 3714 Ἀλλά
2797 3660 2870 3732 μὴ
2897 3663 3294 3735 ἀγανακτῶμεν
3323 3666 3458 3736 πρὸς
3486 3669 3585 3720 αὐ-

1993 3743 2144 3807 τοὺς,
2183 3743 2317 3812 μηδέ
2340 3742 2782 3813 δυσχεραίνωμεν
2801 3759 2816 3774 ⁸
2849 3744 3022 3808 οὐδεὶς
3059 3747 3169 3817 γὰρ
3194 3748 3284 3802 τὸν
3311 3749 3586 3819 κάμνοντα

1994 3825 2298 3893 ἀναστῆσαι
2351 3823 2672 3894 βουλόμενος
2725 3825 2841 3894 μετ’
2889 3826 3057 3896 ὀργῆς
3101 3830 3195 3882 καὶ
3247 3831 3584 3901 ἐπιπλήξεως

1991 3906 2148 3959 τοῦτο
2185 3910 2355 3967 ποιεῖ.
2387 3907 2522 3961 ἀλλά
2554 3908 2692 3978 μετά
2725 3908 3020 3979 θεραπείας
3052 3913 3144 3965 καὶ
3189 3915 3583 3984 παρακλήσεως

1993 3989 2260 4059 προσάγει
2311 3991 2378 4042 τὰ
2437 3991 2722 4060 φάρμακα.
2788 3992 2897 4044 Καὶ
2948 3993 3056 4062 γάρ
3109 3995 3159 4046 εί
3211 3995 3312 4064 μὲν
3357 3996 3580 4050 κολάσαι

1993 4071 2304 4143 προύκειτο,
2337 4074 2432 4125 καὶ
2465 4074 2564 4142 τὴν
2609 4073 2718 4126 τῶν
2760 4073 3087 4136 δικαζόντων
3133 4075 3349 4147 εἴχομεν
3406 4079 3578 4143 τάξιν,

1996 4154 2164 4226 ἐχρῆν
2188 4156 2283 4208 καὶ
2306 4155 2661 4223 ἀγανακτεῖν·
2687 4157 2735 4208 εί
2769 4156 2826 4209 δέ
2853 4156 3068 4226 ἐκείνην
3094 4157 3322 4227 ἀφέντες
3346 4160 3445 4231 τὴν
3473 4161 3579 4215 τῶν

2000 4237 2200 4307 ἰατρῶν
2245 4239 2340 4290 καὶ
2389 4237 2724 4309 θεραπεῦσαι
2783 4238 3121 4309 βουλομένων
3171 4241 3578 4311 μεταλαμὸάνο-

1999 4336 2118 4389 μεν,
2160 4320 2494 4392 παρακαλεῖν
2539 4322 2644 4391 χρὴ
2692 4322 2785 4373 καὶ
2835 4321 3086 4384 δέεσθαι,
3136 4324 3230 4376 καὶ
3279 4325 3478 4389 αὐτῶν,
3527 4328 3576 4378 εί

1993 4401 2122 4463 δέοι.
2156 4401 2265 4454 τῶν
2291 4403 2528 4470 γονάτων
2557 4404 2844 4462 ἅπτεσθαι.
2878 4403 3017 4458 ὥστε
3052 4404 3302 4472 γενέσθαι
3326 4407 3386 4459 τὸ
3413 4425 3578 4461 σπου-

1993 4483 2308 4554 δαζόμενον.
2352 4485 2614 4556 Καθάπερ
2645 4480 2738 4538 οὖν
2778 4488 2827 4538 οἱ
2867 4487 3042 4557 ἰατροὶ
3083 4486 3193 4541 τῶν
3233 4489 3575 4559 βλαπτόντων

1995 4568 2120 4638 μὲν,
2147 4569 2339 4639 ἡδονὴν
2363 4569 2418 4621 δὲ
2461 4570 2689 4638 ἐχόντων
2736 4569 3062 4638 ἀπάγοντες,
3093 4571 3204 4624 εἴτε
3234 4574 3438 4641 σιτίων,
3466 4576 3575 4651 εἶξε

1997 4653 2176 4705 ποτῶν
2199 4693 2216 4717 ,
2268 4652 2424 4705 τοῦτο
2451 4653 2554 4724 πρὸ
2589 4652 2695 4705 τῶν
2726 4652 2902 4706 ἄλλων
2942 4655 3188 4709 πείθουσι
3233 4659 3358 4721 τοὺς
3390 4659 3573 4731 ἀρρώ-

1998 4751 2173 4799 στους,
2199 4735 2279 4788 ὅτι
2313 4733 2370 4787 τὸ
2402 4735 2637 4788 τοιοῦτον
2673 4734 2812 4806 μετὰ
2849 4736 2947 4805 τῆς
2986 4736 3189 4807 βλάϐης
3236 4739 3433 4811 πολλὴν
3463 4742 3574 4811 ἔχει

1995 4817 2087 4870 καὶ
2112 4817 2210 4884 τὴν
2233 4816 2423 4886 ἀηδίαν
2443 4833 2454 4844 ·
2488 4815 2630 4870 οῦτω
2660 4819 2753 4871 καὶ
2784 4821 2944 4889 ἡμεῖς
2976 4818 3240 4890 ποιῶμεν,
3271 4820 3574 4888 δεικνύντες

1994 4900 2198 4963 αὐτοῖς,
2223 4899 2304 4952 ὅτι
2340 4900 2372 4969 ἡ
2407 4899 2596 4970 ἡδίστη
2629 4900 2766 4972 αῦτη
2801 4902 3112 4972 συνοίκησις
3141 4903 3306 4957 πολὺν
3339 4906 3450 4976 ἔχει
3481 4908 3572 4961 τὸν

1991 4981 2246 5052 ὄλεθρον,
2292 4983 2384 5035 καὶ
2431 4983 2542 5034 τῶν
2589 4983 2931 5057 δηλητηρίων
2974 4987 3123 5040 οὐδὲν
3163 4987 3382 5059 ἄμεινον
3435 5008 3574 5062 φαρ-

1995 5066 2182 5135 μάκων
2206 5067 2657 5123 κατεσκεύασται.
2678 5071 2789 5123 Καὶ
2812 5071 2958 5124 δοκεῖ
2979 5072 3075 5141 μὲν
3098 5073 3430 5144 εὐφροσύνην
3451 5075 3573 5128 τινὰ

1993 5147 2158 5217 ἔχειν,
2190 5149 2391 5220 πολλὴν
2438 5151 2494 5203 δέ
2547 5154 3106 5224 ἐναποκεκρυμμένην
3147 5155 3450 5226 δριμύτητα
3478 5159 3573 5212 καὶ

1995 5232 2222 5302 πικρίαν
2274 5235 2534 5305 καταχέει
2586 5239 2686 5308 τῆς
2730 5238 2994 5308 ήδομένης
3043 5237 3251 5307 ψυχῆς*
3305 5241 3428 5293 ἐπεὶ
3479 5245 3572 5296 καὶ

1993 5317 2194 5389 αὑτὴή
2231 5318 2370 5388 μετὰ
2406 5321 2628 5386 πειθοῦς
2674 5321 3017 5392 ἀναχώρησις
3063 5322 3327 5395 ἀσφαλής.
3370 5325 3430 5378 Ὀ
3475 5328 3572 5395 μὲν

1995 5401 2106 5473 γάρ
2137 5401 2289 5471 φόϐῳ
2320 5403 2420 5472 τῆς
2444 5405 2773 5475 φιλουμένης
2793 5405 3246 5476 διαζευγνύμενος
3273 5409 3368 5462 καὶ
3402 5410 3571 5479 ἀνάγ-

1997 5501 2089 5558 κῃ,
2137 5484 2484 5555 σφοδρότερός
2533 5504 2593 5540 τε
2621 5489 2857 5559 ἐραστὴς
2888 5487 3116 5557 γίνεται,
3162 5490 3259 5543 καὶ
3303 5491 3430 5556 ἴσως
3480 5495 3574 5546 καὶ

1996 5568 2252 5638 ἐπανήξει
2285 5569 2445 5621 πάλιν
2465 5586 2478 5599 ·
2520 5572 2548 5622 ὁ
2573 5571 2627 5624 δὲ
2656 5571 2750 5624 τοῦ
2780 5573 3103 5644 πράγματος
3131 5576 3451 5643 καταγνοὺς,
3480 5579 3572 5630 καὶ

1995 5651 2137 5704 οὓτω
2170 5650 2355 5720 φυγὼν
2389 5652 2465 5717 ώς
2495 5655 2790 5720 ἐπιϐλαϐἐς
2837 5659 2933 5712 καὶ
2966 5657 3184 5730 πικρὸν,
3215 5659 3322 5712 οὐδ’
3352 5660 3417 5713 ἂν
3448 5661 3572 5714 ἐπι-

1997 5734 2274 5806 στρέψειεν
2307 5732 2482 5804 αὖθις,
2514 5740 2614 5810 τὴν
2647 5742 2711 5795 ἐκ
2747 5743 2849 5813 τῆς
2887 5743 3092 5807 οἰκείας
3128 5742 3350 5814 γνώμης
3394 5744 3572 5812 ψῆφον

1994 5819 2176 5888 πάσης
2209 5819 2458 5892 ἀνάγκης
2494 5823 2631 5893 ἔχων
2667 5827 3042 5898 ἰσχυροτέραν.
3081 5827 3204 5890 Πῶς
3231 5822 3323 5879 οὖν
3377 5829 3574 5892 αὐτοὺς

1995 5901 2275 5971 πείσομεν,
2329 5904 2412 5956 ὅτι
2456 5907 2517 5958 οὐ
2567 5907 2832 5979 βλαϐερὸν
2863 5909 3022 5963 τοῐτο
3076 5911 3253 5980 μόνον,
3303 5910 3438 5965 ἀλλά
3479 5912 3574 5964 καὶ

1995 5984 2217 6053 πικρόν;
2244 5985 2367 6050 Πῶς
2394 5987 2448 6039 δὲ
2489 5988 2666 6053 ἄλλως
2704 5991 2736 6062 ἢ
2768 5989 2826 6054 ἐξ
2855 5992 3026 6061 αὐτῆς
3049 5993 3146 6064 τῆς
3170 5994 3279 6046 τῶν
3315 5996 3577 6065 πραγμά-

1991 6068 2374 6148 των-φύσεωςς
2421 6071 2707 6142 Ἐρώμεθα
2737 6069 2828 6126 οὖν
2861 6073 3078 6138 αὐτοὺς,
3110 6077 3162 6130 εἴ
3197 6094 3279 6141 τις
3309 6077 3574 6148 πολυτελῆ

1989 6141 2269 6225 τράπεζαν
2322 6141 2608 6226 παραθεὶς,
2647 6155 2859 6210 πολλῶν
2889 6158 2983 6213 καὶ
3029 6158 3260 6229 ἡδίστων
3297 6141 3573 6231 γέμουσαν
