4490 6726
346 503 452 558 ιω

343 617 461 682 nis,
495 631 559 671 ne
600 614 722 685 quid
763 613 1149 684 propositorum
1190 605 1557 672 contingatur:
1587 620 1707 657 num
1749 605 1904 659 vellet

343 709 534 776 aliquis
561 709 625 760 ad
649 707 805 760 talem
835 717 1069 759 mensam
1101 695 1375 749 considere
1396 737 1411 760 ,
1451 703 1502 747 et
1523 697 1751 766 seipsum
1779 711 1902 749 crn-

343 799 522 852 t-iare?
553 799 663 867 Ego
697 799 875 864 utique
914 809 1016 845 non
1048 789 1263 856 opinor;
1296 802 1462 856 neque
1500 789 1636 842 enim
1670 798 1809 842 tanta
1838 803 1900 840 ex

341 900 556 956 aspectu
589 888 850 952 voluptate
889 883 1149 933 frueretur
1171 890 1416 946 quantam
1444 880 1702 932 tristitiam
1731 893 1795 931 ex
1820 877 1902 928 in-

344 983 562 1033 ti-rdicto
587 980 907 1044 conciperet.
955 969 1090 1036 Quid
1128 983 1331 1036 autem,
1377 971 1420 1025 si
1450 973 1566 1041 quis
1607 969 1802 1023 sitienti
1849 977 1902 1018 et

341 1073 529 1125 adusto
557 1086 662 1139 pra:
683 1068 767 1120 siti
791 1066 982 1117 fontem
1006 1063 1272 1132 limpidum
1295 1075 1346 1120 et
1369 1081 1550 1132 purum
1574 1063 1903 1116 demonstra-

341 1172 452 1215 tnm
489 1179 592 1214 non
620 1159 789 1212 solum
820 1171 922 1210 non
949 1155 1224 1225 degustare
1243 1200 1257 1222 ,
1287 1157 1378 1210 sed
1407 1172 1472 1209 ne
1508 1151 1757 1208 extremis
1781 1148 1902 1216 qui-

339 1256 459 1306 dem
485 1251 663 1319 digitis
695 1248 998 1319 contingere
1037 1251 1389 1319 permitteret,
1421 1263 1487 1299 an
1522 1243 1646 1314 quid
1672 1257 1737 1295 eo
1775 1253 1897 1291 cru-

338 1345 476 1395 ciatu
505 1339 784 1394 acerbius?

409 1434 462 1487 2.
490 1431 844 1488 Tantaltts.—
869 1434 1048 1504 Neque
1091 1435 1209 1498 hic,
1253 1433 1468 1500 Opinor,
1519 1426 1643 1480 mihi
1686 1430 1900 1477 contra-

337 1522 530 1576 dixerit
558 1525 710 1577 ullus.
751 1524 974 1578 Tantum
1000 1525 1138 1578 enim
1173 1523 1270 1576 hoc
1296 1520 1490 1574 malum
1518 1525 1633 1577 est,
1668 1522 1720 1565 ιιι
1742 1513 1896 1564 etiam

341 1615 570 1682 profani,
602 1616 688 1686 qui
716 1617 996 1684 plurimum
1034 1617 1208 1669 valent
1238 1615 1287 1665 in
1328 1619 1524 1664 natura:
1556 1605 1822 1671 voluptate
1848 1613 1901 1654 et

341 1708 545 1762 tristitia
575 1709 911 1776 expendenda
932 1750 943 1770 ,
974 1709 1208 1760 volentes
1248 1705 1497 1770 effingere
1531 1697 1784 1767 quosdam
1811 1696 1896 1764 qui

339 1800 488 1855 valde
511 1802 826 1865 cruciantur,
857 1801 1008 1853 talem
1034 1797 1312 1869 quamdam
1338 1793 1562 1847 fabulam
1591 1790 1641 1842 in
1669 1788 1896 1843 medium

341 1890 625 1958 proferant.
655 1891 1002 1944 lntroducitur
1023 1891 1073 1942 in
1099 1886 1265 1940 fabula
1287 1885 1496 1953 quidam
1517 1889 1755 1934 extremo
1777 1895 1899 1948 sup—

341 1980 828 2048 plicioaflicieudns,
844 1982 927 2032 cui
945 1977 1236 2031 ostenditur
1249 1973 1482 2027 onminm
1499 1972 1734 2026 ciborqu
1747 1972 1895 2038 copia

337 2079 390 2121 et
413 2069 767 2137 praiterfluens
783 2085 937 2136 aqua,
965 2083 1060 2120 nec
1082 2063 1388 2118 conceditur
1405 2069 1460 2113 ut
1482 2061 1656 2128 aliquo
1675 2061 1892 2114 istorum

338 2160 538 2212 fruatur
562 2177 573 2210 :
606 2170 656 2212 et
681 2176 798 2212 cum
823 2158 1058 2212 extendit
1086 2157 1174 2210 ille
1199 2169 1408 2208 manum
1427 2193 1440 2216 ,
1470 2153 1644 2206 omnia
1672 2167 1790 2222 qum
1820 2154 1894 2204 vi-

337 2250 525 2302 dentur
551 2267 576 2299 a
608 2259 744 2302 tactu
775 2250 998 2317 fugiunt,
1028 2252 1186 2316 fitque
1215 2247 1314 2299 hoc
1339 2260 1567 2315 semper.
1595 2245 1659 2298 Et
1685 2247 1796 2298 hare
1815 2253 1897 2297 est

334 2340 670 2418 profanormu
697 2340 765 2395 de
794 2340 885 2396 illo
926 2338 1165 2408 supplicii
1195 2352 1389 2407 genere
1428 2335 1617 2391 fabula.
1651 2336 1893 2390 Philoso-

335 2438 553 2506 phorum
577 2452 703 2490 vero
722 2434 933 2505 quidam
965 2430 1301 2500 (XenOphou,
1327 2419 1626 2495 Ᾰπομνημον.
1658 2431 1708 2482 1.
1737 2429 1789 2482 3.
1814 2425 1892 2496 9),

330 2543 448 2580 cum
496 2526 707 2580 vidLsset
754 2524 1016 2578 sodalium
1064 2519 1342 2590 quemdam
1386 2521 1620 2573 osculum
1664 2518 1896 2572 formoso

335 2630 498 2684 puero
525 2615 682 2678 dare,
723 2610 1139 2667 admirabuntlus
1168 2609 1333 2662 dixit:
1363 2607 1455 2662 llic
1483 2608 1672 2677 opinor
1715 2607 1898 2676 przeci-

334 2709 491 2774 pitem
522 2705 668 2759 facile
710 2719 766 2757 se
797 2704 848 2757 iu
892 2704 1062 2771 ignem
1095 2700 1331 2768 injiceret
1351 2742 1366 2764 ,
1397 2699 1486 2769 qui
1525 2709 1724 2751 tantum
1756 2698 1806 2750 in
1838 2711 1896 2750 se

334 2803 600 2850 lornacem
625 2796 803 2849 osculo
831 2803 911 2848 est
936 2808 1093 2846 ausus
1121 2789 1429 2844 accendere.
1457 2790 1565 2858 Ego
1585 2799 1760 2840 autem
1791 2802 1896 2840 non

332 2888 468 2942 idem
526 2887 780 2951 dixerim,
847 2885 985 2954 quod
1047 2898 1238 2951 nempe
1308 2880 1712 2936 contubernales
1775 2891 1898 2931 suos

331 2980 632 3032 osculeutur
657 2987 710 3031 et
736 2983 1081 3030 coutreeteut.
1111 2975 1181 3028 At
1208 2973 1252 3026 si
1280 2972 1369 3041 qui
1400 2979 1525 3024 sunt
1550 2970 1638 3038 qui
1670 2969 1785 3022 hzec
1810 2983 1900 3022 ca-

334 3069 669 3128 lunmieutur,
697 3067 1058 3120 demonstrare
1089 3062 1301 3116 tentabo
1329 3062 1467 3130 quod
1488 3101 1503 3126 ,
1532 3061 1577 3114 si
1613 3060 1702 3114 illo
1733 3075 1897 3130 usque

333 3161 656 3226 perveniant,
685 3157 868 3209 durius
897 3155 995 3208 sibi
1022 3169 1178 3222 quam
1203 3153 1347 3221 prius
1370 3152 1685 3222 supplicium
1712 3166 1896 3205 accer-

332 3260 470 3306 sant.
504 3250 630 3302 Nam
660 3250 705 3300 si
741 3257 986 3314 aspectus
1025 3245 1170 3298 solus
1212 3253 1410 3296 tantum
1443 3241 1597 3296 infert
1620 3242 1858 3297 dolorem
1879 3283 1895 3307 ,

333 3341 542 3408 quando
569 3347 840 3392 contactus
862 3336 1084 3401 accedit,
1117 3347 1174 3389 ut
1197 3345 1278 3389 est
1305 3337 1543 3404 voluptas
1569 3336 1730 3388 multo
1753 3349 1898 3389 cras-

334 3448 442 3484 sior
471 3447 625 3498 qnam
667 3439 942 3497 aspectus,
987 3429 1054 3480 ita
1100 3427 1354 3495 majorem
1397 3431 1552 3480 struit
1594 3425 1890 3489 flammam,

333 3523 656 3576 acerbiorem
686 3520 845 3573 efficit
869 3519 1136 3581 dolorem,
1169 3527 1222 3572 et
1247 3515 1608 3569 vehementius
1633 3515 1797 3569 feram
1828 3515 1892 3569 il-

335 3616 437 3668 lam
467 3622 760 3681 exasperat.
803 3612 1008 3677 Quanto
1047 3609 1187 3662 enim
1233 3608 1398 3676 magis
1441 3608 1894 3676 concupiscentias

334 3719 601 3774 augemus,
631 3713 684 3756 et
705 3703 923 3771 plurima
950 3701 1027 3754 eis
1049 3698 1279 3752 fomenta
1306 3698 1720 3766 suppeditanius,
1751 3709 1894 3751 tanto

335 3809 388 3849 et
415 3797 624 3848 dolores
650 3795 813 3846 nostri
857 3793 1021 3859 magis
1057 3789 1416 3843 intenduntur.
1447 3788 1507 3841 Et
1547 3790 1894 3857 quemadmo-

335 3889 458 3939 dntn
487 3886 574 3954 qui
603 3898 794 3937 mensa:
822 3892 875 3936 et
899 3881 1028 3935 fonti
1065 3880 1281 3945 assidet,
1311 3895 1414 3932 non
1444 3882 1519 3933 sic
1551 3879 1771 3933 videndo
1801 3880 1896 3932 do-

336 3980 437 4038 let,
466 3987 523 4029 ut
549 3977 632 4030 cui
677 3974 986 4044 permissum
1018 3983 1099 4027 est
1130 3987 1284 4025 manu
1311 3973 1566 4038 attingere
1586 4012 1598 4033 ,
1631 3981 1682 4024 et
1721 3981 1893 4024 tamen

337 4083 402 4120 ne
420 4068 658 4136 degustet
676 4065 1008 4134 prohibetur:
1031 4065 1107 4118 sic
1129 4064 1305 4132 utique
1325 4064 1412 4132 qui
1435 4063 1499 4114 ad
1521 4062 1892 4115 contrectanda

336 4159 593 4227 virginum
635 4174 857 4225 corpora
899 4157 1270 4220 admittuntur,
1311 4156 1604 4224 graviorem
1652 4156 1898 4209 hauriunt

334 4252 618 4304 cruciatum
649 4267 712 4304 ex
742 4260 881 4303 tactu
911 4265 1065 4318 quam
1107 4265 1171 4302 ex
1214 4258 1464 4318 aspectu,
1501 4248 1626 4300 dum
1656 4246 1898 4301 acerbius

337 4344 411 4396 rei
457 4353 608 4396 tat-ta:
655 4342 949 4411 privatione
996 4351 1320 4410 torquentur.
1374 4339 1438 4392 Et
1475 4339 1597 4407 quid
1641 4353 1774 4407 opus
1817 4347 1902 4392 est

338 4436 692 4502 philosOphari
730 4451 792 4488 ex
825 4436 982 4488 rebus
1019 4434 1288 4487 externis?
1321 4434 1409 4486 Dei
1440 4436 1579 4486 enim
1607 4432 1893 4494 sententia,

339 4526 420 4578 his
447 4526 690 4577 omnibus
725 4527 1008 4592 potentior,
1053 4527 1160 4593 ipsa
1193 4525 1343 4578 nobis
1379 4523 1609 4576 ostendit
1646 4538 1756 4576 rem
1798 4523 1897 4576 ista

336 4632 456 4669 sese
481 4616 693 4669 habere.
721 4615 850 4668 Nam
888 4631 1007 4668 cum
1037 4617 1195 4670 vellet
1225 4618 1408 4684 punire
1436 4615 1600 4667 Adam
1633 4613 1785 4682 (Gen.
1816 4612 1894 4680 3),

339 4724 442 4760 non
473 4707 649 4775 procul
673 4722 701 4758 a
731 4706 972 4774 paradiso
993 4707 1162 4775 ipsum
1190 4707 1425 4760 habitare
1451 4706 1592 4769 fecit,
1620 4704 1711 4758 sed
1736 4719 1897 4772 prope

340 4799 660 4866 paradisum,
688 4807 742 4850 ut
763 4797 1061 4850 continuam
1086 4812 1290 4865 ptenani
1315 4798 1532 4850 haberet
1552 4812 1579 4848 e
1600 4795 1898 4862 spectaculo

336 4893 434 4945 loci
462 4906 614 4957 quem
641 4889 1004 4950 desiderabat,
1035 4896 1088 4940 et
1117 4903 1211 4950 eo,
1253 4890 1490 4957 quamvis
1517 4902 1723 4952 semper
1749 4885 1895 4936 illum

336 4993 459 5035 aute
487 4997 544 5034 se
574 4980 804 5041 videret,
852 4978 950 5031 frui
999 4994 1101 5030 non
1149 4980 1558 5046 permitteretur.
1601 4977 1717 5031 .lam
1765 4976 1897 5028 forte

335 5073 526 5141 aliquis
552 5070 760 5132 dixerit,
790 5069 855 5121 Et
881 5067 1163 5135 quonmdo,
1199 5069 1239 5120 si
1273 5069 1371 5121 hoc
1401 5080 1584 5121 natura
1615 5079 1718 5120 tant
1749 5082 1895 5118 ama-

338 5179 487 5223 rum,
535 5163 766 5231 plerique
810 5169 953 5212 tanto
995 5159 1167 5209 studio
1196 5160 1500 5211 sectantur?
1537 5157 1616 5211 Ad
1663 5159 1761 5210 hoc
1799 5172 1897 5224 ego

335 5253 590 5316 dixerim,
636 5253 771 5307 istud
817 5253 984 5319 ipsum
1031 5260 1281 5302 extremze
1323 5249 1529 5301 illorum
1575 5247 1896 5318 aegritudinis

338 5348 621 5398 maximum
648 5363 765 5400 esse
792 5354 1172 5413 argutneutmu.
1203 5340 1332 5393 Nam
1363 5342 1446 5394 hic
1483 5357 1598 5394 mos
1624 5352 1703 5396 est
1731 5355 1898 5409 (νει-ο-

338 5436 554 5486 tantium
577 5475 593 5499 ,
627 5445 681 5488 ut
709 5447 947 5506 quaerant
994 5434 1232 5503 frigidam
1263 5433 1541 5501 quamdam
1565 5485 1577 5499 ,
1621 5433 1898 5500 breviSque

339 5527 591 5595 temporis
617 5530 955 5597 voluptatem,
983 5528 1117 5580 unde
1141 5525 1474 5594 prolixiorem
1499 5525 1595 5577 sibi
1619 5525 1898 5578 conciliant

341 5635 569 5686 pwnam.
602 5617 709 5671 Hoc
735 5631 788 5672 et
819 5623 867 5674 in
901 5619 1314 5676 febricitantibus
1346 5619 1517 5671 videre
1548 5621 1660 5686 quis
1690 5630 1895 5688 potest,

339 5713 562 5781 quicum
581 5710 847 5781 paulisper
863 5717 1125 5769 abstinere
1149 5715 1370 5767 nolunta
1392 5711 1769 5764 refocillatioue
1789 5729 1900 5762 ιιιο-

340 5813 615 5857 meutanea
646 5805 926 5856 vetitorum
965 5808 1044 5859 vel
1075 5807 1459 5859 esculentorum
1486 5802 1565 5853 vel
1594 5802 1897 5870 poculi-ato.

337 5913 474 5962 rum,
506 5896 718 5966 longum
742 5897 1019 5965 quemdam
1052 5909 1104 5951 et
1131 5899 1494 5953 difficillimum
1523 5895 1771 5950 invehunt
1793 5898 1892 5951 sibi

625 5996 896 6056 ΡΑτιιοι..
942 5999 1048 6059 Gn.
1101 6001 1351 6063 XLVII.

1010 496 1280 554 CONTRA
1321 491 1448 547 EOS
1485 489 1599 557 QUI
1640 488 1835 546 SUBlN
1851 489 2253 546 TRODUCTAS
2292 489 2564 544 HABENT
2604 491 2926 550 VIRGINES

3479 504 3578 558 ‘98

2019 602 2282 656 tnorbum.
2315 601 2532 667 Oportet
2572 617 2743 658 autem
2777 618 2833 659 ut
2875 607 2907 659 ii
2937 609 3022 676 qui
3054 609 3185 662 bene
3217 614 3422 679 valent,
3478 633 3576 670 anu

2012 711 2192 748 eorum
2225 693 2312 761 qui
2361 694 2492 746 male
2532 694 2726 750 habent
2770 699 3084 752 sententiam
3113 714 3415 770 sequantur.
3443 707 3576 761 Nam

2013 785 2056 838 si
2086 785 2203 838 illos
2228 784 2516 852 sequimur,
2563 799 2614 840 et
2637 803 2664 839 a
2698 788 2901 842 medica
2942 799 3054 843 arte
3091 801 3144 844 et
3181 808 3208 844 a
3242 793 3566 866 philomphia

2011 873 2498 928 rondemnabimur.
2526 876 2708 945 Neque
2727 877 2868 930 enim
2891 883 3266 948 mgrotantihus
3287 885 3384 938 hoc
3405 887 3572 939 solum

2014 963 2063 1014 in
2097 961 2227 1016 febri
2253 965 2541 1035 contingit,
2586 968 2666 1019 vel
2697 968 2747 1019 in
2779 969 3054 1022 mulierum
3082 985 3284 1036 amore,
3313 973 3408 1027 sed
3438 982 3491 1026 et
3523 979 3571 1028 in

2009 1053 2207 1107 divitiis
2234 1065 2287 1108 et
2328 1056 2376 1108 in
2417 1059 2660 1111 omnibus
2684 1059 2821 1110 aliis.
2857 1060 3061 1115 Etenim
3099 1063 3188 1131 qui
3230 1063 3281 1115 in
3327 1067 3575 1132 pecunias

2013 1144 2304 1213 insaniunt,
2351 1147 2470 1202 licet
2499 1150 2666 1202 sciant
2695 1150 2832 1218 quod
2866 1151 2898 1204 ii
2940 1153 3027 1221 qui
3058 1168 3214 1222 parva
3246 1154 3357 1208 ha'c
3385 1157 3574 1220 indigis

2011 1233 2396 1302 impartinntnr,
2432 1239 2630 1292 infinita
2659 1240 2767 1293 illic
2797 1240 2931 1294 bona
2966 1242 3194 1310 capiant,
3233 1246 3469 1302 detinent
3495 1258 3573 1300 ta-

2011 1340 2126 1377 men
2153 1341 2214 1380 ea
2240 1337 2293 1381 et
2313 1329 2622 1392 defodiunt,
2652 1340 2708 1384 et
2735 1329 2886 1384 bonis
2915 1332 3160 1387 omnibus
3183 1337 3425 1392 excidere
3454 1355 3570 1391 ma-

2011 1415 2155 1476 lnut,
2206 1418 2274 1470 ob
2323 1418 2560 1486 frigidam
2611 1421 2934 1492 brevemque
2981 1423 3118 1479 hanc
3160 1426 3568 1496 volnptatulam,

2007 1522 2162 1574 quam
2206 1519 2396 1563 :eterna
2443 1527 2594 1578 paena
2643 1513 2889 1578 liberari,
2937 1526 2990 1569 et
3032 1515 3380 1573 immortalem
3407 1521 3568 1575 vitam

2007 1595 2224 1661 adipisci
2257 1599 2372 1651 illas
2400 1603 2463 1652 ad
2511 1603 2665 1656 breve
2706 1613 2912 1672 tempus
2938 1607 3294 1675 despicienda.
3329 1610 3440 1666 Hoc
3469 1615 3570 1666 uti-

2005 1702 2107 1753 que
2135 1696 2187 1738 et
2231 1689 2329 1739 illis
2355 1692 2639 1758 contingit,
2671 1693 2794 1746 dum
2823 1709 2852 1748 a
2880 1711 3039 1762 parva
3079 1702 3350 1754 oculorum
3376 1717 3570 1758 concu-

2005 1779 2257 1847 piscentia
2289 1780 2492 1848 seipsos
2519 1783 2897 1854 aliquantisper
2921 1789 3190 1842 continere
3220 1791 3460 1848 nolentes
3489 1796 3568 1848 in-

2005 1869 2327 1923 tolerabilem
2357 1871 2452 1924 sibi
2482 1871 2650 1939 ignem
2672 1874 2922 1941 colligunt
2945 1892 2961 1928 :
2989 1886 3042 1930 et
3068 1889 3264 1946 quanto
3290 1881 3488 1936 scilicet
3512 1901 3569 1937 se

2003 1962 2165 2029 magis
2189 1961 2442 2015 oblectari
2466 1973 2667 2030 putant,
2701 1974 2846 2018 tanto
2865 1967 3032 2035 magis
3056 1967 3195 2021 malo
3216 1969 3567 2038 implicantur,

2001 2052 2210 2105 diabolo
2239 2055 2348 2106 suis
2376 2056 2576 2110 artibus
2607 2057 2705 2110 hoc
2741 2069 2960 2113 curante
2987 2059 3054 2112 ad
3093 2061 3472 2118 incrementum
3516 2077 3570 2119 et

2003 2147 2447 2212 perseverantiam
2480 2148 2737 2214 incendii,
2785 2159 2841 2201 ut
2885 2149 3135 2206 ardentes
3157 2163 3211 2207 et
3242 2153 3570 2209 delectentur

2001 2245 2056 2288 et
2081 2235 2322 2299 doleant,
2369 2238 2651 2292 abSnrdum
2697 2239 2962 2308 quoddam
3003 2251 3469 2311 temperamentum
3516 2249 3568 2300 in

2001 2326 2278 2380 animabus
2303 2327 2411 2380 suis
2436 2326 2748 2383 efficientes.

2072 2417 2124 2471 5.
2170 2416 2286 2470 Jam
2323 2433 2452 2472 vero
2499 2420 2542 2472 si
2588 2421 2707 2489 quis
2750 2436 2849 2476 nos
2893 2422 3312 2493 intemperantia:
3351 2427 3420 2482 ob
3459 2425 3572 2483 haec

2004 2507 2166 2560 verba
2193 2508 2510 2564 condemnet
2535 2509 2802 2580 (strenuos
2825 2513 2965 2566 enim
2997 2514 3139 2568 viros
3167 2525 3360 2571 etcum
3385 2520 3568 2573 mulie-

2004 2598 2149 2652 ribus
2171 2599 2486 2662 habitantes,
2508 2601 2636 2655 nihil
2653 2617 2813 2673 grave
2835 2603 2983 2674 pati),
3010 2605 3190 2660 beatos
3207 2607 3422 2677 quidem
3446 2608 3570 2663 dico

2002 2690 2090 2760 qui
2121 2692 2248 2745 tales
2273 2692 2394 2751 sint.
2413 2701 2467 2746 et
2488 2693 2676 2747 vellem
2697 2697 2855 2748 etiam
2883 2697 2992 2764 ipse
3018 2696 3119 2751 hoc
3139 2700 3330 2754 robore
3347 2701 3567 2756 domri:

2002 2793 2054 2835 et
2083 2782 2193 2849 ipse
2217 2784 2426 2852 quidem
2459 2783 2594 2838 forte
2622 2785 2860 2840 adducor
2892 2795 2949 2840 ut
2970 2787 3182 2842 credam
3211 2805 3366 2857 posse
3391 2791 3572 2861 hujus-

2004 2873 2144 2926 modi
2173 2875 2311 2929 viros
2335 2876 2552 2943 reperiri
2579 2895 2592 2928 :
2617 2877 2807 2931 vellem
2835 2887 3010 2932 tamen
3041 2895 3131 2933 eos
3153 2882 3240 2952 qui
3273 2897 3368 2938 nos
3393 2899 3570 2954 repre~

2002 2962 2234 3018 hendunt
2257 3006 2272 3029 ,
2315 2980 2469 3033 posse
2512 2966 2612 3020 hoc
2650 2969 2802 3021 nobis
2833 2971 3180 3037 persuadere,
3218 2974 3356 3042 quod
3384 2975 3570 3030 adole-

2002 3069 2154 3110 scens
2178 3057 2381 3111 fervens
2403 3073 2642 3126 corpore,
2670 3060 2962 3129 puellaeque
2986 3062 3173 3131 virgini
3189 3064 3492 3118 cohabitans
3513 3075 3571 3121 ct

2002 3145 2066 3198 ad
2099 3146 2259 3200 latera
2289 3148 2404 3216 ejus
2431 3148 2689 3212 assidens,
2722 3158 2776 3204 et
2798 3151 2953 3204 simul
2981 3167 3216 3215 ctenans,
3235 3163 3290 3208 et
3316 3170 3408 3224 per
3429 3155 3568 3211 diem

2003 3247 2167 3293 totum
2186 3239 2550 3306 coufabulans,
2581 3253 2635 3296 ut
2665 3244 2795 3296 nihil
2824 3245 2962 3298 aliud
2991 3260 3273 3316 apponam,
3306 3248 3568 3319 intempe-

2002 3334 2164 3386 stivos
2203 3335 2340 3387 risus
2363 3344 2416 3388 et
2440 3334 2634 3389 effusos
2662 3337 2947 3392 cachinnos
2969 3350 3022 3393 et
3049 3339 3226 3394 mollia
3256 3341 3413 3396 verba
3435 3382 3451 3406 ,
3481 3349 3567 3394 at-

2000 3439 2100 3491 que
2126 3424 2222 3476 alia
2253 3440 2370 3493 qua:
2395 3425 2536 3478 dictu
2561 3427 2834 3480 inhonesta
2861 3446 2873 3486 :
2899 3430 2989 3482 sed
3023 3430 3072 3482 in
3096 3431 3301 3495 eadem,
3333 3431 3566 3500 inquam,

2002 3515 2242 3570 habitans
2277 3518 2436 3570 domo
2464 3518 2739 3588 eidemque
2779 3524 3175 3577 communicatis
3218 3537 3415 3578 mensa:
3435 3564 3451 3588 ,
3480 3523 3568 3579 ubi

2001 3609 2161 3660 multa
2191 3619 2272 3661 est
2303 3607 2517 3661 libertas
2543 3610 2822 3662 verborum
2847 3651 2861 3672 ,
2892 3621 2946 3663 et
2984 3612 3123 3664 ultro
3162 3611 3398 3680 citroque
3434 3614 3571 3667 acci-

2000 3701 2216 3767 piuntur
2245 3700 2406 3754 multa
2435 3701 2727 3770 danturque
2747 3741 2761 3764 ,
2791 3702 2929 3754 nulla
2967 3702 3310 3756 lmmanarum
3331 3703 3572 3759 aﬂ’ectio—

2003 3806 2125 3842 num
2157 3793 2396 3859 capiatur
2415 3832 2428 3852 ,
2458 3791 2548 3843 sed
2582 3807 2741 3858 purus
2771 3808 2799 3843 a
2831 3792 2966 3844 mala
2999 3791 3265 3861 voluptate
3291 3801 3346 3846 et
3369 3807 3560 3846 cuticu-

2003 3882 2256 3954 piscentia
2285 3891 2623 3950 permaneat:
2660 3883 2848 3935 vellem
2880 3883 2993 3935 Ιιωο
3027 3885 3094 3935 ab
3123 3883 3204 3936 his
3236 3883 3323 3952 qui
3353 3897 3449 3937 nos
3473 3898 3564 3936 ar—

2000 3986 2168 4044 guunt
2189 3990 2274 4028 me
2299 3975 2475 4028 doceri
2506 3990 2684 4045 posse,
2713 3975 2807 4029 sed
2836 3991 3007 4044 neque
3037 3976 3130 4044 ipsi
3159 3976 3340 4029 volunt
3362 3975 3562 4036 doceri,

2002 4074 2055 4118 et
2083 4065 2234 4119 nobis
2276 4064 2390 4119 hznc
2424 4066 2488 4119 ad
2519 4067 2877 4120 defensionem
2916 4065 3253 4120 afferentibus
3283 4067 3570 4120 reclamant

2001 4157 2150 4225 quasi
2179 4157 2587 4225 impudentibus,
2612 4157 2798 4211 eodem
2825 4172 2930 4227 quo
2956 4158 3051 4226 ipsi
3077 4157 3261 4210 morbo
3287 4158 3565 4226 correptis,

2005 4249 2372 4316 propriamque
2393 4248 2964 4315 tegentibusmalitiam.
2987 4250 3050 4302 Et
3069 4248 3192 4316 quid
3218 4247 3330 4302 lucc
3353 4248 3417 4302 ad
3448 4265 3564 4308 nos,

2004 4339 2210 4406 inquit?
2238 4337 2417 4404 Neque
2444 4354 2540 4391 nos
2567 4354 2749 4390 sumus
2774 4340 2986 4392 olmoxii
3017 4339 3330 4406 insipientia:
3355 4339 3564 4399 aliene,

2005 4441 2174 4496 neque
2196 4467 2210 4489 ,
2253 4428 2297 4481 si
2337 4427 2456 4495 quis
2475 4429 2634 4480 stulte
2669 4429 3067 4490 seandalizetur,
3111 4429 3298 4496 dignus
3324 4445 3423 4499 ego
3451 4445 3565 4483 smn

2003 4520 2088 4588 qui
2121 4534 2300 4587 pmnas
2323 4520 2442 4572 dem
2477 4521 2547 4573 ob
2588 4520 2730 4574 illius
2760 4521 3131 4588 insipientiam.
3171 4523 3275 4575 Sed
3327 4524 3425 4575 hoc
3462 4540 3564 4575 non

2004 4612 2129 4662 dixit
2161 4611 2376 4674 Paulus,
2409 4612 2500 4664 sed
2541 4611 2693 4680 jussit
2718 4621 2811 4676 ut,
2861 4613 2902 4665 si
2945 4613 3134 4680 injuste
3177 4612 3559 4665 scandalizetur

2003 4705 2210 4771 aliquis,
2238 4704 2350 4771 ejus
2378 4704 2658 4756 infirmitati
2681 4705 3004 4757 consulatur.

2075 4795 2329 4858 Quantum
2364 4796 2571 4864 quisque
2599 4810 2768 4847 cavere
2810 4795 2986 4847 debeat
3024 4810 3085 4847 ne
3118 4795 3232 4848 aliis
3265 4792 3565 4860 offendicula

2002 4888 2081 4939 sit.
2104 4916 2173 4924 —
2198 4887 2344 4939 Tunc
2371 4886 2510 4940 enim
2547 4886 2714 4938 solum
2753 4887 3037 4938 liberamur
3059 4902 3086 4938 a
3126 4903 3297 4952 ptena,
3328 4902 3443 4954 qum
3473 4903 3567 4951 po-

2002 4979 2099 5032 sita
2125 4987 2204 5031 est
2229 4979 2278 5030 in
2302 4995 2392 5031 eos
2415 4978 2502 5047 qui
2531 4978 2834 5032 scandalum
2856 4978 2983 5030 dant
3003 4980 3137 5036 aliis,
3160 4978 3200 5030 si
3225 4994 3285 5030 ex
3317 4978 3565 5030 seandalo

2003 5070 2140 5121 aliud
2176 5069 2440 5137 quoddam
2483 5070 2684 5122 lucrum
2723 5080 2966 5121 nascatur
2999 5069 3166 5134 majus
3193 5069 3384 5120 damno
3425 5068 3562 5137 quod

2002 5181 2062 5216 ex
2096 5163 2344 5215 seandalo
2371 5162 2447 5214 fit.
2477 5162 2727 5230 Adeoque
2756 5163 2798 5212 si
2823 5163 2929 5221 hoc
2955 5177 3054 5211 non
3078 5160 3254 5222 fuerit,
3280 5170 3333 5213 et
3360 5160 3458 5212 hoc
3487 5177 3565 5211 so-

2008 5257 2116 5307 lum
2147 5253 2455 5316 obvenerit,
2488 5263 2542 5306 ut
2570 5254 2986 5306 scandalizentur
3011 5249 3100 5303 alii
3125 5290 3139 5312 ,
3180 5253 3290 5303 sive
3315 5251 3383 5302 oh
3409 5250 3564 5302 ratio-

2006 5365 2122 5400 nem
2160 5349 2415 5415 aliquam,
2445 5348 2556 5400 sive
2583 5347 2650 5398 ob
2685 5345 2879 5396 nullam
2907 5385 2920 5404 ,
2961 5344 3071 5398 sive
3099 5355 3153 5398 ut
3183 5344 3368 5396 infirmi
3399 5342 3565 5402 oﬂ'en-

2004 5440 2211 5498 dantur.
2256 5439 2464 5507 sanguis
2494 5440 2697 5490 illorum
2729 5452 2885 5504 super
2911 5445 3065 5503 caput
3109 5446 3340 5488 nostrum
3361 5474 3377 5495 ,
3409 5442 3463 5487 et
3496 5450 3561 5487 ex

2006 5535 2245 5586 manilius
2275 5533 2467 5584 nostris
2503 5532 2635 5583 Deus
2673 5531 2874 5581 animas
2903 5530 3029 5581 tales
3062 5529 3310 5597 requiret.
3349 5527 3409 5580 Et
3439 5544 3560 5594 pro-

2008 5638 2121 5694 pter
2154 5627 2268 5680 hor.
2301 5641 2364 5676 ne
2393 5640 2485 5692 per
2506 5622 2679 5674 omnia
2705 5623 3084 5689 negligeremns
3113 5619 3193 5672 vel
3218 5620 3564 5687 abjicerenins

2005 5735 2094 5772 eos
2124 5717 2310 5782 quibus
2339 5715 2654 5769 oﬂ'eudienlo
2695 5730 2875 5766 sumus
2901 5755 2913 5774 ,
2947 5713 3200 5766 terminos
3229 5711 3481 5783 quosdam
3512 5717 3563 5762 et

2007 5810 2214 5878 regulas
2243 5808 2392 5860 nobis
2420 5806 2657 5860 Christus
2684 5804 3036 5876 pia-scripsit:
3071 5818 3190 5858 nam
3220 5813 3272 5857 et
3301 5802 3398 5854 hoc
3422 5810 3474 5853 et
3504 5800 3563 5852 il-

2010 5901 2093 5955 lud
2128 5899 2265 5965 fecit,
2297 5908 2446 5967 prout
2478 5909 2684 5969 tempus
2711 5897 3021 5967 postulabat.
3058 5895 3337 5950 Enimvero
3353 5908 3472 5950 cun:
3499 5895 3564 5950 de

3115 5993 3193 6052 29
