4490 6754
938 528 1043 584 491)

938 655 1119 700 natura
1146 644 1384 700 ciborum
1406 644 1705 703 dissereret.
1728 654 1780 700 et
1805 646 2106 701 ostenderet
2125 662 2239 701 eam
2263 659 2379 699 esse
2408 660 2501 713 pu—

934 752 1070 802 ram,
1086 744 1137 790 et
1153 751 1182 789 a
1197 736 1413 792 Judaica
1429 738 1792 793 observatione
1808 736 2077 803 liberaret,
2095 739 2247 792 Petro
2264 738 2501 807 ingresso

933 840 982 881 et
997 828 1227 893 dicente,
1239 827 1725 896 Scandalisatisunt,
1739 830 1865 885 dixit
1880 847 1893 883 :
1909 828 2033 883 Sine
2044 831 2176 899 ipsos
2192 828 2395 903 (Matth.
2410 828 2497 885 15.

933 921 1021 974 12.
1054 921 1122 976 11
1140 924 1181 993 ).
1214 923 1283 976 Et
1321 937 1423 977 non
1461 923 1631 977 solum
1657 922 1929 991 despexit,
1959 922 2085 991 quin
2114 933 2166 978 et
2193 921 2455 977 accusavit
2484 938 2497 974 :

938 1014 1120 1067 Omnis
1147 1015 1277 1068 enim
1301 1014 1546 1083 plantatio
1568 1054 1584 1077 ,
1613 1031 1765 1083 quam
1789 1030 1887 1068 non
1915 1013 2157 1083 plantavit
2180 1014 2338 1068 Pater
2362 1031 2498 1068 meus

931 1106 1170 1169 celestis,
1214 1105 1545 1157 eradicabitur
1572 1104 1679 1174 (Ib.
1710 1120 1757 1156 υ.
1784 1104 1897 1171 15).
1943 1102 2015 1157 Ita
2056 1103 2223 1172 legem
2261 1105 2328 1158 de
2368 1106 2496 1159 cibis

938 1198 1137 1250 irritam
1169 1196 1310 1251 fecit.
1342 1195 1441 1251 Ubi
1464 1204 1641 1250 autem
1669 1196 1756 1265 qui
1784 1194 2029 1265 petebant
2056 1194 2362 1250 didrachma
2386 1237 2401 1260 ,
2429 1196 2494 1249 ad

931 1284 1147 1342 Petrum
1175 1287 1490 1342 accedentes
1514 1288 1781 1350 dixerunt,
1815 1286 2055 1356 Magister
2082 1295 2197 1338 tuus
2224 1303 2324 1339 non
2351 1289 2495 1340 solvit

925 1375 1237 1429 didrarhma
1257 1378 1273 1445 (
1296 1378 1485 1432 Matth.
1512 1379 1596 1432 17.
1619 1378 1745 1445 25).
1768 1388 1900 1429 tunc
1926 1391 2031 1430 non
2054 1374 2192 1429 idem
2213 1374 2322 1443 egit
2347 1376 2491 1431 sicut

927 1477 1107 1529 antea.
1125 1470 1217 1523 sed
1237 1470 1497 1524 rationem
1513 1471 1700 1523 habuit
1724 1469 1987 1531 scandali,
2009 1474 2063 1522 et
2090 1467 2197 1521 ait:
2225 1466 2291 1520 Ut
2313 1478 2492 1523 autem

922 1575 1024 1612 non
1048 1559 1440 1613 scandalizemus
1468 1560 1632 1625 ipsos,
1667 1557 1803 1609 mitte
1829 1557 2032 1609 hamum
2050 1557 2103 1609 in
2132 1574 2269 1610 mare
2287 1599 2302 1623 ,
2334 1567 2380 1610 et
2408 1558 2487 1627 pi-

916 1666 1049 1702 scem
1071 1650 1157 1718 qui
1179 1650 1393 1716 primum
1419 1663 1645 1717 egressus
1668 1649 1817 1717 fuerit
1838 1648 1975 1713 tolle,
1998 1649 2308 1719 inveniesque
2328 1650 2377 1702 in
2403 1666 2487 1704 ore

923 1741 1031 1808 ejus
1073 1750 1303 1792 staterem
1329 1755 1347 1792 :
1376 1740 1507 1792 hunc
1534 1749 1790 1809 acceptant
1825 1739 1892 1791 da
1929 1756 2019 1808 pro
2060 1756 2138 1793 me
2178 1750 2225 1794 et
2271 1749 2318 1794 te
2357 1740 2481 1812 (Ib.

923 1830 1049 1886 v.27
1076 1831 1116 1900 ).
1141 1830 1301 1886 Vides
1328 1831 1485 1885 modo
1504 1840 1795 1893 curantem,
1828 1830 1985 1883 modo
2011 1830 2139 1885 nihil
2167 1840 2437 1885 curantem
2461 1833 2481 1885 2

880 1935 890 1984 ζ
915 1919 1044 1976 Nam
1073 1920 1173 1977 hoc
1192 1921 1310 1977 loco
1338 1921 1469 1976 nihil
1492 1920 1643 1975 valde
1678 1920 1938 1974 referebat
1965 1921 2186 1989 gloriam
2215 1922 2477 1992 Uuigeniti

886 2004 890 2012 λ
915 2014 1134 2067 revelari
1160 2031 1175 2067 :
1199 2013 1463 2083 quomodo
1492 2013 1633 2066 enim
1657 2053 1672 2077 ,
1699 2026 1817 2064 cum
1846 2022 1901 2066 et
1928 2013 2048 2065 alibi
2077 2013 2337 2067 studuerit
2359 2029 2475 2069 eam

913 2104 1263 2166 obumbrare,
1298 2104 1707 2173 prmeeperitqoe
1749 2102 2098 2169 multitudini,
2136 2119 2203 2158 ne
2239 2104 2476 2159 dicerent

910 2193 1049 2263 quod
1077 2195 1187 2263 ipse
1205 2204 1347 2251 esset
1369 2192 1642 2249 Christus?
1668 2194 1736 2248 Et
1763 2203 2037 2264 propterea
2059 2195 2184 2247 nihil
2206 2194 2382 2248 damni
2408 2211 2475 2249 ex

908 2300 973 2340 eo
1014 2285 1149 2356 quod
1194 2285 1445 2357 dependit
1475 2285 1780 2341 didrachma
1816 2302 1829 2340 ε
1861 2287 1905 2340 si
1940 2298 2116 2341 autem
2147 2302 2251 2340 non
2277 2287 2472 2340 solvis-

906 2385 1009 2441 set,
1035 2392 1219 2446 magna
1246 2376 1366 2432 inde
1388 2386 1509 2431 nata
1536 2376 1756 2432 fuissent
1778 2377 1913 2431 mala
1940 2394 2090 2431 :nam
2112 2386 2168 2431 ut
2194 2388 2472 2449 tyrannum

906 2478 960 2522 et
986 2467 1339 2523 obluctantem
1368 2476 1421 2523 et
1444 2468 1669 2523 civitatis
1696 2468 1957 2523 universae
1986 2468 2252 2522 inimicum
2276 2510 2291 2531 ,
2319 2480 2372 2523 et
2420 2470 2470 2524 in

907 2567 1141 2613 extrema
1165 2560 1392 2627 pericula
1415 2560 1752 2628 injicientem,
1778 2559 1954 2628 utique
1976 2562 2203 2615 aversati
2227 2561 2467 2616 fuissent.

907 2648 1189 2719 Propterea
1221 2649 1359 2718 ipsos
1386 2649 1477 2716 qui
1506 2648 1749 2703 volebant
1780 2649 1948 2717 ipsum
1980 2664 2185 2718 rapere,
2214 2660 2266 2704 et
2295 2650 2466 2705 facere

905 2754 1104 2807 regem,
1132 2738 1337 2808 longius
1362 2739 1510 2808 fugit,
1541 2753 1762 2807 eamque
1787 2737 2087 2808 opinionem
2118 2755 2146 2791 a
2177 2739 2354 2793 nmltis
2376 2740 2465 2808 qui

902 2831 1042 2884 circa
1067 2830 1236 2900 ipsum
1265 2839 1417 2885 erant
1444 2829 1651 2900 repulit.
1679 2830 1846 2885 Priori
1870 2839 2044 2884 autem
2077 2829 2193 2884 loco
2221 2844 2465 2883 necessa-

906 2924 1040 2977 rium
1065 2933 1181 2977 erat
1208 2924 1259 2977 id
1287 2922 1427 2992 quod
1452 2923 1703 2992 agebatur
1731 2940 1744 2975 :
1778 2922 1897 2977 ideo
1936 2922 2132 2976 utiliter
2163 2937 2225 2975 ac
2257 2931 2461 2990 tempe-

898 3013 1033 3068 stive
1050 3025 1103 3069 et
1124 3024 1179 3068 ut
1199 3014 1251 3068 in
1278 3014 1479 3069 meliori
1500 3028 1659 3083 opere
1673 3013 1989 3083 contempsit
2015 3013 2337 3069 scandalum.
2370 3014 2463 3067 Et-

899 3112 1039 3164 enim
1052 3109 1202 3164 valde
1230 3108 1449 3177 tempori
1464 3108 1782 3178 congruebat
1810 3108 1875 3162 ad
1905 3124 2203 3177 supremam
2234 3108 2462 3176 philoso-

898 3201 1073 3273 phiam
1100 3214 1412 3256 ascensuros
1442 3216 1545 3253 non
1574 3198 1855 3269 prohibere
1878 3208 1935 3253 ut
1958 3200 2151 3253 tudinis
2175 3215 2291 3253 mos
2312 3215 2461 3270 gere-

896 3304 1071 3357 retur;
1093 3292 1183 3347 sed
1209 3292 1359 3346 abire
1378 3300 1600 3345 vocante
1623 3300 1861 3360 tempore
1887 3290 1950 3343 ad
1970 3290 2131 3344 animi
2156 3291 2456 3357 puritatem,

894 3403 1062 3459 neque
1089 3386 1339 3442 retardari
1368 3384 1627 3455 corporali
1652 3382 2038 3446 observatione,
2070 3382 2162 3437 sed
2192 3398 2221 3435 a
2254 3382 2338 3435 vili
2371 3383 2455 3436 illa

891 3495 1016 3535 cura
1054 3479 1232 3533 eximi.
1272 3478 1361 3532 Sic
1400 3486 1454 3533 et
1490 3477 1682 3531 Paulus
1719 3474 1878 3529 modo
1908 3472 2223 3543 contempsit
2246 3488 2338 3527 eos
2365 3473 2456 3543 qui

890 3571 1391 3636 scandalizabantur,
1407 3568 1563 3623 modo
1582 3584 1687 3623 non
1706 3566 2038 3637 contempsit,
2056 3565 2350 3635 Magistrum
2370 3580 2455 3619 se-

888 3680 1077 3737 quens,
1106 3673 1161 3719 et
1185 3664 1318 3717 dixit
1345 3681 1358 3717 :
1394 3663 1493 3715 Per
1518 3662 1685 3716 omnia
1715 3662 1941 3715 omnibus
1968 3662 2157 3729 placeo,
2190 3676 2287 3713 non
2312 3675 2452 3729 qua,»

886 3773 1004 3811 rens
1027 3755 1160 3824 quod
1186 3755 1309 3807 mihi
1332 3753 1456 3806 utile
1478 3763 1571 3814 est,
1594 3753 1682 3807 sed
1712 3753 1845 3821 quod
1875 3751 2062 3815 multis,
2093 3760 2146 3804 ut
2172 3752 2297 3804 salvi
2323 3752 2451 3818 ﬁant

889 3847 908 3917 (
928 3848 977 3901 1.
1010 3844 1125 3900 Cor.
1155 3845 1239 3899 10.
1270 3844 1402 3915 55).
1444 3844 1501 3899 Si
1528 3852 1702 3899 autem
1738 3844 1929 3898 Paulus
1966 3858 2112 3897 suam
2157 3842 2446 3897 contemnit

886 3937 1185 4001 utilitatem,
1215 3946 1270 3991 ut
1299 3936 1526 3990 inveniat
1551 3934 1691 4004 quod
1719 3934 1895 3988 multis
1920 3934 2103 4003 prosit,
2131 3942 2327 4003 quanta
2348 3946 2449 3985 nos

884 4028 1025 4097 digni
1051 4028 1248 4082 erimus
1276 4041 1430 4095 poena
1457 4066 1471 4087 ,
1512 4026 1555 4077 si
1598 4038 1768 4091 neque
1796 4024 2061 4091 proprium
2092 4022 2321 4093 fugimus
2348 4020 2445 4076 da-

886 4134 1087 4182 mnum,
1107 4126 1163 4171 ttt
1183 4117 1515 4171 inveniamus
1534 4114 1674 4184 quod
1695 4114 1822 4168 utile
1845 4115 1913 4167 sit
1933 4114 2070 4178 aliis,
2094 4115 2186 4168 sed
2210 4129 2305 4167 nos
2326 4128 2448 4181 quo-

883 4226 985 4282 que
1002 4225 1122 4265 cum
1146 4209 1264 4264 aliis
1278 4208 1510 4264 suaviter
1526 4206 1815 4278 perdimus,
1838 4220 1956 4259 cum
1985 4220 2257 4274 possemus
2277 4214 2329 4258 et
2350 4219 2446 4258 nos

883 4307 1023 4374 ἣρως
1050 4313 1104 4358 et
1124 4302 1257 4357 alios
1280 4317 1493 4357 servare
1512 4300 1535 4353 ?
1555 4300 1841 4370 Propterea
1862 4314 1981 4353 cum
2004 4298 2146 4353 videt
2170 4298 2341 4367 majus
2365 4297 2445 4351 lii-

880 4409 1027 4448 crum
1054 4407 1209 4462 quam
1238 4392 1489 4447 damnum
1513 4432 1530 4459 ,
1558 4390 1843 4446 contemnit
1875 4404 1969 4444 eos
2004 4390 2094 4459 qui
2135 4387 2440 4443 scandalum

883 4485 1148 4554 patiuntur
1177 4502 1191 4538 :
1223 4484 1311 4538 ubi
1352 4493 1526 4538 autem
1574 4482 1776 4537 lucrum
1816 4482 1958 4535 videt
1999 4481 2200 4535 nullum
2222 4520 2237 4543 ,
2268 4479 2440 4535 solum

880 4588 1058 4632 autem
1097 4575 1400 4630 scandalum
1446 4574 1567 4628 inde
1608 4575 1819 4628 evenire
1843 4610 1857 4637 ,
1896 4573 2071 4625 omnia
2100 4582 2153 4625 et
2193 4572 2362 4626 facere
2387 4579 2443 4625 et

883 4668 984 4736 pati
1004 4676 1217 4735 paratus
1238 4674 1321 4721 est
1348 4678 1414 4717 ue
1434 4663 1660 4716 eveniat.
1686 4662 1750 4715 Et
1772 4677 1873 4714 nou
1895 4660 2126 4728 disputat
2147 4661 2265 4713 talia
2294 4676 2441 4714 more

880 4767 1099 4811 nostro:
1133 4770 1236 4809 non
1275 4754 1413 4808 enim
1455 4752 1617 4816 dicit,
1644 4751 1816 4819 Quare
1858 4759 1983 4803 sunt
2023 4750 2251 4802 iulirmi?
2278 4765 2442 4818 quare.

880 4848 994 4901 sine
1022 4860 1176 4899 causa
1204 4845 1281 4901 sic
1308 4843 1479 4898 aﬂ'ecti
1509 4845 1674 4898 sunt?
1701 4842 1792 4898 sed
1819 4856 1881 4895 ea
1910 4842 1976 4894 de
2001 4854 2157 4895 causa
2189 4838 2315 4908 ipsis
2344 4854 2440 4908 po-

880 4937 1138 4990 tissimum
1166 4936 1351 5004 parcit,
1374 4936 1495 5004 quia
1520 4936 1589 4988 ob
1616 4934 1831 4987 rationis
1863 4932 2133 5002 penuriam
2162 4932 2231 4985 ita
2257 4945 2316 4987 se
2344 4931 2440 4984 ha-

878 5030 1018 5092 bent,
1048 5038 1102 5083 et
1130 5028 1199 5082 ita
1229 5026 1419 5081 infirmi
1448 5036 1592 5081 sunt.

950 5122 1004 5175 4.
1052 5122 1143 5174 Dic
1174 5123 1316 5175 enim
1359 5118 1487 5172 mihi
1524 5118 1728 5187 qualem
1775 5117 1863 5172 ille
1908 5117 2271 5172 rationabilem
2297 5132 2436 5185 pra:—

878 5220 1078 5267 textum
1106 5211 1280 5265 dicere
1301 5217 1474 5279 potest
1492 5249 1507 5269 ,
1531 5209 1620 5279 qui
1642 5209 2021 5264 scandalizatur
2048 5209 2099 5261 in
2128 5208 2438 5262 comedente

876 5317 1089 5357 carnem
1126 5310 1180 5354 et
1212 5301 1422 5355 hibeute
1459 5300 1681 5354 vinum?
1721 5301 1857 5353 hanc
1882 5301 2073 5368 quippe
2102 5301 2269 5370 legem
2300 5302 2437 5354 Deus

878 5394 1002 5447 olim
1032 5393 1224 5463 posuit.
1250 5390 1624 5445 Verumtamen
1655 5391 1707 5443 in
1736 5390 1816 5442 his
1848 5391 1891 5442 si
1929 5388 2310 5444 scandalizetur
2335 5392 2437 5445 ali-

876 5485 1014 5553 quis,
1040 5484 1234 5539 Paulus
1254 5483 1501 5537 abstinet.
1534 5480 1652 5534 Non
1675 5482 1813 5534 cuitu
1836 5495 2036 5534 carnem
2060 5484 2334 5547 comedam,
2359 5483 2439 5536 iii-

874 5576 1025 5644 quit,
1051 5590 1203 5643 neque.
1239 5575 1406 5627 vinum
1431 5572 1635 5635 bibant,
1673 5582 1725 5624 ut
1763 5587 1823 5625 ne
1859 5571 2192 5625 scandalizent
2232 5573 2439 5642 fratrem

875 5668 894 5737 (
918 5668 966 5721 1.
988 5665 1103 5722 Cor.
1130 5667 1183 5721 8.
1207 5668 1319 5736 l3).
1346 5667 1454 5722 Nec
1477 5664 1609 5720 dixit
1626 5680 1687 5719 ea
1716 5680 1831 5732 qua:
1857 5680 1954 5718 nos
1976 5666 2231 5720 dicimus:
2256 5666 2435 5734 Subji-

873 5757 1165 5813 eieudusne
1205 5775 1302 5827 ego
1338 5760 1526 5814 alienae
1567 5756 1921 5826 insipientise?
1961 5774 2083 5812 unm
2117 5758 2239 5828 quia
2278 5755 2434 5810 alicui

873 5848 1179 5917 simpliciori
1218 5847 1422 5903 videtur
1453 5862 1573 5903 esse
1614 5846 1919 5902 scandalum
1945 5887 1961 5910 ,
2002 5864 2101 5917 ego
2130 5848 2319 5916 dignus
2346 5845 2434 5912 qui

873 5940 1185 6010 supplicium
1221 5938 1403 5995 luam?
1427 5938 1677 6007 Quamvis
1720 5940 1876 5994 etiam
1910 5940 1953 5995 si
1992 5938 2244 6004 dixisset,
2274 5936 2436 5990 multo

1628 518 1686 576 S.
1719 520 2002 579 JOANNIS
2030 523 2505 581 CHRYSOSTOMI
2546 527 2864 589 ARCIIIEP.
2896 533 3419 594 CONSTANTINOP.

4062 552 4171 606 δύο

2610 652 2785 699 tamen
2822 648 3016 716 justius
3052 651 3270 707 dixisset
3316 666 3471 721 quam
3513 667 3628 708 nos.
3673 654 3801 710 Nam
3840 662 3925 729 qui
3970 662 4024 716 in
4070 664 4173 718 illis

2605 736 3008 808 scandalizatur,
3033 743 3330 797 insensatus
3348 748 3433 796 est
3446 748 3501 796 et
3520 743 3670 797 valde
3687 745 3966 817 insipiens;
3986 767 4169 808 verum

2605 825 2656 879 in
2690 826 2769 879 his
2798 829 2910 897 ipse
2939 834 3133 889 multas
3154 837 3323 904 justas
3365 845 3418 890 et
3436 835 3621 905 dignas
3645 850 3832 892 causas
3872 856 4002 910 quas
4027 844 4168 899 dicat

2603 918 2778 975 habet.
2798 921 3168 981 Verumtamen
3186 929 3406 997 justiora
3427 928 3581 982 etiam
3598 942 3754 998 quam
3781 945 3876 984 nos
3898 932 4167 990 habuisset

2604 1010 2812 1070 Paulus.
2835 1011 3094 1079 siquidem
3126 1018 3404 1073 voluisset:
3425 1027 3596 1073 atnon
3614 1018 3761 1083 dixit,
3793 1019 3882 1072 sed
3907 1023 3973 1073 ad
4003 1041 4165 1079 unum

2600 1104 2767 1155 solum
2812 1104 3114 1172 spectavit,
3163 1123 3351 1177 nempe
3392 1111 3612 1164 salutem
3656 1110 3899 1179 proximi.
3942 1111 4009 1164 Et
4045 1115 4167 1167 vide

2598 1208 2750 1262 quam
2780 1193 3071 1249 eminenter
3099 1213 3112 1249 :
3146 1213 3245 1249 non
3271 1200 3409 1251 enim
3437 1200 3570 1254 dixit
3596 1201 3758 1255 semel
3776 1244 3790 1265 ,
3813 1209 3902 1253 aut
3930 1200 4046 1267 bis,
4074 1213 4166 1257 aut

2598 1293 2740 1337 tanto
2770 1294 3023 1353 tempore,
3055 1286 3171 1350 sed,
3201 1285 3265 1339 In
3294 1299 3554 1354 aeternum,
3579 1294 3671 1356 ait,
3702 1308 3799 1344 non
3821 1290 4097 1351 comedam,
4119 1294 4165 1345 si

2596 1374 2977 1428 seandalizetur
3004 1374 3159 1427 alius.
3193 1375 3257 1429 Et
3279 1385 3338 1430 ut
3362 1392 3429 1430 ne
3456 1388 3607 1446 putes
3636 1380 3688 1432 in
3725 1381 3805 1434 his
3832 1396 3953 1435 eum
3985 1382 4163 1433 subsi-

2594 1474 2733 1520 stere
2754 1507 2767 1529 ,
2798 1475 2851 1519 et
2877 1465 3015 1518 aliud
3059 1467 3306 1535 quiddam
3337 1469 3518 1536 adjicit
3556 1468 3655 1524 hoc
3698 1476 3885 1539 majus.
3918 1472 3988 1529 Ut
4014 1473 4159 1526 enim

2592 1556 2724 1610 dixit
2742 1600 2756 1619 ,
2787 1556 2980 1611 Bonum
3016 1568 3089 1611 est
3125 1575 3224 1611 non
3252 1560 3505 1613 comedere
3528 1576 3724 1613 carnem
3743 1602 3759 1626 ,
3789 1572 3837 1615 et
3873 1580 3970 1617 non
3995 1564 4164 1617 bibere

2590 1647 2758 1699 vinum
2789 1647 2974 1718 (Rom.
3005 1648 3090 1701 M.
3135 1647 3198 1701 21
3229 1648 3285 1717 ),
3316 1650 3585 1717 conjunxit
3612 1658 3665 1703 et
3690 1650 3855 1703 illud:
3886 1650 4066 1720 Neque
4090 1655 4160 1705 it-

2589 1738 2677 1790 lud
2696 1780 2711 1803 ,
2749 1756 2837 1809 per
2870 1739 3002 1810 quod
3028 1742 3186 1809 frater
3210 1748 3323 1794 taus
3358 1741 3627 1810 impingit,
3657 1742 3735 1793 vel
3756 1743 4154 1810 scandalizatur,

2587 1828 2665 1880 vel
2685 1830 2984 1894 inﬁrmatur.
3011 1829 3075 1883 Et
3092 1830 3450 1883 animadverte
3474 1846 3659 1885 rursus
3680 1833 3988 1900 sapientiam
4016 1849 4161 1902 pra:-

2591 1920 2841 1987 ceptoris.
2875 1912 3074 1975 Relicto
3107 1921 3246 1974 enim
3285 1920 3497 1975 infirmo
3533 1920 3720 1976 fortem
3768 1923 3984 1993 corrigit
4028 1936 4157 1978 ante

2584 2008 2729 2061 illum
2766 2027 2778 2062 :
2810 2026 2927 2064 nam
2958 2012 3108 2064 fortis
3133 2020 3317 2065 auctor
3341 2020 3421 2064 est
3444 2053 3457 2073 ,
3493 2012 3631 2081 quod
3663 2013 3750 2067 ille
3779 2012 4021 2067 inﬁrmus
4042 2014 4114 2067 sit
4134 2056 4151 2077 ,

2588 2114 2653 2151 eo
2682 2100 2821 2167 quod
2860 2102 3023 2170 possit
3051 2102 3404 2156 inﬁrmitatem
3425 2104 3688 2171 corrigere
3706 2143 3722 2169 ,
3753 2115 3805 2158 et
3831 2119 3935 2158 non
3964 2105 4149 2160 faciat.

2584 2188 2782 2258 Ecquid
2814 2191 2932 2245 dico
2961 2192 3025 2245 de
3055 2192 3275 2246 intirmis
3300 2192 3593 2247 fratribus?
3624 2193 3827 2247 Etenim
3867 2194 4065 2249 Judseis
4095 2208 4152 2251 et

2576 2282 2824 2347 gentibus
2852 2282 3002 2351 jubet
3034 2284 3270 2338 eamdem
3300 2300 3479 2338 curam
3511 2285 3738 2353 impendi
3772 2304 3787 2342 :
3821 2286 3945 2341 Sine
3975 2287 4149 2353 oleu-

2577 2370 2770 2438 diculo,
2798 2374 2892 2438 ait,
2912 2383 3063 2428 estote
3082 2384 3127 2427 et
3144 2374 3336 2429 luditis
3362 2385 3407 2429 et
3426 2376 3648 2445 gentibus
3672 2386 3718 2428 et
3741 2374 3983 2431 Ecclesia
4009 2376 4108 2431 Dei
4127 2380 4146 2410 ί

2577 2465 2594 2531 (
2602 2466 2650 2519 1.
2681 2465 2795 2518 Cor.
2821 2466 2902 2521 l0.
2927 2466 3040 2537 32).
3063 2467 3240 2536 Itaque
3265 2479 3459 2539 quanto
3485 2477 3535 2524 te
3554 2468 3822 2524 fortiorem
3842 2486 3961 2525 esse
3983 2470 4140 2535 dicis,

2574 2558 2807 2627 nihilque
2844 2575 2872 2613 a
2911 2561 3300 2615 cobabitatione
3338 2563 3637 2616 noeumenti
3681 2563 3921 2631 accipere
3943 2604 3959 2625 ,
3991 2570 4144 2618 tanto

2572 2650 2737 2717 magis
2762 2650 2985 2717 teipsum
3012 2649 3303 2705 debitorem
3332 2652 3625 2717 constituis,
3653 2660 3712 2706 ut
3741 2654 4003 2708 vinculum
4035 2653 4141 2709 hoc

2570 2755 2802 2808 rumpas.
2824 2738 2956 2793 Nam
2982 2751 3178 2810 quanto
3202 2740 3389 2796 fortior
3410 2757 3529 2797 eras
3548 2784 3562 2806 ,
3595 2751 3741 2796 tanto
3767 2745 3968 2814 :equius
3996 2746 4098 2800 fuit
4118 2788 4135 2810 ,

2567 2837 2623 2882 ut
2649 2829 2986 2884 infirmiorem
3016 2840 3270 2900 gestares.
3303 2832 3463 2901 Igitur
3487 2833 3532 2887 si
3556 2832 3792 2888 infirmus
3810 2850 3889 2901 es,
3916 2846 4140 2907 propter

2568 2930 2620 2974 te
2650 2920 2818 2989 ipsum
2849 2920 3078 2986 desiste;
3109 2922 3189 2975 sin
3226 2922 3518 2988 robustior,
3550 2933 3767 2994 propter
3792 2926 4009 2980 alterius
4044 2928 4133 2981 in-

2565 3012 2887 3066 firmitatem.
2916 3011 3027 3066 Non
3057 3014 3198 3067 enim
3224 3013 3323 3068 sibi
3348 3014 3442 3083 ipsi
3471 3013 3779 3081 dumtaxat,
3807 3016 3900 3071 sed
3928 3028 3983 3072 et
4011 3020 4134 3073 aliis

2564 3104 2753 3158 fortem
2796 3120 2914 3157 esse
2952 3114 3161 3174 Oportet
3187 3121 3307 3160 eum
3334 3106 3423 3176 qui
3470 3106 3619 3161 fortis
3652 3117 3753 3162 est.
3789 3108 3938 3176 Quod
3982 3110 4027 3164 si
4075 3121 4131 3165 te

2561 3194 2753 3250 fortem
2784 3211 2904 3250 esse
2932 3196 3061 3250 dicis
3085 3234 3099 3261 ,
3143 3205 3197 3250 et
3234 3196 3592 3252 infirmitatem
3626 3198 3763 3254 illius
3789 3202 4086 3256 contemnis
4110 3245 4126 3263 ,

2561 3286 2774 3356 duplam
2799 3288 2947 3342 dabis
2972 3304 3181 3358 poenam
3203 3332 3216 3353 ,
3242 3299 3349 3344 tum
3376 3290 3515 3359 quod
3545 3306 3648 3344 non
3677 3294 3975 3361 pepercisti,
4012 3305 4125 3351 tum

2558 3377 2697 3448 quod
2732 3378 2890 3431 multa
2930 3378 3020 3432 tibi
3062 3380 3143 3434 vis
3171 3388 3285 3434 erat
3317 3388 3373 3433 ut
3403 3380 3475 3434 illi
3507 3394 3725 3450 parcere
3754 3396 3954 3451 posses.
3988 3384 4123 3439 Nam

2557 3468 2917 3538 unusquisque
2938 3478 3174 3525 nostrum
3194 3469 3401 3525 debitor
3418 3481 3499 3525 est
3518 3472 3703 3526 salutis
3723 3475 3963 3543 proximi.
3984 3476 4124 3531 Pro-

2554 3567 2732 3628 pterea
2754 3559 2889 3630 jussi
2916 3576 3131 3627 sumus,
3162 3576 3268 3616 non
3292 3576 3410 3631 qua:
3438 3572 3617 3617 nostra
3655 3572 3779 3618 sunt
3805 3606 3821 3631 ,
3866 3566 3958 3621 sed
4000 3584 4121 3638 qua:

2553 3650 2773 3719 proximi
2811 3653 3076 3725 spectare(
3093 3653 3144 3709 1.
3164 3651 3280 3707 Cor.
3300 3652 3396 3720 10,
3422 3651 3493 3710 2s
3515 3653 3555 3725 ).
3584 3652 3759 3712 Pretio
3784 3656 3923 3711 enim
3949 3662 4117 3727 empti

2553 3755 2743 3795 sumus
2762 3742 2835 3812 (1.
2858 3741 2983 3796 Cor.
3003 3745 3055 3807 ϐ.
3077 3746 3192 3813 20),
3210 3754 3263 3799 et
3279 3746 3370 3813 qui
3391 3760 3491 3799 nos
3513 3746 3757 3811 redemit,
3782 3747 3881 3799 hoc
3910 3760 4115 3813 praece-

2552 3833 2631 3903 pit
2663 3832 2718 3886 in
2751 3848 3092 3890 communem
3122 3837 3426 3890 animarum
3468 3845 3780 3890 nostrarum
3814 3836 4125 3889 utilitatem.

2548 3924 2661 3978 Non
2699 3922 2840 3979 enim
2868 3923 2967 3977 hoc
3006 3922 3175 3975 solum
3217 3932 3455 3975 nostrum
3497 3928 3581 3976 est
3606 3920 3807 3975 lucrum
3839 3956 3857 3985 ,
3904 3919 4116 3987 quando

2548 4018 2757 4089 propria
2797 4028 3069 4070 servamus
3110 4012 3347 4067 membra
3374 4050 3390 4077 ,
3434 4013 3528 4067 sed
3566 4019 3620 4065 et
3651 4010 3859 4079 quando
3893 4010 4030 4063 alios
4058 4026 4112 4063 in

2550 4109 2731 4176 majori
2776 4108 3055 4161 securitate
3094 4103 3477 4157 constituimus.
3527 4102 3773 4168 Quamvis
3803 4100 3941 4156 enim
3990 4102 4114 4154 mii-

2549 4199 2644 4252 lies
2689 4195 3072 4266 philosopheris
3100 4236 3114 4259 ,
3166 4192 3494 4262 redargueris
3536 4200 3709 4243 tamen
3764 4206 3857 4259 per
3908 4205 4065 4260 opera
4092 4233 4108 4253 ,

2545 4287 2794 4341 damnum
2837 4302 2901 4340 ex
2947 4285 3045 4339 hac
3084 4283 3471 4337 eobabitatione
3509 4292 3817 4347 accepturus
3857 4295 3959 4334 non
3990 4281 4111 4333 vul-

2543 4393 2687 4448 gare.
2729 4376 2949 4445 Quando
2978 4377 3117 4430 enim
3149 4384 3200 4428 te
3225 4373 3378 4427 video
3415 4372 3484 4425 ita
3520 4371 3673 4424 avelli
3704 4386 3806 4424 non
3833 4386 3988 4440 posse
4008 4413 4023 4435 ,
4053 4383 4110 4425 et

2546 4470 2707 4523 millia
2736 4483 2919 4524 eorum
2943 4466 3234 4536 despicere,
3275 4478 3392 4533 qnze
3419 4461 3665 4516 damnum
3710 4461 3957 4523 inferunt,
4002 4478 4105 4516 nec

2544 4560 2782 4615 converti
2810 4568 2860 4615 te
2890 4568 2992 4612 tam
3023 4556 3200 4610 multis
3222 4552 3750 4624 reprehendentibus,
3777 4554 3866 4608 sed
3899 4564 3952 4608 et
3978 4556 4097 4621 glo-

2544 4653 2674 4705 riam
2700 4662 2838 4704 tuam
2866 4648 3194 4709 conculcare,
3221 4645 3573 4715 Ecclesiazque
3594 4660 3831 4714 magnam
3853 4644 4106 4699 invidiam

2544 4740 2811 4803 conflare,
2850 4747 3007 4808 atque
3050 4736 3335 4791 infidelium
3383 4750 3474 4789 ora
3523 4736 3767 4805 aperire,
3811 4749 4107 4803 omnesque

2543 4832 2679 4886 mala
2707 4831 2957 4901 opinione
2984 4828 3236 4891 imbuere,
3259 4834 3312 4881 et
3332 4833 3470 4880 tanta
3500 4827 3709 4896 quidem
3734 4842 3801 4881 ex
3827 4825 4104 4879 cohabita-

2544 4925 2686 4981 tioue
2715 4924 2856 4978 nasci
2886 4921 3022 4975 mala
3044 4961 3058 4983 ,
3087 4919 3285 4973 nullum
3326 4930 3501 4975 autem
3543 4921 3820 4990 provenire
3860 4919 4055 4971 bonum
4082 4935 4099 4982 ;

2542 5033 2606 5072 ex
2632 5014 2968 5086 separatione
2994 5025 3117 5065 vero
3147 5009 3331 5065 horum
3358 5013 3591 5066 omnium
3634 5010 3890 5064 malorum
3920 5007 4099 5062 subla-

2544 5109 2773 5168 tionem,
2804 5102 3085 5158 multorum
3128 5112 3300 5157 autem
3339 5104 3560 5158 aliorum
3596 5102 3849 5155 bonorum
3886 5112 4101 5166 posses-

2540 5200 2743 5254 sionem
2789 5193 3008 5263 adipisci
3047 5193 3237 5260 licere,
3271 5193 3463 5249 deinde
3503 5207 3623 5248 cum
3671 5188 3876 5243 resilire
3921 5190 4097 5254 nolis,

2540 5289 2806 5362 quomodo
2832 5284 3144 5356 persuadere
3184 5295 3367 5356 potero
3394 5284 3512 5340 aliis
3539 5280 3679 5353 quod
3709 5277 3997 5334 aﬂ‘ectionis
4025 5284 4100 5334 sis

2541 5396 2751 5450 expers,
2782 5388 2836 5432 et
2875 5392 2905 5430 a
2944 5377 3364 5447 concupiscentia
3407 5374 3544 5429 mala
3592 5369 3796 5439 purus?
3837 5368 3943 5425 IIIIo
3970 5388 4101 5427 vero

2541 5485 2700 5537 super
2728 5468 2808 5520 his
2835 5466 2963 5520 nihil
2988 5468 3286 5529 contendo;
3315 5465 3405 5520 sed
3434 5472 3550 5517 esto
3569 5457 3709 5528 quod
3733 5458 3805 5512 sis
3827 5462 3981 5515 etiam
4008 5478 4101 5514 co-

2543 5557 2825 5613 habitando
2846 5573 3007 5626 purus
3030 5600 3044 5621 ,
3075 5558 3313 5628 quamvis
3349 5570 3415 5608 ne
3439 5551 3540 5605 Job
3565 5547 3774 5616 quidem
3803 5549 3885 5603 ille
3913 5552 4100 5607 beatus

2542 5663 2701 5703 ausus
2726 5646 2821 5701 fuit
2847 5660 3040 5703 tantam
3068 5650 3313 5703 virtutem
3341 5651 3395 5696 et
3428 5639 3735 5707 sapientiam
3774 5641 3871 5694 sibi
3900 5643 4099 5696 adseri-

2542 5741 2700 5803 bere;
2745 5739 2836 5795 sed
2879 5742 2967 5811 qui
3015 5753 3228 5794 onmem
3270 5728 3667 5787 transcenderat
3708 5729 3951 5785 virtutem
3980 5774 3993 5791 .
4026 5747 4093 5787 ex

2605 5947 2621 5978 ι
2655 5953 2705 5995 tu
2726 5943 2886 6005 Savil.,
2908 5938 3098 5991 Cltristt.
