4392 6688
241 529 348 585 499

887 522 1162 583 CONTRA
1203 519 1334 575 EOS
1372 516 1491 585 QUI
1532 514 2153 575 SUBINTRODUCTAS
2194 517 2468 572 ΠᾹΒΕΝΤ
2510 515 2851 571 νηιοιΝΕδ.

3390 510 3495 565 500

244 645 336 699 τοῦ
402 645 788 720 προσήκοντος.
849 645 977 697 Ὅτε
1038 642 1138 713 μὲν
1190 640 1299 711 γὰρ
1365 639 1491 709 περὶ
1558 640 1659 709 τῆς
1706 641 1813 694 τῶν
1919 642 2188 709 ἀδελφόν
2207 657 2322 708 μου
2344 636 2753 691 σκανδαλίσω.
2771 634 2880 687 Καὶ
2903 636 2999 686 οὐκ
3020 629 3138 685 εἶπε
3160 630 3329 685 ταῦτα
3352 632 3497 703 ἅπερ

246 730 554 801 ἐδεσμάτων
582 732 852 799 διελέγετο
881 730 1118 798 φύσεως.
1155 726 1249 778 καὶ
1302 724 1511 777 ἐδείκνυ
1570 726 1816 797 καθαρὰν
1918 739 2101 807 ἡμεῖς,
2134 736 2237 797 ὃτι,
2282 732 2422 800 Ἐγὼ
2454 731 2630 804 μέλλω
2662 731 2761 800 τῆς
2810 728 3014 801 ἐτέρων
3061 727 3281 795 ἀλογίας
3327 726 3497 779 ὑπεύ-

247 815 413 887 αὐτὴν
447 814 629 879 οὖσαν,
665 818 756 870 καὶ
786 815 883 883 τῆς
923 808 1218 877 Ἰουδαϊκῆς
1234 809 1539 879 ἀπήλλαττε
1568 827 1819 881 παρατηο

252 906 481 971 ρήσεως,
518 902 849 959 εἰσελθόντος
889 895 982 947 τοῦ
1034 893 1238 963 Πέτρου
1279 894 1372 947 καὶ
1414 896 1654 956 εἰπόντος
1680 927 1694 956 ,
1738 894 1819 944 ὅτι

262 985 893 1048 Ἐσκανδαλίσθησαν,
925 980 1099 1045 Ἄφες
1136 978 1375 1044 αὐτοὺς,
1433 990 1593 1047 φησι·
1640 976 1735 1028 καὶ
1759 974 1821 1024 οῦ

254 1068 411 1135 μόνον
444 1068 844 1138 κατεφρόνησεν
878 1061 1079 1123 αὐτῶν,
1126 1061 1260 1114 ἀλλά
1290 1064 1383 1116 καὶ
1412 1060 1564 1132 [212]
1592 1057 1825 1124 κατηγὸ·

257 1168 417 1221 ρησεν
470 1152 660 1209 εἰπὼν,
696 1147 871 1200 Πᾶσα
908 1144 1015 1215 γάρ
1050 1148 1281 1215 φυτεία,
1328 1145 1407 1211 ἢν
1434 1147 1544 1197 οὐκ
1583 1142 1826 1208 ἐφύτευ-

252 1252 363 1287 σεν
382 1240 414 1290 ό
437 1237 635 1300 Πατὴρ
658 1248 777 1299 μου
804 1234 835 1284 ό
856 1229 1151 1298 οὐράνιος,
1177 1228 1629 1299 ἐκριζὶυθιὶσεται
1649 1241 1661 1251 ·
1685 1222 1827 1273 οὕτω

254 1319 342 1370 τὸν
387 1320 546 1387 νόμον
577 1315 830 1386 ὴκύρωσε
866 1316 956 1367 τὸν
998 1316 1124 1387 περὶ
1156 1313 1481 1385 βρωμάτων.
1522 1304 1742 1376 Ἐπειδὴ
1771 1304 1826 1356 δὲ

253 1404 300 1454 οἱ
328 1404 395 1456 τὰ
421 1402 687 1470 δίδραχμα
708 1399 1085 1464 ἀπαιτοῦντες,
1117 1400 1194 1470 τῷ
1226 1400 1415 1466 Πέτρῳ
1436 1391 1827 1461 προσελθόντες

252 1487 459 1551 ἔλεγον,
509 1485 561 1535 Ὀ
609 1483 977 1548 διδάσκαλός
1027 1498 1144 1537 σου
1195 1483 1266 1533 οὐ
1310 1476 1473 1530 τελεῖ
1513 1474 1585 1526 τὰ
1634 1472 1829 1540 δίδρα-

256 1585 397 1637 χμα,
424 1569 605 1622 ούκέτι
662 1568 721 1622 τὸ
757 1569 887 1622 αὐτὸ
936 1566 1256 1635 πεποίηκεν,
1294 1563 1428 1631 ὅπερ
1462 1559 1549 1611 ἐπ’
1582 1558 1826 1618 ἐκείνων,

254 1651 390 1704 ἀλλά
439 1652 711 1723 φροντίζει
750 1652 841 1704 τοῦ
880 1648 1176 1704 σκανδάλου
1224 1645 1319 1698 καί
1354 1659 1547 1712 φησιν’
1594 1643 1717 1694 Ἵνα
1762 1640 1831 1691 δὲ

250 1734 336 1803 μὴ
390 1735 890 1802 σκανδαλίσωμεν
942 1731 1181 1795 αὐτοὺς,
1241 1725 1553 1793 πορευθείς
1594 1727 1681 1789 είς
1718 1724 1832 1790 τὴν

255 1819 578 1874 θάλασσαν
599 1818 756 1883 βάλε
808 1817 1151 1885 ἄγκιστρον.
1183 1811 1281 1864 καί
1309 1822 1335 1849 ι
1374 1808 1479 1861 τὸν
1530 1807 1833 1862 ἀναϐάντα

257 1903 493 1968 πρῶτον
534 1902 704 1970 ἰχθὺν
732 1896 899 1968 ἄρον,
932 1900 1026 1951 καί
1062 1895 1341 1961 εὑρήσεις
1369 1891 1439 1943 ἐν
1476 1891 1556 1957 τῷ
1585 1892 1832 1959 στόματι

258 1985 443 2037 αὑτοῦ
487 1983 781 2049 στατῆρα·
819 1981 1037 2035 τοῦτον
1050 1976 1252 2031 λαϐὼν
1270 1975 1377 2040 δὸς
1400 1976 1533 2028 ἀντὶ
1564 1975 1709 2043 ἐμοῦ
1731 1976 1829 2027 καί

258 2068 394 2120 σοῦ.
438 2068 595 2136 Ὁρᾷς
637 2066 732 2118 καὶ
785 2063 1135 2135 φροντίζοντα
1173 2060 1267 2110 καί
1322 2058 1397 2127 μὴ
1447 2058 1827 2128 φροντίζοντας

271 2149 537 2202 Ἐνταῦθα
568 2150 663 2219 μὲν
694 2150 801 2218 γὰρ
840 2149 940 2200 οὐκ
965 2142 1033 2215 ἦν
1066 2144 1391 2209 κατεπεῖγον
1422 2141 1831 2212 ἐκκαλυφθῆναι

258 2233 353 2286 τοῦ
376 2233 711 2299 Μονογενοῦς
732 2236 829 2304 τὴν
842 2231 999 2297 δόξαν
1018 2246 1030 2259 ’
1055 2228 1170 2282 πῶς
1194 2228 1324 2293 γάρ,
1352 2227 1485 2278 ὅπου
1512 2226 1607 2278 καὶ
1630 2227 1795 2295 ἐπετή
1810 2255 1828 2267 -

258 2315 413 2369 δευεν
456 2316 622 2385 αὐτὴν
673 2314 1005 2379 συσκιάζειν,
1032 2312 1127 2365 καὶ
1152 2311 1366 2363 ἐκέλευε
1395 2309 1607 2372 πολλοῖς
1639 2313 1714 2380 μὴ
1749 2309 1835 2361 λέο

261 2415 403 2465 γειν,
433 2400 514 2450 ὅτι
551 2400 712 2460 αὐτὸς
757 2399 843 2469 εἴη
898 2400 926 2451 6
967 2395 1236 2466 Χριστός;
1269 2392 1378 2448 Καὶ
1427 2394 1515 2448 διά
1542 2394 1696 2448 τοῦτο
1729 2393 1836 2447 ἀπὸ

266 2481 363 2549 μὲν
395 2480 489 2532 τοῦ
525 2481 833 2533 καταθεῖναι
867 2480 935 2533 τὰ
992 2478 1306 2549 δίδραχμαδ
1337 2477 1488 2531 οὐδὲν
1517 2474 1583 2549 ἦν
1617 2477 1833 2549 βλάϐος,

264 2561 373 2614 ἀπὸ
404 2562 459 2614 δὲ
486 2562 579 2614 τοῦ
606 2562 679 2633 μὴ
700 2562 1011 2616 καταθεῖναι
1043 2562 1256 2633 μεγάλα
1284 2560 1525 2614 ἐτίκτετο
1555 2562 1729 2615 κακά’
1762 2562 1839 2625 ὡς

264 2645 375 2715 γὰρ
402 2646 684 2715 τύραννον,
718 2647 812 2700 καὶ
843 2646 1189 2718 ἀνταίροντα,
1214 2645 1307 2699 καί
1336 2644 1436 2713 τῆς
1460 2644 1667 2708 πόλεως
1692 2644 1837 2697 άπά-

267 2745 367 2798 σης
391 2729 603 2798 ἐχθρὸν,
633 2730 726 2782 καὶ
749 2731 827 2792 είς
872 2732 995 2791 τοὺς
1017 2730 1277 2799 ἐσχάτους
1301 2728 1636 2799 ἐμϐάλλοντα
1662 2728 1842 2782 κινδύ-

262 2828 407 2874 νους,
454 2813 623 2875 οὕτως
666 2813 732 2866 ἂν
766 2813 1217 2884 ἀπεστράφησαν.
1276 2813 1376 2864 Διά
1418 2813 1481 2883 δὴ
1535 2812 1695 2865 τοῦτο
1746 2812 1842 2863 καὶ

268 2895 619 2964 βουλομένους
651 2896 847 2959 αὐτοὺς
886 2897 1130 2967 ἁρπάσαι
1173 2906 1233 2948 τε
1281 2893 1445 2947 αὑτὸν
1482 2896 1575 2946 καὶ
1615 2893 1843 2964 βασιλέα

266 2978 489 3047 ποιῆσαι
520 2978 765 3047 ἀπέφυγε
802 2978 1105 3051 πόρρωθεν,
1141 2980 1206 3030 ἐκ
1245 2976 1439 3029 πολλοῦ
1482 2975 1579 3028 τοῦ
1619 2976 1838 3045 περιόν-

264 3078 357 3124 τος
395 3060 598 3131 ταύτην
643 3063 1083 3132 ἀποκρουόμενος
1137 3062 1238 3130 τὴν
1283 3058 1575 3129 ὑπόληψιν.
1610 3059 1757 3111 Ἐκεῖ
1787 3058 1845 3111 δὲ

268 3144 559 3211 ἀναγκαῖον
610 3143 671 3197 τὸ
728 3143 1159 3214 κατορθούμενον
1190 3138 1287 3213 ἦν·
1322 3142 1404 3195 διὸ
1441 3141 1732 3213 χρησίμως
1785 3159 1845 3195 τε

274 3231 368 3281 καὶ
416 3230 686 3299 εὐκαίρως
724 3230 818 3283 καὶ
861 3229 952 3281 ἐπὶ
1009 3226 1391 3299 κατορθώματι
1443 3227 1651 3297 μείζονι
1724 3245 1848 3281 κατ-

273 3313 540 3384 ἐφρόνησε
581 3312 675 3366 τοῦ
724 3312 1040 3369 σκανδάλου.
1072 3313 1182 3365 Καὶ
1208 3312 1317 3382 γὰρ
1350 3308 1605 3382 εὔκαιρον
1636 3307 1705 3382 ἦν
1737 3310 1847 3365 λοι-

274 3398 373 3448 πὸν
400 3398 526 3459 τοὺς
560 3396 850 3466 μέλλοντας
889 3397 984 3449 ἐπὶ
1022 3397 1121 3467 τὴν
1169 3396 1480 3466 ἀκροτάτην
1536 3395 1847 3449 ἀναϐαίνειν

273 3479 615 3548 φιλοσοφίαν,
637 3479 710 3549 μὴ
741 3479 970 3533 κωλύειν
1011 3479 1099 3533 διὰ
1130 3480 1230 3550 τὴν
1271 3480 1351 3542 είς
1383 3480 1511 3543 τοὺς
1552 3480 1845 3543 Ἰουδαίους

271 3559 459 3628 φειδὼ,
498 3562 611 3614 ἀλλ’
640 3560 859 3630 ἀφιέναι
908 3562 1096 3615 λοιπὸν
1156 3560 1249 3615 τοῦ
1310 3564 1503 3634 καιροῦ
1556 3562 1846 3627 καλοῦντος

272 3647 365 3699 ἐπὶ
396 3646 494 3717 τὴν
540 3646 641 3717 τῆς
696 3646 875 3717 ψυχῆς
914 3646 1286 3719 καθαρότητα,
1332 3648 1428 3701 καὶ
1470 3648 1544 3719 μὴ
1596 3648 1846 3721 κατέχειν

272 3730 329 3780 ἐν
354 3730 419 3798 τῇ
457 3732 741 3801 σωματικῇ
774 3734 1179 3801 παρατηρήσει,
1210 3731 1348 3785 ἀλλά
1398 3735 1702 3803 συγχωρεῖν
1748 3734 1847 3803 τῆς

270 3812 692 3882 ταπεινότητοςε
744 3814 1176 3868 ἀπαλλάττεσθαι
1236 3814 1469 3886 ἐκείνης.
1537 3816 1692 3869 Οὕτω
1754 3820 1849 3872 καὶ

272 3893 483 3971 Παῦλος
520 3897 611 3947 καὶ
659 3899 989 3967 καταφρονεῖ
1048 3897 1156 3951 τῶν
1201 3900 1721 3971 σκανδαλιζομένων,
1754 3903 1851 3956 καὶ

273 3967 335 4031 ού
366 3983 716 4051 καταφρονεῖ,
770 3982 1077 4036 ἀκολουθῶν
1098 3982 1177 4053 τῷ
1206 3967 1536 4055 διδασκάλῳ,
1567 3986 1662 4039 καί
1694 4004 1848 4058 φησι·

274 4063 477 4117 Πάντα
523 4063 712 4118 πᾶσιν
765 4065 1030 4133 ἀρέσκω,
1095 4067 1182 4137 μὴ
1231 4066 1419 4134 ζητῶν
1468 4070 1536 4121 τὸ
1587 4071 1850 4138 ἐμαυτοῦ

274 4148 603 4216 συμφέρον,
644 4150 805 4204 ἀλλὰ
852 4151 918 4204 τὸ
953 4149 1074 4204 τῶν
1100 4151 1368 4215 πολλῶν,
1410 4154 1513 4206 ἵνα
1549 4154 1847 4209 σωθῶσιν.

276 4232 339 4285 Εἰ
367 4231 421 4284 δὲ
448 4231 654 4296 Παῦλος
675 4234 736 4287 τὸ
763 4236 958 4288 οἰκεῖον
985 4238 1200 4308 παρορᾷ
1219 4238 1516 4308 συμφέρον,
1545 4238 1631 4291 ἵνα
1658 4240 1717 4292 τὸ
1742 4240 1849 4292 τῶν

274 4316 449 4370 ἀλλων
496 4316 650 4389 εῦρῃ,
679 4318 852 4389 πόσης
886 4320 984 4373 οὐκ
1018 4319 1084 4373 ἂν
1125 4321 1315 4391 εἴημεν
1358 4320 1498 4384 ἄξιοι
1551 4320 1847 4385 κολάσεως,

280 4399 414 4468 μηδὲ
442 4400 647 4462 οἰκείας
673 4401 973 4471 ἀποστῆναι
1005 4402 1207 4473 βλάϐης
1236 4405 1550 4475 ἀνεχόμενοι
1583 4405 1723 4475 ὑπὲρ
1752 4406 1848 4458 τοῦ

274 4483 335 4533 τὸ
353 4482 551 4552 ἐτέρων
571 4484 844 4554 συμφέρον
858 4487 1057 4556 εὑρεῖν,
1076 4488 1189 4540 ἀλλ’
1210 4488 1380 4558 ἡδέως
1399 4488 1517 4559 μεθ’
1532 4491 1739 4543 ἑαυτῶν
1756 4492 1851 4543 καὶ

277 4565 495 4636 ἐτέρους
526 4568 1012 4636 προσαπολλύντες,
1041 4572 1214 4642 παρὸν
1244 4575 1335 4627 καὶ
1360 4575 1586 4640 ἑαυτοὺς
1610 4576 1705 4628 καὶ
1736 4577 1853 4629 ἐτέ-

282 4666 406 4721 ρους
436 4649 731 4715 διασῶσαι;
768 4652 863 4703 Διά
894 4653 956 4722 δὴ
997 4654 1176 4719 τοῦτο,
1204 4658 1333 4709 ὅταν
1365 4657 1464 4728 μὲν
1508 4658 1591 4729 ἴδῃ
1626 4659 1760 4711 πολὺ
1792 4661 1853 4713 τὸ

279 4734 485 4805 κέρδος,
516 4733 724 4803 καὶτῆς
760 4735 853 4786 τοῦ
891 4738 1182 4790 σκανδάλου
1217 4740 1421 4811 βλάϐης
1453 4742 1658 4812 μεῖζον,
1684 4760 1854 4796 κατα-

278 4820 463 4889 φρονεί
489 4817 596 4899 τ-ῶν
642 4818 1146 4899 σκανδαλιζομένων
1168 4834 1184 4849 ’
1208 4822 1338 4874 ὅταν
1373 4824 1431 4876 δὲ
1467 4826 1659 4895 κέρδος
1750 4845 1853 4898 μη-

276 4886 384 4961 δεν,
442 4894 601 4948 τοῦτο
661 4895 715 4948 δὲ
781 4898 940 4965 μόνον
970 4886 1054 4951 τὸ
1111 4886 1557 4967 σκανδαλίζεσθαι
1603 4886 1849 4979 ὲᾷιόἧὸαὶ,

276 4986 453 5039 πάντα
496 4982 592 5034 καὶ
644 4984 817 5035 ποιεῖν
861 4984 956 5035 καὶ
1014 4985 1244 5055 πάσχειν
1290 4988 1547 5057 αἱρεῖται,
1580 4989 1719 5043 ὥστε
1779 4992 1853 5063 μὴ

275 5068 433 5122 τοῦτο
458 5064 729 5137 γενέσθαι.
755 5068 863 5119 Καὶ
876 5067 936 5119 ού
954 5066 1233 5136 φιλοσοφεῖ
1252 5069 1496 5131 τοιαῦτα,
1514 5067 1603 5125 οἷα
1624 5076 1785 5144 ἡμεῖς
1800 5073 1850 5137 ἀ,

276 5151 397 5203 οὐδὲ
433 5150 599 5218 λέγει,
628 5150 727 5203 Διά
776 5149 828 5202 τί
862 5150 969 5221 γάρ
1008 5152 1143 5203 εἰσιν
1183 5149 1461 5216 ἀσθενεῖς;
1519 5154 1611 5209 διὰ
1654 5157 1708 5209 τί
1746 5158 1854 5226 γὰρ

278 5232 486 5301 ἀλόγως
542 5232 713 5286 ταῦτα
760 5234 1091 5303 πάσχουσιν;
1154 5232 1290 5285 άλλά
1335 5232 1404 5285 δι’
1445 5237 1579 5290 αὐτὸ
1634 5240 1735 5309 μὲν
1762 5236 1854 5292 οὖν

277 5315 434 5367 τοῦτο
467 5316 697 5385 μάλιστα
723 5317 899 5371 αὐτῶν
936 5317 1195 5387 φείδεται,
1221 5316 1405 5388 ἐπειδὴ
1445 5319 1660 5389 ἀλόγως
1689 5322 1848 5376 τοῦτο

280 5396 599 5466 πάσχουσιν,
630 5402 818 5473 ἐπειδὴ
842 5402 1089 5465 ἀσθενεῖς
1126 5402 1282 5453 εἰσιν.

348 5478 411 5533 δ’.
442 5479 577 5531 Είπέ
604 5484 713 5553 γάρ
746 5503 865 5554 μοι,
900 5486 1057 5539 ποίαν
1086 5484 1198 5554 ἔχει
1234 5484 1507 5554 πρόφασιν
1532 5486 1753 5557 εὔλογον
1782 5492 1857 5543 εί-

280 5564 402 5614 πεῖν
450 5563 478 5613 6
519 5564 1001 5638 σκανδαλιζόμενος
1044 5570 1135 5621 ἐπὶ
1164 5566 1242 5637 τῷ
1280 5566 1513 5620 ἐσθίοντι
1544 5571 1712 5640 κρέας
1763 5576 1858 5627 καὶ

280 5641 421 5696 οἶνον
450 5643 693 5710 πίνοντι;
728 5648 913 5703 τοῦτον
942 5654 1050 5725 γὰρ
1089 5652 1117 5704 ὁ
1156 5650 1287 5713 Θεὸς
1321 5650 1411 5702 τὸν
1440 5650 1605 5720 νόμον
1651 5655 1857 5707 ἄνωθεν

281 5726 516 5791 ἐξέθετο.
564 5726 701 5779 Ἀλλ’
733 5728 882 5798 ὅμως
928 5737 1032 5789 κᾶν
1066 5738 1157 5790 ἐπὶ
1189 5734 1396 5797 τούτοις
1436 5735 1856 5808 σκανδαλίξηταί

280 5828 384 5873 τις,
424 5812 516 5863 καὶ
566 5810 769 5863 τούτων
808 5816 837 5865 6
888 5816 1097 5882 Παῦλος
1148 5820 1432 5891 ἀπέχεται.
1470 5820 1552 5872 Οὐ
1615 5820 1725 5890 γάρ
1767 5822 1854 5889 μὴ

280 5896 449 5965 φάγω
487 5892 684 5961 κρέας,
736 5896 891 5965 φησί,
950 5902 1093 5955 οὐδέ
1120 5906 1234 5957 πίω
1279 5901 1465 5969 οἶνον,
1506 5904 1606 5957 ἵνα
1633 5905 1717 5973 μὴ
1753 5904 1858 5959 τὸν

342 6012 368 6082 _‘
391 6010 539 6082 ξενίη.
569 6009 755 6082 αύτούς,
915 6013 1165 6079 ἄγκιστρον
1187 6020 1249 6074 εἷς
1270 6021 1354 6077 τήν
1376 6022 1632 6082 θάλασσαν,
1663 6022 1758 6069 καί.

340 6072 370 6112 δ
390 6072 538 6137 ξενιι.
563 6075 648 6137 τήν
669 6072 898 6137 δραχμήν.

341 6134 850 6208 τεπλκςθαράεηέδς·

346 6196 371 6236 ⁸
390 6196 537 6247 Savil.
558 6196 703 6259 ὑμεῖς.

1923 820 2080 879 θυνος
2104 814 2255 887 [25ὖῖ
2287 810 2459 881 εἷναις
2492 818 2608 878 καὶ,
2656 813 2783 868 Ἐάν
2818 829 2923 866 τινι
2953 811 3080 884 δόξῃ
3106 810 3499 877 σκανδαλισθῆ-

1920 920 2010 955 ναι
2055 900 2258 963 ἀπλῶς,
2293 899 2402 968 ἐγὼ
2451 901 2644 971 ἔσομαι
2676 898 2827 965 ἀξιος
2865 896 3023 965 δίκην
3049 895 3268 956 δοῦναι;
3306 892 3497 944 Καίτοι

1925 984 2020 1037 καὶ
2072 985 2121 1035 εί
2164 979 2304 1046 εἷπε,
2344 984 2518 1053 πολλῴ
2564 984 2899 1053 δικαιότερον
2933 981 2998 1035 ἂν
3042 978 3200 1049 ἡμῶν
3244 972 3385 1028 εἷπε.
3441 974 3500 1026 '0

1930 1066 2029 1135 μὲν
2086 1065 2195 1137 γὰρ
2251 1068 2338 1120 ἐπ’
2393 1068 2625 1129 ἐκείνοις
2683 1064 3170 1133 σκανδαλιζόμενος
3220 1059 3503 1125 ἀλόγιστος

1930 1148 2133 1219 σφόδρα
2180 1152 2274 1204 καὶ
2320 1151 2579 1221 ἀνόητος⁶
2615 1150 2644 1201 ὁ
2685 1148 2741 1201 δὲ
2780 1148 2873 1199 ἐπὶ
2918 1146 3150 1207 τούτοις,
3183 1142 3383 1205 πολλάς
3437 1141 3504 1193 ἂν

1931 1232 2085 1302 σχοίη
2118 1231 2331 1296 δικαίας
2369 1235 2464 1287 καὶ
2489 1232 2743 1299 εὐλόγους
2766 1230 2943 1291 αἰτίας
2971 1230 3146 1281 εἰπεῖν
3166 1245 3179 1260 ο
3218 1227 3333 1282 ἀλλ’
3354 1227 3504 1296 ὅμως

1929 1319 2021 1372 καὶ
2056 1318 2363 1391 δικαιότερα
2388 1318 2454 1373 ἂν
2488 1319 2644 1389 ἡμῶν
2680 1315 2850 1370 είπὼν
2874 1318 2902 1368 6
2936 1314 3165 1377 Παῦλος,
3201 1315 3301 1366 οὐκ
3328 1308 3501 1373 εἶπεν,

1929 1402 2043 1455 ἀλλ’
2106 1404 2184 1466 εἰς
2229 1403 2286 1455 ἐν
2325 1403 2486 1473 μόνον
2544 1398 2673 1462 εἶδε,
2705 1399 2799 1453 τοῦ
2830 1398 3054 1467 πλησίον
3081 1397 3179 1467 τὴν
3208 1395 3502 1465 σωτηρίαν.

1930 1486 2040 1537 Καὶ
2066 1485 2163 1537 θέα
2186 1486 2282 1556 τὴν
2309 1485 2615 1557 ὑπερϐολήν
2635 1500 2648 1515 ⁸
2684 1483 2745 1535 οὐ
2780 1481 2890 1553 γάρ
2921 1476 3071 1533 εἶπεν
3107 1479 3252 1543 ἆπαξ
3277 1478 3310 1549 ἢ
3343 1476 3446 1540 δὶς,
3472 1474 3506 1545 ἢ

1930 1567 2086 1619 τόσον
2111 1568 2205 1620 καὶ
2227 1569 2381 1621 τόσον
2404 1570 2619 1639 χρόνον·
2650 1564 2787 1629 ἀλλ’,
2818 1567 2922 1630 Είς
2946 1565 3054 1617 τὸν
3083 1561 3288 1625 αίῶνα,
3321 1560 3505 1629 φησὶν,

1933 1651 2004 1702 οὐ
2020 1649 2107 1718 μὴ
2146 1650 2333 1718 φάγω,
2367 1653 2415 1702 εί
2466 1649 2873 1711 σκανδαλίζοιτο
2924 1648 3129 1717 ἕτερος.
3166 1646 3277 1699 Καὶ
3312 1644 3400 1697 ἵνα
3431 1643 3509 1712 μὴ

1933 1732 2160 1803 νομίσῃς
2191 1733 2350 1803 μέχρι
2390 1731 2594 1785 τούτων
2647 1731 2808 1784 αὐτὸν
2838 1730 3081 1795 ἐστάναι,
3114 1729 3209 1782 καὶ
3234 1726 3422 1798 ’ἐτερόν
3455 1743 3509 1777 τι

1938 1819 2249 1890 προσέθηκε
2275 1817 2463 1871 τούτου
2496 1816 2654 1869 πλέον
2675 1832 2689 1845 ο
2727 1814 2895 1867 εἰπὼν
2925 1814 3053 1884 γὰρ,
3096 1814 3298 1865 Καλὸν
3320 1809 3388 1863 τὸ
3421 1810 3509 1877 μὴ

1932 1902 2146 1971 φαγεῖν
2170 1901 2369 1969 κρέας,
2397 1899 2557 1969 μηδὲ
2596 1898 2756 1952 πιεῖν
2790 1894 2978 1958 οἶνον,
3022 1896 3226 1965 συνῆψε
3267 1895 3509 1953 κάκεῖνο,

1933 1985 2099 2053 Μηδὲ
2122 1985 2192 2038 ἐν
2224 1979 2273 2052 ᾧ
2293 1989 2326 2038 ό
2359 1984 2625 2053 ἀδελφός
2658 2000 2775 2037 σου
2817 1982 3205 2050 προσκόπτει,
3256 1979 3293 2045 ἡ
3322 1991 3512 2029 σκαν-

1933 2067 2247 2128 δαλίζεται,
2284 2069 2323 2134 ἢ
2378 2066 2638 2121 ἀσθενεῖ.
2672 2067 2781 2119 Καὶ
2824 2065 2984 2118 πάλιν
3031 2063 3223 2115 σκόπει
3281 2077 3371 2130 μοι
3415 2060 3515 2128 τὴν

1936 2151 2127 2220 σοφίαν
2154 2150 2249 2203 τοῦ
2298 2150 2619 2203 διδασκάλου
2643 2166 2656 2178 ·
2692 2150 2782 2201 τὸν
2829 2150 2927 2218 μὲν
2958 2145 3287 2199 ἀσθενοῦντα
3328 2144 3513 2212 ἀφεὶς,

1935 2234 2026 2286 τὸν
2058 2234 2273 2305 ἰσχυρὸν
2305 2233 2507 2302 διορθοῖ
2558 2233 2665 2303 πρὸ
2706 2232 2948 2285 ἐκείνουο
2992 2223 3147 2291 οὗτος
3189 2228 3299 2297 γάρ
3345 2227 3516 2288 αῖτιος

1936 2315 2030 2369 τοῦ
2062 2317 2307 2369 ἀσθενεῖν
2338 2318 2565 2377 ἐκεῖνον,
2596 2319 2623 2369 6
2647 2314 2837 2387 κύριος
2862 2313 2936 2366 ὢν
2971 2310 3260 2383 διορθῶσαι
3291 2309 3389 2381 τὴν
3420 2310 3519 2379 ἀρ-

1941 2400 2197 2469 ρωστίαν,
2233 2400 2327 2452 καὶ
2381 2399 2454 2469 μὴ
2502 2398 2661 2451 τοῦτο
2698 2398 2888 2450 ποιῶν.
2943 2394 3054 2449 Καὶ
3098 2394 3152 2447 τί
3202 2393 3344 2461 λέγω
3388 2392 3520 2462 περὶ

1938 2480 2048 2532 τῶν
2084 2480 2326 2535 ἀσθενῶν
2375 2481 2657 2550 ἀδελφῶν;
2700 2482 2811 2535 Καὶ
2836 2480 2944 2549 γὰρ
2982 2478 3077 2533 καὶ
3118 2476 3387 2538 Ἰουδαίοις
3426 2476 3521 2527 καὶ

1943 2564 2171 2637 Ἕλλησι
2234 2563 2446 2618 κελεύει
2501 2566 2705 2634 ταύτην
2761 2564 3022 2634 παρέχειν
3089 2560 3187 2632 τὴν
3242 2559 3517 2629 πρόνοιαν.

1955 2648 2346 2715 Ἃπρόσκοποι
2404 2646 2534 2721 γάρ,
2572 2647 2726 2716 φησὶ,
2768 2648 3009 2715 γίνεσθε
3062 2645 3162 2698 καί
3217 2642 3523 2707 Ἰουδαίοις

1944 2734 2039 2786 καὶ
2070 2734 2331 2801 Ἕλλησι
2358 2732 2456 2786 καὶ
2488 2731 2562 2800 τῇ
2604 2732 2934 2797 Ἐκκλησία
2964 2730 3069 2783 τοῦ
3096 2728 3243 2782 Θεοῦ
3276 2742 3322 2780 υ.
3358 2728 3521 2779 Ὥστε

1943 2817 2052 2885 ὅσῳ
2090 2816 2156 2869 ἂν
2194 2816 2539 2887 ἰσχυρότερον
2572 2810 2710 2868 εἶναι
2755 2814 2920 2885 λέγῃς
2965 2811 3177 2875 σαυτὸν,
3217 2806 3326 2863 καῖ’
3358 2810 3524 2880 μηδὲν

1944 2899 2051 2952 ἀπὸ
2090 2898 2191 2968 τῆς
2236 2899 2949 2970 όμοσκηνίαςβλάπτεσθαι
3005 2896 3237 2967 ταύτης,
3282 2892 3524 2961 τοσούτῳ

1950 2983 2148 3054 μᾶλλον
2194 2983 2495 3036 ὑπεύθυνον
2537 2982 2732 3036 σαυτὸν
2787 2982 3052 3052 καθιστᾷς
3084 2980 3181 3033 τοῦ
3226 2977 3525 3033 διασπάσαι

1944 3068 2035 3121 τὸν
2072 3067 2290 3138 δεσμόν.
2323 3068 2474 3136 Ὀσῳ
2511 3067 2621 3136 γάρ
2654 3066 2723 3119 ἄν
2765 3062 2833 3136 ᾗς
2885 3065 3254 3136 ἰσχυρότερος,
3283 3060 3525 3130 τοσούτῳ

1946 3150 2279 3221 δικαιότερος
2313 3151 2379 3203 ἂν
2410 3150 2527 3219 εῐης
2570 3150 2662 3203 τὸν
2692 3148 3082 3219 ἀσθενέστερον
3127 3144 3485 3199 διαϐαστάσαι
3506 3159 3521 3175 ⁸

1949 3233 2015 3287 ἂν
2046 3234 2145 3304 μὲν
2175 3229 2269 3287 οὖν
2294 3232 2525 3303 ἀσθενὴς
2552 3228 2638 3304 ᾖς,
2667 3232 2755 3286 διά
2788 3232 2983 3285 σαυτὸν
3014 3228 3284 3301 ἀπόστηθι
3304 3244 3317 3257 ⁶
3346 3226 3441 3281 ἐὰν
3467 3226 3526 3282 δὲ

1952 3317 2326 3388 ἰσχυρότερος,
2376 3314 2465 3367 διὰ
2514 3314 2605 3368 τὸν
2657 3313 3004 3368 ἀσθενοῦντα.
3060 3313 3135 3366 Ού
3183 3312 3295 3383 γὰρ
3345 3309 3526 3379 ἐαυτῷ

1950 3401 2131 3470 μόνον,
2198 3398 2335 3453 ἀλλά
2396 3400 2491 3452 καὶ
2538 3398 2747 3469 ἑτέροις
2798 3398 3017 3469 ίσχυρδν
3068 3392 3207 3449 εἶναι
3266 3395 3373 3466 χρὴ
3432 3393 3526 3445 τὸν

1951 3485 2222 3554 ἰσχύοντα.
2255 3482 2318 3535 Et
2350 3482 2409 3535 δὲ
2454 3482 2629 3551 λέγων
2680 3480 2909 3551 ίσχύειν,
2954 3481 3055 3551 τὴν
3092 3478 3378 3533 ἀσθένειαν
3426 3476 3529 3547 τὴν

1948 3568 2156 3622 ἐκείνου
2210 3568 2492 3638 περιορᾷς,
2542 3564 2740 3635 διπλῆν
2771 3563 2962 3628 δώσεις
2996 3564 3174 3635 δίκην,
3215 3564 3299 3617 ὅτι
3330 3579 3394 3615 τε
3426 3562 3529 3614 οὐκ

1950 3652 2170 3722 ἐφείσω,
2197 3652 2291 3704 καὶ
2324 3651 2407 3703 ὅτι
2438 3649 2638 3720 πολλὴν
2669 3650 2807 3719 ἔχων
2839 3649 2929 3702 τοῦ
2959 3648 3247 3718 φείσασθαι
3274 3646 3525 3716 δύναμιν.

1960 3735 2291 3798 ’Υπεύθυνος
2310 3735 2421 3805 γὰρ
2440 3734 2670 3794 ἕκαστος
2688 3736 2721 3804 ή
2730 3734 2846 3805 μῶν
2866 3733 2965 3803 τῆς
2980 3732 3076 3785 τοῦ
3102 3730 3328 3801 πλησίον
3354 3746 3529 3800 σωτη-

1954 3820 2075 3892 ρίας
2118 3821 2253 3874 ἐστι.
2286 3818 2385 3871 Διά
2412 3817 2569 3871 τοῦτο
2608 3818 2729 3888 οὐχὶ
2770 3817 2838 3870 τά
2871 3817 3080 3871 ἑαυτῶν
3116 3817 3359 3875 σκοπεῖν,
3391 3812 3530 3867 ἀλλά

1951 3904 2021 3958 τά
2050 3903 2147 3957 τοῦ
2181 3903 2409 3973 πλησίον
2430 3902 2847 3973 ἐκελεύσθημεν.
2876 3903 3052 3971 Τιμῆς
3072 3900 3183 3971 γὰρ
3215 3897 3527 3971 ἠγοράσθη-

1956 4005 2055 4059 μεν
2075 4004 2087 4017 ⁸
2122 3990 2150 4040 6
2178 3988 2235 4040 δὲ
2266 3986 2542 4058 ἀγοράσας
2586 3988 2732 4057 ἡμᾶς
2759 3985 2917 4039 τοῦτο
2963 3983 3295 4056 προσέταξεν
3337 3983 3429 4035 ἐπὶ
3458 3983 3527 4052 τῇ

1954 4074 2106 4142 κοινῇ
2154 4071 2373 4123 πάντων
2428 4071 2585 4140 ἡμῶν
2645 4069 2971 4140 λυσιτελείᾳ.
3027 4067 3163 4122 Οὐδὲ
3218 4067 3327 4138 γάρ
3372 4064 3533 4118 τοῦτο

1957 4156 2118 4226 μόνον
2143 4154 2432 4223 συμϐαίνει
2484 4155 2546 4206 τὸ
2596 4152 2807 4224 κέρδος,
2842 4154 2925 4206 ὄτι
2973 4152 3043 4205 τὰ
3072 4153 3248 4204 οίκεῖα
3287 4147 3534 4219 σώζομεν

1957 4240 2116 4310 μέλη,
2147 4238 2263 4290 ἀλλ’
2295 4238 2378 4290 ὅτι
2408 4238 2503 4290 καὶ
2548 4237 2769 4307 ἐτέρους
2807 4236 2826 4273 ί
2860 4237 2920 4289 ἐν
2963 4234 3232 4305 ἀσφαλείᾳ
3261 4232 3533 4286 καθιστῶ-

1956 4341 2055 4393 μεν
2091 4320 2317 4392 μείζονι,
2372 4320 2490 4373 Κᾶν
2532 4321 2641 4391 γάρ
2678 4319 2941 4391 μυριάκις
2977 4319 3296 4387 φιλοσοφῇς,
3325 4315 3393 4369 δι’
3431 4317 3529 4369 αὑ-

1951 4406 2059 4458 τῶν
2088 4404 2284 4474 ἐλέγχῃ
2318 4403 2426 4456 τῶν
2462 4403 2824 4473 πραγμάτων,
2853 4401 2915 4454 ού
2954 4403 3055 4472 τὴν
3083 4400 3355 4471 τυχοῦσαν
3379 4400 3532 4470 δεχό-

1956 4504 2115 4558 μενος
2168 4486 2372 4558 βλάόην
2420 4487 2528 4540 ἀπὸ
2558 4487 2656 4557 τῆς
2697 4489 3057 4556 συνοικήσεως
3097 4482 3321 4553 ταύτης.
3366 4483 3535 4536 Ὅταν

1954 4572 2064 4644 γάρ
2112 4572 2206 4625 ῐδω
2264 4588 2323 4623 σε
2370 4570 2840 4631 δυσαποσπάστως
2890 4568 3115 4639 ἔχοντα,
3166 4568 3261 4621 καὶ
3323 4566 3531 4637 μυρίων

1958 4654 2341 4726 βλαπτομένων
2366 4653 2829 4725 καταφρονοῦντα,
2862 4653 2955 4705 καὶ
2988 4652 3197 4705 πολλῶν
3239 4648 3532 4718 ἐγκαλούν-

1954 4758 2061 4793 των
2102 4739 2223 4792 ούδέ
2266 4739 2751 4809 ἐπιστρεφόμενον,
2786 4736 2920 4789 ἀλλά
2950 4738 3042 4789 καὶ
3085 4735 3183 4806 τὴν
3214 4734 3373 4800 δόξαν
3406 4749 3535 4785 σαυ-

1956 4822 2049 4875 τοῦ
2097 4821 2538 4882 καταπατοῦντα,
2583 4820 2675 4873 καὶ
2714 4819 2790 4889 τῷ
2839 4816 3003 4888 κοινῷ
3048 4818 3150 4888 τῆς
3205 4817 3532 4887 Ἐκκλησίας

1958 4906 2415 4977 προστριϐόμενον
2448 4904 2780 4973 κατηγορίαν
2809 4902 3030 4973 πολλὴν,
3060 4904 3152 4956 καὶ
3179 4904 3247 4956 τὰ
3277 4902 3381 4955 τῶν
3408 4901 3532 4954 ἀπί-

1958 5008 2098 5043 στων
2130 4990 2417 5055 ἀνοίγοντα
2464 4988 2731 5057 στόματα,
2766 4989 2860 5040 καὶ
2893 4988 3100 5051 πάντας
3131 4988 3340 5058 πονηρᾷ
3374 5003 3530 5056 περι-

1957 5074 2217 5128 ϐάλλοντα
2247 5072 2394 5144 δόξῃ,
2429 5073 2521 5126 καὶ
2567 5072 2804 5125 τοσαῦτα
2856 5072 2954 5143 μὲν
2986 5071 3093 5124 ἀπὸ
3121 5070 3213 5124 τοῦ
3264 5072 3529 5124 συνοικεῖν

1956 5158 2122 5222 κακὰ,
2148 5155 2351 5223 ἀγαθὸν
2379 5155 2437 5208 δὲ
2464 5155 2632 5226 μηδὲν
2662 5157 2791 5226 ύμῖν
2818 5155 3187 5224 ἐγγινόμενον,
3222 5154 3330 5208 ἀπὸ
3353 5154 3411 5207 δὲ
3435 5154 3528 5208 τοῦ

1955 5238 2258 5312 χωρισμοῦ,
2288 5241 2493 5294 τούτων
2541 5240 2639 5311 μὲν
2673 5241 2927 5295 ἁπάντων
2963 5239 3063 5307 τὴν
3099 5239 3381 5311 ἀναίρεσιν
3422 5240 3530 5293 τῶν

1956 5326 2160 5390 κακῶν,
2194 5326 2407 5379 πολλῶν
2436 5325 2492 5378 δὲ
2540 5326 2743 5397 ἐτέρων
2786 5326 2981 5393 κτῆσιν
3009 5323 3247 5391 ἀγαθῶν,
3278 5320 3395 5376 εἶτα
3431 5325 3531 5377 οὐκ

1956 5410 2282 5479 ἀνεχόμενον
2312 5408 2680 5481 ἀποπηδῆσαι,
2712 5409 2827 5471 πῶς
2859 5408 3157 5477 δυνήσομαι
3194 5409 3375 5459 πεῖσαι
3404 5407 3531 5469 τοὺς

1956 5493 2346 5561 ἐγκαλοῦντας,
2388 5494 2470 5545 ὃτι
2506 5494 2684 5561 πάσης
2734 5490 3039 5561 ἀπήλλαξαι
3076 5489 3451 5559 προσπαθείας
3483 5492 3529 5552 ⁸,

1958 5577 2051 5628 καὶ
2073 5574 2367 5645 ἐπιθυμίας
2403 5571 2453 5627 εἴ
2476 5576 2719 5646 πονηρᾶς
2750 5573 3019 5644 καθαρόςς
3055 5572 3271 5627 Μᾶλλον
3294 5573 3351 5627 δὲ
3380 5573 3533 5625 οὐδὲν

1960 5660 2099 5731 ὑπὲρ
2148 5658 2353 5711 τούτων
2404 5657 2724 5727 φιλονεικῶ·
2768 5656 2919 5729 [254]
2967 5657 3083 5712 ἀλλ’
3116 5658 3256 5711 ἔστω
3300 5675 3358 5711 σε
3393 5652 3529 5710 εἶναι

1961 5746 2054 5797 καὶ
2081 5743 2429 5796 συνοικοῦντα
2460 5743 2724 5813 καθαρόν’
2762 5741 2938 5795 καίτοι
2961 5759 3023 5811 γε
3049 5745 3077 5796 6
3109 5744 3377 5814 μακάριος
3413 5737 3529 5792 Ἰὼϐ

1959 5830 2060 5881 ούκ
2088 5828 2353 5898 ἐτόλμησε
2383 5827 2652 5899 τοσαύτην
2697 5826 2872 5893 ἐαυτῷ
2916 5827 3264 5897 μαρτυρῆσαι
3296 5825 3527 5891 δύναμιν

1963 5913 2054 5964 καὶ
2084 5910 2421 5981 φιλοσοφίαν,
2449 5911 2564 5963 ἀλλ’
2594 5913 2624 5964 6
2672 5912 2848 5964 πᾶσαν
2889 5909 3130 5963 ἐπελθὼν
3172 5908 3395 5980 ἀρετὴν,
3435 5904 3529 5960 καὶ

2031 6062 2053 6122 τ
2082 6058 2230 6122 Savij.
2266 6058 2351 6108 τοῦ
2373 6057 2598 6122 Χριστοῦ.

2032 6119 2050 6157 ί
2076 6119 2226 6169 Savil.
2246 6119 2453 6175 ἑαυτούς.

2031 6185 2055 6224 ⁸
2078 6182 2223 6232 Savil.
2251 6182 2552 6245 συμπαθείας.
