4392 6732
1003 597 1095 650 501

1004 714 1220 767 πάντων
1251 713 1628 785 ὑπερενεχοεὶς
1652 713 1760 766 τῶν
1800 712 1892 764 τοῦ
1924 712 2170 764 διαϐόλου
2201 712 2450 772 δικτύων,
2479 711 2571 763 καὶ

1000 795 1216 865 πρῶτος
1238 798 1332 848 καὶ
1358 797 1516 866 μόνος
1537 796 1802 865 τοσαύτην
1829 793 2235 864 ἐπιδειξάμενος
2257 795 2574 866 καρτερίαν,

1000 877 1096 930 καὶ
1124 881 1305 933 πάντα
1333 880 1548 952 σίδηρον
1577 880 1671 932 καὶ
1697 879 1976 947 ἀδάμαντα
2004 880 2069 946 τῇ
2101 878 2203 947 τῆς
2231 878 2409 948 ψυχῆς
2437 892 2576 945 παρ-

999 959 1175 1015 ελθὼν
1211 965 1521 1034 ἐγκρατείᾳ,
1569 964 1663 1016 καὶ
1716 960 2027 1028 κατακόψας
2059 961 2153 1014 τοῦ
2205 964 2451 1016 διαϐόλου
2479 961 2576 1031 τὴν

1004 1043 1181 1116 ἰσχὺν,
1210 1048 1379 1111 ούτως
1407 1047 1659 1100 ἐδεδοίκει
1691 1045 1792 1114 τὴν
1823 1043 2078 1112 τοιαύτην
2106 1046 2306 1115 πάλην,
2340 1047 2432 1100 καί
2459 1045 2576 1097 ἐνό-

1004 1129 1162 1198 μιζεν
1205 1131 1460 1183 ἀδύνατον
1496 1127 1634 1182 εἶναι
1682 1127 2031 1180 συνοικοῦντα
2085 1129 2340 1200 παρθένῳ
2397 1131 2576 1200 μένειν

1001 1211 1157 1282 ἀσινῆ
1203 1215 1294 1264 καί
1326 1211 1582 1283 καθαρὸν,
1615 1210 1690 1275 ὼς
1739 1212 1813 1283 μὴ
1866 1213 2023 1281 μόνον
2062 1211 2163 1279 τῆς
2215 1216 2579 1285 συνοικήσεως

999 1294 1202 1365 ταύτης
1230 1296 1440 1366 πόρρω,
1465 1295 1559 1349 καὶ
1595 1295 1813 1364 μακράν
1835 1293 2025 1346 ἑαυτὸν
2059 1296 2425 1366 καταστῆσαι,
2444 1297 2580 1350 ἀλλά

999 1377 1093 1428 καὶ
1129 1377 1227 1446 τῆς
1258 1377 1432 1446 ὅψεως
1465 1379 1565 1447 τῆς
1596 1377 1781 1440 ἁπλῶς
1813 1377 1906 1429 καὶ
1955 1377 2061 1428 ἀπὸ
2108 1379 2398 1447 συντυχίας
2433 1396 2580 1446 γινο-

1001 1459 1194 1529 μένης.
1229 1462 1328 1513 καὶ
1356 1461 1518 1532 νόμον
1548 1460 1708 1529 ἔθηκε
1739 1463 1849 1523 τοῖς
1893 1459 2191 1528 ὀφθαλμοῖς
2215 1464 2330 1524 τοῖς
2360 1463 2578 1531 ἐαυτοῦ,

1002 1544 1137 1615 μηδὲ
1163 1545 1349 1608 άπλῶς
1386 1547 1467 1604 εἰς
1509 1544 1775 1614 παρθένον
1824 1544 1970 1596 ἰδεῖν.
2005 1543 2159 1614 ’ῌδει
2209 1544 2398 1612 σαφῶς
2447 1546 2578 1617 γὰρ,

997 1628 1135 1698 ᾔδει,
1167 1629 1249 1680 ὅτι
1277 1627 1338 1679 οὐ
1387 1627 1546 1698 μόνον
1596 1627 1686 1679 τὸν
1737 1625 2110 1690 συνοικοῦντα,
2160 1626 2298 1682 ἀλλά
2344 1629 2439 1682 καὶ
2489 1631 2580 1682 τὸν

998 1711 1264 1781 βλέποντα
1293 1710 1604 1781 περιέργως
1649 1711 1728 1773 εἰς
1761 1709 1884 1779 ὄψιν
1915 1708 2250 1781 παρθενικὴν
2297 1712 2576 1777 δύσκολον,

994 1794 1137 1862 τάχα
1167 1793 1223 1846 δέ
1257 1792 1351 1846 καὶ
1383 1793 1662 1857 ἀδύνατον,
1714 1794 1813 1865 τὴν
1861 1793 2069 1846 ἐκεῖθεν
2117 1793 2402 1864 διαφυγεῖν
2454 1797 2580 1866 βλά-

994 1875 1098 1948 ϐην
1129 1890 1154 1916 ι
1185 1893 1200 1908 ο
1227 1877 1310 1930 διὸ
1341 1877 1524 1944 ἐλεγε’
1559 1879 1666 1932 Καὶ
1698 1880 1770 1932 οὐ
1793 1878 2048 1945 συνήσω
2080 1879 2179 1930 ἐπὶ
2215 1879 2502 1946 παρθένῳ.

1064 2051 1127 2108 ε’.
1156 2053 1218 2106 ΕΞ
1241 2053 1298 2106 δὲ
1327 2054 1521 2126 μικρός
1551 2070 1630 2104 σοι
1661 2053 1796 2124 πρὸς
1825 2053 2059 2122 ἅμιλλαν
2091 2057 2118 2106 ό
2155 2053 2296 2115 Ἰὼϐ,
2315 2055 2578 2122 καίτοιγε

995 2135 1114 2188 οὐδὲ
1147 2136 1244 2205 τῆς
1282 2136 1513 2204 κοπρίας
1541 2136 1708 2204 ἐσμὲν
1733 2135 1872 2199 ἄξιοι
1901 2136 2000 2206 τῆς
2030 2135 2264 2197 ἐκείνου,
2293 2136 2433 2204 πλὴν
2463 2138 2578 2189 ἀλλ’

993 2219 1044 2271 εἰ
1071 2217 1288 2271 ἔλαττόν
1336 2235 1432 2271 σου
1479 2219 1721 2288 νομίζεις
1762 2219 1862 2287 τῆς
1914 2219 2318 2290 μεγαλοψυχίας
2352 2217 2579 2274 εἶναιτὸ

993 2302 1319 2372 ὑπόδειγμα,
1366 2302 1618 2370 ἐννόησον
1659 2303 1752 2354 τὸν
1805 2301 2323 2372 μεγαλοφωνότατον
2357 2304 2579 2374 κήρυκα

992 2384 1094 2456 τῆς
1120 2384 1378 2454 ἀληθείας
1416 2384 1651 2446 Παῦλον,
1680 2385 1740 2448 ὃς
1777 2385 1998 2440 ἃπασαν
2036 2385 2339 2457 περιελθὼν
2371 2387 2472 2457 τὴν
2499 2389 2578 2440 οἰο

994 2468 1288 2541 κουμένην,
1322 2467 1418 2522 καὶ
1445 2469 1696 2540 δυνηθεὶς
1728 2471 1900 2522 εἰπεῖν
1932 2471 2116 2523 ἐκεῖνα
2148 2471 2214 2523 τά
2251 2471 2450 2542 πολλῆς
2484 2471 2581 2539 γέ-

998 2569 1168 2624 μοντα
1200 2553 1391 2622 σοφίας
1420 2554 1660 2624 ῥήματα,
1691 2554 1773 2606 ὃτι
1805 2553 1988 2607 οὐκέτι
2015 2555 2177 2618 αὐτὸς
2204 2555 2289 2624 εἴη
2315 2554 2444 2621 ζῶν,
2466 2556 2579 2608 ἀλλ’

993 2636 1028 2708 ἢ
1057 2636 1288 2708 Χριστὸς
1313 2638 1372 2690 ἐν
1387 2636 1554 2706 αὐτῷ,
1572 2638 1667 2689 καὶ
1690 2638 1771 2689 ότι
1799 2637 2139 2709 ἐσταύρωται
2157 2639 2236 2708 τῷ
2257 2639 2468 2710 κόσμῳ,
2485 2639 2581 2691 καὶ

991 2722 1022 2774 ό
1049 2720 1249 2792 κόσμος
1270 2719 1546 2790 αὐτῷκαὶ
1579 2721 1663 2773 ὅτι
1694 2719 2051 2792 καθ’ήμέραν
2085 2723 2421 2792 ἀποθνήσκει
2440 2724 2580 2793 μετά

992 2802 1091 2874 τὴν
1126 2802 1396 2873 τοσαύτην
1427 2803 1521 2856 τοῦ
1564 2802 1874 2874 πνεύματος
1900 2805 2057 2876 χάριν
2083 2807 2176 2858 καὶ
2188 2805 2286 2876 τὴν
2313 2805 2579 2875 τοσαύτην

993 2886 1103 2939 τῶν
1139 2885 1316 2940 ἄθλων
1357 2885 1638 2951 ἐπίδειξιν,
1681 2887 1820 2956 μετά
1838 2887 1964 2950 τοὺς
1993 2888 2235 2957 ἀφάτους
2276 2886 2573 2950 κινδύνους,

999 2967 1137 3039 μετά
1163 2967 1262 3040 τὴν
1298 2969 1683 3040 ἠκριϐωμένην
1709 2970 2049 3039 φιλοσοφίαν,
2071 2970 2284 3034 δεικνὺς
2314 2972 2444 3043 ἡμῖν
2487 2972 2580 3023 καὶ

1001 3051 1344 3125 παραδηλῶν,
1374 3054 1457 3107 ὅτι
1483 3054 1587 3116 ἕως
1631 3054 1698 3108 ἀν
1743 3054 2068 3124 ἐμπνέωμεν
2115 3055 2209 3106 καὶ
2253 3054 2351 3125 τὴν
2403 3055 2581 3125 σάρκα

994 3127 1148 3206 ὦμεν
1167 3136 1537 3208 περικείμενοι
1578 3135 1800 3207 ταύτην,
1837 3137 2231 3208 παλαισμάτων
2265 3139 2395 3207 ἡμῖν
2423 3139 2581 3208 χρεία

997 3220 1094 3274 καὶ
1108 3218 1309 3282 πόνων,
1324 3220 1418 3273 καί⁸
1434 3219 1533 3272 οὐκ
1565 3219 1656 3272 ἔστ
1664 3237 1711 3272 ιν
1726 3220 2096 3291 ἀπραγμόνως
2115 3221 2457 3292 κατορθῶσαι
2480 3238 2584 3274 σω-

996 3301 1272 3376 φροσύνην
1302 3304 1453 3362 ποτέ,
1484 3303 1624 3355 άλλά
1669 3302 1880 3356 πολλῶν
1924 3303 2164 3374 ἱδρώτων
2206 3307 2338 3374 ἡμῖν
2379 3304 2584 3358 δεῖκαὶ

994 3385 1256 3457 καμάτων
1318 3385 1454 3455 πρὸς
1503 3386 1653 3438 τουτὶ
1695 3385 1756 3438 τὸ
1801 3385 2083 3457 τρόπαιον,
2129 3386 2305 3449 οὕτως
2362 3386 2582 3455 ἔλεγεν·

1007 3468 1350 3530 ’Υπωπιάζω
1366 3487 1487 3538 μου
1516 3470 1580 3523 τὸ
1610 3469 1803 3539 σῶμα,
1829 3469 1928 3524 καί
1963 3469 2343 3540 δουλαγωγῶ.
2369 3469 2585 3539 μήπως

997 3553 1211 3619 ἄλλοις
1231 3552 1496 3621 κηρύξας
1516 3552 1696 3619 αὐτὸς
1711 3553 1995 3623 ἀδόκιμος
2009 3553 2288 3624 γένωμαι.
2311 3554 2498 3609 Ταῦτα
2523 3555 2582 3608 δὲ

996 3637 1174 3706 ελεγε,
1191 3635 1368 3708 δηλῶν
1389 3636 1488 3706 τὴν
1524 3637 1889 3692 ἐπανάστασιν
1908 3637 2007 3707 τῆς
2035 3637 2235 3710 σαρκὸς
2256 3639 2346 3692 καί
2361 3639 2460 3709 τὴν
2477 3639 2584 3692 ἀπὸ

993 3721 1094 3792 τῆς
1115 3719 1412 3790 ἐπιθυμίας
1427 3719 1644 3783 λύτταν,
1657 3719 1857 3773 καὶτὸν
1875 3719 2096 3790 διηνεκῆ
2115 3720 2372 3790 πόλεμον,
2387 3724 2585 3776 καὶτὸν

994 3802 1287 3874 ἐναγώνιον
1301 3801 1463 3857 αὐτοῦ
1489 3802 1622 3874 βίον.
1635 3802 1734 3856 Διὰ
1744 3802 1899 3856 τοῦτο
1918 3803 2013 3857 καὶ
2035 3806 2061 3856 ό
2078 3803 2306 3874 Χριστὸς
2329 3803 2424 3856 τοῦ
2441 3805 2586 3875 πρά-

995 3901 1031 3953 γ
1037 3903 1201 3956 ματος
1210 3885 1374 3941 αὐτοῦ
1387 3885 1667 3958 δηλῶντῆν
1677 3886 1959 3940 δυσκολίαν
1969 3886 2086 3940 οὐδὲ
2097 3885 2389 3957 ἐμϐλέπειν
2401 3887 2586 3950 ἁπλῶς

995 3971 1144 4044 ἠφίει
1189 3973 1272 4036 εἰς
1296 3973 1396 4036 τὰς
1430 3971 1539 4025 τῶν
1567 3971 1840 4040 γυναικῶν
1865 3971 2036 4041 ὄψεις,
2071 3971 2208 4025 ἀλλά
2240 3973 2334 4024 καὶ
2375 3975 2443 4042 τῇ
2478 3973 2585 4024 τῶν

997 4057 1203 4130 μοιχῶν
1224 4057 1444 4111 κολάσει
1475 4057 1601 4120 τοὺς
1625 4057 1799 4120 οὓτως
1819 4056 2062 4128 δρῶντας
2091 4055 2341 4118 κολάζειν
2361 4056 2587 4127 ἠπείληο

998 4159 1082 4196 σε.
1103 4141 1323 4195 Είπόντι
1345 4141 1403 4194 δέ
1435 4144 1529 4194 καὶ
1547 4140 1625 4212 τῷ
1647 4142 1857 4212 Πέτρῳ,
1881 4142 1963 4194 ὅτι
1981 4143 2062 4195 Οὐ
2083 4140 2377 4210 συμφέρει
2400 4141 2586 4210 γαμῆ-

996 4239 1126 4288 crat,
1171 4224 1273 4278 οὐκ
1304 4223 1663 4295 ἐνομοθέτησε
1707 4225 1782 4295 μὴ
1827 4227 2046 4294 γαμεῖν,
2087 4224 2222 4278 ἀλλά
2261 4225 2584 4296 παραδηλῶν

995 4305 1092 4362 τοῦ
1142 4309 1466 4380 πράγματος
1513 4308 1605 4362 τὸν
1646 4309 1809 4377 ὄγκον
1857 4309 2041 4377 ἔλεγεν
2063 4326 2076 4339 ·
2141 4310 2202 4362 '0
2247 4308 2582 4379 δυνάμενος

998 4391 1232 4464 χωρεῖν,
1256 4393 1530 4461 χωρείτω.
1580 4393 1875 4463 Ἀκούομεν
1906 4394 1964 4446 δὲ
2006 4393 2101 4446 καὶ
2133 4394 2225 4445 ἐπὶ
2258 4395 2358 4464 τῆς
2392 4397 2584 4463 γενεᾶς

999 4476 1099 4544 τῆς
1124 4476 1422 4546 ἡμετέρας,
1455 4477 1534 4528 ὅτι
1567 4476 1751 4529 πολλοί
1781 4477 1874 4530 καὶ
1915 4476 2118 4548 σιδήρῳ
2153 4479 2297 4530 ἀπαν
2332 4478 2392 4530 τὸ
2424 4479 2584 4548 σῶμα

1002 4557 1425 4629 καταδήσαντες,
1457 4561 1552 4613 καὶ
1578 4562 1768 4632 σάκκῳ
1783 4562 2186 4631 περιϐαλόντες,
2209 4564 2304 4615 καὶ
2327 4561 2463 4634 πρὸς
2486 4563 2582 4626 τὰς

1002 4640 1148 4713 ὀρῶν
1189 4641 1593 4714 ἀναδραμόντες
1625 4644 1890 4716 κορυφάς,
1935 4647 2030 4698 καὶ
2057 4647 2282 4717 νηστείᾳ
2313 4645 2583 4711 συζῶντες

1000 4726 1242 4798 διηνεκεῖ
1281 4728 1376 4781 καὶ
1414 4729 1703 4799 παννυχίσι
1741 4731 1836 4783 καὶ
1879 4731 2224 4802 ἀγρυπνίαις,
2266 4733 2360 4784 καὶ
2404 4734 2582 4786 πᾶσαν

1005 4811 1438 4883 ἐπιδεικνύμενοι
1468 4814 1910 4884 σκληραγωγίαν,
1945 4815 2039 4868 καὶ
2066 4817 2311 4884 γυναιξὶν
2340 4819 2583 4881 άπάσαις

1007 4899 1487 4974 ἀπαγορεύσαντες
1534 4903 1836 4956 ἐπιϐαίνειν
1883 4903 1976 4956 τοῦ
2020 4903 2290 4974 δωματίου
2340 4907 2434 4959 καὶ
2482 4905 2583 4974 τῆς

1009 4979 1249 5054 καλύϐης
1274 4984 1373 5053 τῆς
1396 4985 1626 5048 ἐαυτῶν,
1665 4987 1756 5039 καὶ
1785 4986 1862 5057 τῷ
1891 4987 2080 5057 τρόπῳ
2106 4989 2278 5058 τούτῳ
2304 4989 2582 5056 παιδαγω-

1007 5067 1230 5138 γοῦντες
1271 5069 1522 5134 ἑαυτοὺς,
1563 5071 1715 5140 μόλις
1763 5073 2133 5143 περιγίνονται
2163 5073 2262 5142 τῆς
2296 5074 2440 5127 κατά
2485 5075 2584 5145 τὴν

1005 5153 1302 5224 ἐπιθυμίαν
1338 5155 1552 5226 μανίας.
1589 5155 1661 5208 Σὺ
1686 5155 1743 5208 δὲ
1771 5155 1972 5224 λέγεις,
2005 5157 2087 5210 ὅτι
2109 5156 2210 5211 κάν
2237 5158 2582 5212 συνοικοῦντα

1009 5239 1127 5311 ἴδῃς
1155 5239 1428 5310 παρθένῳ,
1453 5240 1547 5294 καὶ
1572 5240 2015 5310 προσδεδεμένον,
2042 5241 2136 5294 καὶ
2154 5243 2462 5313 τρυφῶντα,
2492 5246 2586 5297 καὶ

1006 5323 1107 5393 τὴν
1134 5323 1312 5393 ψυχὴν
1349 5325 1673 5394 προϊέμενον
1711 5322 1930 5394 μᾶλλον,
1963 5323 1996 5394 ἢ
2046 5326 2144 5394 τὴν
2187 5325 2454 5391 σύνοικον,
2490 5328 2586 5379 καὶ

1009 5405 1164 5480 [235]
1200 5407 1380 5460 πάντα
1414 5408 1508 5461 καὶ
1537 5408 1731 5461 παθεῖν
1778 5410 1872 5462 καὶ
1900 5407 2126 5476 ποιῆσαι
2169 5408 2514 5479 αἱρούμενον,
2550 5411 2583 5476 ἢ

1010 5490 1345 5562 χωρισθῆναι
1376 5491 1475 5563 τῆς
1498 5491 1859 5563 ποθουμένης,
1896 5493 1973 5563 μὴ
2001 5492 2298 5566 πιστεύσῃς
2333 5511 2384 5546 τι
2415 5511 2586 5565 πονη-

1013 5573 1128 5646 ρὸν,
1161 5576 1294 5644 μηδὲ
1319 5575 1616 5647 ἐπιθυμίας
1655 5571 1798 5630 εἶναι
1826 5576 2054 5649 νομίσῃς
2078 5577 2140 5628 τὸ
2171 5578 2422 5648 πρᾶγμα,
2451 5577 2587 5632 ἀλλά

1009 5656 1317 5720 εὐλαϐείας.

1087 5739 1225 5792 Ἀλλ’
1278 5740 1338 5793 οὐ
1380 5741 1510 5812 περὶ
1573 5742 1682 5796 τῶν
1743 5741 1971 5811 σώματα
2014 5743 2246 5812 ἐχόντων
2269 5783 2284 5806 ,
2344 5737 2390 5796 ὦ
2453 5742 2587 5795 θαυ-

1014 5822 1200 5894 μάσιε,
1256 5823 1394 5878 ἀλλά
1453 5826 1582 5897 περί
1635 5826 1742 5879 τῶν
1799 5825 1967 5889 λίθοις
2015 5827 2403 5881 συνοικούντων
2444 5823 2589 5878 οὓτω

1009 5905 1316 5961 διακεῖσθαι
1364 5909 1490 5979 χρή.
1523 5909 1630 5962 Καὶ
1668 5909 1732 5962 σὺ
1770 5910 1869 5978 μέν
1916 5909 2046 5973 ῖσως
2086 5911 2335 5972 ἀπιστεῖς
2373 5908 2462 5962 διά
2489 5908 2588 5978 τὴν

1011 5989 1212 6062 πολλὴν
1256 5991 1644 6062 σωφροσύνηνο
1699 5991 1810 6061 ἐγὼ
1856 5993 1912 6047 δὲ
1961 5995 2166 6064 ηκουσα
2215 5992 2588 6064 διηγουμένων

1075 6169 1105 6204 ⁸
1121 6169 1273 6222 anu.
1293 6173 1456 6230 λαϐήν.

1657 594 1714 649 S.
1754 596 2040 650 J0.\N;\'IS
2073 593 2569 651 CIIRYSOSTOMI
2605 592 2923 654 ARCIIIEP.
2969 593 3512 655 CONSTANTINOP.
4117 591 4189 651 πθ

2685 712 2870 774 τινῶν,
2926 714 3007 767 ὅτι
3049 713 3232 768 πολλοὶ
3280 713 3374 766 καὶ
3417 707 3558 780 πρὸς.
3600 705 3900 774 ἀγάλματα
3942 705 4028 758 καὶ
4064 705 4191 776 λίθοκ

2677 794 2878 847 ἔπαθόν
2916 813 2989 850 τι.
3025 799 3087 850 Εἰ
3119 799 3176 851 δέ
3211 797 3338 852 ἔνθα
3379 789 3685 866 σκληρότης
3719 789 3817 843 καὶ
3849 791 4110 843 ἀντιτυπία
4130 801 4191 850 ul

2677 877 2710 946 ἡ
2756 878 3046 943 διάπλασις
3098 882 3233 953 μόνη
3261 881 3510 935 τοσοῦτον
3540 879 3784 948 ίσχυσεν,
3831 875 3963 928 ὅταν
3992 877 4108 944 μετὰ
4126 882 4192 948 τῆς

2675 959 3016 1024 διαπλάσεως
3055 963 3146 1015 καί
3185 965 3344 1036 σῶμα
3385 963 3591 1020 ἀπαλδν
3638 953 4076 1031 ὑποκείμενον
4111 964 4192 1017 τίνα

2675 1043 2774 1096 οὐκ
2803 1043 3096 1114 ἐργάζεται
3143 1049 3377 1115 μανίαν;
3425 1048 3539 1110 πῶς
3569 1046 3628 1099 δέ
3655 1045 3718 1097 οὐ
3761 1040 4006 1105 δόξουσιν
4030 1043 4196 1109 εἰκότως

2675 1126 2852 1194 λέγειν
2907 1128 3106 1198 μᾶλλον
3147 1133 3197 1182 οί
3239 1131 3692 1200 κατηγοροῦντες,
3723 1128 3759 1198 ἢ
3790 1125 3956 1194 ὑμεῖς
3981 1125 4026 1176 οἰ
4050 1126 4194 1178 am

2675 1212 2967 1280 γούμενοι;
3025 1212 3088 1262 Τί
3128 1212 3236 1283 γάρ
3267 1214 3431 1276 εἰκὸς,
3465 1214 3584 1266 εἰπέ
3624 1229 3734 1283 μοι,
3767 1208 4052 1278 ἐπιθυμεῖν
4076 1208 4197 1278 N91

2677 1294 2953 1362 γυναικὸς,
2985 1295 3016 1365 ἢ
3053 1294 3128 1365 μὴ
3162 1294 3479 1364 ἐπιθυμεῖν;
3515 1297 3739 1357 Πάντως
3769 1294 3839 1345 ἃν
3874 1294 4100 1362 εἴποιμεν
4123 1297 4201 1345 ἑτι-

2679 1379 2889 1448 θυμεῖν.
2923 1377 3089 1430 Πάλιν
3129 1377 3235 1430 τῶν
3275 1380 3480 1448 μυρίων
3509 1377 3765 1428 ώθουσῶν
3798 1376 3913 1439 ἔξω
3939 1377 4198 1446 προφάσεων

2678 1461 2914 1528 εὐλόγων
2948 1461 3046 1512 οὐκ
3092 1459 3416 1529 ἀνεχόμενον
3465 1458 3718 1522 ἐξελθεῖν,
3756 1459 3876 1510 ἀλλ’
3933 1457 4201 1510 εἰσωθοῦντι

2680 1544 2869 1597 ἐαυτὸν
2934 1544 3020 1596 ἐπ’
3064 1542 3239 1596 οὐδενὶ
3303 1543 3400 1612 μὲν
3440 1540 3866 1610 κατορθώματι,
3934 1541 4122 1609 μυρίοις

2679 1627 2904 1681 ὀνείδεσι
2974 1627 3068 1680 καί
3128 1624 3352 1695 βλάϐαις
3402 1623 3616 1675 οἰκείων
3674 1637 3734 1672 τε
3793 1623 3898 1672 καὶ
3946 1621 4202 1692 ἀλλοτρίων.

2679 1712 2730 1765 τί
2778 1711 2954 1776 είκός;
3021 1709 3080 1773 ἐξ
3123 1708 3331 1777 ἀγαθῆς
3369 1705 3523 1759 τοῦτο
3564 1703 3950 1775 προαιρέσεως
4006 1706 4200 1773 πάσχειν,

2681 1796 2713 1864 ἢ
2773 1797 2836 1847 ἐκ
2897 1794 3168 1864 πονηρᾶςς
3229 1791 3381 1860 Τάχα
3440 1789 3505 1841 ἂν
3558 1790 3622 1840 ἐκ
3674 1786 3929 1856 πονηρᾶς
3984 1787 4108 1838 εἴποι
4147 1805 4203 1848 τις

2683 1878 2903 1946 μᾶλλον.
2935 1876 3078 1947 Πλὴν
3110 1872 3245 1928 ἀλλά
3277 1873 3442 1944 μηδὲν
3483 1871 3623 1941 ὑπὲρ
3644 1869 3855 1922 τούτων
3891 1867 4203 1937 ἀκριϐολογὼ-

2682 1961 2841 2030 μεθα,
2870 1960 3002 2013 ἀλλά
3033 1958 3235 2013 κείσθω
3265 1959 3399 2027 μήτε
3445 1955 3587 2007 κατά
3613 1952 3770 2020 λόγον
3803 1952 4203 2015 σκανδαλίζετθαι

2677 2044 2804 2104 τοὺς
2839 2040 3375 2111 σκανδαλιζομένους,
3409 2041 3548 2108 μήτε
3575 2037 3824 2097 δικαίως,
3857 2034 3973 2087 ἀλλ’
4013 2037 4119 2104 εἰκῆ
4142 2040 4206 2111 καὶ

2681 2124 2859 2194 μάτην
2877 2142 2889 2154 ·
2916 2125 3057 2188 τίνος
3083 2125 3268 2176 ἕνεκεν
3295 2123 3584 2182 συνοικεῖς,
3601 2118 3722 2171 είπέ
3741 2135 3858 2187 μοι,
3879 2121 3946 2188 τῇ
3973 2118 4203 2188 παρθένῳ

2677 2209 2754 2262 Δι’
2781 2208 2930 2260 οὐδὲν
2958 2207 3068 2279 γὰρ
3096 2211 3128 2277 ή
3157 2205 3463 2274 συνοίκησις
3494 2202 3631 2272 αὕτη
3658 2201 4094 2272 νενομοθέτηται,
4117 2202 4142 2270 ἢ
4164 2203 4206 2254 δι’

2679 2291 2856 2362 ἔρωτα
2889 2292 2982 2346 καὶ
3010 2291 3173 2345 πόθον
3193 2307 3206 2320 °
3241 2289 3361 2343 ἐπεὶ
3384 2286 3598 2358 περίελε
3627 2283 3842 2346 τοῦτον,
3873 2286 3971 2337 καὶ
3993 2284 4209 2354 ἀνῄρηται

2679 2376 2712 2444 ὴ
2745 2374 2837 2427 τοῦ
2872 2374 3195 2444 πράγματος
3221 2372 3400 2443 χρεία.
3433 2371 3527 2432 Τίς
3557 2368 3664 2440 γὰρ
3694 2368 3761 2420 ἀν
3793 2366 3980 2419 ἕλοιτο
4008 2369 4130 2435 ἀνὴρ
4158 2367 4209 2418 an

2677 2457 2881 2528 ταύτης
2938 2457 3106 2529 χωρὶς
3154 2457 3255 2526 τῆς
3307 2454 3550 2522 ἀνάγκης
3600 2451 3926 2520 γυναικείας
3978 2449 4210 2519 ἀνέχεσθαι

2678 2541 2890 2611 τρυφῆς
2920 2542 3014 2593 καὶ
3043 2540 3252 2611 ὕϐρεως
3295 2539 3386 2592 καὶ
3422 2537 3529 2589 τῶν
3575 2534 3749 2588 ἀλλων
3785 2533 3904 2586 τῶν
3946 2532 4038 2584 τοῦ
4063 2533 4210 2601 γένους

2679 2623 3076 2693 ἐλαττωμάτων
3108 2621 3352 2686 ἐκείνου;
3394 2619 3491 2671 Διά
3523 2618 3678 2670 τοῦτο
3713 2618 3815 2670 καί⁵
3845 2619 3876 2668 ὁ
3903 2616 4035 2677 Θεὸς
4064 2615 4116 2678 ἐξ
4142 2617 4212 2683 ἀρ-

2677 2705 2776 2774 χῆς
2809 2705 2907 2774 τὴν
2941 2706 3175 2770 γυναῖκα
3219 2703 3390 2774 ταύτῃ
3431 2698 3744 2753 καθώπλισε
3782 2701 3856 2766 τῇ
3896 2697 4059 2764 ἰσχύῖ,
4100 2695 4213 2756 εἰδὼς

2677 2788 2760 2840 ὅτι
2809 2785 3012 2855 σφόδρα
3071 2784 3543 2852 εὐκαταφρόνητος
3583 2780 3754 2842 ἔσται,
3811 2779 3894 2848 μὴ
3923 2779 4117 2846 ταύτην
4151 2781 4216 2828 ἑτ-

2677 2869 2922 2939 αγομένη
2969 2865 3069 2936 τὴν
3116 2865 3310 2936 ἀρχὴν,
3345 2865 3440 2917 καὶ
3466 2865 3549 2915 ὅτι
3597 2862 3771 2925 οὐδεὶς
3809 2861 3883 2914 ἂν
3914 2860 4087 2913 ’ἑλοιτο
4115 2864 4213 2928 αὐτῇ

2680 2951 2996 3020 συνοικῆσαι
3025 2947 3348 3017 καθαρεύων
3373 2945 3682 3016 ἐπιθυμίας.
3711 2945 3776 2998 Εἰ
3803 2946 3926 3014 γάρ
3963 2945 4057 2997 καὶ
4076 2944 4218 2997 τοσαύ-

2676 3051 2778 3106 της
2829 3032 3185 3102 ἐπικειμένης
3239 3031 3484 3100 ἀνάγκης
3523 3028 3620 3081 νῦν
3666 3029 3763 3080 καὶ
3819 3027 4029 3096 πολλῆς
4073 3026 4220 3094 ἐτέρας

2679 3117 2866 3189 χρείας
2897 3116 3012 3186 (καὶ
3059 3115 3169 3183 γάρ
3219 3114 3314 3167 καὶ
3358 3110 3752 3173 παιδοποιοῦσι,
3784 3110 3889 3163 καὶ
3937 3108 4218 3177 οἱκουροῦει,

2681 3201 2776 3255 καὶ
2799 3201 2964 3270 ἔτερα
2987 3198 3123 3252 ἀλλα
3143 3195 3512 3250 διακονοῦνται
3543 3194 3713 3247 πολλὰ
3745 3194 3984 3246 πλείονα
4003 3193 4216 3252 τούτωνμ-

2683 3283 2819 3338 εἰδὲ
2860 3282 3085 3335 τοιαῦτα
3116 3279 3210 3334 νῦν
3249 3279 3345 3332 καὶ
3396 3277 3633 3331 τοσαῦτα
3679 3275 4099 3346 λειτουργοῦσαι
4141 3277 4221 3335 vi;

2683 3366 2940 3434 ἀνδράσιν
2993 3362 3457 3432 εὐκαταφρόνητοι
3521 3360 3780 3421 πολλάκις
3843 3360 4114 3426 ἐγένοντο,
4156 3362 4223 3410 καί

2681 3451 2782 3519 τῆς
2827 3448 3004 3511 οίκίας
3056 3443 3443 3516 ἐξεϐλήθησαν,
3476 3443 3592 3506 πῶς
3635 3441 3701 3495 ἂν
3748 3442 4057 3512 ἐπιθυμίας
4094 3444 4221 3510 χωρὶς

2679 3529 2820 3603 ἦσαν
2849 3533 2979 3602 ἡμῖν
3010 3529 3274 3592 ποθειναί,
3309 3527 3404 3580 καὶ
3432 3525 3603 3580 ταῦτα
3633 3524 3919 3588 τοσούτοις
3948 3528 4093 3596 ἡμᾶς

2682 3615 2796 3668 δεσι
2826 3613 3286 3686 περιϐάλλουσαι;
3321 3612 3390 3663 Ἦ
3416 3609 3600 3678 λέγετε
3625 3610 3803 3661 τοίνυν
3833 3609 3944 3679 τὴν
3965 3610 4135 3662 αἰτίαν
4156 3608 4224 3675 τῆς

2685 3700 3070 3770 συνοικήσεως,
3104 3695 3138 3766 ἢ
3172 3693 3427 3764 οὐδεμίαν
3449 3692 3770 3745 ὑποπτεύειν
3795 3693 4006 3762 ἐτέραν
4034 3692 4223 3758 ἀνάγετε.

2683 3783 2800 3836 ἀλλ’
2830 3782 2864 3852 ἢ
2899 3779 3142 3850 πονηρὰν
3189 3776 3483 3847 ἐπιθυμίαν
3516 3777 3610 3828 καὶ
3648 3775 3844 3846 ἡδονὴν
3884 3775 4224 3827 ἐπονείδιστον.

2757 3906 2830 3965 ς’.
2855 3899 2920 3952 Τί
2938 3893 3050 3962 οῦν,
3069 3896 3134 3950 ἂν
3156 3891 3490 3965 δυνηθῶμεν,
3512 3893 3694 3963 φησὶν,
3719 3894 3913 3947 αἰτίαν
3937 3893 4145 3962 εὐλογον
4162 3892 4227 3945 καὶ

2684 3983 2899 4037 δικαίαν
2951 3982 3146 4043 εἰπεῖν,
3198 3978 3296 4048 ἔσῃ
3334 3976 3511 4047 μάτην
3539 3975 3710 4030 ταῦτα
3750 3979 3894 4048 περὶ
3929 3976 4086 4047 ἡμῶν
4113 3980 4226 4044 sign,-

2685 4066 2829 4130 κώς;
2859 4065 3110 4119 Μάλιστα
3141 4060 3262 4133 μὲν,
3297 4059 3548 4129 οὐδεμίαν
3575 4061 3744 4132 ἐρεῖτε
3771 4062 4046 4130 τοιαύτην
4065 4078 4079 4090 ·
4125 4061 4226 4127 πλην

2683 4149 2822 4202 ἀλλὰ
2845 4149 2940 4201 καὶ
2961 4146 3132 4209 οὓτως
3153 4143 3452 4213 ἐϐουλόμην
3478 4143 3687 4213 μαθεῖν,
3721 4145 3775 4197 ετ
3800 4161 3939 4197 τινα
3965 4144 4116 4197 σκιάν
4133 4143 4226 4210 γοῦν

2685 4235 2837 4304 ἔχετε
2885 4231 3108 4298 εὐλόγου
3159 4227 3482 4300 προφάσεως
3523 4229 3712 4280 εἰπεῖν.
3763 4227 4223 4297 Ἀπροσοάτευτος.

2685 4317 2871 4387 φησὶν.
2906 4314 3052 4366 ἐστὶν
3091 4313 3125 4382 ἡ
3154 4309 3439 4382 παρθένος,
3476 4311 3576 4363 οὐκ
3600 4310 3766 4380 ἄνδρα
3804 4311 4045 4380 ἔχουσα,
4074 4312 4127 4361 οὗ
4158 4325 4228 4374 κη-

2681 4400 2896 4470 δεστὴν,
2944 4396 3200 4458 πολλάκις
3230 4395 3287 4447 δὲ
3330 4393 3449 4448 ούδέ
3478 4393 3711 4464 πατέρα,
3742 4394 3856 4446 οὐκ
3889 4393 4134 4462 ἀδελφὸν.
4163 4391 4227 4443 καί

2681 4485 2850 4537 δεῖται
2875 4481 2970 4534 τοῦ
2992 4483 3147 4550 χεῖρα
3173 4477 3466 4548 ὀρέξοντος,
3501 4478 3594 4530 καὶ
3613 4477 3712 4546 τὴν
3732 4477 3995 4549 ἐρημίαν
4022 4495 4226 4549 παραμυ-

2683 4565 3010 4637 θησομένου,
3029 4562 3119 4615 καὶ
3166 4561 3438 4631 πανταχοῦ
3469 4559 3934 4632 προϐεϐλημένου
3973 4564 4066 4615 καὶ
4098 4578 4226 4614 κατα-

2684 4652 2972 4720 στήσοντος
2999 4644 3167 4716 αὐτὴν
3182 4645 3237 4696 ἐν
3267 4644 3532 4715 ἀσφαλείᾳ
3556 4642 3720 4714 πολλῇ
3760 4646 3873 4697 καὶ
3903 4645 4106 4715 λιμένι.
4130 4645 4226 4698 Hei:

2682 4734 2975 4804 ἀσφαλείᾳ,
3021 4733 3115 4784 καὶ
3147 4732 3280 4802 ποίῳ
3313 4730 3524 4803 λιμένι;
3569 4730 3672 4784 Τὸν
3705 4731 3823 4802 γάρ
3861 4733 4124 4803 πρόϐολον
4161 4735 4227 4780 oi:

2684 4822 2940 4893 εἶργοντα
2970 4818 3080 4890 ὁρῶ
3107 4819 3174 4872 τά
3208 4818 3446 4890 κύματα,
3474 4817 3589 4872 ἀλλ’
3617 4818 4023 4888 ἐπεγείροντα,
4052 4820 4138 4870 καί
4166 4817 4226 4866 τξιν

2683 4904 2880 4974 λιμένα
2908 4903 3008 4955 οὐκ
3039 4902 3430 4956 ἀναστέλλοντα
3450 4902 3540 4954 τὸν
3574 4901 3856 4971 χειμῶνα,
3891 4901 4036 4953 ἀλλά
4064 4904 4146 4953 καὶ
4163 4901 4228 4959 τὰς

2685 4987 2835 5060 [256]
2865 4986 2964 5039 οὐκ
2985 4984 3147 5050 οὔσας
3175 4987 3423 5040 τίκτοντα
3455 4985 3767 5058 τρικυμίας.
3792 4980 3943 5036 Εἶτα
3963 4986 4063 5036 οὐκ
4092 4983 4227 5050 αἰτίζ-

2684 5072 2862 5134 νεσθε,
2893 5071 2992 5122 οὐκ
3014 5070 3420 5138 ἐγκαλύπτεσθε
3448 5070 3670 5123 τοιαῦτα
3703 5067 4171 5138 ἀπολογούμενοις
4191 5068 4231 5118 εἰ

2685 5156 2793 5225 γάρ
2828 5153 3062 5224 μηδεμία
3098 5155 3162 5207 ἐκ
3197 5155 3398 5224 ταύτης
3423 5154 3521 5223 τῆς
3552 5150 3840 5214 διακονίας
3882 5153 4122 5204 ἐτίκτετο
4138 5167 4230 5201 κατε

2687 5238 2904 5310 ηγορία,
2938 5237 3068 5308 μηδὲ
3119 5238 3324 5308 βλάϐη,
3356 5237 3490 5308 μηδὲ
3519 5231 3846 5296 σκάνδαλον,
3883 5234 4030 5288 ἀλλα
4055 5235 4230 5304 μετιει.

2688 5323 2896 5396 φημίας
2928 5323 3052 5394 ἐξῆν
3097 5323 3254 5377 τοῦτο
3307 5321 3439 5375 αὐτὸ
3463 5321 3654 5382 ποιεῖν,
3707 5316 3873 5378 τίνος
3919 5321 4026 5373 οὐκ
4069 5321 4127 5372 ἂν
4168 5315 4231 5386 ἦτε

2688 5409 3034 5481 ἐλεεινότεροι
3073 5409 3165 5463 τὸν
3197 5407 3427 5462 πλοῦτον
3457 5403 3627 5470 αὐτῆς
3668 5399 3978 5467 αὔξοντες,
4017 5406 4107 5458 καὶ

2689 5492 3120 5564 φιλοχρηματίαν
3160 5489 3548 5562 γυμνάζοντες,
3585 5484 3675 5536 καὶ
3715 5486 3806 5547 εἰς
3845 5490 4233 5560 πράγματα

2689 5578 2992 5642 ϐάλλοντες,
3018 5578 3113 5632 καὶ
3136 5577 3273 5649 πρὸς
3299 5569 3568 5641 κοσμικὰς
3600 5566 4096 5640 παιδατριϐοὗντες
4123 5588 4233 5642 φρει-

2686 5663 2857 5728 τίδας,
2881 5663 3179 5733 οἰκονόμων
3208 5658 3364 5724 τάξιν
3393 5655 3486 5708 καὶ
3521 5651 3848 5721 ἐπιτρόπων
3886 5660 3989 5711 χαι
4016 5658 4234 5728 ἀγοράν.

2686 5747 2848 5802 τινῶν
2893 5744 3400 5814 ἀνταλλαττόμενοις
3437 5735 3648 5808 Σφόδρα
3690 5754 3755 5806 γε
3780 5755 3797 5768 ’
3862 5745 3935 5797 οὐ
3989 5745 4098 5816 γάρ
4120 5741 4234 5805 δννήο

2689 5830 2847 5884 σεσθε
2869 5847 2935 5884 πε
2945 5832 2998 5902 ρὶ
3017 5833 3157 5898 ἀκτη
3167 5823 3403 5897 μοσύνης
3421 5819 3790 5891 διαλεχθῆναι,
3829 5828 3940 5879 καὶ
3967 5831 4141 5881 πεῖσαι

2685 5915 2853 5969 ὄντων
2892 5912 3276 5982 καταφρονεῖν,
3308 5906 3359 5958 οἰ
3389 5904 3564 5958 πάντα
3609 5907 3916 5974 ποιοῦντες
3951 5914 4101 5974 ὅπως
4132 5911 4236 5979 pia:

2688 6002 2782 6052 καὶ
2813 5997 3028 6062 αὔξοιτο
3051 5995 3119 6048 τά
3157 5991 3308 6051 δντα,
3332 5988 3426 6042 καὶ
3463 5989 3620 6060 πόροι
3657 5991 3865 6062 πόροις
3898 5995 4237 6064 ὲπιγίτνοεη,

2694 6081 2928 6152 κάπηλοί
2978 6094 3124 6141 τινες
3174 6074 3269 6128 καὶ
3314 6072 3719 6147 παλιγκάπηλοι
3765 6076 3853 6130 δι’
3908 6076 4241 6147 ἐκείναςγτνό·

2698 6181 2869 6236 μενοι,
2912 6159 3174 6233 ἄχρηστοί
3214 6175 3300 6229 γε.
3331 6159 3404 6212 Οὐ
3437 6159 3546 6230 γάρ
3578 6161 3838 6227 γενναῖαι
3893 6163 4062 6235 ὑμῶν
4108 6164 4156 6220 αἱ
4183 6162 4238 6214 ὓ·
