4490 6762
382 537 477 590 501

383 650 631 707 omnibus
656 652 847 706 diaboli
878 648 1076 703 retibus
1101 653 1368 697 extinctus
1394 656 1406 690 :
1436 636 1524 705 qui
1556 636 1758 705 primus
1784 646 1838 688 et
1862 648 1951 686 So-

388 742 468 797 lus
494 751 691 798 tantam
736 741 1094 797 fortitudinem
1120 728 1545 794 demonstravit,
1577 735 1631 781 et
1653 741 1811 779 omne
1840 722 1950 777 fer-

386 850 504 889 rum
555 847 610 890 et
651 836 984 888 adamantem
1030 842 1123 881 sua
1171 820 1495 877 continentia
1546 827 1953 889 pmlergressus

385 925 722 979 subuervavit
745 922 939 977 diaboli
970 924 1303 986 potestatem,
1328 912 1405 964 sic
1432 911 1629 964 veritus
1656 916 1770 962 erat
1795 904 1951 958 talem

386 1030 609 1087 pugnam
636 1057 651 1079 ,
696 1024 751 1069 et
792 1013 861 1068 ita
893 1008 1092 1080 putavit
1132 1003 1457 1074 impossibile
1494 1015 1613 1057 esse
1650 996 1955 1087 cohabitare

386 1085 573 1179 virgini
598 1109 711 1163 sine
757 1104 951 1158 damno
976 1106 1030 1153 et
1054 1111 1265 1167 purum,
1307 1104 1367 1149 ut
1405 1110 1509 1149 non
1538 1092 1709 1145 solum
1736 1102 1766 1140 a
1791 1085 1955 1179 coba-

387 1176 639 1255 bitatione
690 1194 777 1249 tali
826 1189 1011 1261 procul
1057 1198 1111 1243 et
1159 1187 1313 1259 longe
1351 1185 1618 1253 seipsum,
1665 1180 1758 1231 sed
1798 1188 1851 1230 et
1888 1176 1956 1228 ab

386 1300 604 1359 aspectu
646 1298 861 1355 prorsus
902 1291 956 1338 et
984 1282 1250 1337 consortio
1293 1274 1648 1333 subduxerit,
1680 1270 1955 1338 legemque

389 1378 625 1450 posuerit
649 1375 817 1429 oeulis
852 1375 962 1429 suis
1000 1374 1218 1428 omnino
1242 1371 1293 1424 in
1316 1366 1573 1436 virginem
1597 1378 1664 1416 ne
1691 1362 1956 1430 respicere

388 1470 621 1540 quidem.
652 1466 862 1522 Sciebat
889 1466 1029 1521 enim
1059 1473 1113 1517 et
1137 1460 1300 1531 probe
1330 1464 1550 1511 noverat
1574 1452 1715 1523 quod
1746 1468 1849 1505 non
1871 1467 1957 1505 so.

389 1560 498 1615 lum
521 1556 909 1612 cobabitantem
934 1596 949 1617 ,
987 1552 1080 1607 sed
1107 1560 1160 1603 et
1187 1547 1530 1618 aspicientem
1564 1544 1774 1598 curiose
1800 1542 1851 1595 in
1881 1540 1960 1593 fa-

390 1650 526 1705 ciem
553 1648 767 1719 virginis
792 1645 1005 1701 difficile
1028 1683 1044 1708 ,
1086 1641 1222 1695 forte
1245 1647 1421 1693 autem
1450 1645 1504 1692 et
1541 1634 1866 1705 impossibile
1892 1633 1961 1686 sit

391 1741 621 1811 effugere
639 1739 887 1794 damnum
909 1776 923 1801 ,
955 1731 1095 1803 quod
1125 1729 1247 1785 inde
1274 1729 1462 1784 oritur.
1491 1727 1715 1796 Propter
1737 1723 1877 1795 quod
1905 1732 1960 1777 et

391 1833 619 1892 dicebat,
656 1827 735 1882 Ne
752 1827 961 1897 cogitem
986 1824 1185 1893 quidem
1209 1821 1271 1875 de
1297 1822 1486 1892 virgine
1516 1817 1637 1889 (Job
1657 1819 1745 1873 51.
1768 1818 1790 1872 1
1818 1817 1859 1887 ).

461 1922 514 1976 5.
530 1922 593 1973 At
612 1920 654 1972 si
669 1914 1075 1987 parvusvidetur
1092 1913 1179 1968 tibi
1201 1912 1267 1967 ad
1290 1923 1556 1966 certamen
1579 1910 1700 1974 Job,
1721 1910 1960 1979 quamvis

394 2024 581 2064 revera
605 2021 772 2076 neque
797 2018 1033 2059 stercore
1056 2003 1195 2057 illius
1213 2003 1377 2058 simus
1392 2002 1536 2072 digni
1556 2018 1570 2065 ;
1594 2008 1957 2055 verumtamen

394 2097 516 2151 licet
535 2098 708 2149 minus
725 2104 811 2149 tua
835 2092 1260 2165 magnanimitate
1288 2107 1407 2147 esse
1435 2100 1585 2162 putes
1615 2090 1921 2160 exemplum
1940 2129 1956 2152 ,

392 2174 570 2241 cogita
590 2172 996 2225 vocatissimum
1022 2186 1324 2239 pratconem
1347 2174 1594 2226 veritatis
1616 2171 1838 2224 Paulum
1863 2174 1956 2241 qui

394 2267 565 2311 totum
585 2259 771 2311 orbem
794 2259 1015 2318 circuit.
1033 2268 1086 2313 et
1109 2260 1289 2313 dicere
1312 2261 1488 2329 potuit
1507 2260 1669 2313 verba
1689 2261 1775 2313 illa
1792 2260 1961 2314 multa

393 2345 659 2409 sapientia
687 2345 909 2410 referta,
939 2346 1082 2413 quod
1109 2347 1346 2413 nonjam
1379 2347 1494 2415 ipse
1524 2346 1596 2399 sit
1624 2347 1833 2411 vivens,
1867 2349 1961 2400 sed

392 2430 643 2484 Christus
667 2431 721 2483 in
739 2432 858 2500 ipso
880 2430 1092 2500 (Galat.
1113 2432 1169 2485 2.
1189 2432 1307 2503 20),
1325 2441 1377 2486 et
1400 2433 1544 2502 quod
1575 2434 1874 2487 crucifixus
1892 2434 1965 2488 sit

392 2517 598 2571 mundo
628 2524 682 2571 et
704 2515 943 2573 mundus
970 2519 1073 2572 sibi
1107 2517 1209 2589 (Ib.
1238 2520 1292 2575 fi.
1334 2520 1446 2588 η),
1475 2525 1527 2572 et
1554 2519 1699 2588 quod
1727 2518 1970 2588 quotidie

394 2604 660 2658 moriatur
682 2606 758 2673 (l.
784 2606 909 2661 Cor.
939 2607 1024 2661 l5.
1055 2607 1114 2661 5|
1140 2608 1159 2676 )
1185 2623 1199 2658 :
1234 2617 1355 2677 post
1372 2615 1578 2661 tantam
1598 2609 1826 2677 spiritus
1843 2623 1969 2679 gra-

393 2691 526 2744 tiam
545 2700 600 2745 et
628 2700 773 2746 tanta
795 2696 1155 2749 certaminum
1181 2695 1501 2765 specimina.
1536 2704 1657 2764 post
1680 2697 1969 2751 inenarra-

392 2780 520 2834 bilia
539 2784 801 2851 pericula,
822 2796 945 2854 post
960 2794 1070 2839 tam
1087 2786 1299 2840 eximite
1316 2786 1612 2856 diligentiae
1623 2794 1676 2841 et
1690 2788 1970 2857 sapientia:

394 2867 661 2931 studium,
679 2870 920 2925 declarat
935 2872 1092 2926 nobis
1108 2881 1590 2933 etcommonstrat,
1612 2873 1779 2942 quod,
1797 2873 1972 2928 donec

393 2957 785 3023 spiraverimns
799 2966 853 3013 et
882 2959 984 3013 hac
1004 2974 1172 3014 carne
1193 2960 1457 3015 fuerimus
1479 2961 1827 3024 circumdati.
1851 2979 1972 3019 cer-

391 3042 689 3099 taminibus
706 3044 866 3097 nobis
882 3060 1019 3114 upus
1037 3054 1121 3100 est
1142 3056 1195 3100 et
1213 3047 1493 3103 laboribus
1514 3064 1689 3118 neque
1704 3052 1815 3104 otio
1834 3060 1971 3105 tem-

390 3131 637 3196 perantia
665 3139 908 3198 paratur,
930 3131 1021 3185 sed
1056 3132 1244 3188 multis
1273 3133 1565 3189 sudoribus
1599 3144 1654 3190 et
1694 3138 1971 3193 laboribus

390 3227 529 3281 opus
550 3215 721 3268 estad
746 3217 848 3270 hoc
873 3224 1137 3285 tropaeum
1160 3218 1485 3286 parandum,
1508 3220 1589 3274 sic
1608 3222 1798 3276 dicens
1823 3241 1836 3276 :
1872 3222 1973 3276 Ca-

390 3301 526 3369 stigo
560 3316 747 3368 corpus
773 3319 943 3357 meum
961 3344 977 3369 ,
1008 3313 1058 3357 et
1087 3305 1141 3357 in
1165 3307 1468 3360 servitutem
1503 3307 1684 3376 redigo
1706 3348 1721 3371 ,
1749 3326 1812 3363 ne
1841 3311 1967 3362 dum

391 3386 513 3440 aliis
538 3387 890 3456 prtedicaoero
912 3391 1018 3458 ipse
1046 3390 1307 3457 reprobus
1330 3393 1457 3461 [iam
1487 3394 1560 3463 (l.
1594 3391 1721 3449 Cor.
1752 3394 1806 3456 9,
1849 3394 1963 3465 27).

390 3471 516 3529 Haec
541 3484 722 3529 autem
757 3476 975 3532 dicebat
1000 3477 1290 3533 declarans
1320 3479 1643 3535 seditionem
1668 3483 1877 3545 carnis,
1911 3492 1964 3537 et

392 3562 851 3631 concupiscentiae
870 3565 1095 3629 rabiem,
1124 3566 1482 3636 pmliumque
1509 3570 1857 3631 continuum,
1900 3586 1964 3624 ac

395 3649 562 3703 vitam
632 3665 848 3721 semper
891 3653 945 3705 in
990 3668 1165 3723 agone
1212 3658 1590 3710 constitutam.
1642 3657 1705 3709 Et
1760 3658 1965 3712 ideirco

394 3733 559 3788 etiam
594 3733 848 3793 Christus
884 3738 1255 3793 difﬁcultatem
1308 3743 1383 3796 rei
1417 3742 1706 3799 declarans
1730 3782 1745 3807 ,
1788 3762 1965 3815 neque

393 3822 479 3877 vel
519 3822 666 3879 licite
702 3827 945 3895 aspicere
988 3829 1253 3896 permittit
1302 3829 1591 3884 mulierum
1627 3831 1832 3895 facies,
1872 3834 1966 3887 sed

392 3916 448 3962 et
494 3912 867 3966 adulterorum
924 3927 1083 3982 ptrua
1133 3915 1439 3983 puniendos
1477 3917 1557 3972 sic
1610 3919 1969 3987 respicientes

394 3997 781 4055 interminatus
822 4011 926 4056 est.
986 4000 1050 4054 Et
1098 4018 1220 4056 cum
1263 4002 1493 4059 dixisset
1558 4003 1787 4073 Petrus,
1845 4005 1969 4061 Non

388 4078 586 4146 expedit
610 4095 813 4134 uxorem
837 4080 1019 4136 ducere
1044 4081 1252 4153 (Matth.
1284 4082 1371 4139 i9.
1401 4085 1513 4150 10),
1548 4101 1651 4139 non
1676 4088 1858 4141 statuit
1884 4087 1958 4141 le-

383 4182 506 4237 gem
532 4184 599 4224 ne
622 4169 881 4226 ducantur
900 4189 1113 4241 uxores,
1137 4175 1229 4229 sed
1253 4176 1561 4243 gravitatem
1584 4179 1659 4232 rei
1681 4178 1957 4234 declarans

385 4257 634 4315 dicebat:
668 4261 769 4327 Qui
794 4274 954 4330 potest
989 4281 1169 4334 capere
1204 4268 1370 4334 capiat
1396 4266 1517 4336 (Ib.
1552 4285 1597 4323 υ.
1628 4270 1695 4324 12
1722 4272 1760 4341 ).
1795 4272 1957 4325 Audi—

386 4363 505 4404 mus
529 4360 703 4407 autem
731 4362 783 4407 et
810 4353 911 4409 hoc
936 4366 1117 4409 nostro
1141 4358 1355 4425 szeeulo,
1381 4360 1521 4429 quod
1551 4363 1788 4417 nonnulli
1819 4363 1958 4417 ferro

386 4448 554 4495 totum
580 4458 773 4513 corpus
799 4444 1039 4517 ligentes,
1071 4457 1125 4503 et
1152 4464 1307 4504 sacco
1331 4452 1639 4519 vestientes,
1664 4464 1718 4509 et
1742 4456 1806 4509 ad
1836 4472 1956 4510 ver-

387 4534 518 4588 tices
556 4537 811 4591 montium
856 4550 1168 4610 currentes,
1200 4554 1255 4598 et
1286 4544 1336 4598 in
1366 4546 1631 4600 continuis
1652 4549 1867 4618 jejuniis
1897 4565 1959 4604 ac

385 4626 673 4696 pervigiliis
696 4629 934 4684 viventes
958 4672 973 4698 ,
1003 4648 1321 4705 omnemque
1366 4637 1658 4706 disciplina:
1699 4642 1956 4694 severita-

386 4728 493 4773 tem
528 4718 905 4786 ostendentes,
936 4724 1181 4779 omnibus
1219 4727 1527 4783 mulieribus
1571 4730 1863 4799 ingressum
1904 4731 1952 4781 in

383 4810 758 4863 domunculam
784 4820 836 4865 et
862 4814 1125 4881 tugurium
1144 4829 1296 4870 suum
1320 4820 1656 4885 interdicere,
1680 4830 1835 4888 atque
1856 4819 1955 4873 bac

382 4902 588 4955 ratione
604 4901 807 4970 seipsos
835 4904 1170 4972 castigantes,
1201 4923 1341 4975 aegre
1373 4919 1544 4965 tamen
1574 4913 1955 4979 conculiiscea-

384 4993 470 5046 tizr.
493 4994 720 5048 furorem
741 4997 1113 5064 comprimere.
1138 4999 1204 5051 At
1225 5010 1278 5051 tu
1299 5003 1429 5056 dicis
1450 5004 1611 5073 quod,
1636 5004 1751 5059 licet
1778 5006 1955 5058 videas

382 5085 734 5140 cobabitatem
763 5087 983 5156 virgini,
1013 5096 1065 5140 et
1092 5088 1356 5158 alligatum
1380 5133 1393 5153 ,
1425 5103 1479 5147 et
1505 5095 1838 5150 deliciantcm
1859 5136 1874 5159 ,
1904 5105 1957 5147 rt

385 5177 616 5230 animam
644 5178 814 5247 potius
843 5179 1171 5234 amittentem
1194 5196 1350 5250 quam
1382 5185 1834 5252 cohabitatricem,
1866 5206 1951 5255 [itt-

385 5276 663 5336 ratnmque
679 5270 851 5323 omnia
874 5279 928 5324 et
952 5269 1121 5325 facere
1142 5280 1194 5324 et
1220 5273 1324 5339 pati
1350 5276 1522 5342 potius
1543 5294 1700 5346 quam
1722 5284 1952 5347 separari

386 5369 414 5405 a
446 5356 657 5419 dilecta,
686 5376 753 5415 ne
783 5361 1069 5430 suspiceris
1099 5360 1291 5429 aliquid
1320 5364 1479 5428 mali,
1521 5383 1588 5421 ne
1631 5379 1783 5438 putes
1824 5385 1954 5423 con-

386 5447 722 5512 cupiscentiae
754 5455 1040 5523 negotium,
1072 5453 1164 5508 sed
1196 5454 1400 5521 pietatis
1427 5459 1621 5525 potius.

458 5537 539 5592 Ea:
564 5545 810 5595 consortio
851 5547 1097 5617 virginum
1134 5547 1356 5599 nascitur
1398 5552 1674 5603 necessario
1714 5555 1955 5623 concupi-

385 5634 593 5683 scentia.
618 5663 688 5671 —
715 5635 1033 5694 Admirande
1058 5640 1154 5703 vir,
1187 5640 1229 5693 is
1254 5640 1471 5692 affectus
1499 5652 1579 5694 est
1612 5643 1675 5695 iis
1703 5646 1791 5712 qui
1820 5647 1953 5715 lapi-

384 5721 537 5774 dibus
566 5723 889 5793 cohahitant,
929 5747 1030 5784 non
1062 5732 1377 5786 hominibus.
1408 5732 1470 5785 Et
1500 5742 1552 5783 ttt
1585 5734 1792 5800 quidem
1824 5739 1955 5793 forte

387 5831 491 5868 nou
521 5816 693 5869 credis
720 5816 790 5870 ob
813 5834 1053 5888 magnam
1074 5834 1210 5878 tuam
1229 5825 1635 5886 continentiam;
1661 5841 1757 5895 ego
1777 5838 1953 5883 autem

388 5907 561 5961 audivi
590 5907 842 5977 quosdam
874 5909 1109 5967 dicentes
1136 5918 1272 5984 qttod
1305 5921 1460 5972 etiam
1489 5917 1632 5970 tuulti
1666 5934 1787 5985 erga
1823 5919 1954 5988 lapi—

1042 531 1311 589 CONTRA
1352 525 1479 581 EOS
1514 522 1628 587 QUI
1668 516 2271 574 SUBINTRODUCTAS
2310 518 2580 572 ΙΙΑΒΕΧΤ
2620 517 2955 572 VIRGIXES.

3524 519 3574 572 5(
3580 520 3629 571 12

2061 631 2155 686 des
2198 642 2251 686 et
2292 640 2492 686 statuas
2534 632 2772 686 nonnihil
2797 632 2967 686 affecti
2996 633 3119 686 sint.
3151 633 3302 700 Quod
3342 634 3386 687 si
3429 642 3631 688 tantum

2058 724 2220 777 valuit
2245 724 2523 777 artificium
2562 722 2757 784 solum,
2790 722 2876 777 ubi
2916 737 3103 792 aspera
3144 732 3200 777 et
3235 724 3365 778 dura
3402 726 3627 796 effigies,

2060 826 2306 883 quantam
2337 816 2641 885 operabitur
2670 815 2927 869 insaniam
2959 815 3009 869 in
3032 814 3206 885 effigie
3236 815 3450 884 pulchra
3484 827 3632 872 tene-

2061 923 2175 961 rum
2201 907 2432 977 corpus?
2454 906 2729 972 Quomodo
2750 924 2855 962 non
2878 907 3162 962 credentur
3183 910 3347 978 magis
3374 910 3633 963 verisimi-

2062 1001 2127 1053 lia
2158 1001 2338 1055 dicere
2364 999 2455 1069 qui
2482 1015 2574 1053 vos
2598 1012 2867 1064 accusant,
2894 1017 3052 1069 quam
3082 1015 3177 1055 vos
3202 1002 3289 1069 qui
3316 1000 3634 1056 defenditis?

2061 1091 2196 1159 Quid
2216 1092 2355 1147 enim
2377 1091 2679 1153 verisimile,
2702 1091 2787 1145 die
2813 1092 2975 1146 mibi?
2998 1108 3064 1145 an
3088 1092 3228 1162 quod
3258 1092 3340 1147 vir
3359 1093 3633 1147 mulierem

2061 1183 2419 1252 concupiscat,
2446 1197 2512 1235 an
2542 1181 2680 1251 quod
2711 1198 2814 1235 non
2840 1183 3209 1252 concupiscat?
3235 1182 3465 1238 Omnino
3481 1184 3634 1238 dixe-

2062 1275 2227 1328 rimus
2252 1273 2391 1343 quod
2419 1274 2778 1342 concupiscat.
2808 1271 3033 1326 Rursum
3059 1288 3178 1327 cum
3201 1274 3489 1331 innumera:
3509 1290 3634 1329 cau-

2062 1381 2134 1419 sa:
2158 1367 2432 1435 impellant
2458 1375 2516 1420 ut
2538 1364 2858 1436 egrediatur,
2888 1379 2987 1421 nec
3011 1366 3189 1434 egredi
3217 1367 3373 1431 velit,
3411 1368 3504 1422 sed
3546 1384 3635 1422 se-

2064 1458 2235 1525 ipsum
2263 1459 2482 1527 injiciat,
2500 1459 2647 1513 nullo
2664 1473 2841 1527 operm
2869 1458 3057 1527 pretio,
3077 1459 3259 1513 multis
3283 1474 3406 1514 vero
3431 1462 3637 1529 probris

2064 1561 2127 1600 ac
2169 1549 2497 1602 nocnmentis
2542 1549 2903 1617 sequentibus,
2937 1560 3046 1603 tum
3078 1548 3223 1615 suis,
3272 1558 3381 1603 tum
3425 1551 3636 1617 alienis,

2066 1638 2188 1706 quid
2221 1637 2342 1691 hinc
2365 1640 2648 1707 conjicias?
2673 1640 2750 1694 Ex
2774 1641 2984 1695 bouone
3011 1641 3111 1695 hoc
3131 1651 3316 1710 agatur
3344 1642 3635 1711 proposito,

2066 1745 2132 1783 an
2161 1744 2226 1784 ex
2257 1730 2431 1783 malo?
2458 1731 2656 1798 Opinor
2679 1732 2796 1799 quis
2821 1732 2972 1785 facile
2991 1732 3183 1785 dixerit
3211 1731 3349 1801 quod
3380 1747 3443 1787 ex
3468 1733 3631 1790 malo.

2068 1821 2441 1876 Verumtamen
2468 1836 2571 1876 non
2601 1820 2667 1874 de
2712 1822 2775 1876 iis
2808 1822 2935 1891 ipsis
2959 1822 3237 1892 diligenter
3260 1824 3629 1889 scrutabimur,

2066 1912 2160 1967 sed
2201 1922 2428 1982 ponatur
2451 1911 2591 1983 quod
2616 1913 2649 1965 ii
2680 1913 2766 1982 qui
2795 1911 3217 1967 scandalizantur
3237 1927 3343 1966 non
3372 1914 3638 1967 scandali-

2065 2013 2253 2059 zantur
2275 2005 2437 2074 juste,
2466 2003 2558 2058 sed
2590 2014 2788 2058 temere
2807 2013 2860 2058 et
2884 2004 3000 2058 sine
3021 2018 3179 2057 causa
3201 2021 3213 2054 :
3232 2002 3317 2057 die
3339 2003 3465 2057 mihi
3487 2004 3639 2073 cujus

2062 2096 2227 2163 gratia
2246 2094 2436 2164 virgini
2456 2094 2762 2149 cobabitas?
2787 2093 2938 2148 Nulla
2964 2093 3106 2148 enim
3127 2093 3230 2147 alia
3257 2093 3322 2148 de
3345 2109 3501 2148 causa
3524 2102 3637 2148 sta-

2067 2195 2177 2239 tuta
2204 2196 2286 2240 est
2311 2186 2631 2240 coltahitatio
2655 2185 2786 2247 haec,
2810 2201 2966 2253 quam
2990 2193 3204 2254 propter
3227 2185 3565 2240 dilectionem
3583 2196 3638 2241 et

2066 2290 2301 2331 amorem
2325 2294 2338 2330 :
2366 2292 2485 2329 nam
2502 2276 2650 2328 aufer
2666 2275 2783 2335 hoc,
2805 2284 2859 2327 et
2879 2275 3147 2329 auferetur
3173 2276 3246 2328 rei
3276 2276 3490 2330 utilitas.
3509 2276 3638 2343 Quis

2067 2367 2208 2420 enim
2237 2368 2318 2418 vir
2343 2375 2447 2428 est,
2476 2365 2567 2434 qui
2589 2365 2745 2419 vellet
2775 2365 2891 2417 sine
2915 2364 3013 2418 bac
3036 2364 3351 2418 necessitate
3379 2365 3519 2419 ferre
3542 2366 3637 2419 de-

2067 2458 2214 2512 lieias
2240 2466 2293 2513 et
2320 2457 2536 2526 injurias
2574 2457 2859 2512 muliebres
2887 2466 2937 2512 et
2967 2458 3066 2513 alia
3099 2458 3252 2527 hujus
3296 2473 3456 2514 sexus
3477 2460 3642 2513 vitia?

2068 2550 2355 2619 Propterea
2384 2558 2438 2603 et
2461 2550 2528 2603 ab
2554 2550 2703 2603 initio
2734 2551 2868 2605 Deus
2894 2551 3168 2605 mulierem
3200 2551 3299 2605 hoc
3330 2551 3521 2606 robore
3554 2567 3616 2605 ar

2068 2640 2250 2706 inavit,
2276 2639 2440 2709 probe
2460 2640 2632 2693 sciens
2647 2640 2785 2708 quod
2812 2640 2963 2695 valde
2985 2640 3320 2711 despicabilis
3347 2651 3510 2707 esset,
3540 2642 3639 2696 nisi

2070 2732 2171 2786 hoc
2197 2746 2363 2802 genus
2390 2730 2595 2800 imperii
2623 2730 2917 2795 induceret,
2957 2740 3012 2785 et
3037 2730 3180 2798 quod
3208 2731 3379 2785 nullus
3408 2732 3456 2785 ei
3483 2731 3643 2785 coba-

2068 2823 2322 2877 bitaturus
2362 2831 2523 2888 esset,
2567 2823 2653 2891 qui
2691 2837 2721 2876 a
2764 2822 3141 2891 cupiditatibus
3187 2833 3329 2878 esset
3370 2822 3639 2877 immunis.

2065 2913 2194 2968 Nam
2214 2913 2257 2968 si
2276 2928 2435 2976 nunc,
2454 2929 2573 2968 cum
2594 2923 2699 2967 tam
2718 2915 3031 2969 necessaria:
3051 2923 3102 2969 ct
3118 2915 3271 2969 utiles
3291 2926 3435 2980 sunt,
3449 2917 3643 2985 quippe

2065 3020 2184 3073 qua:
2222 3013 2274 3059 et
2309 3019 2503 3073 pueros
2546 3013 2843 3072 procreant,
2889 3014 2944 3059 et
2973 3004 3188 3060 domum
3218 3006 3546 3067 custodiunt.
3584 3017 3640 3062 et

2063 3096 2164 3150 alia
2192 3096 2355 3150 multa
2388 3094 2471 3149 bis
2498 3096 2647 3165 plura
2676 3096 3048 3151 administrant
3088 3115 3102 3152 :
3130 3099 3173 3152 si
3200 3098 3491 3153 etiamnum
3520 3114 3643 3154 cum

2065 3187 2135 3244 ita
2158 3186 2289 3241 viris
2315 3186 2636 3252 ministrant,
2655 3202 2796 3256 sa'pe
2824 3197 2998 3242 tamen
3023 3196 3340 3258 contempta:
3365 3197 3509 3256 sunt,
3528 3202 3585 3244 ut
3614 3208 3644 3245 e

2066 3280 2226 3333 domo
2247 3278 2543 3349 ejiciantur,
2573 3279 2838 3347 quomodo
2863 3280 3064 3347 absque
3091 3281 3516 3349 concupiscentia
3542 3296 3638 3335 no-

2066 3370 2147 3425 bis
2173 3385 2291 3425 esse
2322 3379 2539 3440 possunt
2564 3370 2789 3434 dilectae,
2819 3373 3109 3439 prmsertim
3147 3389 3266 3442 quae
3309 3389 3406 3429 nos
3431 3382 3513 3429 tot
3545 3391 3642 3443 ον-

2063 3462 2290 3531 probriis
2310 3462 2566 3517 onerant?
2592 3462 2691 3517 Vel
2728 3479 2855 3532 ergo
2878 3479 3090 3519 causam
3117 3466 3525 3522 cobabitationis
3562 3468 3643 3521 di-

2064 3552 2187 3618 cite,
2220 3553 2302 3607 vel
2321 3554 2521 3607 nullam
2550 3554 2706 3607 aliam
2732 3554 2987 3623 suspicari
3007 3571 3251 3624 necesse,
3272 3573 3428 3627 quam
3453 3560 3643 3615 malam

2062 3644 2550 3712 concupiscentiam
2575 3654 2628 3698 et
2659 3645 3061 3714 ignominiosam
3089 3648 3435 3717 voluptatein.

2134 3734 2188 3789 6.
2228 3735 2363 3800 Quid
2387 3735 2562 3806 igitur,
2591 3737 2633 3789 si
2668 3737 2979 3805 poterimus,
3008 3738 3100 3800 ait.
3131 3742 3558 3806 causamjustam
3586 3752 3641 3795 ot

2066 3824 2431 3880 rationabilem
2459 3825 2656 3891 dicere,
2685 3843 2811 3880 num
2838 3828 3028 3882 frustra
3061 3828 3173 3884 lucc
3213 3829 3445 3885 dixeris?
3471 3831 3638 3886 Mattio

2067 3930 2152 3969 me
2198 3914 2409 3983 quidem
2457 3915 2652 3969 nul'am
2683 3916 2839 3970 talem
2879 3917 3086 3983 dictatis,
3141 3928 3499 3973 verumtamen
3543 3921 3641 3976 bac

2065 4009 2225 4059 etiam
2253 4007 2458 4062 ratione
2483 4007 2672 4061 vellem
2699 4007 2925 4074 discere,
2947 4025 3013 4064 an
3034 4012 3117 4066 vel
3143 4012 3384 4067 umbram
3411 4014 3641 4085 aliquam

2061 4099 2188 4167 justi
2216 4108 2502 4169 praetextas
2530 4100 2708 4155 dicere
2746 4102 2982 4170 possitis.
3026 4104 3312 4158 Defensore
3350 4115 3517 4171 caret,
3547 4106 3640 4171 ait,

2068 4190 2233 4258 virgo,
2260 4204 2432 4259 neque
2455 4191 2627 4245 virum
2656 4191 2833 4258 habet,
2867 4210 3039 4261 neque
3068 4203 3319 4259 tutorem,
3346 4211 3488 4265 saepe
3514 4198 3639 4252 item

2068 4296 2235 4351 neque
2266 4292 2489 4350 patrem,
2509 4297 2606 4336 nec
2633 4282 2878 4347 fratrem;
2904 4285 3102 4353 indiget
3120 4286 3317 4353 aliquo,
3340 4287 3426 4354 qui
3454 4288 3503 4341 ei
3525 4303 3639 4342 ma-

2068 4386 2190 4425 nqu
2221 4372 2473 4439 prmbeat,
2519 4382 2575 4426 et
2614 4374 2863 4427 solitariae
2892 4389 3177 4430 maerorem
3217 4378 3544 4445 censoletur,
3588 4389 3642 4434 et

2068 4463 2258 4530 ubique
2286 4476 2345 4515 se
2371 4477 2467 4530 pro
2490 4477 2552 4515 ea
2581 4473 2815 4532 opponat
2841 4465 3175 4529 adversariis,
3208 4476 3261 4520 et
3290 4466 3458 4536 ipsam
3482 4470 3533 4523 in
3559 4487 3649 4524 se-

2064 4553 2287 4607 curitale
2314 4562 2368 4607 et
2394 4563 2547 4622 portu
2575 4555 2881 4611 constituat.
2912 4558 3079 4623 Quam
3117 4568 3173 4612 tu
3218 4559 3343 4613 mihi
3386 4564 3641 4615 securita-

2066 4654 2190 4706 tem,
2218 4658 2419 4714 quzcso,
2452 4660 2605 4712 quem
2636 4656 2845 4715 portum
2877 4648 3096 4703 narras?
3129 4649 3317 4703 Portus
3342 4652 3483 4705 enim
3516 4669 3641 4721 pro-

2066 4738 2413 4806 pugnaculum
2444 4738 2597 4792 video
2624 4756 2727 4793 non
2758 4756 2946 4794 arcens
2984 4741 3195 4803 fluctus,
3240 4743 3332 4797 sed
3380 4744 3639 4808 excitans,

2062 4836 2112 4880 et
2138 4835 2346 4895 portum
2370 4844 2473 4881 non
2493 4830 2930 4897 compritnentem
2954 4840 3312 4898 tempestates,
3338 4832 3430 4887 sed
3452 4850 3641 4904 graves

2063 4938 2179 4990 qua:
2208 4938 2311 4975 non
2339 4922 2560 4975 aderant
2588 4932 2887 4976 moventem
2913 4924 3191 4991 procellas.
3224 4924 3336 4978 Non
3366 4928 3643 4982 confundi-

2066 5014 2211 5075 mini,
2245 5028 2347 5067 non
2375 5014 2550 5067 vultus
2579 5023 2784 5068 vestros
2811 5014 3077 5084 olnt-gitis,
3120 5017 3246 5070 dum
3288 5017 3423 5073 hanc
3452 5019 3639 5075 defen-

2063 5105 2263 5156 sionem
2296 5104 2529 5158 offertis?
2556 5104 2685 5158 Nam
2716 5106 2761 5158 si
2799 5122 2862 5159 ex
2908 5106 3009 5161 boc
3039 5108 3330 5161 ministerio
3358 5125 3528 5177 neque
3551 5126 3641 5163 ar-

2062 5196 2284 5256 cusatio,
2310 5211 2477 5264 neque
2493 5195 2767 5261 damnum,
2793 5213 2963 5265 neque
2984 5198 3287 5252 scandalutn
3311 5210 3637 5268 nasceretur,

2065 5286 2155 5339 sed
2188 5285 2324 5340 fama
2354 5287 2531 5342 adhuc
2560 5289 2705 5341 salva
2760 5290 2937 5343 liceret
2969 5290 3105 5343 istud
3138 5291 3304 5357 ipsum
3350 5292 3544 5355 facere,
3573 5309 3639 5345 an

2068 5393 2170 5431 non
2202 5379 2484 5431 admodum
2532 5380 2709 5432 miseri
2741 5381 2949 5443 essetis,
2982 5382 3091 5447 qui,
3136 5380 3260 5433 dum
3288 5381 3500 5434 divitias
3526 5384 3641 5450 ejus

2064 5470 2267 5537 augetis
2293 5478 2347 5522 et
2374 5469 2438 5521 ad
2468 5468 2804 5537 pecuniarum
2843 5484 3073 5522 amorem
3106 5470 3245 5522 illam
3274 5471 3554 5537 exercetis,
3590 5474 3639 5525 iu

2067 5558 2271 5625 negotia
2324 5559 2583 5627 eonjicitis
2613 5568 2665 5611 et
2692 5558 2756 5610 ad
2804 5557 3101 5611 mundanas
3150 5574 3306 5613 curas
3355 5561 3632 5615 instituitis

2066 5663 2487 5713 meonomormn,
2516 5657 2814 5701 curaturum
2846 5658 2898 5702 ct
2940 5647 3234 5703 forensium
3261 5650 3432 5705 officia
3459 5650 3635 5706 adire-

2068 5740 2167 5791 tis?
2197 5738 2309 5791 Non
2350 5741 2588 5806 poteritis
2618 5738 2778 5792 nmlta
2808 5738 2875 5791 de
2920 5750 3230 5809 paupertate
3259 5740 3541 5801 disserere,
3574 5756 3634 5794 ac

2067 5829 2382 5897 persuadere
2413 5842 2470 5883 ut
2499 5830 2770 5884 facultates
2790 5840 3215 5893 contemnantur,
3240 5833 3328 5900 qui
3355 5831 3526 5884 omnia
3550 5829 3629 5884 fa-

2065 5922 2203 5983 citis,
2238 5929 2291 5973 ut
2338 5920 2613 5975 facultates
2654 5932 2897 5975 maneant
2936 5931 2989 5976 et
3013 5933 3324 5990 augeantur,
3360 5932 3416 5976 ut
3452 5922 3641 5993 opibus
