4490 6738
895 543 999 598 503

894 674 1023 727 opes
1048 664 1375 722 accrescant,
1404 655 1669 709 institores
1704 653 1916 722 quidam
1944 663 1997 706 et
2024 653 2211 705 iterum
2251 646 2461 701 instito-

895 765 983 803 res
1010 755 1223 818 propter
1247 747 1363 801 illas
1389 746 1531 808 facti,
1560 744 1765 798 tametsi
1793 742 2025 795 inutiles.
2054 740 2170 794 Non
2211 738 2350 793 enim
2379 737 2461 789 in-

895 854 1066 908 genua
1091 854 1215 909 spes
1232 848 1430 891 vestra.
1449 836 1577 890 Nam
1597 851 1718 890 cum
1738 834 1865 903 jussi
1890 832 2094 887 fueritis
2116 840 2323 901 portare
2342 844 2463 883 cru-

896 946 1012 985 rem
1038 940 1093 986 et
1122 930 1271 1001 sequi
1297 931 1585 991 Christum,
1616 926 1817 994 abjccta
1862 938 2042 989 cruce,
2084 924 2230 994 quasi
2257 920 2463 974 enemi-

898 1029 1007 1083 nati
1056 1028 1248 1083 milites
1297 1034 1447 1080 scuto
1497 1024 1752 1092 projecto,
1797 1019 1864 1072 ad
1908 1019 2083 1072 colum
2120 1029 2175 1071 et
2201 1014 2464 1070 calathum

898 1119 1201 1182 considetis,
1235 1132 1329 1187 per
1369 1116 1523 1169 aliam
1551 1114 1836 1182 turpiorem
1868 1110 2173 1165 methodum
2203 1116 2382 1177 aperta
2412 1106 2464 1159 in

898 1218 1211 1281 praesentem
1255 1208 1416 1262 vitam
1442 1205 1624 1275 janua.
1656 1203 1768 1257 Non
1791 1203 1930 1255 enim
1964 1210 2069 1255 tam
2099 1210 2246 1267 turpe
2266 1204 2349 1252 est
2371 1210 2466 1251 eos

895 1301 985 1369 qui
1016 1300 1065 1353 in
1093 1297 1430 1352 matrimonio
1455 1305 1577 1351 sunt
1605 1294 1719 1348 hmo
1746 1291 2141 1356 administrare,
2172 1302 2327 1358 quam
2368 1300 2466 1338 vos

894 1391 983 1459 qui
1010 1390 1268 1444 simulatis
1294 1403 1390 1443 vos
1420 1386 1669 1443 resiliisse
1692 1400 1721 1437 a
1754 1384 2091 1453 prmsentium
2122 1396 2298 1436 rerum
2324 1379 2467 1433 curis

892 1483 994 1536 sub
1018 1481 1237 1536 alterius
1258 1493 1485 1549 persona
1507 1478 1699 1531 iterum
1717 1473 1931 1529 easdem
1953 1473 2147 1527 subire.
2180 1472 2463 1538 Propterea

896 1573 1206 1629 helluonum
1233 1582 1287 1626 et
1310 1570 1636 1625 adulatorum
1664 1577 1719 1621 et
1748 1566 2098 1637 parasitorum
2140 1573 2193 1618 et
2234 1559 2467 1616 mulieri-

897 1667 995 1719 hus
1036 1664 1373 1720 servientium
1404 1662 1596 1730 ubique
1640 1660 1831 1715 famam
1867 1659 2201 1727 suscipimus,
2226 1652 2465 1724 quando-

895 1755 1105 1825 quidem
1128 1755 1387 1824 abjectam
1408 1768 1619 1808 omnem
1640 1752 2048 1823 generositatem
2070 1750 2220 1804 nobis
2236 1761 2465 1816 superne

892 1848 1070 1900 datam
1100 1860 1219 1900 cum
1261 1845 1553 1899 servilitate
1599 1853 1655 1899 et
1699 1843 1899 1896 vilitate
1928 1850 2135 1895 terrena
2166 1846 2463 1893 commuta-

894 1958 1035 1997 nius.
1068 1942 1135 1997 Et
1153 1941 1429 1995 viduarum
1456 1939 1668 2009 quidem
1697 1937 2007 2006 dispensare
2030 1948 2159 2003 opes
2184 1932 2467 1985 noluerunt

894 2034 1135 2104 generosi
1162 2033 1287 2087 olim
1318 2033 1393 2087 illi
1421 2031 1539 2094 viri,
1572 2045 1693 2084 cum
1732 2037 1878 2082 tanta
1926 2027 2051 2082 inde
2089 2026 2320 2080 oriretur
2348 2023 2463 2077 bla-

893 2126 1132 2195 sphemia
1159 2125 1298 2194 quod
1326 2123 1501 2177 nullus
1520 2130 1663 2177 esset
1687 2122 1775 2191 qui
1803 2119 2215 2183 administraret,
2238 2115 2333 2170 sed
2352 2115 2468 2169 exi-

892 2217 1169 2270 stimantes
1206 2214 1306 2269 hoc
1336 2213 1555 2269 inferius
1583 2225 1702 2267 esse
1722 2224 1816 2264 sua
1846 2206 2200 2278 philosophia,
2228 2205 2346 2259 aliis
2373 2205 2467 2259 de-

893 2305 1228 2361 niandarunt.
1256 2303 1364 2360 Nos
1388 2312 1563 2357 autem
1590 2318 1694 2356 non
1722 2298 2085 2355 erubescimus
2108 2296 2317 2350 divitias
2338 2297 2469 2349 alie-

895 2411 992 2452 nas
1010 2411 1205 2467 augere
1229 2411 1351 2450 cum
1367 2395 1561 2449 damno
1588 2390 1992 2461 possidentium,
2020 2388 2187 2442 nihilo
2212 2386 2465 2440 meliores

894 2485 1151 2541 eunuchis
1179 2485 1231 2539 in
1273 2484 1375 2539 hoc
1413 2482 1702 2552 occupatis,
1731 2479 1925 2550 quibus
1963 2477 2268 2531 mandatum
2299 2485 2382 2529 est
2411 2484 2471 2528 ut

894 2577 1129 2647 quotidie
1148 2576 1457 2645 sanguinem
1484 2583 1537 2628 et
1559 2573 1789 2627 animam
1813 2570 1867 2623 in
1895 2569 2141 2623 manibus
2162 2568 2393 2621 feramus
2415 2566 2467 2618 in

892 2673 1061 2724 vicem
1083 2684 1370 2723 armorum.
1401 2667 1536 2733 Quid
1564 2664 1754 2735 igitur?
1775 2661 2113 2734 oportebitne
2140 2660 2319 2713 omnia
2349 2672 2468 2726 quae

893 2760 1084 2830 virgini
1128 2760 1404 2826 rapiuntur
1430 2765 1793 2815 contemnere,
1836 2752 1962 2806 dum
2008 2750 2261 2804 tolluntur
2284 2758 2338 2802 et
2364 2748 2468 2800 cir-

894 2851 1259 2908 cumferuntur
1286 2865 1315 2903 a
1343 2848 1603 2917 cognatis,
1645 2861 1676 2899 a
1720 2842 2086 2903 familiaribus,
2118 2848 2172 2894 et
2200 2838 2387 2892 alienis
2416 2846 2469 2890 et

895 2941 1240 2998 domesticis?
1264 2940 1505 3009 profecto
1542 2935 1816 3007 pulchram
1857 2932 2141 2987 reddemus
2166 2929 2355 2999 virgini
2383 2943 2468 2982 re-

896 3032 1256 3093 tributionem,
1286 3028 1428 3101 quod
1458 3041 1629 3096 neque
1661 3024 1922 3095 nupserit,
1949 3036 2121 3092 neque
2146 3027 2464 3090 praesentem

899 3123 1150 3177 mundum
1180 3121 1443 3185 dilexerit,
1473 3118 1566 3174 sed
1598 3132 1695 3187 pro
1717 3116 1964 3171 omnibus
1999 3113 2267 3169 Christum
2289 3111 2469 3179 elege-

896 3218 986 3281 rit,
1009 3216 1244 3270 sinentes
1269 3213 1410 3267 illam
1436 3210 1729 3281 expositam
1752 3207 1838 3270 iis,
1867 3207 1956 3276 qui
1986 3220 2105 3259 eam
2134 3201 2471 3257 facultatibus

896 3308 1007 3364 suis
1031 3308 1259 3376 privant.
1284 3303 1353 3357 Et
1371 3310 1570 3373 quanto
1595 3300 1761 3355 satius
1802 3297 1901 3367 ipsi
1923 3304 2037 3350 erat
2063 3293 2285 3355 nubere,
2312 3300 2366 3345 et
2391 3290 2469 3343 uti

894 3395 1280 3459 contubernali,
1328 3393 1413 3447 cui
1458 3391 1788 3445 incumberet
1827 3387 2014 3440 barum
2043 3399 2217 3438 rerum
2248 3380 2474 3435 admini-

895 3491 1289 3557 stratio,quam
1338 3485 1383 3539 si
1437 3485 1653 3552 innupta
1702 3493 1922 3534 manens
1964 3475 2171 3531 fmdera
2198 3489 2320 3529 cum
2364 3473 2473 3526 Deo

895 3587 1021 3638 inita
1052 3578 1347 3639 conculcet,
1375 3584 1428 3628 et
1457 3573 1701 3643 injuriam
1730 3569 1887 3625 faciat
1914 3567 1992 3622 rei
2017 3575 2121 3620 tam
2150 3564 2390 3619 honestae
2410 3577 2473 3617 ac

895 3673 1218 3737 reverendae,
1249 3678 1303 3726 et
1329 3667 1465 3725 alios
1491 3678 1697 3734 quoque
1724 3660 1790 3716 ad
1817 3658 2084 3728 naufragia
2109 3671 2325 3710 suorum
2355 3669 2469 3707 ma-

895 3768 1064 3820 lorum
1097 3762 1306 3817 trahat?
1333 3760 1449 3828 Quo
1476 3771 1631 3828 pacto
1669 3760 1846 3811 autem
1879 3750 2014 3803 hanc
2041 3747 2287 3802 omnibus
2314 3744 2471 3799 Chri-

895 3868 1034 3912 stum
1060 3854 1356 3925 prtetulisse
1383 3852 1548 3913 dices,
1575 3863 1695 3903 cum
1723 3846 1968 3901 Christus
1987 3840 2182 3898 clamet
2208 3851 2272 3896 ac
2293 3834 2431 3894 dicat
2455 3851 2470 3892 :

898 3947 1020 4002 Non
1045 3945 1249 4016 potestis
1276 3942 1458 3996 servire
1489 3941 1593 3993 Deo
1614 3949 1660 3992 et
1684 3951 1984 3991 mammona:
2017 3933 2231 4005 (Matth.
2257 3931 2311 3986 6.
2341 3928 2475 4001 24)?

896 4041 1014 4109 Quo
1040 4047 1192 4109 pacto
1230 4038 1356 4091 item
1400 4032 1654 4088 mundum
1693 4040 1748 4084 et
1789 4026 2073 4099 praesentia
2116 4024 2241 4079 odio
2280 4022 2477 4077 habere

898 4132 1121 4204 puteris,
1150 4128 1238 4199 qui
1267 4123 1723 4193 concupiscentias
1752 4119 1913 4189 hujus
1939 4116 2123 4172 mundi
2154 4130 2259 4169 non
2297 4128 2479 4182 asper-

901 4222 1104 4279 nandas
1128 4218 1353 4275 suades?
1381 4214 1659 4283 Quomodo
1682 4224 1857 4266 autem
1886 4223 2004 4264 eam
2032 4222 2152 4276 qua:
2183 4205 2351 4259 virum
2380 4203 2479 4258 ha-

899 4316 990 4371 bet
1011 4311 1211 4368 hortari
1238 4317 1408 4380 potes,
1433 4314 1493 4360 ut
1517 4310 1825 4359 contemnat
1850 4315 2002 4370 opes,
2030 4314 2151 4353 cum
2196 4306 2249 4350 tu
2291 4293 2476 4364 virgini

900 4406 1112 4462 divitias
1137 4398 1453 4469 conquiras?
1480 4397 1543 4451 Et
1560 4396 1695 4448 hanc
1719 4394 1885 4462 ipsam
1909 4388 2177 4461 quomodo
2205 4386 2479 4457 permittes

902 4497 1117 4553 assidue
1158 4503 1215 4550 et
1252 4499 1556 4548 constanter
1598 4488 1801 4541 haerere
1834 4485 2074 4546 Domino,
2102 4498 2221 4537 cum
2264 4494 2478 4535 omnem

902 4593 1066 4643 vitam
1092 4595 1147 4642 et
1182 4598 1342 4640 omne
1371 4581 1601 4636 studium
1650 4580 1703 4631 in
1751 4577 1866 4646 ejus
1908 4577 2134 4644 negotiis
2171 4570 2481 4642 expendas?

905 4678 1183 4749 Quomodo
1224 4676 1419 4747 poterit
1457 4673 1603 4742 virgo
1646 4669 2029 4740 philosophari,
2080 4684 2198 4721 cmn
2229 4676 2279 4721 te
2309 4665 2478 4720 \irum

907 4772 1085 4827 videat
1111 4769 1325 4839 indigne
1351 4766 1492 4821 ferre
1518 4764 1563 4819 si
1588 4763 1704 4833 ejus
1726 4761 1961 4831 pecunia:
1983 4758 2332 4827 diripiantur?
2352 4771 2485 4826 quo-

910 4863 1072 4919 modo
1102 4861 1292 4930 poterit
1315 4859 1569 4913 damnum
1584 4854 1914 4923 contemptui
1934 4850 2147 4913 habere,
2170 4864 2290 4904 cum
2323 4858 2373 4902 te
2401 4847 2484 4900 vi-

912 4955 1037 5009 deat
1063 4951 1239 5007 omnia
1271 4948 1551 5004 lacientem
1590 4957 1645 5002 et
1676 4944 1963 5015 patientem
1990 4950 2047 4996 ut
2069 4942 2213 4997 illius
2238 4955 2369 5007 opes
2392 4954 2484 4992 ae

914 5041 1187 5099 cumules?
1212 5039 1327 5095 Non
1354 5039 1434 5093 sic
1474 5052 1573 5092 nos
1610 5038 1749 5091 Deus
1776 5050 1805 5089 a
1834 5035 2058 5103 negotiis
2101 5032 2317 5088 liberari
2346 5031 2481 5096 vult,

916 5135 1011 5192 sed
1040 5142 1385 5189 contemnere
1426 5128 1720 5190 facultates,
1745 5137 1799 5181 et
1824 5125 2068 5180 omnibus
2092 5140 2210 5193 quae
2238 5122 2304 5177 ad
2350 5122 2489 5175 hanc

918 5230 1079 5283 vitam
1106 5226 1372 5295 pertinent
1391 5220 1718 5277 renuntiare.
1746 5220 1816 5271 At
1842 5232 1945 5270 non
1974 5216 2145 5269 sinitis
2164 5229 2281 5276 vos,
2313 5227 2488 5281 neque

918 5319 1206 5376 conceditis
1249 5318 1419 5386 legem
1463 5311 1557 5367 Dei
1596 5310 1795 5365 valere.
1834 5307 1969 5374 Quid
2011 5322 2157 5373 ergo,
2190 5307 2233 5356 si
2262 5304 2486 5357 alierum

919 5428 1052 5483 opus
1078 5412 1269 5466 habeat
1287 5406 1595 5479 patrocinio,
1618 5403 1805 5473 inquit,
1829 5409 1884 5454 et
1906 5399 2067 5452 multa
2096 5397 2229 5451 ferat
2252 5395 2490 5465 indigna?

921 5522 987 5559 an
1016 5520 1120 5557 non
1146 5503 1358 5572 indigna
1379 5508 1502 5555 sunt
1527 5498 1640 5551 luce
1659 5493 1894 5564 virgine?
1921 5492 2031 5546 lmo
2059 5489 2187 5545 nihil
2217 5498 2322 5542 tam
2348 5487 2489 5541 indi-

919 5611 1081 5668 gnum
1109 5596 1328 5666 virgine,
1356 5602 1414 5647 ut
1442 5590 1601 5646 ditari
1640 5598 1695 5644 et
1732 5585 2064 5657 negotiorum
2110 5582 2264 5637 turba
2311 5579 2489 5635 obrui.

922 5687 1059 5758 Quid
1080 5696 1277 5750 autem,
1305 5685 1349 5737 si
1377 5676 1430 5738 et
1454 5682 1554 5736 alia
1579 5696 1699 5734 cum
1727 5678 1809 5732 his
1831 5677 2032 5744 jubeat,
2055 5673 2226 5746 qualia
2252 5679 2377 5727 sunt
2397 5669 2493 5724 fae-

922 5778 1100 5835 nerari
1125 5789 1335 5837 aurum,
1367 5771 1557 5828 deinde
1587 5770 1738 5825 nobis
1763 5767 1965 5821 vocatis
1987 5766 2054 5820 ad
2091 5762 2409 5818 commercia
2438 5759 2492 5813 id

925 5886 1029 5925 non
1056 5866 1401 5939 persuaserit,
1421 5872 1477 5918 et
1499 5876 1619 5917 cum
1648 5874 1751 5914 non
1781 5859 2125 5932 persuaserit,
2154 5858 2287 5910 alios
2312 5853 2487 5914 adeat,

921 5961 1163 6024 possein
1192 5974 1354 6019 causa
1368 5955 1612 6017 erimus?
1637 5953 1771 6021 Quid
1805 5964 2004 6019 autem,
2033 5953 2076 6006 si
2108 5948 2490 6021 negotiationes

1630 536 1685 590 S.
1728 534 2006 592 JOANNIS
2042 528 2519 591 CflliYSOSTOMl
2555 529 2872 587 ARCHIEP.
2906 533 3440 590 CONSTANTINOP.

2572 650 2772 716 aliquas
2798 650 2928 704 alias
2958 654 3237 709 illiberales
3263 664 3315 709 et
3344 653 3563 707 serviles
3587 654 3825 720 instruat,
3856 657 4049 713 deinde
4071 665 4140 722 si,

2568 752 2688 793 cum
2718 754 2815 793 nos
2851 745 3124 809 cooperari
3157 746 3495 804 uoluerimus,
3528 743 3644 796 aliis
3667 746 3978 814 quibusdam
4006 765 4141 815 epos

2572 830 2784 896 haheat,
2815 832 3027 900 dignine
3054 836 3255 891 erimus
3283 839 3371 906 qui
3399 837 3809 907 redarguamur?
3834 838 3990 894 Nullo
4011 858 4137 894 mo-

2573 923 2661 989 tlo,
2695 924 2821 993 quin
2854 925 3026 991 potius
3053 925 3195 996 digni
3224 931 3315 998 qui
3362 930 3633 985 laudemur
3658 948 3671 983 :
3694 946 3814 983 nam
3841 942 4022 985 contra
4056 934 4137 986 vi-

2574 1016 2781 1083 tuperio
2800 1016 2939 1083 digni
2961 1030 3221 1081 essemus,
3241 1022 3284 1074 si
3308 1033 3516 1077 mutuas
3534 1024 3638 1077 illis
3655 1037 3841 1091 Operas
3860 1023 4136 1079 daremus.

2574 1105 2663 1158 \is
2689 1123 2792 1160 non
2815 1106 3014 1160 auferri
3038 1124 3207 1177 neque
3234 1110 3387 1179 diripi
3415 1130 3543 1182 opes
3569 1116 3745 1169 illius?
3769 1115 3993 1168 admone
4017 1132 4138 1170 eam

2570 1205 2627 1248 ut
2652 1197 2897 1265 deponat,
2928 1199 3014 1252 ubi
3040 1216 3209 1269 neque
3232 1203 3341 1255 viro
3366 1219 3496 1271 upus
3524 1208 3711 1261 habent
3730 1208 3793 1261 ad
3815 1208 4132 1270 custodiam,

2570 1297 2623 1338 et
2656 1299 2907 1356 perpetuo
2950 1290 3163 1359 integrm
3195 1303 3468 1356 maneant;
3513 1296 3556 1347 si
3587 1307 3761 1351 autem
3792 1298 4016 1352 voluerit
4044 1314 4141 1352 ne-

2568 1378 2705 1443 gotia
2737 1381 2948 1445 habere,
2971 1397 3133 1450 quare
3154 1381 3282 1436 ludit
3303 1383 3353 1435 in
3377 1400 3479 1437 non
3510 1387 3755 1442 ludicris?
3774 1390 3904 1444 Nam
3926 1392 3970 1445 si
3989 1392 4140 1458 virgo

2571 1466 2685 1522 haec
2714 1481 2856 1539 agat,
2898 1473 3029 1526 ludit
3068 1474 3245 1527 ludum
3274 1490 3379 1527 non
3400 1474 3712 1543 jucundum,
3756 1482 3848 1532 sed
3896 1481 4141 1535 mortife-

2571 1572 2711 1611 rum.
2758 1562 2979 1629 Quando
3024 1564 3163 1617 enim
3205 1564 3484 1618 obnoxiam
3534 1567 3614 1619 his
3660 1570 4033 1622 certaminibus
4080 1586 4143 1623 se

2570 1654 2861 1717 constituit,
2891 1665 2943 1709 et
2972 1657 3146 1710 omnia
3178 1656 3385 1725 indigna
3429 1671 3521 1709 sua
3563 1657 3935 1725 pollicitatione
3980 1660 4131 1721 facit,

2571 1742 2741 1807 major
2770 1758 2937 1811 paena,
2975 1748 3183 1815 gravior
3209 1756 3286 1801 est
3311 1757 3486 1815 parata
3511 1747 3759 1801 vindicta.
3787 1747 3916 1801 Num
3942 1750 4141 1801 audisti

2569 1836 2778 1901 qualem
2824 1839 2921 1907 ipsi
2965 1841 3132 1910 legem
3177 1842 3347 1909 posuit
3392 1841 3603 1906 Paulus,
3636 1841 3741 1894 imo
3777 1839 4021 1896 Christus
4046 1844 4139 1909 qui

2571 1937 2666 1990 per
2692 1925 2839 1979 illum
2865 1928 3110 1996 loquutus
3141 1940 3240 1991 est,
3267 1930 3405 1998 quod
3434 1930 3599 1983 divisa
3626 1941 3707 1981 est
3733 1930 3921 1982 mulier
3945 1942 3999 1981 et
4026 1932 4131 1980 vir-

2569 2013 2669 2080 go?
2698 2013 2764 2067 Et
2792 2033 2902 2084 qua:
2928 2020 3137 2087 innupta
3160 2029 3233 2072 est
3257 2022 3439 2090 cogitat
3463 2035 3575 2091 qua:
3598 2030 3713 2073 sunt
3745 2020 3965 2083 Domini,
3996 2031 4048 2072 ut
4076 2022 4144 2072 sit

2570 2114 2744 2156 sancta
2773 2116 2818 2157 et
2843 2122 3052 2175 corpore
3070 2120 3115 2162 ct
3134 2111 3315 2177 spiritu
3346 2112 3391 2181 (
3406 2149 3421 2163 .
3441 2110 3557 2164 Cor.
3581 2112 3632 2166 7.
3651 2111 3773 2181 35)?
3792 2111 3895 2165 Sed
3918 2128 4015 2165 vos
4033 2130 4140 2164 non

2570 2192 2766 2258 sinitis,
2797 2204 2850 2248 et
2877 2198 3051 2250 omnia
3076 2214 3259 2253 carum
3286 2200 3543 2254 desideria
3569 2202 3925 2255 auscultantes
3968 2205 4140 2269 magis

2570 2298 2728 2350 quam
2747 2286 2985 2354 emplitia
3003 2290 3257 2357 mancipia
3286 2290 3530 2359 morigeri
3551 2290 3695 2344 estis.
3727 2290 3795 2343 Ita
3820 2300 3921 2353 est,
3947 2292 4144 2359 inquit.

2571 2377 2707 2441 Quid
2731 2378 2906 2446 igitur,
2936 2380 2980 2432 si
3006 2389 3246 2435 extrema
3276 2381 3448 2450 inopia
3472 2382 3711 2436 laboret?
3730 2383 3857 2435 Nam
3882 2382 3949 2437 de
3968 2383 4144 2436 abun-

2571 2466 2817 2520 dantibus
2862 2468 2974 2522 Iitec
3014 2470 3150 2524 bene
3192 2485 3223 2524 a
3272 2480 3323 2525 te
3370 2472 3507 2525 dicta
3535 2482 3657 2526 sunt
3691 2491 3705 2527 :
3736 2489 3853 2542 qua:
3880 2482 4056 2526 autem
4088 2474 4143 2526 in

2574 2557 2911 2611 mendicitate
2934 2567 2986 2611 et
3011 2560 3184 2627 inopia
3205 2562 3367 2613 multa
3390 2565 3641 2630 neglecta:
3659 2562 3857 2630 jacent,
3884 2563 4011 2631 quid
4037 2564 4147 2617 cri-

2573 2645 2730 2699 minis
2777 2657 2855 2699 est
2897 2649 2941 2700 si
2988 2649 3292 2718 erigantur?
3323 2650 3531 2705 Utinam
3582 2667 3685 2704 non
3716 2652 4044 2718 dejecissetis
4088 2663 4147 2706 et

2572 2734 2913 2803 depulissetis
2939 2753 3031 2791 cas
3053 2738 3105 2791 in
3131 2739 3442 2806 perditionis
3462 2742 3728 2805 barathra,
3759 2752 3813 2796 et
3838 2742 3887 2795 id
3908 2743 4146 2810 optabile

2571 2836 2733 2882 esset.
2751 2829 3033 2883 Enimvero
3056 2830 3099 2882 si
3128 2830 3231 2884 hoc
3252 2832 3380 2885 facis
3394 2834 3693 2901 obsequens
3720 2832 3837 2901 ejus
3865 2833 4143 2898 mandato,

2571 2920 2657 2985 qui
2683 2920 2837 2987 jussit
2868 2922 3185 2990 pauperibus
3209 2922 3447 2977 subsidio
3469 2939 3607 2987 es<e,
3632 2924 3795 2979 habes
3813 2925 4007 2979 multos
4026 2924 4143 2983 fra-

2573 3020 2715 3075 tres;
2764 3011 2834 3065 ibi
2861 3012 3058 3067 bonum
3087 3013 3187 3066 hoc
3214 3028 3346 3082 opus
3373 3015 3586 3079 exhibe,
3632 3014 3722 3069 tibi
3775 3015 3903 3069 nihil
3944 3016 4147 3070 subibit

2573 3101 2892 3156 olfendiculo
2920 3102 3183 3168 futurum;
3229 3112 3282 3156 at
3312 3106 3396 3158 hic
3423 3105 3760 3176 eleemosyna
3802 3106 3944 3163 omni
3988 3107 4147 3162 inhu

2575 3196 2828 3248 manitate
2852 3203 2907 3248 et
2932 3195 3243 3251 crudelitate
3281 3196 3515 3252 deterior
3540 3207 3642 3253 est.
3672 3199 3800 3264 Qum
3826 3200 3966 3258 enim
4000 3204 4148 3257 utili-

2577 3292 2675 3349 tas,
2703 3284 2830 3338 dum
2862 3295 2917 3338 tu
2947 3287 3157 3353 quidem
3196 3302 3390 3357 corpus
3435 3288 3555 3352 alis,
3596 3289 3823 3346 animum
3850 3306 4025 3346 autem
4053 3294 4151 3345 de-

2577 3376 2799 3445 primis?
2825 3376 3032 3445 quando
3050 3389 3253 3432 veSIem
3278 3378 3393 3443 das,
3420 3380 3772 3447 suspicionem
3798 3394 3970 3438 autem
3992 3383 4151 3437 nudi-

2577 3478 2683 3523 tate
2716 3469 3001 3538 turpiorem
3033 3469 3197 3523 facis?
3224 3470 3433 3540 Quande
3463 3476 3653 3545 prodes
3684 3477 3733 3529 in
3765 3478 3828 3530 iis
3856 3492 3975 3545 qua:
4016 3485 4147 3529 sunt

2577 3560 2838 3628 corporis,
2869 3559 3045 3612 omnia
3075 3570 3251 3619 autem
3295 3565 3584 3634 spiritualia
3614 3566 3908 3635 disperdis?
3931 3564 4150 3634 quando

2576 3650 2624 3704 ei
2658 3665 2967 3719 prosperam
2996 3670 3107 3710 rem
3134 3655 3265 3710 facis
3295 3658 3345 3709 in
3370 3665 3535 3722 terra,
3562 3656 3709 3723 ejicis
3738 3654 4153 3710 autemecwlis?

2577 3742 2759 3809 Qualis
2789 3758 2966 3802 autem
2998 3750 3109 3801 haec
3135 3748 3492 3818 eleemosyna,
3513 3746 3723 3816 quando
3750 3748 3915 3816 gloria
3940 3746 4151 3799 Domini

2580 3840 2910 3908 cootemptui
2936 3849 3039 3905 est,
3071 3839 3281 3909 quando
3305 3842 3477 3909 palam
3496 3850 3620 3895 sunt
3636 3840 3911 3908 upprobria
3938 3848 3990 3891 et
4016 3853 4152 3892 con

2580 3928 2718 3983 fusio
2746 3940 2801 3983 et
2826 3931 3061 3984 convicia
3090 3939 3142 3983 et
3166 3938 3479 3995 scommata,
3528 3939 3581 3983 et
3610 3929 3727 3997 ejus
3748 3929 3898 3995 cujus
3922 3926 4154 3981 misere-

2582 4021 2679 4085 ris,
2704 4029 2759 4075 et
2797 4021 3023 4074 aliormn
3055 4021 3341 4074 multorum
3366 4021 3454 4091 qui
3484 4017 3936 4075 scandalizantur?
3973 4015 4088 4070 Non
4120 4034 4153 4070 a

2584 4113 2969 4178 misericordia,
2993 4112 3086 4168 sed
3114 4112 3182 4168 ab
3213 4113 3492 4167 inhumana
3523 4122 3577 4167 et
3600 4110 3797 4165 crudeli
3836 4110 4007 4163 anima
4036 4109 4154 4163 hac

2585 4206 3013 4276 proficiscuntur.
3043 4204 3173 4259 Nam
3203 4205 3248 4260 si
3271 4220 3337 4259 ex
3362 4203 3720 4259 misericordia
3742 4210 3797 4255 et
3825 4202 4155 4257 humanitate

2584 4306 2783 4361 essent,
2809 4300 2922 4350 haec
2942 4297 3081 4350 circa
3110 4296 3254 4350 viros
3274 4310 3485 4365 quoque
3504 4292 3758 4347 exhibere
3782 4293 4078 4359 Oportebat.

2656 4389 2708 4442 7.
2739 4390 2810 4442 At
2836 4388 3106 4453 mulieres,
3138 4387 3329 4456 inquis,
3359 4388 3561 4453 majore
3586 4398 3717 4452 opus
3747 4382 3937 4437 habent
3968 4394 4151 4451 patro-

2586 4480 2726 4533 cinio
2745 4521 2761 4545 ,
2804 4479 2903 4532 viri
2932 4489 3107 4532 autem
3136 4494 3166 4530 a
3207 4487 3391 4531 natura
3420 4475 3580 4529 multa
3612 4475 3805 4530 habent
3833 4475 4157 4543 adjumenta.

2589 4570 2726 4637 Quin
2754 4580 2808 4625 et
2835 4570 2887 4622 in
2918 4569 3044 4622 viris
3072 4567 3224 4621 multi
3266 4574 3390 4620 sunt
3428 4566 3734 4621 mulieribus
3760 4565 4079 4621 inrmiores
4106 4578 4158 4620 et

2590 4664 2659 4715 ob
2683 4662 2937 4731 grandem
2967 4669 3268 4725 senectam,
3296 4668 3348 4714 et
3374 4659 3442 4713 ob
3470 4659 3842 4723 valetudinem,
3870 4670 3922 4713 et
3946 4659 4015 4713 ob
4041 4676 4161 4712 mu

2592 4755 2882 4809 tilationem
2916 4752 3175 4821 corporis,
3204 4762 3258 4806 et
3286 4751 3353 4805 ob
3380 4752 3591 4807 morbos
3615 4767 3820 4823 graves,
3846 4753 4082 4822 aliasque
4110 4752 4161 4804 id

2591 4861 2760 4919 genus
2784 4859 2973 4900 causas
2998 4863 3010 4896 :
3034 4852 3396 4899 verumtamen
3439 4846 3557 4913 quia
3596 4844 3823 4898 maxime
3851 4842 3998 4896 vobis
4019 4858 4161 4896 curae

2592 4950 2674 4995 est
2700 4939 2977 4991 mulierum
3007 4950 3194 5004 genus,
3218 4942 3395 5003 utpote
3421 4935 3699 4999 infirmius,
3728 4944 3784 4989 et
3808 4934 3873 4986 ad
3894 4948 3985 4987 eas
4010 4932 4165 4986 valde

2595 5026 2969 5085 misericordes
3017 5034 3073 5081 et
3115 5026 3493 5095 compatientes
3539 5028 3698 5092 estis,
3749 5039 3920 5094 neque
3962 5024 4063 5077 hac
4109 5026 4164 5078 in

2594 5131 2745 5194 parte
2772 5117 3053 5173 occasione
3088 5117 3467 5179 destituemur,
3519 5117 3611 5172 sed
3650 5114 3989 5172 ostendemus
4014 5114 4166 5168 vobis

2597 5222 2910 5285 argumenta
2942 5211 2993 5264 in
3020 5209 3209 5279 quibus
3251 5210 3377 5264 nihil
3416 5209 3657 5278 vituperii
3696 5217 3749 5260 et
3790 5203 4046 5258 mercedis
4083 5215 4169 5259 est

2599 5309 2910 5378 plurimum.
2964 5303 3096 5357 Sunt
3135 5304 3276 5358 enim
3325 5313 3379 5359 et
3429 5302 3679 5357 mulieres
3729 5296 3963 5366 quiedam
4014 5298 4168 5350 senio

2598 5397 2875 5461 confectze,
2921 5394 3005 5449 vel
3052 5395 3269 5450 resectis
3311 5394 3574 5453 manibus,
3628 5388 3711 5443 vel
3758 5397 3922 5456 capta:
3959 5388 4167 5452 oculis,

2598 5489 2863 5556 variisque
2888 5486 3005 5540 aliis
3040 5485 3237 5541 morbis
3280 5484 3540 5547 invalidae,
3568 5488 3623 5535 et
3645 5476 3939 5532 difciliore
3964 5478 4171 5530 morbis

2599 5587 2929 5648 paupertate.
2952 5576 3219 5647 Siquidem
3244 5576 3439 5643 impia,
3465 5586 3584 5625 cum
3613 5583 3826 5636 prorsus
3848 5568 3972 5622 nihil
4006 5567 4172 5621 hahe-

2601 5679 2715 5733 tur,
2759 5669 2998 5736 corporis
3026 5668 3247 5723 morbos
3273 5667 3427 5719 affert
3477 5679 3491 5715 :
3543 5658 3654 5727 ipsa
3683 5668 3856 5713 autem
3887 5668 4172 5728 paupertas

2599 5779 2630 5818 a
2678 5762 2875 5817 morbis
2920 5776 3131 5831 quoque
3172 5758 3381 5831 gravior
3434 5754 3490 5805 lit
3525 5762 3580 5806 et
3622 5750 4020 5806 intolerabilior.
4063 5749 4174 5803 Has

2598 5856 2845 5927 perquire
2870 5862 2926 5909 et
2949 5853 3139 5922 collige
3159 5891 3174 5913 ,
3205 5851 3312 5901 imo
3339 5846 3389 5899 in
3417 5843 3727 5916 colligendis
3746 5844 3889 5899 nullo
3911 5856 4043 5911 opus
4068 5851 4175 5894 erit

2602 5946 2907 6004 laborezita
2936 5951 3059 5998 ante
3097 5952 3286 5995 omnes
3317 5937 3494 6007 jacent
3516 5978 3531 6003 ,
3576 5946 3771 6008 parata:
3810 5932 4052 5989 omnibus
4080 5928 4174 5997 Qui
