4392 6686
274 553 377 608 503

270 668 441 730 πίδες,
470 668 518 721 οἳ
563 670 651 721 τὸν
698 671 929 741 σταυρὸν
972 667 1353 729 κελευσθέντες
1402 665 1691 735 βαστάζειν
1740 675 1833 726 καὶ

272 749 492 804 ἔπεσθαι
525 751 602 822 τῷ
636 752 876 823 Χριστῷ,
908 753 1162 821 ῥίψαντες
1191 748 1281 800 τὸν
1309 750 1558 822 σταυρὸν,
1583 754 1835 824 καθάπερ

274 834 595 901 στρατιῶται
622 836 856 906 μαλακοὶ
869 835 966 904 τὴν
995 831 1217 894 ἀσπίδα,
1232 830 1476 905 ἠλακάτῃ
1509 835 1829 905 παρακάθηο

274 914 364 966 σθε
394 918 485 969 καὶ
514 918 850 988 καλαθίσκῳ,
880 917 947 968 δι’
983 914 1177 985 ἐτέρας
1210 916 1573 988 αἰσχροτέρας
1608 916 1833 986 μεθόδου

271 997 368 1067 τὴν
397 1000 477 1061 εἰς
508 1001 598 1053 τὸν
636 1000 881 1071 παρόντα
913 996 1026 1067 βίον
1055 998 1365 1064 ἀνοίξαντες
1402 999 1592 1070 θύραν.
1623 999 1696 1050 υύ
1726 998 1835 1068 γὰρ

270 1079 440 1143 οὕτως
465 1084 704 1153 αἰσχρὸν,
740 1084 866 1146 τοὺς
892 1082 1279 1151 γεγαμηκότας
1305 1081 1479 1136 ταῦτα
1505 1082 1832 1149 οἰκονομεῖν,

272 1164 345 1227 ὡς
381 1167 501 1227 τοὺς
534 1164 1027 1234 προσποιουμένους
1048 1165 1190 1235 ύμιῖς
1220 1163 1706 1233 ἀποπεπηδηκέναι
1737 1165 1834 1233 μὲν

270 1246 379 1297 τῶν
412 1248 721 1315 παρόντων,
762 1246 828 1298 δι’
859 1247 1047 1320 ἐτέρου
1088 1248 1143 1300 δὲ
1177 1246 1467 1317 προσώπου
1505 1244 1666 1297 πάλιν
1695 1245 1835 1298 αύτά

272 1329 680 1397 ὑποδυομένους.
712 1330 810 1384 Διά
842 1330 999 1384 τοῦτο
1031 1331 1351 1400 λαιμάργων
1382 1328 1475 1379 καὶ
1518 1328 1832 1397 παρασίτων

274 1412 366 1462 καὶ
388 1410 629 1464 κολάκων
652 1414 745 1467 καὶ
768 1414 1193 1483 γυναικοδούλων
1218 1408 1494 1477 πανταχοῦ
1519 1408 1675 1473 δόξαν
1698 1408 1833 1480 λαμ-

272 1494 522 1562 ϐάνομεν,
563 1496 642 1548 ὅτι
673 1499 846 1567 χαμαὶ
885 1498 983 1566 τὴν
1027 1494 1303 1562 εὐγένειαν
1333 1492 1549 1545 ἀπασαν
1580 1492 1833 1561 ῥίψαντες

272 1577 368 1645 τὴν
394 1578 595 1630 ἀνωθεν
631 1579 875 1633 δοθεῖσαν
918 1580 1078 1648 ἡμῖν,
1113 1574 1710 1644 ἀντικαταλλαπόμεθα
1734 1576 1833 1643 τὴν

271 1660 379 1711 ἀπὸ
416 1661 514 1730 τῆς
555 1661 655 1730 γῆς
691 1658 1116 1730 δουλοπρέπειάν
1153 1674 1214 1710 τε
1252 1658 1347 1710 καὶ
1386 1658 1679 1712 εὐτέλειαν.
1724 1657 1834 1710 Καὶ

272 1744 336 1809 χή
347 1760 466 1811 ραις
494 1744 590 1811 μὲν
612 1744 881 1811 διανεῖμαι
903 1742 1161 1811 χρήματα
1175 1740 1272 1809 οὺχ
1298 1739 1500 1793 εἵλοντο
1524 1741 1572 1792 οί
1596 1743 1832 1808 γενναῖοι

270 1824 389 1875 τότε
413 1825 601 1894 ἄνδρες
634 1826 852 1886 ἐκεῖνοι,
873 1824 965 1876 καὶ
994 1822 1164 1876 ταῦτα
1190 1824 1457 1895 τοσαύτης
1486 1823 1832 1895 βλασφημίας

271 1906 563 1974 γενομένης
582 1905 669 1958 διά
693 1906 752 1958 τὸ
780 1905 981 1977 μηδένα
1006 1902 1143 1960 εἶναι
1160 1907 1251 1959 τὸν
1274 1906 1680 1978 οίκονομοῦντα,
1698 1906 1831 1961 ἀλλά

271 1986 489 2039 ἔλαττον
502 1988 600 2057 τῆς
623 1988 801 2043 αὐτῶν
827 1988 1140 2058 φιλοσοφίας
1160 1985 1299 2043 εἶναι
1321 1990 1477 2045 τοῦτο
1492 1991 1831 2063 νομίσαντες,

270 2070 480 2140 ἐτέροις
505 2070 843 2140 ἐπέτρεψανο
874 2074 1035 2143 ἡμεῖς
1066 2073 1121 2127 δὲ
1155 2076 1254 2126 ούκ
1281 2074 1574 2146 αἰδούμεθα
1604 2073 1832 2129 ⁴τίλοῦτον

268 2152 546 2222 ἀλλότριον
586 2152 837 2218 αὔξοντες
865 2156 957 2207 ἐπὶ
1000 2155 1143 2227 λύμῃ
1173 2157 1279 2210 τῶν
1317 2158 1689 2229 κεκτημένων,
1724 2156 1835 2208 τῶν

271 2235 537 2304 εὐνούχων
580 2236 688 2289 τῶν
720 2238 847 2307 περὶ
888 2238 955 2289 τά
991 2240 1217 2292 τοιαῦτα
1271 2240 1642 2310 ἐσχόλακότων
1683 2240 1834 2291 οὐδὲν

269 2314 490 2384 ἄμεινον
517 2318 865 2388 διακείμενοι,
886 2322 936 2372 οί
964 2321 1081 2373 καθ’
1112 2323 1344 2391 ἑκάστην
1369 2323 1581 2393 ἡμέραν
1610 2322 1668 2373 τὸ
1696 2316 1835 2391 αἷμα

271 2400 366 2449 καὶ
389 2402 485 2462 τὰς
504 2401 677 2470 ψυχας
701 2403 792 2454 ἐπὶ
818 2404 925 2455 τῶν
950 2404 1147 2474 χειρῶν
1171 2405 1623 2473 προσταττόμενοι
1648 2405 1835 2476 φέρειν

270 2481 395 2533 ἀντὶ
426 2484 671 2549 μεγάλων
709 2486 908 2539 ὃπλων.
929 2485 992 2537 Τί
1027 2483 1150 2549 03v;
1181 2486 1537 2555 ἁρπαζόμενοι
1564 2486 1741 2540 πάντα
1767 2488 1835 2539 τά

270 2562 371 2629 τῆς
410 2565 676 2635 παρθένου
705 2568 808 2636 χρὴ
836 2568 1097 2637 περιιδεῖν
1132 2568 1376 2636 ἀγόμενά
1399 2585 1458 2619 τε
1486 2570 1579 2621 καὶ
1604 2584 1831 2638 περιφε-

277 2646 475 2714 ρόμενα
511 2648 613 2701 ὑπὸ
646 2650 941 2718 συγγενῶν,
981 2650 1083 2703 ύπδ
1113 2650 1359 2712 οἰκετῶν,
1392 2651 1485 2704 καὶ
1514 2652 1830 2721 ἀλλοτρίων,

271 2728 303 2795 ἦ
334 2730 419 2780 καὶ
460 2732 704 2796 οἰκείων;
734 2733 916 2802 Καλήν
945 2750 1009 2800 γε
1041 2729 1175 2784 οἶινιι
1207 2732 1561 2804 ἀποδώσομεν
1594 2737 1657 2805 τῇ
1692 2754 1833 2806 παρ-

272 2810 409 2880 θένῳ
432 2812 525 2881 τὴν
555 2814 785 2884 ἀμοιϐὴν
807 2815 921 2867 ἀνθ’
950 2808 1023 2866 ὦν
1050 2815 1148 2866 οὐκ
1170 2814 1392 2885 ἔγημεν,
1420 2817 1539 2870 οὐδὲ
1571 2819 1661 2871 τὸν
1690 2838 1832 2890 παρ-

268 2894 399 2943 όντα
446 2894 647 2962 κόσμον
700 2898 1012 2965 ἠγάπησεν,
1054 2896 1168 2949 ἀλλ’
1210 2898 1331 2950 ἀντὶ
1386 2900 1602 2952 πάντων
1661 2900 1834 2954 είλετο

270 2980 363 3027 τὸν
392 2975 643 3046 Χριστὸν,
690 2980 917 3047 ἀφέντες
950 2980 1119 3050 αὐτὴν
1159 2981 1477 3050 προκεῖσθαι
1511 2986 1621 3047 τοῖς
1654 2984 1834 3053 βουλο-

276 3056 455 3126 μένοις
504 3059 610 3113 τῶν
636 3062 804 3114 ὄντων
840 3062 1181 3132 ἀποστερεῖν.
1217 3064 1324 3115 Καὶ
1353 3065 1503 3136 πόσῳ
1530 3066 1734 3136 βέλτιον
1764 3064 1832 3139 ἦν

271 3139 530 3209 ὁμιλῆσαι
576 3143 757 3211 γάμῳ,
793 3144 885 3195 καὶ
910 3142 989 3213 τῷ
1044 3145 1378 3200 συνοικοῦντι
1424 3148 1561 3218 πρὸς
1600 3150 1700 3220 τὴν
1726 3150 1834 3203 τῶν

273 3223 609 3291 πραγμάτων
624 3225 826 3279 τούτων
850 3226 1159 3296 οἰκονομίαν
1176 3228 1499 3299 κεχρῆσθαι,
1517 3230 1549 3301 ἢ
1572 3232 1837 3301 μένουσαν

270 3305 483 3373 ἄγαμον
526 3309 762 3377 πατῆσαι
799 3310 898 3378 μὲν
940 3310 1039 3372 τάς
1084 3310 1217 3381 πρὸς
1247 3312 1336 3364 τὸν
1371 3313 1503 3366 Θεὸν
1538 3314 1834 3386 συνθήκας,

271 3386 488 3457 ὑϐρίσαι
525 3389 581 3441 δέ
620 3392 699 3453 εἰς
729 3394 959 3461 πρᾶγμα
996 3391 1135 3444 οὕτω
1176 3395 1371 3462 σεμνὸν
1415 3396 1508 3448 καὶ
1544 3398 1832 3465 φρικῶδες,

271 3470 599 3524 καθελκύσαι
636 3473 691 3526 δὲ
721 3475 814 3527 καὶ
847 3476 1063 3544 ἐτέρους
1092 3475 1224 3543 πρὸς
1252 3476 1319 3528 τά
1354 3479 1587 3545 ναυάγια
1612 3480 1719 3531 τῶν
1752 3484 1831 3533 οί-

270 3552 432 3605 κείων
484 3555 697 3619 κακῶν;
735 3557 857 3619 Πῶς
893 3558 948 3609 δὲ
990 3557 1158 3625 αὐτὴν
1199 3559 1319 3610 ἀντὶ
1362 3560 1577 3612 πάντων
1617 3562 1832 3615 ἑλέσθαι

268 3631 446 3701 λέγεις
480 3638 567 3689 τὸν
600 3640 851 3711 Χριστὸν,
886 3639 979 3692 τοῦ
1013 3640 1247 3709 Χριστοῦ
1279 3641 1507 3709 βοῶντος
1528 3644 1622 3696 καὶ
1648 3644 1832 3714 λέγον-

266 3731 392 3778 τος.
428 3720 508 3770 Οὐ
550 3718 811 3774 δύνασθε
855 3720 974 3785 Θεῷ
1015 3722 1327 3777 δουλεύειν
1360 3725 1458 3777 καὶ
1504 3728 1835 3796 μιιμμωγᾷέ

269 3798 386 3881 πῶς
412 3799 468 3851 δὲ
489 3801 577 3855 τὸν
598 3804 799 3872 κόσμον
826 3805 1050 3874 μισῆσαι
1077 3808 1169 3857 καὶ
1194 3808 1260 3859 τά
1287 3808 1543 3877 παρόντα,
1574 3811 1706 3881 πρὸς
1732 3813 1829 3874 τάς

267 3880 361 3933 τοῦ
410 3882 611 3953 κόσμου
660 3886 857 3940 πείθων
907 3888 1201 3958 ἐπτοῆσθαι
1242 3892 1563 3961 ἐπιθυμίαςς
1614 3880 1729 3947 Τίνι
1772 3895 1828 3953 δέ

266 3980 397 4017 ποτε
426 3967 532 4017 τῶν
564 3968 731 4041 ἄνδρα
763 3971 997 4039 ἐχουσῶν
1027 3972 1226 4043 δυνήσῃ
1260 3976 1582 4043 παραινέσαι
1614 3978 1830 4047 χρημά-

266 4063 374 4099 των
420 4050 677 4120 περιιδεῖν
702 4093 715 4111 ,
750 4057 814 4123 τῇ
877 4054 1125 4124 παρθένῳ
1159 4059 1689 4123 συγκατασκευάζων
1741 4060 1831 4114 τὸν

266 4129 527 4196 πλοῦτονς
575 4135 752 4203 Αὐτὴν
784 4136 840 4188 δὲ
876 4136 1077 4207 ταύτην
1118 4136 1269 4209 [9.57]
1303 4140 1431 4192 πότε
1477 4143 1708 4211 ἀφήσεις
1737 4144 1829 4197 εύ-

265 4212 559 4285 πρὸσεδρον
586 4212 721 4269 εἶναι
750 4218 826 4288 τῷ
854 4220 1041 4289 Κυρίῳ
1068 4221 1160 4272 καὶ
1192 4222 1622 4293 ἀπερίσπαστον,
1653 4226 1830 4281 πάντα

263 4296 356 4348 τὸν
390 4296 502 4367 βίον
533 4299 625 4352 καὶ
654 4303 751 4371 τὴν
788 4303 1018 4374 σπουδὴν
1044 4305 1122 4366 εἰς
1152 4304 1220 4357 τά
1266 4306 1479 4376 ἐκείνης
1523 4308 1828 4363 ἀναλίσκων

266 4381 600 4451 πράγματα;
648 4385 785 4438 Πότε
824 4385 879 4439 δὲ
917 4386 1201 4458 δυνήσεται
1242 4390 1274 4459 ἡ
1309 4390 1575 4459 παρθένος
1613 4392 1828 4460 φιλοσο-

267 4464 456 4532 φῆσαι,
492 4466 547 4517 σὲ
574 4468 663 4519 τὸν
704 4468 871 4539 ἄνδρα
911 4470 1090 4540 όρῶσα
1120 4471 1289 4523 δεινὸν
1327 4472 1627 4543 ἡγούμενον
1666 4470 1824 4541 εἶναι,

265 4547 315 4597 εί
343 4546 409 4598 τά
442 4550 653 4619 ἐκείνης
681 4552 1037 4624 διασπασθείη
1072 4556 1360 4624 χρήματας
1394 4556 1508 4619 πῶς
1545 4557 1600 4609 δὲ
1643 4558 1829 4624 ἀνέξε-

262 4644 355 4681 ται
392 4628 592 4699 ζημίας
624 4634 917 4704 ύπερορᾷν,
962 4636 1137 4688 πάντα
1182 4654 1241 4688 σε
1290 4638 1380 4689 καὶ
1430 4639 1684 4692 ποιοῦντα
1732 4643 1825 4692 καὶ

265 4711 538 4781 πάσχοντα
560 4715 843 4783 βλέπουσα,
859 4717 996 4770 ὥστε
1016 4720 1300 4772 ἐπιτείνειν
1318 4720 1449 4790 αὐτῇ
1473 4722 1560 4772 τὸν
1585 4722 1825 4792 παρόντα

264 4793 516 4861 πλοῦτον;
546 4799 656 4866 Οὐχ
677 4797 847 4862 οὕτως
872 4802 1017 4869 ἡμᾶς
1037 4802 1378 4873 ἀπηλλάχθαι
1408 4803 1653 4871 βούλεται
1679 4821 1822 4874 πρα-

262 4878 486 4945 γμάτων
514 4881 542 4932 ὁ
575 4881 725 4943 Θεὸς,
757 4882 871 4933 ἀλλ’
904 4886 961 4934 ἐν
988 4884 1064 4954 τῷ
1100 4885 1208 4937 τῶν
1243 4887 1410 4938 ὄντων
1439 4890 1819 4956 καταφρονεῖν,

258 4963 321 5015 τὸ
347 4961 520 5015 πάντα
542 4964 955 5035 ἀπαρνήσασθαι
987 4968 1056 5018 τά
1084 4968 1311 5036 βιωτικά
1330 4969 1379 5023 δ.
1410 4969 1547 5020 Ἀλλ’
1574 4971 1674 5022 οὑκ
1700 4972 1824 5023 ἐᾶτε

257 5047 440 5116 ὑμεῖς,
480 5048 597 5100 ούδέ
622 5052 949 5118 συγχωρεῖτε
982 5050 1071 5101 τοῦ
1104 5051 1237 5103 Θεοῦ
1272 5052 1361 5104 τὸν
1398 5054 1557 5123 νόμον
1598 5054 1819 5123 ἰσχύειν.

258 5132 325 5183 Τί
361 5128 472 5194 οὖν,
503 5132 566 5183 ἂν
592 5132 687 5201 τῆς
718 5132 917 5201 ἐτέρων
946 5132 1129 5203 δέηται
1160 5137 1511 5205 προστασίας,
1544 5138 1697 5207 φησὶ,
1732 5140 1824 5190 καὶ

255 5214 428 5267 πολλά
457 5214 647 5280 ἀνάξια
674 5216 967 5287 ὑπομείνῃς
1012 5214 1103 5267 νῦν
1142 5218 1247 5289 γὰρ
1284 5221 1382 5271 οὐκ
1423 5220 1615 5284 ἀνάξια
1651 5220 1822 5273 ταῦτα

253 5301 357 5366 τῆς
385 5298 682 5369 παρθένου;
713 5298 875 5351 Οὐδὲν
917 5298 1087 5360 οὕτως
1128 5301 1344 5367 ἀνάξιον
1383 5305 1479 5374 τῆς
1530 5304 1819 5375 παρθένου,

254 5382 333 5441 ὡς
358 5382 417 5433 τὸ
452 5385 697 5436 πλουτεῖν
732 5384 823 5435 καὶ
853 5382 1273 5453 περιὸεϐλῆσθαι
1315 5389 1653 5458 πραγμάτων
1686 5388 1821 5457 πλῆ-

257 5463 371 5525 θος.
405 5466 468 5517 Τί
498 5467 575 5526 δὲ,
608 5470 654 5520 εί
698 5469 791 5521 καὶ
824 5466 986 5537 ἕτερα
1021 5469 1154 5537 πρὸς
1185 5469 1395 5532 τούτοις
1441 5470 1673 5535 κελεύοι,
1711 5466 1823 5524 οἷον

253 5545 515 5609 δανείζειν
548 5554 765 5620 χρυσίον
812 5546 929 5604 εἶτα
962 5550 1233 5603 καλέσασα
1282 5556 1428 5622 ἡμᾶς
1460 5559 1538 5619 είς
1574 5557 1641 5609 τά
1686 5575 1823 5609 συν-

253 5630 576 5699 αλλάγματα
602 5635 673 5704 μὴ
706 5636 901 5699 πείθοι,
922 5637 1013 5690 καὶ
1041 5634 1115 5705 μὴ
1138 5637 1372 5689 πείσασα
1397 5640 1617 5710 ἐτέρους
1644 5642 1819 5705 λάϐοι,

252 5714 416 5783 ἡμεῖς
462 5715 695 5783 ἐσόμεθα
732 5721 927 5785 afuat;
971 5720 1033 5771 Τί
1080 5720 1170 5781 δὲ,
1208 5722 1254 5771 εί
1310 5723 1611 5792 καπηλείας
1655 5725 1822 5790 ἄλλας

250 5797 405 5858 τινάς
432 5797 808 5870 ἀνελευθέρους
835 5808 927 5859 καὶ
952 5807 1215 5877 ἀπρεπεῖς
1242 5810 1659 5870 κατασκευάζοι.
1680 5806 1820 5873 εἶτα,

256 5880 334 5951 μὴ
375 5880 711 5951 βουλομένων
744 5888 898 5955 ἡμῶν
940 5891 1340 5960 συμπράττειν,
1390 5891 1561 5944 ἄλλων
1603 5894 1819 5964 δεηθείη

312 6007 339 6079 τ
366 6005 447 6079 ξὶο
463 6015 737 6079 ροττεεῑιιῐη
749 6024 918 6079 pro_eo
938 6018 1068 6075 quod
1090 6018 1517 6079 legebatllrmalﬁv
1528 6034 1579 6078 γε
1601 6021 1702 6068 οὐκ.
1728 6021 1817 6072 Eo.

319 6067 345 6108 ιι
365 6071 510 6121 Savil.
534 6074 603 6134 τῷ
626 6075 809 6122 πάντων
830 6067 1121 6137 ἀπηρτῆσθαι
1141 6067 1236 6126 τῶν
1262 6067 1513 6145 βιωτικιὶιν,

903 553 1179 609 CONTRA
1216 551 1348 607 EOS
1387 550 1508 619 ρυι
1547 550 2168 611 ευΒιΝτιιοουοτΑε
2208 554 2481 610 HABENT
2522 557 2860 612 V’IRGINES.

3390 559 3492 616 508

1934 670 2113 731 τινῶν,
2151 670 2494 737 ἐγκαλεῖσθαι
2525 672 2589 724 ἀν
2629 672 2819 741 εἴημεν
2850 669 3024 735 ἀξιοις
3053 666 3333 738 Οὐδαμῶς,
3356 672 3492 726 ἀλλά

1933 753 2028 805 καὶ
2081 753 2447 807 ἐπαινεῖσθαι·
2501 754 2809 806 τούναντίον
2840 751 2947 822 γάρ
2988 751 3112 820 ἐνῆν
3137 762 3158 788 ⁸⁵
3189 752 3356 820 ψόγου
3400 755 3493 806 καὶ

1934 834 2266 903 κατηγορίας
2299 836 2360 888 τὸ
2397 837 2533 907 πρὸς
2570 835 2639 888 τά
2671 834 2898 888 τοιαῦτα
2934 832 3365 901 συμϐάλλεσθαι,
3398 835 3489 888 καὶ

1934 917 2300 986 συμπράττειν
2327 919 2537 982 αύταῖς.
2565 917 2752 970 Βούλει
2784 916 2859 987 μὴ
2902 913 3163 985 φέρεσθαι
3203 916 3336 985 μηδέ
3362 917 3486 984 ἆγες

1933 998 2153 1051 σθαιτά
2196 1002 2448 1070 χρήματα
2490 1001 2737 1070 ἐκείνηςς
2786 997 3111 1067 παραίνεσον
3146 998 3282 1067 αὐτῇ
3322 1017 3485 1052 κατα-

1932 1081 2103 1135 θεῖναι
2133 1082 2293 1144 αύτά,
2322 1082 2447 1135 ἔνθα
2473 1083 2607 1153 μηδέ
2638 1081 2830 1153 ἀνδρὸς
2866 1080 3116 1149 δεήσεται
3147 1079 3282 1148 πρὸς
3328 1081 3491 1148 φυλα-

1932 1164 2050 1235 κὴν,
2092 1166 2186 1218 καὶ
2217 1164 2463 1218 ἀνάλωτα
2512 1165 2659 1235 μένει
2698 1163 3015 1225 διαπαντός·
3067 1163 3115 1215 εί
3160 1162 3217 1215 δὲ
3254 1161 3492 1232 βούλοιτο

1930 1248 2231 1319 πράγματα
2260 1248 2424 1317 ἔχειν,
2446 1248 2585 1309 τίνος
2612 1248 2794 1299 ἕνεκεν
2823 1243 3002 1309 παίζει
3032 1246 3090 1297 ἐν
3114 1246 3174 1298 ού
3209 1247 3489 1308 παικτοῖς;

1930 1330 2002 1382 Τὸ
2035 1331 2141 1401 γάρ
2172 1331 2438 1401 παρθένον
2475 1326 2639 1382 οὖσαν
2684 1328 2905 1382 τοιαῦτα
2948 1328 3239 1397 πράττειν,
3277 1326 3491 1391 παίζειν

1930 1414 2046 1465 ἐστὶ
2093 1413 2311 1466 παιδιάν
2344 1412 2465 1482 οὐχὶ
2515 1411 2741 1482 τέρψιν,
2793 1409 2926 1463 ἀλλά
2965 1409 3192 1462 θάνατον
3240 1408 3487 1479 ἔχουσαν.

1934 1494 2098 1548 Ὀταν
2114 1496 2220 1566 γὰρ
2246 1495 2539 1548 ὑπεύθυνον
2561 1493 2759 1564 ἑαυτὴν
2783 1491 3169 1560 καταστήσασα
3190 1490 3295 1566 τῶν
3315 1491 3490 1545 τοιού-

1930 1592 2037 1631 των
2067 1565 2476 1648 παλαισμάτων,
2512 1575 2707 1643 ἀνάξια
2729 1574 2905 1627 πάντα
2942 1572 3154 1643 πράττῃ
3183 1565 3282 1643 τῆς
3308 1574 3457 1629 τοιαύ
3476 1605 3487 1612 -

1930 1673 2028 1724 της
2073 1659 2433 1728 ὑποσχέσεως,
2469 1661 2670 1730 μείζων
2700 1661 2732 1727 ἡ
2769 1656 3017 1720 κόλασις,
3060 1655 3416 1730 χαλεπωτέρα
3455 1658 3488 1725 ὴ

1930 1739 2314 1808 τιμωρία.ούκ
2332 1742 2568 1810 ἡκούσας
2599 1734 2709 1793 οἷον
2735 1740 2870 1809 αὐτῇ
2897 1738 3057 1808 νόμον
3088 1737 3281 1807 έθηκεν
3300 1739 3328 1790 ό
3349 1738 3494 1791 Παῦ-

1931 1817 2040 1882 λος,
2067 1820 2267 1890 μᾶλλον
2293 1821 2348 1873 δὲ
2370 1824 2398 1873 ό
2425 1822 2656 1895 Χριστὸς
2679 1821 2845 1873 εἰπὼν
2873 1820 2938 1873 δι’
2962 1820 3192 1883 ἐκείνου,
3217 1820 3298 1872 ὅτι
3329 1820 3495 1889 μεμέ-

1936 1919 2113 1973 ρισται
2148 1904 2297 1974 καὶὴ
2333 1904 2467 1973 γυνὴ
2497 1904 2588 1956 καὶ
2616 1905 2647 1973 ἡ
2682 1902 2947 1973 παρθένος
2967 1917 2979 1929 ’
3007 1902 3123 1965 καὶ,
3161 1902 3233 1955 Ἠ
3271 1902 3495 1971 ἄγαμος

1924 1984 2179 2055 μεριμνᾷ
2200 1987 2269 2041 τὰ
2294 1987 2398 2040 τοῦ
2415 1987 2657 2054 Κυρίου,
2676 1987 2775 2038 ἵνα
2797 1981 2838 2056 ᾖ
2860 1986 2998 2055 ἁγία
3029 1986 3123 2039 καί
3151 1984 3374 2054 σώματι
3395 1986 3493 2037 καί

1930 2070 2251 2137 πνεύματι;
2280 2069 2418 2122 Ἀλλ’
2442 2071 2598 2138 ὑμεῖς
2624 2070 2722 2122 ούκ
2748 2070 2893 2130 ἐᾶτε,
2920 2066 3056 2137 πρὸς
3080 2066 3175 2130 τάς
3203 2066 3497 2136 ἐπιθυμίας

1932 2151 2107 2204 αὐτῶν
2138 2153 2315 2215 πάσας
2344 2152 2688 2224 ἀνδραπόδων
2717 2152 3114 2221 ἀργυρωνήτων
3137 2150 3495 2219 εὐκολώτερον

1933 2232 2315 2297 ὑπακούοντες.
2357 2236 2481 2296 Ναὶ,
2529 2235 2680 2304 φησί.
2729 2236 2793 2287 Τί
2835 2232 2950 2296 οὖν,
2984 2236 3034 2286 εί
3084 2234 3285 2303 ἐσχάτῃ
3336 2233 3495 2302 πενίᾳ

1935 2314 2169 2385 παλαίῃ;
2207 2317 2343 2386 [Ῑερλ⁵
2377 2317 2473 2386 μὲν
2522 2317 2632 2386 γὰρ
2663 2316 2770 2367 τῶν
2818 2317 3062 2387 εὐπόρων
3107 2316 3279 2368 ταῦτα
3318 2314 3495 2375 καλῶς

1933 2398 2145 2468 εἴρηταί
2182 2415 2296 2451 σοι’
2325 2399 2421 2460 τάς
2447 2398 2503 2450 δὲ
2552 2401 2608 2451 ἐν
2642 2400 2883 2469 πτωχεία
2923 2399 3016 2451 καὶ
3059 2397 3286 2469 ἀμελείᾳ
3328 2397 3494 2467 πολλῇ

1934 2482 2189 2551 κειμένας
2222 2483 2373 2534 ποῖον
2400 2481 2649 2552 ἔγκλημα
2679 2482 2971 2552 ἀνορθοῦν;
3006 2480 3129 2534 Εἴθε
3172 2482 3268 2551 μὲν
3301 2476 3391 2533 οὖν
3423 2482 3496 2550 μὴ

1933 2564 2289 2617 κατεϐάλλετε
2324 2564 2457 2635 μηδὲ
2490 2563 2679 2617 ὠθεῖτε
2718 2565 2853 2635 πρὸς
2876 2564 2942 2618 τά
2972 2565 3068 2634 τῆς
3095 2563 3365 2626 ἀπωλείας
3398 2562 3495 2632 βά-

1936 2647 2130 2718 ραθρα,
2166 2650 2258 2703 καὶ
2286 2648 2567 2715 ἀγαπητὸν
2597 2643 2667 2717 ἦν
2688 2666 2701 2678 ’
2744 2649 2966 2720 καὶγὰρ
2990 2649 3037 2700 εί
3065 2648 3143 2718 τῷ
3182 2646 3500 2701 κελεύσαντι

1932 2732 2179 2801 πενήτων
2207 2729 2564 2799 προΐστασθαι
2599 2729 2917 2800 πειθόμενος
2943 2731 3112 2785 ταῦτα
3136 2733 3327 2793 ποιεῖς,
3352 2729 3497 2800 ἔχεις

1930 2812 2191 2882 ἀδελφοὺς
2218 2815 2476 2885 μυρίους’
2514 2816 2632 2866 ἐκεῖ
2660 2813 2761 2884 τὴν
2805 2813 2973 2884 καλὴν
3004 2814 3207 2882 ταύτην
3238 2813 3495 2885 ἐργασίαν

1930 2895 2195 2961 ἐπίδειξον
2233 2898 2283 2962 ἀ,
2325 2895 2454 2950 ἔνθα
2499 2896 2665 2967 μηδὲν
2708 2897 2944 2967 ὑφορμεῖ
2986 2896 3093 2949 τῶν
3148 2895 3497 2950 σκανδαλίσαι

1929 2979 2260 3051 δυναμένων,
2277 2981 2353 3044 ὡς
2382 2980 2613 3039 ἐντσῦθά
2629 2995 2690 3047 γε
2714 2979 2894 3050 πάσης
2917 2978 3198 3049 ὠμότητος
3212 2978 3308 3031 καὶ
3330 2979 3496 3031 ἁπαν·

1933 3062 2176 3133 θρωπίας
2214 3063 2470 3134 χείρωνή
2503 3063 2861 3135 ἐλεημοσύνη.
2895 3062 2958 3114 Τί
2990 3062 3098 3132 γάρ
3126 3062 3338 3131 ὄφελος,
3369 3063 3497 3114 ὅταν

1932 3146 1997 3198 τὸ
2028 3146 2124 3216 μὲν
2162 3146 2321 3215 σῶμα
2353 3145 2669 3221 διατρέφῃς,
2699 3146 2797 3217 τὴν
2840 3146 2898 3199 δὲ
2928 3146 3104 3216 ψυχὴν
3148 3145 3493 3215 καταδύσης;

1933 3230 2059 3282 ὅταν
2096 3229 2310 3298 ἱμάτιον
2350 3228 2476 3300 δῷς,
2510 3229 2607 3301 τὴν
2637 3231 2693 3284 δέ
2735 3228 3000 3300 ὑπόληψιν
3028 3229 3135 3281 τῶν
3162 3228 3382 3300 γυμνῶν
3411 3232 3496 3282 αι·-

1935 3311 2231 3382 σχροτέραν
2276 3314 2661 3384 καταστήσῃςς
2698 3315 2827 3367 ὅταν
2869 3313 3131 3383 χρήσιμος
3160 3314 3215 3365 tv
3247 3314 3360 3375 τοῖς
3394 3329 3501 3365 σω-

1935 3399 2184 3465 ματικοῖς
2209 3396 2511 3466 γινόμενος,
2548 3397 2724 3451 πάντα
2754 3398 2970 3468 λυμήνῃ
3003 3395 3071 3448 τά
3114 3396 3493 3465 πνευματικά;

1931 3480 2058 3541 ὅταν
2100 3478 2463 3549 ἐξευμαρίσας
2499 3479 2635 3550 αὐτῇ
2688 3480 2757 3532 τά
2804 3480 2895 3533 ἐπί
2932 3479 3029 3549 τῆς
3054 3478 3190 3547 γῆς,
3230 3478 3497 3549 ἐκδάλλῃς

1930 3561 2037 3613 τῶν
2067 3560 2339 3630 ούρανῶν;
2372 3560 2508 3615 Ποία
2541 3560 2598 3613 δέ
2632 3559 2995 3631 ἐλεημοσύνη,
3027 3560 3210 3631 ὅτανή
3240 3561 3331 3615 τοῦ
3361 3560 3496 3613 Θεοῦ

1931 3644 2219 3714 ὑϐρίζηται
2271 3643 2432 3711 δόξα;
2479 3645 2606 3697 ὅταν
2660 3640 2928 3716 δνειδοςῇ
2984 3645 3078 3696 καὶ
3123 3643 3350 3715 αίσχύνη
3402 3646 3498 3697 καὶ

1931 3725 2239 3797 σκώμματα
2270 3727 2365 3779 καὶ
2412 3725 2561 3799 [258]
2607 3727 2864 3797 λοιδορίαι
2907 3726 3127 3796 καὶτῆς
3172 3726 3497 3797 ἐλεουμένης

1930 3810 2123 3880 αὐτῆς,
2148 3811 2240 3865 καὶ
2266 3810 2468 3881 ἐτέρων
2498 3810 2706 3862 πολλῶν
2734 3810 2842 3861 τῶν
2875 3809 2939 3861 δι’
2966 3810 3176 3877 ἐκείνης
3214 3809 3492 3863 σκανδαλι-

1930 3894 2206 3963 ζομένων;
2238 3895 2351 3947 Οὐκ
2395 3894 2503 3946 ἀπὸ
2550 3893 2721 3956 ἐλέου,
2776 3893 2892 3946 ἀλλ’
2934 3893 3297 3962 ἀπανθρώπου
3326 3893 3496 3946 ταῦτα

1930 3980 2138 4046 γίνεται
2180 3977 2360 4047 ψυχῆς
2406 3977 2499 4029 καὶ
2549 3975 2809 4045 ἀπηνοῦς.
2861 3977 2921 4028 El
2956 3977 3063 4045 γάρ
3096 3976 3152 4041 ἐξ
3183 3976 3364 4037 ἐλέους
3400 3978 3498 4029 καὶ

1931 4062 2333 4132 φιλανθρωπίας
2371 4060 2597 4127 ἐγίνετο,
2623 4060 2751 4129 περὶ
2788 4060 2914 4122 τοὺς
2942 4058 3138 4126 ἀνδρας
3189 4062 3346 4114 τοῦτα
3376 4066 3492 4115 ἐπιπ-

1929 4146 2238 4201 δείκνυσθαι
2273 4148 2460 4217 ἐχρῆν.

1998 4230 2065 4296 ζ’.
2109 4230 2248 4283 Ἀλλ’
2270 4232 2324 4282 αἱ
2350 4230 2605 4297 γυναῖκες
2631 4226 2872 4290 πλείονος
2897 4226 3106 4280 δέονται
3140 4227 3489 4297 προστασίας,

1930 4316 2114 4383 φησὶν,
2145 4316 2193 4366 οἱ
2224 4314 2279 4366 δὲ
2314 4312 2504 4382 ἄνδρες
2536 4310 2734 4372 πολλὰς
2762 4310 2977 4379 ἔχουσιν
3014 4311 3122 4362 ἀπὸ
3148 4310 3249 4377 τῆς
3279 4310 3493 4379 φύσεως

1929 4396 2197 4467 ἀφορμάς.
2230 4396 2421 4449 Καίτοι
2463 4393 2558 4446 καὶ
2585 4395 2641 4445 tv
2666 4392 2922 4463 ἀνδράσιν
2954 4392 3061 4445 εἰσὶ
3094 4392 3277 4453 πολλοὶ
3302 4409 3489 4460 γυναιο

1929 4478 2039 4530 κῶν
2066 4476 2450 4546 ἀσθενέστερον
2472 4476 2805 4545 διακείμενοι
2827 4477 2920 4529 καὶ
2942 4475 3028 4528 διά
3057 4475 3235 4546 γῆρας
3263 4474 3491 4546 μακρὸν,

1926 4562 2020 4613 καὶ
2068 4560 2135 4612 δι’
2185 4559 2527 4630 ἀρρωστίαν,
2560 4560 2657 4611 καὶ
2690 4558 2777 4611 διά
2812 4560 3060 4630 πήρωσιν
3101 4558 3369 4629 σώματος.
3400 4559 3493 4611 καὶ⁵

1924 4645 2011 4697 διὰ
2048 4644 2235 4705 νόσους
2284 4640 2528 4712 χαλεπὰς
2553 4683 2565 4697 .
2596 4641 2691 4693 καὶ
2723 4640 2789 4694 δι’
2820 4642 3009 4711 ἑτέρας
3046 4642 3197 4702 τινάς
3238 4642 3493 4703 τοιαύτας

1925 4728 2267 4799 προφάσεις’
2310 4724 2449 4795 πλὴν
2490 4724 2604 4779 ἀλλ’
2633 4724 2821 4795 ἐπειδὴ
2856 4725 3085 4794 μάλιστα
3126 4723 3219 4775 τοῦ
3263 4724 3368 4775 τῶν
3398 4741 3491 4791 γυ-

1925 4810 2128 4863 ναικῶν
2159 4809 2386 4881 κήδεσθε
2412 4810 2618 4877 γένους.
2658 4808 2751 4861 ἅτε
2782 4807 3163 4879 ἀσθενεστέρου
3195 4807 3365 4870 ἥντος,
3398 4809 3491 4860 καὶ

1928 4894 2132 4962 σφόδρα
2158 4893 2448 4962 ἐλεήμονες
2475 4893 2567 4943 καὶ
2602 4891 2906 4960 συμπαθεῖς
2945 4894 3065 4944 ἐστε
3094 4890 3230 4963 πρὸς
3255 4892 3485 4949 ἐκείνας.

1924 4976 2043 5028 οὐδὲ
2094 4974 2327 5028 ἐνταῦθα
2374 4973 2574 5043 ταύτης
2610 4975 2961 5044 ἀπορήσομεν
3001 4974 3101 5043 τῆς
3144 4974 3484 5045 προφάσεως,

1926 5060 2061 5112 ἀλλά
2105 5059 2350 5128 δείξομεν
2400 5058 2687 5121 ὑποθέσεις
2734 5059 2895 5128 ὑμῖν,
2926 5058 2983 5111 αῖ
3034 5060 3127 5110 καὶ
3159 5059 3490 5128 κατηγορίας

1926 5145 2061 5195 είσὶν
2092 5142 2504 5214 ἀπηλλαγμέναι
2536 5144 2737 5213 πάσης,
2771 5144 2863 5196 καὶ
2905 5142 3125 5195 πλείονα
3164 5143 3489 5213 παρέξουσιν

1926 5228 2055 5295 ύμῖν
2100 5226 2191 5278 τὸν
2233 5225 2438 5297 μισθόν.
2491 5227 2609 5279 Εἰσὶ
2651 5227 2759 5296 γὰρ
2809 5228 3093 5293 γυναῖκες.
3144 5226 3199 5277 αί
3241 5225 3338 5296 μὲν
3384 5226 3489 5278 ὑπὸ

1925 5312 1992 5380 ’,σή
2004 5326 2108 5379 ρως
2142 5309 2602 5380 παραλελυμέναι,
2646 5311 2701 5362 αἱ
2729 5309 2784 5361 δέ
2812 5308 2909 5370 τὰς
2934 5311 3120 5379 χεῖρας
3151 5308 3489 5378 ἐκκεκομμέ-

1925 5410 2033 5455 ναι,
2063 5396 2116 5445 αἱ
2151 5394 2209 5445 δὲ
2240 5396 2365 5455 τοὺς
2393 5393 2704 5463 ὀφθαλμοὺς
2737 5392 3153 5462 πεπηρωμέναι,
3187 5392 3242 5443 αἱ
3270 5392 3323 5443 δὲ
3354 5391 3489 5445 ἄλλα

1925 5477 2072 5547 πάθη
2105 5477 2323 5529 ποικίλα
2364 5476 2455 5528 καὶ
2500 5474 2811 5526 παντοδαπά
2852 5474 3068 5543 ἔχουσαι
3115 5474 3206 5525 καὶ
3250 5473 3349 5544 τὴν
3379 5473 3488 5525 τῶν

1926 5560 2114 5612 παθῶν
2144 5560 2527 5631 χαλεπωτέραν
2561 5559 2770 5611 πενίαν.
2800 5557 2871 5609 "H
2900 5574 2954 5609 τε
2986 5556 3093 5627 γάρ
3126 5557 3283 5609 πενία
3307 5560 3399 5611 καὶ
3428 5559 3490 5612 τὸ

1932 5644 2092 5714 μηδὲν
2118 5644 2254 5707 ὅλως
2284 5644 2424 5712 ἔχειν
2475 5642 2745 5711 ἐπιτρίὸει
2774 5640 2867 5693 τοῦ
2917 5640 3165 5703 σώματος
3205 5642 3393 5704 αὐταῖς
3420 5643 3488 5694 τὰ

1925 5729 2207 5796 νοσήματα
2225 5744 2238 5756 ·
2273 5728 2409 5797 αύτή
2438 5742 2494 5778 τε
2529 5726 2688 5778 πάλιν
2718 5728 2751 5794 ὴ
2777 5730 2933 5777 πενία
2959 5725 3063 5777 ὑπὸ
3090 5724 3293 5777 τούτων
3331 5724 3487 5793 χαλε-

1927 5812 2145 5881 πωτέρα
2176 5812 2382 5878 γίνεται
2429 5811 2519 5864 καὶ
2550 5811 2944 5881 ἀφορητοτέρα.
2980 5810 3102 5862 Ἐπὶ
3150 5808 3247 5862 τὴν
3283 5808 3487 5859 τούτων

1934 5894 2112 5960 ἔξελθε
2135 5892 2333 5965 θήραν,
2363 5897 2455 5948 καὶ
2488 5894 2687 5956 ταύτας
2722 5895 2991 5961 συνάγαγε
3014 5912 3025 5923 ·
3055 5892 3249 5962 μᾶλλον
3280 5890 3339 5942 δέ
3367 5888 3489 5943 οὐδὲ

1991 6024 2013 6052 θ
2050 6021 2198 6077 Ἐνῆν.
2223 6020 2425 6071 Cnniicit
2448 6022 2593 6070 Savil.
2619 6023 2675 6068 ἀν
2694 6021 2767 6081 ἧν.
2794 6022 2925 6069 Enn.

1993 6081 2021 6122 τι
2046 6082 2213 6131 Morel.
2244 6085 2477 6142 ἐπίδειξαι,
2506 6084 2651 6133 Savll.
2680 6085 2909 6139 ἐπίδειξον,
