4490 6730
372 586 476 645 505

368 704 641 777 porrigant
677 711 912 755 manum.
958 691 1016 748 Si
1058 704 1188 759 opes
1219 687 1400 751 habes,
1449 687 1498 740 in
1541 684 1638 740 bas
1665 681 1934 777 expende;

372 773 417 853 si
443 796 650 851 validus
677 808 736 850 es
755 833 771 858 ,
803 790 899 844 has
941 784 1182 853 corporis
1206 781 1496 836 ministerio
1524 778 1713 846 adjuva
1739 791 1752 825 :
1777 773 1935 827 multa

365 907 421 952 et
467 893 555 949 hic
593 885 801 961 negotia
841 880 1051 937 videbis
1088 892 1207 948 qua:
1247 876 1482 945 indigent
1533 866 1937 961 corporaliumi-

375 986 594 1043 nisterio
621 956 688 1036 εί
691 983 903 1042 sumptu
926 985 1085 1041 opum
1131 978 1185 1023 et
1209 960 1780 1022 circumcursitatione.
1805 956 1935 1012 Nam

368 1094 502 1148 opus
529 1075 724 1130 habent
746 1078 802 1122 ut
832 1067 936 1121 illis
961 1063 1293 1132 assignentur
1319 1055 1607 1116 domicilia,
1632 1065 1935 1122 prazpareu-

367 1186 457 1230 tur
497 1169 903 1225 medicamenta,
951 1169 1004 1214 et
1047 1158 1215 1213 lectus
1254 1163 1308 1208 et
1350 1158 1529 1204 vestes
1572 1154 1833 1208 emantur,
1883 1150 1937 1196 et

367 1272 621 1320 curentur
666 1255 769 1311 cibi
822 1254 944 1308 boni
990 1252 1194 1319 aliaque
1249 1244 1452 1305 multa,
1506 1237 1710 1292 etiamsi
1762 1237 1931 1289 solum

368 1358 551 1408 decem
579 1356 775 1412 essent,
806 1362 923 1417 qua:
952 1345 1023 1398 ita
1051 1346 1341 1411 :rgrotant;
1376 1346 1515 1386 nunc
1543 1340 1718 1384 autem
1746 1328 1931 1382 civitas

369 1451 547 1496 nostra
568 1439 652 1493 his
674 1448 779 1492 tota
806 1437 1019 1506 impleta
1046 1441 1164 1495 est,
1212 1424 1560 1491 inveniesque
1585 1420 1726 1475 mille
1752 1430 1799 1474 et
1827 1419 1935 1473 duo

368 1532 551 1589 millia.
582 1531 698 1585 Istze
725 1537 868 1591 sunt,
899 1543 1018 1596 qua:
1043 1521 1241 1576 auxilio
1270 1517 1522 1584 indigent,
1550 1513 1662 1568 ista:
1683 1512 1935 1567 desolata:

366 1634 511 1689 sunt,
544 1625 655 1678 ista-
680 1623 823 1677 bumi
847 1622 1055 1689 iacent:
1081 1614 1193 1668 lucc
1223 1620 1305 1679 est
1332 1609 1685 1679 eleemosyna,
1712 1605 1825 1659 lucc
1851 1612 1935 1657 est

370 1716 684 1777 humanitas,
713 1713 815 1766 hoc
838 1711 889 1765 in
915 1706 1134 1775 gloriam
1161 1700 1352 1757 transit
1373 1699 1485 1763 Dei,
1506 1700 1629 1753 etin
1656 1696 1933 1750 utilitatem

366 1822 549 1862 eorum
587 1805 673 1875 qui
709 1802 928 1861 vident,
954 1806 1011 1851 et
1053 1794 1142 1864 qui
1186 1791 1453 1861 accipiunt
1478 1829 1492 1851 ,
1520 1798 1578 1844 et
1601 1788 1687 1857 qui
1716 1786 1933 1841 faciunt.

369 1897 578 1953 Etenim
626 1895 821 1965 justius
872 1889 1187 1956 adjuvantur
1240 1881 1557 1937 infirmiores
1609 1893 1764 1948 quam
1820 1877 1932 1929 for-

366 1992 556 2050 tiores;
583 1996 635 2041 et
660 1985 847 2039 vetula!
876 1994 1034 2050 quam
1058 1975 1327 2046 iuniores;
1356 1981 1409 2027 et
1435 1971 1516 2025 ha:
1544 1970 1733 2038 quibus
1761 1980 1935 2036 neque

366 2080 661 2137 necessaria
687 2084 832 2138 sunt,
863 2085 1019 2140 quam
1050 2069 1151 2122 illa:
1173 2082 1292 2136 quae
1318 2063 1601 2118 mediocria
1625 2060 1930 2130 possident;

364 2183 419 2226 et
451 2170 552 2224 iilze
594 2182 711 2238 quze
752 2162 893 2234 apud
937 2158 1132 2214 multos
1174 2152 1589 2217 abominabiles,
1620 2165 1775 2220 quam
1803 2162 1935 2217 quas

366 2266 517 2322 multi
545 2262 819 2321 adamaut;
860 2264 915 2310 et
954 2254 1057 2307 illa:
1093 2266 1213 2322 qua:
1252 2246 1588 2303 contumeliis
1616 2252 1932 2307 onerantur,

363 2372 524 2427 quam
550 2371 627 2409 eze
652 2367 767 2423 qua:
798 2348 971 2402 illatas
1006 2350 1265 2405 avertere,
1298 2349 1353 2394 et
1394 2338 1588 2392 bonam
1614 2334 1713 2389 sibi
1741 2332 1934 2427 famam

362 2424 651 2503 conciliare
674 2448 911 2513 possunt.
934 2433 1165 2492 Ostende
1191 2432 1349 2501 igitur
1367 2427 1506 2499 qttod
1531 2435 1747 2496 propter
1772 2424 1934 2476 Deum

365 2538 469 2591 hoc
494 2536 683 2598 facias,
728 2539 785 2586 et
826 2529 931 2584 illis
960 2525 1238 2597 opitulare.
1270 2520 1421 2590 Quod
1450 2520 1493 2574 si
1526 2519 1620 2571 has
1650 2531 1820 2584 neque
1846 2528 1938 2581 per

364 2645 610 2686 somnum
658 2624 839 2680 videre
877 2625 980 2683 vis.
1028 2618 1122 2675 sed
1164 2617 1422 2670 formosas
1468 2621 1524 2667 et
1570 2610 1937 2664 adolescentes

362 2715 754 2774 obambulando
780 2713 1005 2774 venaris,
1037 2720 1089 2765 et
1134 2705 1405 2763 illiberalis
1450 2703 1606 2771 hujus
1638 2698 1937 2754 venationis

367 2826 581 2868 causam
604 2808 814 2879 quidem
842 2804 997 2859 aliam
1029 2801 1193 2856 habes
1220 2816 1322 2855 non
1354 2796 1655 2859 ferendam,
1686 2791 1934 2862 praztexis

365 2914 539 2958 autem
569 2901 723 2954 aliam
752 2914 868 2969 quae
892 2899 942 2951 in
970 2895 1199 2965 speciem
1231 2893 1451 2947 honesta
1481 2899 1534 2944 et
1562 2896 1775 2956 accepta
1808 2892 1929 2949 est,

365 3009 558 3063 nempe
586 2993 823 3055 tutelam,
851 2989 974 3043 licet
1001 2986 1245 3041 homines
1269 2982 1521 3054 decipias.
1551 2979 1643 3035 sed
1674 2994 1777 3033 non
1806 2978 1931 3031 item

368 3083 597 3140 tribunal
629 3083 741 3144 Dei,
772 3081 911 3149 quod
939 3077 1243 3133 muneribus
1270 3074 1534 3143 corrumpi
1567 3070 1751 3140 nequit
1775 3088 1787 3123 :
1810 3083 1931 3122 nam

364 3177 434 3229 ob
457 3176 614 3229 aliam
640 3173 847 3239 quidem
869 3183 1083 3225 causam
1105 3169 1218 3221 luce
1242 3166 1391 3230 facis,
1413 3173 1467 3219 et
1486 3164 1644 3217 aliam
1664 3160 1933 3227 przetesis.

367 3268 548 3323 Dicitis
574 3264 783 3335 quidem
809 3305 823 3327 ,
854 3261 993 3330 quod
1024 3267 1240 3331 propter
1270 3258 1435 3312 Deum
1482 3256 1685 3309 faciatis
1722 3252 1896 3307 omnia
1919 3293 1934 3316 ,

365 3360 537 3415 facitis
560 3368 732 3412 autem
760 3370 919 3427 opera
948 3370 1065 3423 qum
1096 3359 1219 3406 sunt
1248 3349 1580 3404 inimicorum
1608 3345 1700 3401 Dei
1726 3363 1739 3399 :
1766 3344 1936 3414 siqni-

363 3452 485 3505 dem
516 3449 727 3505 eflicere
764 3458 821 3501 ut
858 3446 947 3499 Dei
977 3460 1167 3498 nomen
1199 3441 1598 3509 blasphemi-tur
1631 3446 1683 3492 et
1713 3451 1935 3490 accuse-

364 3551 471 3601 tur.
503 3541 553 3596 id
583 3540 794 3595 demum
820 3546 901 3591 est
922 3535 1253 3591 inimicorum
1280 3533 1394 3587 Dei.
1425 3532 1538 3602 Ego
1566 3546 1689 3584 vero
1715 3537 1770 3584 et
1792 3528 1933 3583 aliud

366 3650 607 3703 suppono
648 3631 914 3701 quippiam
940 3645 954 3682 :
980 3641 1236 3697 ponamus
1278 3622 1417 3679 enim
1467 3623 1569 3677 hoc
1614 3636 1739 3675 vere
1786 3621 1887 3673 dici
1914 3661 1928 3683 ,

364 3738 591 3792 eumque
634 3721 773 3775 omni
813 3716 1233 3788 concupiscentia
1274 3730 1460 3783 purum
1487 3728 1634 3775 esse,
1668 3728 1839 3780 neque.
1868 3728 1932 3765 ex

368 3816 472 3870 ulla
500 3813 599 3868 alia
628 3829 686 3867 re
710 3827 866 3880 quam
901 3826 965 3864 ex
1006 3810 1116 3862 sola
1160 3810 1351 3877 pietate
1381 3806 1513 3859 hanc
1541 3820 1720 3859 curam
1760 3803 1933 3856 susci-

371 3920 530 3973 pere;
562 3912 790 3956 attamen
822 3917 991 3970 neque
1018 3902 1093 3952 sic
1121 3900 1289 3967 ipsum
1320 3914 1349 3951 a
1379 3896 1546 3965 pmuis
1568 3894 1679 3948 fore,
1707 3895 1932 3948 liberum

371 3998 714 4053 inveniemus.
737 3995 865 4049 Nam
892 3995 934 4048 si
965 3993 1212 4047 deessent
1235 3990 1539 4045 occasiones
1565 3988 1703 4048 alim,
1737 3987 1787 4039 iu
1814 3985 1933 4055 qui-

371 4090 468 4143 bus
516 4088 672 4143 etiam
722 4086 970 4155 pietatem
1019 4081 1305 4143 exhibere,
1360 4078 1517 4147 idque
1564 4076 1737 4131 facere
1781 4076 1938 4129 nullis

372 4180 646 4233 animabus
671 4177 722 4231 in
766 4192 832 4230 eo
875 4173 1283 4244 impingentibus
1314 4177 1519 4236 poSSet,
1567 4183 1633 4222 ne
1661 4170 1735 4219 sic
1763 4173 1937 4219 tamen

374 4270 472 4323 hoc
501 4284 659 4339 agere
683 4274 971 4337 oporteret,
1004 4264 1091 4318 ubi
1128 4262 1297 4331 majus
1325 4262 1471 4314 luero
1500 4258 1772 4313 damnum.
1806 4255 1937 4310 Num

372 4359 511 4413 enim
540 4375 632 4427 par
649 4367 727 4410 est
744 4367 799 4411 ut
816 4357 883 4411 ob
898 4355 1189 4425 corporalia
1209 4352 1410 4421 negotia
1436 4350 1587 4402 tmins
1608 4358 1696 4401 aut
1715 4347 1937 4400 duarum

370 4452 629 4520 virginum
653 4451 849 4504 inlin'ta
870 4446 1144 4503 multitudo
1166 4445 1453 4499 animarum
1472 4442 1727 4509 jacturam
1754 4437 1941 4492 faciat?

374 4541 745 4595 Verumtamen
797 4556 970 4609 neque
1014 4540 1090 4595 sic
1131 4537 1303 4609 gravis
1347 4543 1427 4591 est
1475 4534 1739 4588 accusatio
1773 4549 1785 4585 :
1819 4545 1937 4585 cum

373 4641 547 4685 autem
591 4630 896 4683 innumeras
924 4630 1161 4683 invenias
1190 4628 1300 4682 vias
1330 4634 1383 4680 et
1406 4626 1603 4678 alienas
1628 4624 1694 4675 ab
1718 4637 1938 4676 accusa-

376 4724 537 4785 tione,
568 4728 619 4773 ct
647 4721 838 4773 liberas
866 4736 893 4770 a
925 4720 1208 4781 scandalis,
1241 4727 1292 4771 et
1320 4733 1435 4787 qua:
1464 4714 1715 4783 majorem
1746 4714 1941 4767 habent

374 4820 659 4879 quaestum,
705 4809 855 4878 cujus
901 4810 975 4863 rei
1022 4812 1189 4878 gratia
1243 4810 1333 4863 tibi
1382 4807 1478 4876 ipsi
1526 4808 1691 4859 nectis
1732 4804 1938 4871 negotia

376 4903 570 4957 frustra
599 4909 653 4956 et
676 4901 937 4953 incassum
959 4940 974 4962 ,
1004 4908 1055 4953 et
1079 4900 1282 4954 lucrum
1312 4898 1546 4963 Suffodis,
1571 4907 1624 4951 et
1644 4895 1939 4967 periculose

378 4995 609 5050 exstruis
630 5002 787 5061 atque
815 4991 1183 5060 ignominiose,
1212 5008 1331 5047 cum
1356 4993 1508 5047 liceat
1534 4990 1647 5045 sine
1667 4988 1862 5043 damno
1889 4996 1942 5041 et

374 5103 495 5142 cum
520 5101 707 5156 magna
737 5083 940 5154 gloria?
968 5086 1043 5136 An
1071 5085 1244 5138 nescis
1264 5084 1544 5139 Christiani
1568 5083 1723 5136 vitam
1746 5097 1941 5151 nsque-

376 5194 583 5249 quaque
604 5178 781 5231 lucere
796 5175 1008 5239 debere,
1031 5185 1082 5228 et
1103 5190 1222 5228 eum
1244 5177 1331 5243 qui
1356 5192 1502 5231 suam
1520 5176 1733 5247 gloriam
1759 5172 1939 5238 findet,

381 5274 575 5340 ubique
603 5280 783 5341 postea
814 5268 1047 5322 inutilem
1081 5265 1212 5330 fore,
1247 5278 1299 5321 et
1326 5270 1454 5323 nihil
1484 5283 1725 5338 maguum
1755 5266 1942 5320 lucrari

380 5378 573 5430 posse,
614 5362 769 5417 etiam
805 5360 847 5414 si
888 5358 1136 5428 praeclara
1182 5358 1415 5413 facinora
1447 5359 1705 5414 ediderit?
1734 5374 1854 5412 nam
1886 5358 1947 5412 Si

379 5453 454 5505 sol
500 5454 806 5522 infamatum
851 5451 1022 5523 fuerit,
1077 5448 1263 5518 inquit,
1313 5450 1366 5503 in
1409 5467 1507 5520 quo
1558 5450 1763 5504 salietur
1815 5450 1949 5502 ultro

382 5540 594 5601 (illatua.
632 5544 687 5597 5.
726 5542 851 5613 15)?
894 5540 982 5597 Sal
1017 5539 1156 5594 enim
1196 5553 1293 5593 nos
1326 5556 1445 5594 esse
1468 5541 1583 5595 vult
1610 5551 1664 5597 et
1692 5542 1866 5596 lumen
1898 5550 1952 5595 et

382 5634 697 5688 fermentum
732 5636 891 5698 Deus,
930 5646 989 5690 ut
1022 5643 1075 5688 et
1112 5630 1199 5685 alii
1240 5646 1269 5685 a
1311 5632 1465 5685 nobis
1504 5634 1780 5689 utilitatem
1808 5636 1951 5688 acci-

382 5726 547 5793 piant.
573 5722 723 5789 Quod
765 5726 808 5778 si
857 5725 1099 5780 homines
1149 5723 1686 5793 irreprehensibiliter
1715 5726 1954 5777 viventes

384 5819 466 5869 vix
490 5825 803 5873 convertere
827 5820 1005 5872 valent
1046 5818 1389 5888 negligentes.
1430 5814 1716 5883 quomodo,
1762 5818 1805 5870 si
1850 5817 1957 5870 illis

384 5921 565 5959 ansam
585 5905 908 5969 dederimus.
929 5925 1032 5962 nou
1051 5911 1396 5980 undeqttaque
1412 5905 1722 5977 perditionis
1740 5906 1954 5963 illorum

385 5998 462 6055 rei
507 5999 746 6055 erimus?
788 5998 916 6055 Nam
964 6001 1099 6057 sicut
1144 6004 1232 6075 qui
1272 6014 1575 6074 perversam
1619 6000 1727 6073 agit
1752 6010 1950 6069 Vitam,

1073 573 1341 633 CONTRA
1375 570 1502 628 EOS
1540 568 1653 637 QUI
1691 558 2300 624 SUBINTRODUCTAS
2338 562 2611 621 llABENT
2639 566 2973 626 VIRGINES.

2045 701 2333 757 numquam
2356 685 2592 743 salvatur
2610 728 2625 750 ,
2658 686 2729 741 ita
2758 705 2927 759 neque
2950 690 3037 760 qui
3065 691 3298 763 seipsum
3329 693 3612 765 ignominia

2041 780 2293 849 aspergit,
2324 795 2535 851 pinnam
2561 780 2795 851 eﬂ'ugere
2820 782 3031 852 poterit.

2116 869 2218 935 Qui
2254 872 2363 926 sine
2397 872 2615 926 aliorum
2651 872 2958 939 offendicula
3002 882 3207 944 peccat,
3245 876 3427 932 minori
3455 892 3617 949 pense

2041 962 2288 1017 obnoxius
2328 973 2419 1018 est.
2435 993 2507 1005 —
2523 963 2672 1031 Quod
2690 964 2733 1018 si
2755 964 2912 1019 etiam
2928 964 3238 1021 admirabile
3254 966 3503 1036 quiddam
3528 968 3613 1021 di-

2042 1054 2303 1119 cendum,
2346 1057 2503 1110 etiam
2531 1056 2575 1109 si
2601 1056 2835 1125 graviter
2860 1057 2979 1125 quis
3016 1064 3234 1126 peccet,
3280 1057 3324 1111 si
3349 1058 3484 1113 clam
3517 1057 3615 1113 hoc

2044 1147 2205 1201 faciat
2228 1156 2283 1201 et
2301 1147 2569 1202 neminem
2594 1147 2933 1214 scandalizet,
2955 1148 3219 1205 minorem
3239 1148 3385 1205 dabit
3406 1165 3613 1219 pinnam

2041 1257 2198 1309 quam
2244 1242 2333 1311 qui
2378 1243 2550 1298 levius
2586 1242 2857 1312 peccavit,
2904 1242 2996 1298 sed
3039 1243 3375 1315 impudenter
3398 1253 3454 1300 et
3494 1260 3616 1299 cum

2042 1334 2327 1389 multorum
2352 1335 2621 1389 seandalo.

2112 1423 2166 1479 8.
2197 1424 2263 1478 Et
2288 1440 2354 1480 ne
2374 1424 2569 1479 dictum
2596 1424 2899 1491 admireris,
2918 1439 3092 1495 neque
3120 1425 3392 1495 plusjusto
3415 1426 3615 1482 dictum

2040 1524 2213 1582 putes,
2242 1516 2335 1570 tibi
2362 1517 2495 1572 hanc
2524 1533 2555 1572 e
2582 1518 2713 1571 cado
2732 1518 3050 1573 sententiam
3076 1516 3378 1583 all'eremus,
3400 1527 3455 1573 et
3481 1518 3619 1574 hanc

2042 1607 2210 1676 legem
2250 1609 2371 1663 inde
2398 1610 2651 1678 prolatam
2696 1610 3054 1680 probabimus.
3097 1609 3229 1665 Nam
3265 1609 3477 1665 beatum
3508 1611 3619 1667 Ilo-

2040 1712 2152 1750 sem
2172 1698 2408 1751 omnium
2434 1698 2521 1767 qui
2547 1713 2708 1766 super
2729 1709 2921 1755 terram
2951 1699 3223 1755 hominum
3252 1701 3613 1765 mitissimum,

2042 1790 2135 1843 Dei
2166 1789 2417 1855 anticum,
2450 1790 2825 1858 prophetarum
2854 1791 3165 1855 maximum,
3187 1790 3614 1862 quandoquidem

2043 1881 2183 1936 Deus
2225 1881 2346 1935 aliis
2384 1896 2481 1950 per
2506 1882 2785 1951 aenigmata
2827 1882 3077 1950 loquutus
3114 1895 3196 1936 est
3219 1924 3233 1945 ,
3278 1882 3403 1938 huic
3439 1892 3615 1939 autem

2038 1973 2177 2027 sicut
2204 1973 2406 2027 amicus
2433 1972 2602 2027 amico
2633 1989 2648 2028 :
2673 1972 2813 2027 lumc
2856 1973 3014 2041 igitur
3036 1982 3091 2029 et
3119 1974 3276 2029 talem
3305 1974 3393 2045 qui
3426 1976 3619 2029 multas

2039 2064 2282 2117 miserias
2310 2065 2362 2119 in
2398 2062 2617 2117 deserto
2662 2064 2777 2117 tulit
2814 2072 2891 2117 tot
2928 2066 3115 2129 annis,
3164 2065 3255 2134 qui
3286 2067 3337 2120 in
3364 2068 3618 2121 extremis

2039 2172 2181 2225 sape
2205 2156 2451 2226 periculis
2470 2155 2590 2221 fuit,
2614 2164 2668 2211 et
2690 2156 2827 2225 apud
2844 2155 3122 2227 Egyptios
3143 2171 3365 2229 propter
3377 2159 3614 2221 Iudaeos,

2040 2260 2092 2302 et
2116 2248 2252 2317 apud
2273 2248 2481 2303 Juda‘os
2506 2264 2604 2318 pro
2636 2249 2763 2317 ipsis
2793 2249 3011 2316 ingratis
3042 2266 3055 2305 :
3089 2259 3263 2304 tamen
3290 2250 3432 2304 hunc
3459 2252 3616 2305 talem

2042 2350 2095 2394 et
2132 2350 2333 2394 tantum
2378 2341 2509 2394 nihil
2554 2341 2696 2395 aliud
2747 2340 3020 2409 prohibuit
3064 2350 3184 2409 post
3235 2352 3312 2395 tot
3352 2357 3620 2396 aerumnas

2043 2430 2310 2498 multaque
2336 2432 2588 2501 prmelare
2624 2444 2768 2500 gesta
2810 2432 3167 2503 promissione
3214 2434 3405 2501 potiri.
3455 2450 3613 2503 quam

2044 2523 2182 2592 quod
2213 2524 2463 2579 seandalo
2505 2525 2689 2578 fuisset
2732 2525 2795 2577 iis
2822 2525 2912 2594 qui
2961 2541 3079 2577 eum
3127 2524 3243 2593 ipso
3283 2536 3436 2581 erant
3478 2527 3615 2595 apud

2044 2632 2253 2685 aquam.
2308 2617 2369 2671 Et
2417 2617 2518 2670 hoc
2556 2625 2637 2670 est
2678 2616 2817 2685 quod
2851 2616 3150 2670 iusinuabat
3187 2617 3328 2672 Detts
3350 2618 3616 2674 dicendo:

2046 2707 2178 2771 Quia
2204 2724 2303 2760 non
2331 2707 2611 2762 credidistis
2635 2708 2795 2774 mihi,
2842 2716 2896 2760 ut
2933 2710 3314 2777 sonrtiﬁearetis
3347 2727 3425 2764 me
3447 2728 3617 2767 rorant

2041 2798 2161 2865 [iliis
2191 2796 2386 2861 Israel,
2432 2808 2639 2867 prapter
2672 2798 2768 2853 hoc
2791 2816 2891 2853 non
2916 2799 3161 2854 inducetis
3184 2802 3617 2873 congregationem

2040 2890 2170 2943 Itane
2187 2890 2239 2943 in
2260 2900 2444 2944 terram
2468 2933 2483 2953 ,
2510 2907 2662 2963 quam
2686 2890 2805 2944 dedi
2839 2893 2909 2945 eis
2936 2890 3121 2955 (Nam.
3153 2893 3242 2953 2ο.
3276 2894 3387 2963 12).
3415 2895 3616 2962 Quam-

2039 2983 2119 3035 vis
2142 2991 2317 3035 autem
2344 2992 2497 3036 antea
2526 2984 2576 3036 in
2610 2983 2877 3037 nonnullis
2902 2984 3079 3039 minus
3098 2986 3369 3042 obedissct
3389 2987 3622 3057 (contra-

2040 3072 2174 3126 dixit
2213 3072 2353 3126 enim
2385 3072 2495 3126 Deo
2519 3073 2683 3127 semel
2726 3088 2787 3126 ac
2827 3074 3017 3128 iterum
3062 3090 3183 3128 eum
3224 3077 3523 3132 mitteretur
3564 3081 3615 3133 in

2043 3163 2331 3235 .Egyptum
2351 3205 2363 3225 ,
2408 3173 2461 3217 et
2491 3173 2673 3231 postea
2704 3165 2755 3217 in
2790 3163 3006 3219 deserto
3032 3166 3332 3221 incredulus
3357 3168 3568 3222 dicebat
3598 3188 3613 3225 :

2045 3256 2294 3309 Sext-enm
2330 3256 2490 3309 millia
2531 3264 2646 3308 sunt
2692 3255 2948 3322 peditum;
2991 3266 3039 3311 et
3081 3267 3133 3309 tu
3172 3258 3343 3311 dixisti
3383 3275 3401 3312 :
3429 3258 3618 3314 Cornea

2044 3349 2173 3402 dabo
2196 3348 2339 3419 ipsis,
2394 3357 2439 3401 et
2475 3347 2732 3401 comedent
2768 3364 2981 3400 mensem
3012 3348 3225 3401 dierum.
3262 3347 3401 3402 Nunt
3430 3367 3542 3403 ones
3572 3361 3618 3404 et

2044 3441 2186 3495 bores
2223 3440 2577 3492 moctobnntur
2597 3481 2608 3493 .
2651 3438 2728 3491 ne!
2753 3439 2922 3491 omnia
2956 3438 3124 3490 edulio
3164 3441 3318 3491 moris
3346 3457 3621 3511 congrega-

2041 3533 2225 3585 buntur
2249 3540 2297 3583 et
2335 3530 2577 3599 sufﬁcient
2600 3528 2723 3597 ipsis
2744 3527 2929 3601 [Num.
2961 3530 3048 3583 il.
3078 3530 3171 3583 21.
3199 3529 3328 3601 22]?
3356 3541 3407 3585 et
3440 3543 3618 3599 postea

2042 3624 2232 3677 iterum
2260 3620 2527 3677 difficilem
2559 3637 2617 3675 se
2654 3619 2921 3682 reddidit,
2952 3630 3007 3673 et
3034 3621 3212 3691 populi
3252 3621 3618 3691 praefecturam

2040 3711 2388 3781 detrectabat)
2420 3730 2437 3767 :
2467 3721 2698 3766 attamen
2743 3711 2873 3766 nihil
2896 3711 3034 3765 aliud
3079 3712 3239 3780 potuit
3285 3713 3454 3781 ipsum
3501 3729 3620 3777 pro-

2042 3804 2228 3872 positis
2253 3804 2486 3872 pnemiis
2514 3803 2742 3871 privare,
2776 3818 2932 3871 quam
2965 3802 3087 3857 illtul
3118 3804 3288 3856 solum
3312 3805 3449 3873 quod
3478 3807 3617 3873 apud

2042 3911 2229 3964 aquam
2252 3895 2490 3963 contigit.
2515 3895 2654 3963 quod
2685 3904 2871 3947 natura
2899 3894 3109 3962 quidem
3142 3894 3318 3947 minus
3340 3897 3458 3949 aliis
3484 3908 3619 3960 erat,

2042 3985 2135 4040 sed
2156 3986 2275 4053 quia
2301 4000 2419 4039 cum
2441 3985 2636 4038 damno
2662 3985 2883 4037 aliorum
2909 3984 3066 4038 fiebat
3088 4026 3102 4047 ,
3132 3986 3299 4040 multo
3331 3987 3501 4054 majus
3530 3989 3619 4056 ju-

2044 4078 2273 4132 dicatum
2300 4086 2400 4130 est.
2427 4076 2515 4130 Illa
2540 4077 2679 4128 enim
2708 4076 2949 4143 privatim
2981 4084 3033 4127 et
3062 4077 3267 4130 occulte
3292 4077 3621 4141 accidebant,

2048 4168 2148 4222 hoc
2192 4176 2366 4220 autem
2410 4165 2689 4219 manifeste
2728 4175 2781 4218 et
2823 4180 3001 4220 coram
3037 4167 3179 4218 omni
3232 4168 3425 4234 populo
3451 4168 3621 4236 palam

2047 4266 2320 4325 peccatum
2348 4264 2443 4309 est.
2498 4256 2776 4323 Propterea
2806 4264 2857 4307 et
2894 4255 3288 4322 reprehendens
3318 4258 3453 4311 Deus
3474 4299 3487 4322 ,
3522 4261 3623 4313 hoc

2048 4348 2343 4403 insinuabat
2387 4347 2567 4399 dieens
2600 4365 2611 4399 :
2649 4346 2780 4409 (inin
2810 4362 2909 4398 non
2948 4346 3302 4413 sonctiﬁcastis
3339 4366 3419 4403 me
3450 4366 3622 4402 comm

2048 4443 2166 4510 filiis
2196 4439 2379 4495 Israel.
2400 4439 2598 4525 peeeaji
2627 4452 2811 4492 eorum
2840 4447 3084 4492 naturam
3107 4439 3381 4509 detegens,
3412 4454 3459 4496 et
3486 4445 3625 4497 unde

2051 4535 2276 4596 factum,
2324 4530 2464 4599 quod
2496 4530 2704 4583 veniam
2747 4544 2851 4582 non
2890 4540 3193 4593 mereatur,
3237 4532 3529 4585 declarans.
3568 4534 3623 4587 Si

2045 4639 2219 4680 autem
2246 4624 2403 4678 talem
2435 4623 2605 4676 virum
2636 4622 2737 4675 hoc
2765 4622 2885 4674 fecit
2916 4622 3206 4689 impingere
3228 4662 3243 4685 ,
3287 4638 3383 4673 nos
3425 4625 3621 4675 vermi-

2045 4720 2193 4773 culos
2223 4726 2275 4769 et
2304 4715 2497 4769 nullius
2527 4714 2671 4781 pensi
2706 4712 2972 4780 quomodo
3013 4728 3114 4762 non
3144 4711 3382 4766 tleStruet
3419 4722 3475 4767 et
3498 4729 3622 4781 per-

2046 4809 2178 4865 det?
2206 4807 2343 4863 Nihil
2381 4807 2518 4858 enim
2553 4805 2619 4855 ita
2646 4804 2928 4855 exacerbat
2962 4802 3124 4854 Deum
3148 4843 3161 4860 ,
3195 4812 3253 4855 ut
3291 4803 3503 4871 quando
3533 4822 3628 4858 no.

2049 4917 2168 4955 men
2196 4900 2310 4968 ejus
2354 4894 2768 4964 blasphematur.
2820 4892 2969 4948 Unde
3013 4908 3225 4948 sursum
3268 4908 3330 4949 ac
3375 4894 3624 4951 deorsum

2049 4992 2185 5062 apud
2236 4990 2447 5045 .ludaeos
2493 4989 2592 5040 hoc
2637 4988 2841 5056 jactat,
2886 5002 2984 5041 eos
3022 4986 3444 5055 reprehendens,
3494 4990 3629 5055 Quia

2050 5102 2228 5141 nomen
2254 5100 2415 5137 meum
2441 5086 2743 5153 profanatur
2769 5079 2918 5149 (lsoi.
2937 5081 3025 5136 i8.
3048 5082 3134 5148 ll)
3165 5099 3179 5135 :
3208 5091 3261 5134 et
3285 5082 3495 5148 iterum,
3526 5083 3626 5137 Vos

2052 5178 2335 5249 profanatis
2363 5178 2529 5244 ipsum
2558 5173 2712 5243 (Mal.
2744 5176 2793 5227 i.
2820 5174 2907 5241 12)
2939 5190 2953 5227 :
2985 5183 3032 5226 et
3052 5214 3065 5235 ,
3098 5171 3311 5238 Propter
3334 5190 3418 5227 vos
3445 5192 3627 5228 nomen

2053 5290 2216 5326 meum
2256 5270 2634 5341 blasphematur
2658 5268 2709 5321 in
2735 5267 2962 5337 gentibus
2987 5263 3133 5335 (lsoi.
3160 5264 3249 5319 52.
3283 5266 3359 5333 5).
3398 5266 3462 5321 Ει
3488 5278 3627 5321 tanta

2056 5365 2155 5432 ipsi
2199 5363 2297 5417 fuit
2336 5378 2459 5416 cura
2493 5376 2560 5414 ne
2592 5362 2689 5412 hoc
2715 5359 2983 5417 eveniret,
3031 5365 3087 5407 ttt
3126 5364 3181 5410 et
3218 5357 3461 5427 indignos
3490 5374 3630 5426 sa’pe

2057 5455 2307 5517 Sﬂh’lll'il,
2353 5468 2418 5506 ne
2462 5452 2561 5505 hoc
2604 5452 2771 5503 fieret.
2816 5448 2937 5501 Feci
2977 5446 3153 5510 enim,
3200 5447 3307 5513 ait,
3351 5466 3416 5503 ne
3453 5466 3631 5503 nomen

2062 5562 2225 5600 meum
2258 5545 2549 5612 profanetur
2577 5555 2595 5593 :
2621 5548 2708 5603 et,
2742 5538 2788 5589 Ν
2793 5554 2857 5591 ou
2884 5546 3089 5607 propter
3118 5553 3206 5593 nos
3237 5556 3328 5611 ego
3353 5539 3486 5609 facio
3504 5580 3520 5604 ,
3544 5541 3658 5591 do-'

2059 5655 2168 5691 mus
2195 5634 2374 5692 Israel.
2403 5634 2490 5687 sed
2519 5642 2571 5685 ut
2596 5648 2775 5684 nomen
2793 5648 2957 5685 meum
2983 5647 3085 5683 non
3106 5635 3398 5702 profanetur
3422 5631 3634 5699 (Eseclt.

2057 5728 2147 5783 20.
2177 5726 2229 5778 9.
2255 5734 2301 5778 et
2324 5724 2413 5779 36.
2433 5722 2551 5791 22).
2586 5722 2779 5776 Paulus
2806 5738 2935 5775 vero
2970 5723 3251 5777 anathema
3278 5737 3395 5777 esse
3421 5722 3637 5789 optabat

2062 5833 2157 5885 pro
2194 5815 2358 5885 gloria
2408 5814 2497 5869 Dei
2532 5831 2544 5867 :
2576 5824 2630 5868 et
2672 5815 2785 5883 ipse
2820 5814 2991 5869 Moses
3035 5830 3243 5884 quoque
3268 5830 3298 5868 e
3334 5813 3469 5867 libro
3511 5815 3633 5867 vitae

2061 5908 2226 5965 deleri
2259 5905 2444 5960 orabat
2486 5921 2583 5974 pro
2605 5905 2771 5974 gloria
2802 5906 3029 5959 nominis
3053 5905 3141 5958 Dei
3168 5922 3182 5959 :
3212 5919 3305 5957 vos
3329 5912 3506 5959 autem
3532 5922 3635 5960 non

2065 6000 2236 6059 solum
2265 5996 2392 6054 nihil
2424 5998 2528 6069 pati
2547 5997 2724 6065 vultis,
2750 6006 2808 6051 ut
2828 5996 2963 6052 hanc
2981 5994 3206 6051 arceatis
3232 5993 3640 6065 blaSphemiam.
