4490 6800
842 558 943 611 507

844 674 938 726 sed
968 671 1126 725 etiam
1156 668 1334 721 omnia
1379 668 1578 733 facilis,
1624 684 1717 737 per
1753 685 1871 737 qua:
1902 668 2040 721 illam
2066 665 2333 733 augeatis,
2362 668 2416 714 et

844 762 1078 832 quotidie
1119 760 1421 813 intendatis.
1462 759 1591 828 Quis
1622 761 1778 830 igitur
1822 775 1915 811 vos
1948 756 2264 812 excusabit?
2300 754 2416 825 quis

842 853 993 904 vobis
1032 851 1309 919 ignoscet?
1348 850 1534 905 Nullus
1563 860 1661 904 est.
1706 851 1926 903 Tantam
1956 860 2134 902 autem
2160 863 2339 902 curam
2365 856 2420 900 et

842 942 982 994 Dens
1015 953 1071 995 et
1098 942 1265 995 sancti
1305 951 1522 1010 gerunt,
1559 948 1617 993 ut
1658 955 1760 992 non
1798 938 2197 1008 blasphemetur
2227 951 2416 991 nomen

840 1032 979 1100 ejus,
1002 1048 1107 1087 non
1133 1032 1272 1102 quod
1300 1034 1437 1086 Deus
1460 1046 1594 1099 opus
1619 1030 1811 1085 habeat
1837 1040 1947 1084 uta
1978 1030 2131 1084 nobis
2159 1031 2421 1101 glorifice-

840 1135 930 1180 tur
960 1126 1175 1196 (nullius
1197 1126 1338 1179 enim
1375 1124 1571 1193 indiget
1601 1134 1651 1179 et
1682 1124 1951 1194 perfectus
1977 1125 2080 1195 est)
2099 1167 2113 1189 ,
2148 1125 2241 1178 sed
2275 1122 2417 1191 quod

839 1233 905 1270 ex
937 1231 999 1270 ea
1028 1231 1086 1270 re
1110 1214 1333 1269 multum
1362 1213 1542 1268 damni
1579 1214 1882 1269 hominibus
1919 1216 2143 1269 accidat.
2194 1214 2415 1282 Quand:

843 1306 984 1359 enim
1010 1304 1147 1374 apud
1174 1305 1316 1373 ipsos
1346 1304 1486 1359 male
1511 1305 1655 1359 audit
1685 1320 1878 1359 nomen
1907 1306 1996 1359 Dei
2025 1317 2078 1359 et
2096 1305 2263 1371 gloria
2284 1304 2418 1372 ejus,

842 1395 975 1449 nihil
1002 1395 1129 1464 ipsis
1152 1395 1292 1450 ultra
1315 1396 1562 1466 prodest:
1582 1397 1721 1465 quod
1752 1397 1794 1449 si
1819 1396 1954 1449 Deus
1971 1410 2090 1450 cum
2117 1405 2418 1461 accusatur,

845 1488 976 1543 nihil
1008 1488 1245 1559 prodest,
1278 1489 1445 1542 multo
1474 1488 1641 1557 magis
1663 1503 1781 1542 nos.

912 1580 968 1635 9.
996 1580 1185 1635 Omnia
1216 1580 1371 1649 igitur
1408 1578 1660 1633 faciamus
1686 1590 1740 1630 ut
1772 1577 1912 1631 nulla
1937 1577 2007 1632 sit
2033 1578 2244 1633 occasio
2273 1592 2427 1632 scan-

841 1670 983 1735 dali;
1015 1673 1174 1726 etiam
1202 1671 1246 1723 si
1278 1669 1472 1739 injuste
1518 1669 1916 1739 reprehendant
1943 1713 1957 1734 ,
1987 1671 2427 1740 persuasionibus

840 1761 1107 1815 diluamus
1132 1761 1353 1815 crimina
1379 1802 1393 1824 ,
1422 1771 1479 1816 et.
1512 1761 1784 1815 imitemur
1812 1772 2027 1815 sanctos
2053 1802 2067 1824 ,
2091 1760 2284 1830 quibus
2313 1771 2426 1814 tan-

845 1859 956 1904 tum
987 1850 1084 1905 fuit
1124 1851 1356 1906 studium
1393 1852 1573 1922 gloria:
1608 1852 1739 1915 Dei,
1769 1859 1826 1904 ut
1849 1866 2003 1904 suum
2028 1858 2428 1904 contemnerent

844 1952 1064 2011 propter
1103 1942 1292 1995 Deum.
1341 1941 1420 1994 Ne
1463 1940 1683 2008 abjectis
1723 1940 1971 1993 omnibus
2014 1948 2069 1994 et
2105 1938 2427 1993 conculcatis

842 2032 1091 2085 sufﬁcere
1129 2032 1448 2084 arbitremur
1475 2029 1541 2082 ad
1585 2028 1986 2093 defensionem,
2020 2029 2063 2081 si
2093 2029 2420 2082 dixerimus:

842 2122 1056 2178 Vestem
1083 2123 1309 2177 emimus
1326 2122 1511 2192 virgini
1538 2130 1591 2177 et
1610 2122 1840 2187 calceos,
1869 2132 1923 2177 et
1950 2122 2053 2176 alia
2075 2138 2195 2191 quze
2216 2122 2282 2176 ad
2302 2138 2422 2177 cor-

843 2214 1023 2284 porale
1036 2215 1253 2285 virginis
1273 2213 1610 2269 commodum
1632 2214 1860 2267 attinent
1886 2213 2025 2269 bene
2041 2212 2423 2281 disposuimus.

842 2306 1002 2372 Quis,
1027 2306 1137 2368 ait,
1168 2304 1569 2359 administraret
1591 2319 1655 2357 ea
1681 2320 1801 2374 qua:
1838 2304 1983 2358 domi
2021 2304 2263 2358 nostrze?
2308 2305 2429 2374 quis

845 2395 1274 2463 possessionibus
1299 2394 1663 2464 prospiceret?
1705 2394 1824 2463 quis
1849 2403 2104 2463 praeesset
2124 2395 2305 2449 domui
2333 2411 2429 2449 no-

843 2484 927 2541 bis
946 2487 1252 2540 absentibus
1278 2526 1293 2549 ,
1319 2494 1368 2539 et
1400 2500 1521 2538 cum
1548 2486 1690 2538 intus
1715 2502 1820 2538 non
1848 2485 1919 2539 sit
1944 2486 2180 2540 mulier?
2208 2487 2338 2540 Nam
2370 2496 2426 2542 et

845 2576 960 2629 ha‘c
998 2575 1181 2629 dicunt
1224 2574 1491 2643 prioribus
1514 2576 1779 2628 contraria
1810 2582 1864 2628 et
1903 2576 2158 2644 turpiora.
2202 2576 2267 2630 Et
2296 2576 2426 2631 nihil

842 2676 1024 2719 curant
1049 2664 1166 2726 ista,
1196 2679 1366 2732 neque
1394 2665 1735 2729 erubescunt,
1758 2664 1913 2719 sicuti
1941 2666 2074 2720 ebrii
2105 2683 2264 2720 omne
2284 2667 2425 2735 quod

841 2755 895 2807 in
940 2754 1158 2808 buccam
1200 2754 1344 2808 venit
1390 2754 1667 2823 loquentes
1703 2770 1717 2806 :
1747 2765 2073 2825 quapropter
2112 2772 2284 2826 neque
2327 2772 2424 2811 nos

839 2844 1266 2914 defatigabimur,
1297 2846 1505 2899 etiamsi
1533 2845 1657 2898 talia
1687 2846 1795 2899 sint
1819 2861 1940 2915 qua:
1964 2845 2030 2900 ab
2062 2847 2127 2900 iis
2149 2847 2419 2913 dicuntur,

841 2947 904 2994 ut
948 2939 1149 2992 nullum
1194 2952 1508 3008 responsum
1553 2948 1874 2992 mereantur.
1905 2937 2021 2993 Non
2063 2939 2421 3008 gravabimur,

842 3029 1059 3099 inquam
1083 3070 1099 3093 ,
1135 3038 1189 3083 et
1220 3028 1572 3099 respondere,
1610 3038 1665 3083 et
1688 3038 1967 3083 mansuete
1993 3044 2115 3083 cum
2140 3029 2219 3084 eis
2243 3044 2423 3099 agere,

845 3120 1018 3175 donec
1043 3120 1111 3174 ab
1135 3120 1232 3173 hac
1261 3120 1523 3175 ebrietate
1547 3120 1668 3175 illos
1698 3119 2005 3185 liberemus,
2037 3131 2289 3191 quantum
2317 3122 2426 3176 sci-

843 3214 967 3267 licet
1004 3213 1056 3265 in
1092 3211 1246 3266 nobis
1272 3212 1394 3266 erit.
1446 3210 1531 3266 Me
1561 3211 1721 3281 pudet
1745 3212 1887 3266 enim
1919 3221 1973 3266 et
1997 3213 2276 3277 erubesco,
2305 3228 2426 3267 cum

843 3303 959 3358 haec
985 3313 1229 3358 evertere
1259 3310 1428 3367 tento,
1449 3318 1569 3372 qua:
1594 3302 2024 3358 contradicentes
2051 3303 2128 3357 illi
2154 3318 2427 3373 opponere

840 3410 948 3448 non
973 3394 1295 3448 erubescunt
1319 3409 1333 3446 :
1367 3392 1581 3447 ferenda
1604 3402 1778 3447 tamen
1809 3394 2026 3447 omnino
2054 3394 2421 3448 erubescentia

840 3483 907 3538 ad
938 3483 1217 3538 utilitatem
1243 3497 1425 3537 eorum
1452 3482 1542 3553 qui
1571 3483 1886 3538 erubescere
1916 3484 2179 3537 nesciunt.
2211 3483 2421 3538 Etenim

841 3574 1129 3628 absurdum
1156 3572 1331 3638 fuerit,
1364 3573 1487 3627 dum
1511 3573 1875 3641 redarguimus
1902 3589 1995 3628 eos
2018 3575 2105 3643 qui
2129 3590 2225 3643 pro
2255 3576 2422 3628 nihilo

844 3663 1061 3731 habent,
1093 3664 1234 3733 quod
1264 3663 1513 3718 fratribus
1538 3663 1856 3717 offendiculo
1876 3664 2001 3730 sint,
2026 3664 2239 3733 pudoris
2259 3679 2419 3721 causa

842 3755 1052 3809 illorum
1083 3770 1265 3809 curam
1297 3755 1548 3825 abjicere.
1589 3755 1683 3809 Dic
1708 3754 1849 3809 enim
1885 3756 2015 3809 mihi
2058 3772 2300 3825 quzenam
2330 3759 2418 3811 illa

844 3846 1027 3899 dicunt
1063 3845 1206 3899 domi
1251 3846 1316 3900 ad
1342 3861 1523 3900 curam
1555 3846 1773 3916 virginis
1803 3856 1907 3900 tam
1937 3847 2232 3901 necessaria
2263 3848 2420 3901 esse?

844 3936 1258 3991 barbararumne
1288 3938 1578 4006 puellarum
1616 3938 1712 3991 tibi
1738 3939 1981 3993 examina
2018 3948 2141 3993 sunt
2172 3949 2225 3993 et
2254 3956 2422 4007 nuper

843 4039 1043 4098 empta,
1066 4044 1186 4097 quae
1210 4039 1419 4098 oportet
1446 4031 1654 4085 erudire
1679 4040 1732 4085 et
1756 4030 1821 4084 ad
1843 4031 2126 4086 laniﬁcium
2156 4042 2209 4085 et
2229 4031 2294 4085 ad
2318 4032 2420 4084 alia

847 4119 1186 4174 ministeria?
1210 4124 1277 4173 At
1304 4121 1555 4190 penuaria
1582 4120 1775 4173 adsunt
1805 4136 1963 4189 opum
1991 4132 2045 4175 et
2068 4122 2293 4176 vestium
2321 4164 2335 4187 ,
2367 4134 2421 4177 et

840 4221 1045 4279 oportet
1074 4212 1347 4266 custodem
1392 4213 1531 4266 intus
1557 4227 1771 4280 semper
1796 4212 1986 4267 sedere
2004 4254 2017 4275 ,
2048 4224 2102 4266 et
2127 4229 2155 4265 a
2195 4214 2420 4267 famulo-

842 4317 959 4356 rum
984 4302 1182 4356 malitia
1208 4302 1421 4373 virginis
1447 4302 1631 4356 oculos
1657 4318 1719 4357 ea
1743 4312 1941 4368 tutare;
1973 4319 2177 4358 ccenam
2208 4320 2417 4374 quoque

843 4400 899 4445 et
940 4392 1181 4445 convivia
1220 4393 1469 4445 continue
1514 4407 1808 4461 apparare,
1852 4401 1905 4447 ct
1945 4403 2159 4463 oportet
2196 4394 2413 4448 donnun

841 4482 1020 4537 ornari
1044 4522 1061 4548 ,
1106 4491 1161 4537 et
1188 4496 1389 4551 coquos
1416 4492 1471 4536 et
1497 4495 1693 4536 mensae
1720 4484 1988 4537 ministros
2011 4500 2138 4539 cura
2167 4486 2277 4555 regi
2309 4488 2415 4540 vir—

838 4572 1012 4644 ginis?
1038 4580 1231 4627 suntne
1258 4574 1382 4627 item
1409 4572 1558 4627 multi
1588 4573 1717 4625 varii
1745 4583 1984 4642 sumptus
2012 4585 2065 4628 et
2086 4574 2413 4644 frequentes,

839 4674 896 4719 et
921 4674 1128 4734 oportet
1164 4666 1396 4735 aliquem
1437 4680 1650 4734 semper
1677 4679 1797 4718 esse
1842 4663 2148 4731 prmfcctuni
2171 4707 2185 4731 ,
2234 4676 2291 4719 nt
2321 4684 2415 4719 cu—

838 4756 1135 4809 stodiantur
1159 4772 1279 4810 cum
1300 4756 1568 4826 diligentia
1594 4797 1611 4822 ,
1645 4768 1701 4810 ut
1727 4771 1794 4811 ne
1819 4756 1904 4809 illa
1931 4772 1958 4808 a
1985 4756 2147 4810 domo
2175 4758 2290 4810 sine
2318 4759 2418 4809 uti-

837 4847 987 4902 litate
1014 4847 1327 4901 elabantur?
1369 4848 1509 4902 Nihil
1541 4848 1726 4903 horum
1752 4850 1861 4914 ait;
1894 4848 1988 4903 sed
2027 4859 2082 4903 ut
2112 4850 2207 4920 ipsi
2237 4866 2416 4903 arcam

836 4950 890 4994 et
934 4950 1137 4994 vestem
1182 4949 1237 4993 et
1276 4942 1431 4993 aliam
1481 4951 1627 4995 curet
1670 4941 2060 5005 facultatulam,
2105 4942 2240 4997 bene
2268 4952 2416 5011 paret

838 5045 1073 5084 mensam
1096 5069 1112 5094 ,
1161 5028 1299 5084 bene
1337 5038 1541 5083 sternat
1582 5030 1806 5094 lectum,
1837 5042 1891 5084 et
1929 5033 2185 5087 accendat
2213 5033 2408 5101 ignem,

836 5130 889 5173 ct
916 5119 1092 5172 abluat
1134 5119 1337 5188 pedes,
1381 5129 1435 5173 et
1481 5119 1621 5173 aliud
1670 5120 1914 5174 solatium
1956 5138 2112 5177 omne
2153 5124 2404 5192 praebeat.

839 5209 1043 5263 Deinde
1084 5225 1178 5277 pro
1206 5224 1362 5278 parva
1386 5219 1441 5265 et
1468 5209 1656 5279 frigida
1684 5211 2061 5266 commoditate
2089 5214 2188 5267 hac
2213 5224 2408 5267 tantam

834 5299 1066 5353 feremus
1081 5301 1490 5365 accusationem,
1520 5310 1660 5355 tanta
1689 5302 2066 5357 sustinebimus
2087 5303 2411 5372 Opprobria?

832 5390 897 5442 lit
942 5401 1139 5458 quanto
1185 5391 1374 5444 melius
1418 5391 1579 5445 frater
1624 5400 1681 5447 et
1724 5393 1929 5446 facilius
1975 5393 2410 5446 administraret?

830 5495 1019 5535 natura
1048 5482 1187 5533 enim
1219 5480 1400 5534 foztior
1424 5493 1503 5535 est
1526 5482 1751 5537 muliere
1773 5483 1852 5535 vir
1874 5524 1889 5546 ,
1924 5498 2019 5535 usu
2047 5495 2225 5535 autem
2258 5484 2407 5537 nobis

830 5570 1299 5630 accommodatior.
1318 5583 1489 5626 etnon
1513 5582 1615 5626 tam
1631 5585 1991 5642 sumptuosus.
2011 5574 2197 5627 Mulier
2218 5576 2408 5645 quippe

831 5675 1011 5735 utpote
1037 5665 1286 5729 tenerior,
1305 5675 1357 5718 et
1378 5666 1618 5720 molliore
1643 5667 1839 5736 indiget
1857 5666 2071 5729 lectulo,
2097 5674 2149 5718 et
2172 5669 2407 5722 tenuiore

833 5759 1054 5822 vestitu,
1100 5766 1157 5813 et
1198 5758 1435 5812 fortassis
1465 5759 1634 5826 puclla
1675 5759 1840 5812 altera
1870 5773 1989 5828 qua:
2016 5772 2063 5812 ei
2107 5762 2402 5823 ministret;

827 5859 881 5901 et
923 5865 1027 5903 non
1072 5860 1274 5904 tantum
1320 5850 1473 5905 nobis
1501 5850 1847 5904 ministerium
1881 5848 2176 5918 praebebit,
2204 5859 2405 5919 quanto

825 5942 920 6012 ipsi
946 5956 1081 6013 opus
1105 5945 1201 5997 erit
1230 5960 1256 5997 a
1285 5945 1435 6000 nobis
1471 5962 1482 5995 :
1507 5942 1671 5999 frater
1703 5954 1877 5999 autent
1912 5942 1993 5997 his
2020 5942 2264 5997 omnibus
2294 5957 2398 5996 non

1549 555 1606 607 s.
1644 552 1922 609 JOANNIS
1958 545 2429 607 CHRYSOSTOMI
2467 542 2783 600 ARCIIIEP.
2825 546 3361 608 CONSTANTINOP.

3994 557 4101 613 508

2520 670 2659 729 eget.
2688 657 2840 727 Quod
2866 660 2908 713 si
2940 660 3118 731 aliquo
3146 676 3306 736 eget,
3336 666 3521 723 eodem
3550 678 3605 722 et
3632 682 3729 721 nos
3765 669 4090 739 indigemus,

2519 753 2666 822 quod
2703 768 2806 807 non
2831 768 3007 824 parva:
3032 761 3429 815 commoditatis
3448 770 3559 827 est,
3604 760 3648 815 si
3686 761 4108 817 contubernales

2522 857 2627 896 non
2649 844 2810 899 variis
2832 885 2847 909 ,
2877 843 2969 898 sed
2991 843 3179 899 iisdem
3214 858 3432 905 utantur
3459 868 3475 904 :
3499 852 3548 905 id
3576 849 3717 922 quod
3742 862 3890 905 certe
3918 852 3970 905 in
3995 853 4106 905 vir-

2522 934 2646 1003 gine
2684 951 2790 989 non
2831 946 2932 990 est.
2987 934 3222 990 Primum
3266 954 3398 995 sane
3433 943 3546 998 sive
3588 944 3744 997 levari
3782 943 3947 1006 velit,
3987 944 4107 998 sive

2524 1038 2754 1093 corpore
2784 1042 2922 1097 aegra
2947 1026 3047 1091 sit,
3074 1041 3244 1095 neque
3270 1027 3435 1085 frater
3460 1034 3556 1101 ipsi
3584 1036 3649 1088 ad
3685 1036 3799 1090 haec
3828 1034 4103 1088 ministra-

2525 1115 2603 1170 bit
2621 1158 2635 1177 ,
2688 1120 2895 1174 tametsi
2927 1119 3076 1174 valde
3106 1118 3383 1188 impudens
3412 1125 3480 1176 sit
3499 1165 3513 1185 ,
3541 1142 3710 1197 neque
3738 1129 3849 1197 ipsa
3873 1128 3971 1181 sibi
3993 1126 4108 1181 suf-

2526 1206 2712 1261 ficiens
2748 1211 2847 1264 erit
2877 1229 2891 1261 :
2920 1212 2963 1265 si
3008 1220 3181 1265 antem
3229 1208 3419 1265 fratres
3467 1225 3592 1268 sunt
3638 1220 3728 1286 qui
3771 1220 4102 1283 cobabitant,

2524 1296 2760 1351 vicissim
2803 1302 3104 1357 ministrare
3149 1310 3413 1371 poterunt.
3456 1302 3584 1356 item
3626 1310 3837 1374 quando
3864 1311 4105 1365 dormire

2527 1402 2661 1457 opus
2698 1388 2891 1457 fuerit,
2924 1394 3130 1463 virgine
3154 1394 3366 1464 quidem
3396 1394 3538 1448 intus
3570 1396 3825 1462 sedente,
3856 1411 3913 1455 et
3937 1402 4109 1457 lectos

2527 1478 2663 1534 duos
2685 1496 2805 1536 esse
2826 1494 3070 1553 oportet,
3100 1497 3154 1541 et
3189 1496 3351 1541 strata
3376 1486 3480 1541 duo
3498 1529 3514 1553 ,
3554 1497 3607 1541 et
3634 1488 3829 1544 lodices
3853 1492 3988 1547 duos
4014 1512 4029 1546 :
4060 1498 4107 1549 si

2532 1581 2709 1626 autem
2748 1575 2988 1643 sapiant,
3032 1587 3088 1632 et
3114 1578 3381 1634 domicilia
3408 1578 3533 1633 duo.
3566 1580 3634 1633 At
3672 1578 3716 1632 si
3755 1579 3946 1636 fratres
3973 1585 4104 1649 sint,

2530 1661 2720 1716 iterum
2746 1679 2804 1717 re
2832 1665 3073 1720 familiari
3097 1677 3237 1721 tanta
3265 1684 3369 1723 non
3394 1679 3476 1724 est
3498 1685 3648 1739 Opus.
3676 1670 3881 1724 Etenim
3909 1672 4106 1728 domus

2532 1766 2656 1816 una,
2690 1754 2915 1808 cervical
2946 1767 3202 1823 unnm,et
3226 1759 3393 1813 lectus
3419 1774 3571 1824 unus,
3589 1770 3643 1815 et
3662 1761 3846 1816 eadem
3871 1766 4105 1832 tegmina

2531 1842 2772 1911 utrisque
2800 1844 3096 1907 sufﬁciunt;
3141 1859 3194 1901 et
3220 1850 3271 1902 in
3300 1865 3505 1907 summa
3528 1894 3543 1916 ,
3589 1853 3635 1907 si
3658 1854 3774 1923 quis
3799 1868 3957 1909 omne
3984 1870 4109 1923 per.

2528 1941 2711 1985 currat
2736 1934 3105 1998 ministerium,
3140 1937 3225 1992 hic
3253 1941 3474 1995 multam
3506 1943 3733 1998 inveniet
3775 1943 4105 2009 facilitatem,

2528 2022 2598 2076 ibi
2639 2033 2815 2077 autem
2857 2025 3246 2083 difﬁcultatem.
3274 2029 3449 2086 Taceo
3476 2034 3662 2088 domus
3697 2036 4103 2107 turpitudinem.

2528 2110 2695 2177 Quale
2719 2114 2859 2167 enim
2886 2124 2986 2179 est,
3018 2117 3063 2170 si
3090 2117 3142 2170 in
3169 2118 3386 2173 domum
3405 2123 3499 2176 viri
3516 2124 3729 2179 solitarii
3757 2126 3881 2191 itur,
3916 2128 4108 2185 videre

2529 2204 2737 2258 calceos
2787 2206 3073 2263 muliebres
3118 2224 3441 2280 suspensos,
3473 2227 3524 2270 et
3567 2218 3771 2287 cingula
3801 2229 3853 2274 et
3893 2222 4105 2288 mitras,

2530 2294 2847 2351 calathiscos
2870 2308 2923 2353 et
2945 2298 3120 2353 colum
3158 2310 3213 2355 et
3253 2304 3458 2359 radium
3490 2310 3763 2363 textorium
3784 2320 3839 2364 et
3865 2313 4105 2381 pectines

2532 2394 2585 2438 et
2612 2386 2746 2454 fusa,
2774 2398 2828 2443 et
2848 2390 2948 2443 alia
2974 2407 3093 2460 quae
3114 2394 3463 2461 particulatim
3485 2401 3657 2454 omnia
3683 2417 3963 2459 numerare
3987 2421 4100 2460 non

2532 2476 2691 2531 licet?
2727 2478 2784 2533 Si
2808 2490 2984 2535 autem
3012 2497 3131 2552 qua:
3157 2484 3335 2540 divitis
3363 2498 3486 2541 sunt
3514 2491 3763 2545 scruteris
3782 2534 3797 2555 ,
3829 2493 3999 2562 major
4020 2506 4109 2550 est

2530 2567 2667 2620 risus
2707 2570 2951 2623 materia.
2994 2571 3232 2627 Primum
3267 2575 3481 2644 quidem
3526 2579 3577 2631 in
3619 2581 3906 2645 puellarum
3953 2594 4105 2639 tanta

2530 2656 2681 2708 turba
2706 2657 2852 2710 solus
2892 2670 3172 2725 versatur,
3222 2666 3371 2731 quasi
3415 2665 3695 2720 choraules
3734 2668 3783 2721 in
3825 2670 4094 2725 orchestr.

2525 2744 2616 2814 qui
2660 2746 2712 2799 in
2753 2746 2921 2801 choro
2967 2750 3248 2805 mulierum
3305 2754 3611 2808 saltantium
3666 2759 3898 2811 concinit
3936 2776 3953 2815 :
3992 2776 4104 2830 quo

2525 2837 2650 2905 quid
2678 2838 2883 2907 turpius
2907 2850 2961 2894 et
2987 2840 3361 2896 inhonestius?
3397 2843 3596 2899 Deinde
3619 2845 3966 2917 disrumpitur
3990 2861 4101 2904 tota

2526 2925 2613 2981 die
2635 2927 2843 2983 famulis
2866 2943 3185 2986 succensens
3214 2933 3284 2987 ob
3308 2948 3395 2988 res
3426 2950 3545 3002 qure
3569 2935 3634 2989 ad
3677 2938 3955 2993 mulierem
3978 2956 4105 3010 spe.

2527 3026 2691 3071 ctant.
2721 3017 2854 3073 Nam
2877 3020 2926 3075 ei
2948 3024 3306 3078 necessarium
3336 3033 3420 3078 est
3455 3036 3546 3078 aut
3569 3028 3786 3081 omnino
3812 3030 3971 3085 silere
3997 3071 4011 3095 ,
4043 3043 4103 3087 et

2529 3107 2705 3161 omnia
2730 3108 3083 3179 negligentem
3108 3111 3176 3166 ab
3200 3113 3287 3166 illa
3312 3113 3602 3183 increpari,
3641 3118 3722 3170 vel
3750 3117 4017 3175 dicentem
4043 3132 4103 3176 et

2531 3199 2891 3270 increpantem
2933 3203 3154 3271 turpiter
3196 3220 3353 3274 agere
3389 3223 3402 3259 :
3433 3215 3486 3260 et
3514 3206 3632 3260 vide
3659 3207 3783 3277 quid
3804 3211 4097 3281 contingat.

2529 3288 2661 3344 Nam
2688 3291 2776 3360 qui
2800 3292 2978 3360 jussus
3009 3303 3091 3348 est
3138 3309 3203 3348 ne
3254 3310 3417 3364 prope
3441 3297 3653 3364 quidem
3695 3298 3761 3352 ad
3791 3304 4100 3370 temporalia

2529 3384 2734 3452 negotia
2760 3384 3015 3439 accedere
3035 3426 3049 3447 ,
3086 3400 3191 3439 non
3221 3386 3393 3440 solum
3417 3390 3723 3457 temporalia
3743 3432 3758 3456 ,
3790 3393 3881 3446 sed
3910 3395 4103 3447 nnilie-

2526 3472 2639 3527 bria
2681 3474 2943 3543 ipsissima
2976 3483 3183 3529 tractat.
3227 3476 3437 3531 Etenim
3460 3494 3581 3533 vasa
3609 3481 3878 3536 muliebria
3904 3484 4101 3541 afferre

2525 3580 2633 3619 non
2659 3563 2975 3619 detrectabit
2994 3566 3328 3634 argentariis,
3356 3567 3578 3624 subinde
3602 3586 3793 3641 rogans
3820 3589 3943 3627 nnin
3973 3590 4102 3643 spe.

2526 3656 2700 3707 culum
2731 3653 2960 3708 dominae
2991 3666 3341 3724 praeparatum
3381 3658 3475 3723 sit,
3525 3675 3651 3715 num
3694 3662 3882 3716 cadum
3910 3667 4091 3719 absol-

2525 3747 2733 3809 verint,
2792 3760 2916 3798 num
2976 3744 3243 3815 lecythum
3291 3747 3652 3815 reddiderint;
3702 3767 3823 3807 nam
3874 3754 3925 3807 in
3971 3772 4095 3810 eain

2525 3838 2918 3905 corruptionem
2949 3848 3204 3892 venerunt
3230 3840 3427 3906 omnia,
3447 3851 3503 3893 ut
3524 3843 3755 3910 pluribus
3771 3845 3908 3900 vasis
3930 3863 4090 3916 quam

2528 3927 2809 3980 sa-cnlares
2846 3928 3027 3982 multa:
3060 3938 3273 3983 utantur
3299 3932 3550 4001 virgines.
3603 3933 3735 3989 Hinc
3785 3937 3977 3992 iterum
4022 3941 4091 3993 ad

2527 4018 2933 4088 nnguentarium
2987 4021 3154 4073 currit
3198 4022 3593 4092 colloquuturus
3644 4025 3709 4080 de
3759 4030 4090 4083 aromatibus

2524 4110 2751 4163 domina:
2785 4124 2962 4179 :sa'pe
2992 4111 3150 4166 etiam
3172 4130 3279 4182 pra:
3311 4115 3474 4169 nimio
3505 4116 3677 4170 studio
3700 4134 3797 4172 nec
3821 4119 4091 4174 detrecta-

2524 4200 2599 4255 bit
2625 4201 2668 4255 si
2699 4210 2753 4256 et
2781 4216 2980 4271 pauper
3004 4202 3191 4272 injuria
3217 4204 3287 4258 sit
3312 4205 3635 4261 afﬁciendus.
3664 4206 3886 4262 Utuntur
3909 4220 4092 4264 autem

2522 4293 2750 4363 virgines
2780 4295 3061 4364 unguentis
3100 4305 3153 4348 et
3182 4296 3343 4349 variis
3381 4308 3434 4350 ct
3481 4300 3742 4365 pretiosis.
3798 4300 3995 4354 Deinde
4022 4302 4091 4353 ab

2523 4384 2868 4451 nnguentario
2906 4383 2973 4437 ad
2995 4384 3309 4439 vendentem
3356 4386 3514 4439 lintea
3536 4427 3557 4450 ,
3584 4396 3639 4439 et
3672 4388 3739 4440 ab
3776 4388 3867 4441 illo
3897 4390 4089 4444 iterum

2522 4472 2586 4525 ad
2613 4474 2901 4527 aulazorum
2930 4483 3215 4528 textorem.
3246 4474 3362 4528 Non
3388 4477 3528 4529 enim
3556 4488 3803 4532 verentur
3827 4482 4091 4550 imperare

2527 4565 2638 4616 Ιιτιιο
2676 4578 2859 4630 parva,
2887 4566 3007 4633 quia
3034 4564 3213 4618 vident
3239 4580 3332 4620 eos
3357 4567 3509 4621 valde
3535 4569 3859 4634 obedientes,
3886 4584 3940 4626 et
3963 4590 4090 4643 gra-

2527 4654 2648 4705 tiam
2678 4655 2933 4709 habentes
2960 4655 3338 4723 imperantibus
3361 4658 3629 4728 majorem,
3658 4678 3812 4731 quam
3838 4664 3955 4719 aliis
3982 4668 4089 4719 mi-

2526 4745 2890 4799 nistrantibus.
2942 4744 3074 4799 Hinc
3121 4747 3307 4799 iterum
3328 4788 3343 4809 ,
3388 4749 3433 4802 si
3460 4752 3668 4818 quando
3693 4753 3887 4820 aliquid
3916 4772 4085 4823 appa.

2526 4835 2746 4888 randum
2803 4837 2944 4905 quod
3009 4836 3074 4890 ad
3127 4839 3470 4905 gestatorium
3536 4843 3930 4898 tabernaculum
3985 4849 4087 4900 hoc

2524 4932 2817 4999 pertineat,
2858 4948 3026 5002 usque
3054 4932 3118 4986 ad
3150 4950 3417 5005 vesperam
3450 4940 3697 5005 impransi
3748 4950 4091 5006 perseverant

2519 5024 2747 5078 ofﬁcinis
2773 5024 2937 5078 afﬁxi.
2984 5025 3051 5078 Et
3083 5026 3207 5079 illud
3240 5043 3342 5082 non
3370 5039 3452 5082 est
3475 5031 3767 5082 mirandum
3785 5070 3800 5090 ,
3824 5030 3918 5082 sed
3943 5030 4085 5097 quod

2519 5128 2573 5171 et
2601 5118 2807 5171 miseris
2844 5117 3053 5171 famulis
3094 5118 3198 5172 sint
3223 5123 3456 5185 molesti,
3503 5132 3554 5174 et
3588 5121 3846 5186 frequenti
3891 5120 4080 5188 injuria

2517 5218 2571 5263 et
2595 5210 2969 5263 inclamatione
2996 5208 3091 5263 hos
3113 5223 3345 5281 urgeant.
3372 5213 3551 5282 Cogita
3581 5223 3789 5282 quantm
3817 5212 4086 5281 hincque-

2517 5301 2757 5353 rimnnia:
2786 5318 2800 5352 ε
2834 5300 3071 5354 minister
3098 5304 3235 5355 enim
3265 5304 3449 5372 injuria
3474 5304 3713 5364 affectus,
3745 5304 3969 5357 maxime
3988 5321 4086 5372 pro

2520 5395 2710 5446 talibus
2735 5395 2912 5454 rebus,
2938 5394 3056 5460 quia
3083 5410 3199 5448 eum
3230 5398 3317 5465 qui
3344 5412 3400 5451 se
3426 5398 3614 5462 injuria
3645 5396 3820 5449 affecit
3846 5412 3947 5449 non
3973 5398 4081 5451 alio

2517 5484 2675 5537 modo
2704 5484 2884 5538 ulcisci
2909 5494 3076 5551 potest
3095 5526 3110 5551 ,
3140 5485 3313 5555 lingua
3349 5488 3447 5539 hoc
3477 5488 3599 5538 farit
3624 5527 3636 5546 ,
3666 5496 3719 5538 et
3752 5488 3953 5540 Occulta
3978 5489 4078 5541 0b—

2517 5588 2861 5636 trectatione;
2905 5593 3001 5630 nec
3044 5581 3212 5647 parcit
3257 5581 3408 5633 alicui
3444 5595 3661 5641 eorum,
3703 5580 3886 5647 quibus
3917 5583 4079 5637 furori

2514 5686 2612 5722 suo
2633 5668 2935 5734 satisfaciat,
2965 5670 3056 5723 sed
3087 5680 3190 5723 uniti
3216 5672 3493 5723 immodice
3517 5670 3801 5735 ulciscitur,
3825 5685 4078 5742 quantum

2516 5758 2803 5812 verisimile
2830 5770 2911 5812 est
2939 5776 3148 5813 servum
3183 5761 3249 5811 ita
3292 5759 3696 5825 exprobratum,
3743 5774 3795 5816 ct
3837 5765 3918 5817 cui
3962 5766 4078 5816 sola

2514 5849 2627 5902 hzec
2657 5859 2736 5902 est
2765 5852 3056 5903 consolatio
3087 5866 3117 5902 e
3148 5850 3299 5901 malis
3328 5850 3437 5902 suis
3471 5852 3722 5906 adversus
3760 5870 3878 5907 eum
3902 5855 3989 5922 qui
4021 5870 4080 5907 se

2516 5940 2864 5994 contristavit.
2918 5943 2976 5992 At
3012 5940 3098 6005 qui
3132 5940 3365 6007 pattpt'ti,
3406 5942 3589 6010 inquit,
3622 5942 3924 6002 eohabitat.
3958 5960 4083 5998 cum
