4392 6680
231 481 334 538 507

226 604 323 658 καὶ
359 603 653 658 ἐπιτείνετε
703 605 823 658 καθ’
867 606 1108 676 ἑκάστην
1155 607 1388 678 ἡμέραν.
1426 608 1521 672 Τίς
1549 603 1641 662 οὖν
1665 607 1812 677 ὑμᾶς

228 691 650 762 παραιτήσεται.
681 689 766 753 τίς
796 690 853 742 δὲ
875 687 1278 758 συγγνώσεται;
1309 693 1420 745 Οὐκ
1443 692 1589 744 ἐστιν
1615 689 1808 752 οὐδείς.

228 773 510 845 Τοσαύτην
535 775 592 829 δὲ
615 775 875 844 πρόνοιαν
898 772 990 825 καὶ
1012 773 1040 825 6
1055 774 1188 839 Θεὸς
1215 779 1447 829 ποιεῖται
1479 775 1572 829 καὶ
1593 774 1643 827 οἱ
1667 774 1814 842 ἆγιοι

226 857 323 916 τοῦ
357 858 431 930 μὴ
461 854 897 928 βλασφημείσθαι
931 856 992 909 τὸ
1023 857 1194 929 ὄνομα
1241 859 1406 912 αὐτοῦ
1427 901 1441 924 ,
1486 859 1585 927 οὐχ
1611 858 1687 921 ὼς
1718 853 1814 908 τοῦ

226 943 364 998 Θεοῦ
397 941 654 1010 δεομένου
705 938 802 1007 τῆς
847 939 1003 1011 δόξης
1027 941 1129 1012 τῆς
1157 945 1288 1015 παρ’
1331 943 1488 1014 ήμῶν
1538 939 1817 1011 (ἀνενδεὴς

230 1028 342 1100 γάρ
375 1029 495 1079 ἐστι
526 1024 618 1078 καὶ
650 1022 900 1090 τέλειος),
939 1025 1050 1084 ἀλλ’
1077 1026 1153 1090 ὼς
1187 1027 1389 1098 πολλῆς
1416 1025 1524 1079 ἀπὸ
1550 1023 1646 1078 τοῦ
1677 1023 1820 1093 πρά-

229 1127 440 1182 γματος
469 1110 582 1169 τοῖς
613 1105 920 1176 ἀνθρώποις
939 1110 1236 1180 γενομένης
1253 1110 1350 1181 τῆς
1384 1110 1610 1180 βλάϐης.
1645 1107 1816 1160 Ὀταν

229 1196 340 1263 γὰρ
376 1191 513 1262 πρὸς
533 1190 730 1251 αὐτοὺς
754 1188 1014 1262 διαδληθῇ
1045 1193 1106 1245 τὸ
1139 1194 1232 1246 τοῦ
1270 1194 1406 1246 Θεοῦ
1437 1193 1610 1261 ὄνομα
1641 1189 1738 1242 καὶ
1775 1190 1810 1256 ἡ

229 1276 380 1339 δόξα,
432 1273 585 1327 οὐδὲν
618 1274 816 1336 αὐτοὺς
842 1272 1042 1342 ὠφελεῖ
1065 1275 1248 1331 λοιπόν
1270 1295 1284 1309 ⁸
1325 1279 1373 1330 εἰ
1403 1277 1459 1330 δὲ
1486 1277 1514 1327 ὁ
1534 1274 1670 1336 Θεὸς
1700 1272 1815 1325 διας

230 1359 561 1430 ϐαλλόμενος
589 1358 740 1412 οὐδὲν
772 1356 992 1426 ὠφελεῖ,
1025 1360 1199 1430 πολλῷ
1228 1360 1429 1431 μᾶλλον
1459 1360 1640 1429 ἡμεῖς.

304 1443 374 1498 θ’.
406 1442 589 1506 Πάντα
607 1439 700 1496 οῦν
726 1440 1072 1513 πράττωμεν,
1095 1443 1235 1498 ὥστε
1261 1441 1534 1513 μηδεμίαν
1563 1437 1816 1510 γενέσθαι

232 1527 509 1599 πρόφασιν
535 1524 833 1579 σκανδάλου
859 1541 873 1555 ·
905 1525 1039 1578 ἀλλά
1069 1528 1116 1578 εἰ
1144 1527 1237 1580 καὶ
1271 1527 1472 1589 ἀδίκως
1515 1521 1813 1591 ἐγκαλῶσι,

233 1611 531 1680 πείθωμεν,
567 1608 660 1662 καὶ
681 1606 986 1676 διαλύωμεν
1016 1609 1085 1662 τά
1119 1610 1464 1680 ἐγκλήματα,
1501 1607 1596 1660 καί
1634 1604 1815 1676 μιμώ-

233 1695 378 1766 μεθα
405 1694 532 1756 τοὺς
554 1691 764 1760 ἁγίους,
778 1689 828 1744 οἳ
850 1693 1117 1764 τοσαύτην
1146 1693 1427 1746 ἐποιοῦντο
1464 1689 1699 1760 σπουδὴν
1718 1690 1818 1760 τῆς

232 1778 329 1831 τοῦ
359 1777 495 1831 Θεοῦ
539 1774 718 1845 δόξης,
746 1773 885 1828 ὥστε
935 1778 1300 1847 καταφρονεῖν
1351 1775 1447 1828 καὶ
1477 1774 1579 1844 τῆς
1609 1771 1816 1825 ἑαυτῶν

232 1863 322 1914 διά
348 1861 446 1929 τὴν
478 1857 572 1912 τοῦ
608 1859 764 1912 Θεοῦ.
797 1858 889 1928 Μὴ
921 1859 985 1930 δὴ
1016 1860 1192 1914 πάντα
1223 1857 1482 1930 ῥίψαντες
1511 1857 1697 1920 ἁπλῶς
1721 1857 1816 1909 καὶ

233 1944 726 2012 καταπατήσαντες
754 1942 944 2012 ἀρκεῖν
971 1942 1308 2013 ἡγησώμεθα
1342 1941 1478 2014 πρὸς
1520 1939 1814 2008 ἀπολογίαν

231 2031 389 2099 ἡμῖν,
416 2025 511 2081 ἐὰν
562 2025 828 2094 εἴπωμεν,
875 2025 953 2078 ὅτι
987 2027 1202 2097 ἱμάτιον
1232 2025 1541 2097 ἐπριάμεθα
1576 2027 1642 2094 τῇ
1675 2039 1817 2094 παρ-

234 2111 374 2178 θένῳ
404 2110 498 2161 καὶ
531 2107 874 2177 ὑποδήματα,
909 2111 1000 2162 καί
1030 2110 1098 2162 τά
1136 2109 1270 2164 ἀλλα
1312 2109 1384 2161 τά
1420 2108 1561 2161 κατά
1590 2107 1685 2177 τῆν
1713 2124 1817 2159 σω-

237 2193 472 2264 ματικὴν
495 2191 803 2244 ἀνάπαυσιν
824 2187 882 2244 εὖ
907 2191 1260 2263 διεθήκαμεν.
1286 2192 1392 2244 Καὶ
1417 2192 1501 2254 τίς
1533 2190 1820 2259 οἰκονομή-

236 2294 344 2338 σει,
375 2278 527 2346 φησὶ,
556 2274 624 2326 τά
650 2273 794 2326 κατά
813 2274 909 2344 τῆν
934 2274 1110 2328 οίκίαν
1149 2276 1321 2344 ἡμῖν;
1350 2274 1435 2336 τίς
1472 2272 1530 2326 δὲ
1559 2269 1819 2339 ἐπόψεται

233 2361 305 2413 τὰ
336 2361 485 2422 ὄντα,
511 2358 666 2420 τίςδέ
697 2360 1065 2428 πρσστήσεται
1090 2357 1248 2427 ήμῶν
1280 2356 1384 2420 ἔξω
1413 2354 1818 2425 διατριϐόντων,

235 2443 334 2494 καὶ
381 2441 636 2509 γυναικὸς
682 2440 832 2493 ἔνδον
858 2441 957 2492 οὐκ
990 2438 1194 2511 οὐσης;
1227 2440 1339 2492 Καὶ
1381 2439 1490 2509 γάρ
1515 2438 1609 2490 καὶ
1652 2435 1822 2492 ταῦτα

235 2525 485 2595 λέγουσιν
506 2525 727 2578 ἐναντία
757 2542 817 2578 τε
849 2524 978 2578 δντα
1006 2526 1122 2588 τοῖς
1159 2523 1449 2595 προτέροις
1481 2521 1576 2575 καὶ
1602 2520 1823 2592 αἰσχρόο

232 2627 391 2682 τερα.
426 2610 520 2662 καὶ
541 2608 754 2670 οὐδενὸς
783 2607 971 2671 αὐτοῖς
1005 2606 1157 2678 μέλει
1181 2606 1419 2668 τούτων,
1467 2605 1587 2658 οὐδὲ
1630 2602 1822 2673 αἰσχύ-

231 2711 415 2748 νονται
445 2691 598 2765 [241]
628 2692 877 2760 καθάπερ
907 2692 957 2744 οἱ
1003 2690 1296 2762 μεθύοντες
1335 2690 1396 2744 τὸ
1419 2688 1646 2742 ἐπελθὸν
1674 2690 1819 2742 ἀπαν

235 2777 618 2846 φθεγγόμενοι.
651 2775 744 2828 Διὸ
772 2775 908 2846 μηδέ
928 2777 1093 2845 ήμεῖς
1123 2774 1500 2844 ἀποκάμωμεν
1523 2812 1538 2835 ,
1561 2771 1667 2825 κᾶν
1703 2787 1817 2822 τοι-

233 2855 430 2931 αῦταῇ
467 2861 537 2915 τά
559 2859 828 2929 λεγόμενα
846 2897 861 2920 ,
886 2858 962 2919 ὡς
991 2857 1124 2929 μηδὲ
1156 2856 1505 2927 ἀποκρίσεως
1536 2853 1818 2919 ἀξιοῦσθαί

234 2961 382 3006 τινος
401 2959 416 2974 ⁶
444 2943 518 3013 μὴ
557 2943 936 3012 ἀποκάμωμεν
959 2937 1051 2994 οὖν
1082 2942 1176 2994 καὶ
1225 2939 1667 3010 ἀποκρινόμενοι,
1724 2939 1818 2990 καὶ

239 3026 433 3096 πράως
462 3025 641 3088 αὐτοῖς
667 3024 1063 3094 διαλεγόμενοι,
1088 3024 1192 3085 ἕως
1215 3021 1281 3075 ἂν
1313 3021 1413 3091 τῆς
1445 3021 1617 3091 μέθης
1646 3019 1822 3072 ἁπαλ-

235 3109 491 3178 λάξωμεν
522 3108 748 3178 ταύτης,
789 3108 850 3160 τό
882 3124 947 3174 γε
975 3109 1056 3169 εἰς
1091 3107 1240 3175 ἡμᾶς
1279 3101 1436 3177 ἧκον.
1481 3104 1821 3174 Αἰσχύνομαι

236 3193 352 3264 γὰρ
385 3195 480 3246 καὶ
523 3191 762 3264 ἐρυθριῶ
810 3190 984 3243 ταῦτα
1030 3188 1327 3260 ἐπιχειρῶν
1377 3189 1741 3259 ἀνατρέπειν,
1787 3187 1824 3241 ἃ.

236 3276 546 3344 ἀντιλέγειν
575 3275 675 3328 οὐκ
709 3272 1035 3344 ἐρυθριῶσιν
1063 3273 1297 3326 ἐκεῖνον
1342 3272 1548 3326 οἰστέον
1581 3272 1638 3325 δέ
1674 3272 1824 3341 ὅμως

239 3363 340 3430 τὴν
370 3359 633 3430 αἰσχύνην
663 3358 750 3411 διά
787 3358 848 3410 τὸ
881 3357 1193 3409 λυσιτελοῦν
1219 3358 1330 3420 τοῖς
1356 3358 1456 3409 οὐκ
1495 3353 1823 3426 αἰσχυνομέ-

237 3461 371 3507 νοις.
420 3445 531 3497 Καὶ
579 3442 689 3512 γὰρ
722 3443 922 3496 ἄτοπον
971 3439 1337 3508 ἐγκαλοῦντας
1376 3440 1555 3502 αὐτοῖς
1589 3439 1687 3509 τὴν
1713 3437 1822 3491 τῶν

238 3525 749 3597 σκανδαλιζομένων
778 3523 1024 3593 ἀδελφῶν
1056 3523 1358 3595 ὑπεροψίαν
1393 3523 1588 3586 αὐτοὺς
1619 3522 1687 3575 δι’
1736 3522 1821 3574 αἰο

237 3610 446 3681 σχύνην
485 3611 585 3680 τὴν
638 3607 844 3662 τούτων
882 3607 1158 3679 ὑπερορᾷν
1193 3606 1512 3678 θεραπείαν.
1549 3605 1683 3658 Τίνα
1712 3605 1821 3675 γὰρ

240 3693 458 3761 λέγουσι
489 3692 558 3746 τά
596 3691 778 3755 ἔνδον,
810 3692 933 3745 εἰπέ
964 3709 1075 3762 μοι,
1113 3684 1188 3744 ὧν
1227 3693 1306 3754 εἰς
1341 3691 1437 3760 τήν
1489 3691 1822 3760 προστασίαν

240 3779 344 3848 τῆς
373 3777 640 3848 παρθένου
671 3777 769 3848 τὴν
790 3777 981 3847 χρείαν
1008 3775 1314 3845 ἀναγκαίαν
1345 3770 1486 3828 εἶναι
1513 3774 1822 3844 νομίζουσι;

243 3860 546 3917 παιδισκῶν
578 3877 660 3913 an
709 3861 888 3933 πλήθη
926 3859 1218 3931 βαρϐάρων
1258 3872 1284 3899 ο
1329 3859 1446 3914 ἐστί
1483 3858 1578 3911 καὶ
1626 3859 1826 3927 νεωνή-

243 3965 372 4012 των,
403 3945 499 3999 καὶ
523 3945 603 3996 δεῖ
650 3943 856 4008 ταύτας
892 3943 1254 4014 ῥυθμίζεσθαι
1306 3943 1402 3995 καὶ
1441 3941 1578 4012 πρὸς
1609 3942 1827 4011 ἐριουρ-

245 4033 370 4102 γίαν
406 4031 499 4083 καὶ
537 4028 673 4100 πρὸς
713 4027 812 4098 τὴν
866 4027 1033 4097 ἀλλην
1071 4026 1382 4090 διακονίαν;
1436 4025 1598 4079 Ἀλλά
1629 4029 1830 4095 ταμεῖα

247 4115 544 4189 χρημάτων
589 4111 798 4165 πολλῶν
841 4111 936 4164 καί⁵
981 4110 1214 4181 ἱματίων
1245 4109 1573 4174 πολυτελῶν,
1601 4112 1696 4162 καὶ
1748 4111 1830 4163 δεῖ

250 4200 466 4269 φύλακα
488 4197 632 4251 ἔνδον
662 4195 929 4266 καθῆσθαι
958 4192 1272 4256 διαπαντὸς,
1315 4195 1410 4245 καὶ
1449 4196 1512 4264 τῇ
1543 4194 1654 4246 τῶν
1682 4197 1827 4248 οἰκε-

249 4284 358 4338 τῶν
397 4280 704 4354 κακουργία
746 4281 872 4343 τούς
922 4276 1234 4348 ὀφθαλμοὺς
1267 4276 1694 4346 ἐπιτειχίζεσθαι
1731 4279 1829 4348 τῆς

253 4366 554 4437 παρθένους
591 4363 724 4418 ἀλλά
759 4363 951 4416 δεῖπνα
979 4361 1072 4414 καὶ
1116 4360 1393 4430 συμπόσια
1439 4360 1680 4430 συνεχῶς
1705 4362 1828 4414 ἐπι-

251 4449 544 4513 τελεῖσθαι,
604 4448 699 4502 καί
747 4447 854 4519 χρὴ
898 4446 998 4518 τὴν
1026 4443 1205 4498 οἰκίαν
1249 4441 1706 4507 καλλωπίζεσθαι,
1737 4443 1828 4497 κσιί¹

254 4533 553 4604 μαγείρους
574 4533 666 4584 καί
688 4529 1118 4602 τραπεζοποιοὺς
1143 4527 1243 4597 τῆς
1262 4525 1514 4596 προνοίας
1537 4526 1828 4580 ἀπολαύειν

249 4616 350 4684 τῆς
375 4614 677 4686 παρθένου;
707 4613 845 4667 ἀλλά
862 4613 1192 4684 πολύτροποι
1222 4611 1456 4664 δαπάναι
1481 4609 1572 4662 καὶ
1587 4613 1828 4680 συνεχεῖς

251 4700 346 4753 καὶ
373 4698 454 4750 δεῖ
494 4714 618 4750 τινα
657 4698 950 4766 ἐφεστάναι
985 4693 1296 4757 διαπαντὸς,
1317 4694 1463 4754 ὅπως
1496 4692 1563 4745 τά
1604 4693 1704 4762 μὲν
1736 4711 1828 4761 cpu-

249 4781 498 4835 λάττοιτο
535 4780 673 4850 μετὰ
701 4781 1009 4853 ἀκριϐείας,
1038 4780 1108 4834 τά
1130 4780 1186 4833 δέ
1223 4779 1296 4849 μὴ
1330 4777 1504 4847 μάτην
1533 4777 1699 4848 ἐκρέῃ
1728 4777 1828 4846 τῆς

251 4865 456 4929 οἱκίας;
489 4864 653 4917 Οὐδὲν
681 4864 886 4918 τούτων
915 4866 1080 4938 φησίν
1099 4881 1113 4895 ⁸
1149 4863 1284 4916 ἀλλά
1317 4863 1460 4923 ὅπως
1495 4861 1632 4932 αὐτῇ
1659 4861 1721 4913 τὸ
1746 4879 1830 4914 κι-

253 4951 447 5004 ϐὡτιον
483 4949 578 5002 καὶ
623 4947 684 5000 τὸ
718 4948 933 5020 ἱμάτιον
958 4949 1053 5004 καὶ
1092 4949 1191 5020 τὴν
1225 4945 1390 5015 ἄλλην
1421 4943 1689 5017 ἐπιϐλέπῃ
1735 4963 1832 4998 πε-

251 5037 394 5096 νίαν,
425 5034 572 5097 ὅπως
604 5033 915 5103 εὐτρεπίζοι
944 5034 1043 5104 τὴν
1089 5031 1389 5105 τράπεζαν,
1414 5030 1508 5082 καὶ
1548 5029 1646 5099 τήν
1671 5029 1832 5100 εὐνὴν

256 5116 572 5189 στρωννύοι,
606 5118 700 5170 καὶ
729 5116 840 5188 πῦρ
887 5118 1148 5190 ἀνακαίῃ,
1179 5117 1272 5170 καὶ
1301 5112 1604 5186 περιπλύνῃ
1643 5113 1830 5178 πόδας,

254 5206 349 5257 καὶ
380 5204 479 5273 τὴν
513 5200 679 5271 ἄλλην
722 5201 1030 5256 ἀνάπαυσιν
1062 5203 1279 5275 παρέχῃ
1319 5203 1517 5254 πᾶσαν.
1546 5195 1680 5253 Εἶτα
1712 5199 1834 5253 άντί

253 5289 354 5358 τῆς
385 5287 586 5358 μικρᾶς
611 5285 702 5340 καλ⁸
717 5286 931 5357 ψυχρᾶς
957 5287 1315 5352 ἀναπαύσεως
1342 5285 1543 5357 ταύτης
1565 5284 1836 5357 τοσαύτην

253 5374 474 5440 οἴσομεν
503 5369 855 5442 κατηγορίαν,
897 5371 1136 5424 τοσαῦτα
1171 5370 1588 5442 ὑποστησόμεθα
1621 5370 1834 5440 δνείδης

254 5454 367 5506 Καὶ
399 5456 549 5526 πόσῳ
601 5455 808 5526 βέλτιον
855 5453 1083 5522 ἁδελφὸς
1130 5455 1304 5508 ταῦτα
1337 5455 1712 5526 διακονήσεται
1743 5455 1838 5508 καὶ

257 5537 650 5608 εὐκολώτερονί
680 5541 746 5610 τῇ
779 5554 837 5590 τε
867 5537 976 5608 γάρ
1013 5536 1173 5605 φύσει
1207 5540 1556 5611 ἰσχυρότερος
1583 5538 1838 5608 γυναικὸς

255 5621 285 5672 ὁ
314 5620 472 5690 ἀνὴρ,
507 5625 574 5692 τῇ
602 5640 660 5675 τε
686 5623 846 5694 χρείᾳ
872 5619 1199 5690 οἰκειότερος
1240 5623 1396 5690 ἡμῖν,
1439 5625 1533 5676 καὶ
1567 5625 1666 5694 οὐχ
1696 5623 1840 5677 οὕτω

255 5706 588 5776 δαπανηρός.
635 5709 701 5759 Ἥ
733 5709 832 5779 μὲν
857 5706 966 5780 γάρ
992 5704 1150 5775 γυνὴ,
1194 5705 1288 5756 ἆτε
1321 5705 1655 5777 ἁπαλωτέρα
1682 5704 1836 5772 οὖσα,

256 5788 355 5844 καὶ
398 5789 690 5859 στρωμνῆς
733 5790 1128 5862 μαλακωτέρας
1159 5786 1352 5848 δεῖται,
1383 5789 1478 5840 καὶ
1511 5788 1842 5862 λεπτοτέρας

255 5872 506 5941 ἐσθῆτος.
539 5872 633 5925 καὶ
650 5874 818 5943 κόρης
840 5876 972 5937 ῖσως
998 5873 1160 5927 πάλιν
1185 5871 1649 5943 διακονησομένης
1678 5877 1837 5946 αὐτῇ,

258 5958 354 6013 καὶ
375 5958 435 6009 οὐ
467 5955 734 6028 τοσαύῃν
761 5960 890 6027 ἡμῖν
927 5959 1157 6029 παρέχει
1187 5957 1481 6017 διακονίαν.
1513 5958 1642 6027 ὅσης
1696 5963 1835 6031 αὐτη

329 6095 357 6126 ⁸
385 6095 532 6169 Sani.
549 6095 777 6168 σσιχριία
801 6095 1061 6159 βτρὸάρων.
1091 6093 1216 6147 Infra
1241 6097 1372 6149 idem
1396 6096 1514 6152 ἄλλα
1538 6111 1741 6159 ulnam
1768 6098 1846 6145 καὶ

260 6175 517 6230 χρημάτων
536 6171 738 6206 πολλῶν.

855 486 1135 543 CONTRA
1177 486 1309 544 EOS
1344 487 1462 556 QUI
1502 485 2134 546 SUBINTRODUCTAS
2173 487 2446 544 ηΑιιΕΝτ
2488 485 2834 544 VIBGINES.

3387 483 3494 542 σεε

1917 605 2091 658 δεῖται
2121 607 2253 679 παρ’
2301 603 2488 676 ήμῶνο
2523 604 2551 655 ό
2574 603 2630 657 δέ
2661 599 2888 671 ἀδελφὸς
2914 600 3009 654 καὶ
3047 598 3268 653 πάντων
3293 597 3497 653 τούτων

1916 688 2261 759 ἀπήλλακται
2278 704 2292 718 ·
2329 688 2376 740 εί
2404 687 2462 740 δέ
2482 703 2626 749 τινος
2643 685 2737 738 καὶ
2758 683 2996 755 δεηθείη,
3024 682 3132 734 τῶν
3159 679 3338 736 αὐτῶν
3367 681 3498 751 ἡμῖν

1915 773 2189 845 δεήσεται.
2224 769 2399 825 Τοῦτο
2429 770 2486 823 δέ
2513 770 2574 822 οὐ
2621 767 2818 840 μικρὸν
2848 768 2928 826 εἰς
2982 766 3230 819 εὐκολίαν
3275 765 3413 829 ἐστὶ,
3438 763 3500 817 τὸ

1920 856 1994 927 μὴ
2023 856 2310 928 διαφόρων,
2352 853 2488 907 ἀλλά
2517 853 2622 906 τῶν
2655 847 2833 905 αὐτῶν
2873 851 2932 903 ἐν
2974 849 3132 919 χρεία
3165 847 3499 903 καθεστάναι

1916 943 2041 1004 τούς
2086 939 2500 1000 συνοικοῦντας·
2531 939 2671 1007 ὅπερ
2705 936 2796 990 ἐπὶ
2826 934 2925 1005 τῆς
2967 932 3238 1003 παρθένου
3261 934 3362 986 οὐκ
3395 932 3496 986 ενι.

1917 1025 2139 1096 Πρῶτον
2172 1027 2270 1096 μὲν
2299 1023 2408 1094 γάρ
2434 1022 2499 1076 ἄν
2531 1039 2589 1073 τε
2630 1020 2922 1073 λούσασθαι
2961 1018 3054 1090 δέῃ
3085 1057 3100 1080 ,
3135 1018 3201 1071 άν
3225 1033 3282 1069 τε
3315 1017 3522 1090 κάμνῃ

1914 1109 1975 1162 τὸ
1999 1109 2154 1179 σῶμα
2177 1151 2192 1173 ,
2221 1106 2346 1161 οὐτε
2391 1107 2419 1158 ό
2448 1105 2674 1174 ἀδελφὸς
2714 1106 2851 1175 αὐτῇ
2886 1101 3222 1175 πρὸςταῦτα
3251 1100 3518 1170 διακονήλ

1917 1210 2088 1256 σεται,
2118 1193 2222 1246 κᾶν
2245 1190 2450 1260 σφόδρα
2477 1188 2666 1260 ἕληται
2692 1189 3039 1258 ἀσχημονεῖν,
3059 1185 3182 1240 οὐτε
3208 1184 3346 1254 αὐτῆ
3373 1185 3501 1237 ἐαυ-

1915 1278 1979 1346 τῇ
2009 1275 2242 1346 ἀρκέσαι
2267 1273 2560 1343 δυνήσεται
2581 1288 2595 1300 ·
2623 1269 2689 1323 ἂν
2718 1270 2774 1323 δὲ
2799 1270 3018 1340 ἀδελφοὶ
3049 1272 3097 1322 οξ
3129 1265 3501 1328 συνοικοῦντες

1915 1354 2067 1424 ὦσιν,
2099 1357 2482 1412 ἀντιδώσουσιν
2511 1355 2766 1427 ἀλλήλοις
2799 1353 2896 1424 τὴν
2939 1352 3242 1424 ὑπηρεσίαν
3271 1351 3495 1421 ταύτην.

1916 1444 2082 1497 Πάλιν
2115 1445 2242 1496 ὅταν
2273 1441 2556 1496 καθεύδειν
2584 1441 2700 1514 δέῃ,
2729 1437 3000 1510 παρθένου
3035 1436 3132 1506 μὲν
3175 1435 3322 1487 ἐνδον
3365 1433 3500 1488 καθ-

1917 1527 2144 1598 ημένης,
2160 1527 2252 1579 καὶ
2278 1526 2463 1590 κλίνας
2487 1521 2627 1578 εἶναι
2654 1523 2745 1576 δύο
2761 1522 2889 1595 χρὴ,
2909 1522 3001 1575 καί
3022 1519 3318 1592 στρώματα
3337 1516 3501 1570 διπλᾶ

1917 1611 2012 1664 καί¹
2043 1610 2408 1680 ἐπιϐλήματα,
2443 1611 2492 1662 εἰ
2545 1608 2602 1661 δέ
2644 1604 2701 1660 εὖ
2735 1605 3011 1679 φρονῶσι,
3059 1605 3153 1658 καὶ
3190 1604 3496 1673 οἰκήματα⁶

1918 1693 2162 1762 ἀδελφῶν
2195 1693 2252 1746 δὲ
2283 1691 2473 1754 ὅντων,
2501 1691 2660 1745 πάλιν
2687 1691 2756 1744 τά
2784 1691 2885 1761 τῆς
2916 1690 3107 1761 χρείας
3132 1687 3499 1748 συστέλλεται,

1919 1780 2016 1833 ἀτε
2040 1775 2375 1847 οἰκειοτέρας
2394 1773 2582 1844 οὔσης.
2611 1773 2722 1827 Καὶ
2747 1773 2857 1844 γάρ
2891 1770 3040 1835 οἰκος
3076 1766 3178 1835 εἷς,
3208 1771 3304 1824 καὶ
3330 1783 3500 1840 προσ-

1917 1862 2213 1931 κεφάλαιον
2243 1859 2319 1922 ἐν,
2349 1858 2443 1913 καὶ
2477 1857 2632 1928 κλίνη
2668 1858 2786 1928 μία,
2819 1857 2914 1909 καὶ
2940 1854 3291 1923 ἐπιϐλήματα
3322 1853 3503 1922 ἀμφο-

1913 1952 2095 2022 τέροις
2125 1949 2350 2021 ἀρκέσει
2392 1947 2461 2001 τά
2489 1946 2631 2001 αὐτά
2651 1965 2664 1977 ·
2693 1946 2788 1998 καὶ
2827 1941 3040 2005 ἁπλῶς,
3072 1940 3127 1994 εῐ
3155 1955 3239 2001 τις
3288 1936 3504 1990 ἃπασαν

1916 2035 2120 2102 ἐπεξίοι
2144 2020 2242 2106 τὴν
2265 2033 2558 2094 διακονίαν,
2589 2028 2824 2082 ἐνταῦθα
2864 2029 2963 2098 μὲν
2986 2024 3186 2095 πολλὴν
3217 2022 3317 2091 τὴν
3349 2020 3506 2072 56x0-

1915 2120 2039 2174 λίαν
2067 2119 2310 2189 εὑρήσει,
2349 2114 2544 2168 ἐκεῖδέ
2571 2112 2670 2184 τὴν
2698 2109 2852 2182 [242]
2877 2107 3188 2189 δυσκολίαν.
3220 2105 3332 2158 Καὶ
3364 2117 3507 2189 παρ-

1921 2204 2043 2274 ίημι
2071 2186 2604 2271 τὴν-ἀσχημοσύνην
2650 2196 2751 2263 τῆς
2791 2194 2996 2256 οἰκίας’
3065 2186 3176 2244 οἷον
3217 2189 3328 2274 γάρ
3358 2188 3507 2274 ἐστιν

1920 2269 2209 2341 ἀνελθόντα
2253 2269 2331 2348 εἰς
2357 2281 2551 2354 ἀνδρὸς
2576 2279 2905 2352 μονάζοντος
2947 2275 3124 2330 οἰκίαν
3149 2275 3282 2345 όρᾷν
3308 2269 3510 2338 ὑποδή-

1926 2387 2070 2441 ματα
2093 2369 2377 2434 γυναικεῖα
2410 2365 2754 2436 κρεμάμενα,
2793 2362 2886 2414 καὶ
2908 2358 3254 2428 διαζώματα,
3288 2355 3385 2408 καὶ
3417 2369 3510 2406 κε-

1924 2439 2254 2525 φαλόδεσμα,
2278 2449 2372 2502 καὶ
2402 2448 2784 2510 καλαθίσκους,
2810 2445 2903 2499 καὶ
2928 2443 3234 2514 ἠλακάτην,
3265 2439 3510 2525 καὶκερ-

1923 2523 2066 2601 κίδα,
2097 2537 2192 2590 καὶ
2212 2534 2426 2596 κτένας.
2460 2533 2554 2586 καὶ
2584 2531 2894 2600 ίστοπόδην,
2924 2529 3019 2583 καὶ
3048 2527 3120 2579 τά
3153 2525 3311 2586 ἀλλα,
3363 2523 3508 2591 ἅπερ

1921 2621 2022 2674 οὐκ
2070 2620 2147 2672 ενι
2203 2617 2342 2670 κατά
2398 2615 2564 2686 μέρος
2595 2613 2775 2682 λέγειν
2810 2612 3046 2666 ἅπαντα.
3083 2609 3147 2664 Εἰ
3181 2609 3237 2660 δέ
3276 2605 3370 2659 καὶ
3417 2603 3509 2656 ἐπὶ

1919 2708 2019 2777 τῆς
2042 2702 2272 2773 εὐπόρου
2302 2685 2478 2753 ταῦτα
2513 2697 2810 2763 ἐξετάζεις,
2838 2696 3040 2750 πλείων
3069 2697 3098 2748 6
3121 2693 3316 2762 γέλως.
3354 2685 3511 2777 Πρῶ-

1917 2773 2008 2843 τον
2039 2788 2138 2859 μὲν
2165 2787 2272 2859 γὰρ
2303 2786 2360 2837 ἐν
2391 2783 2561 2855 ἀγέλῃ
2595 2780 2991 2853 θεραπαινίδων
3031 2777 3307 2831 τοσούτων
3351 2773 3512 2859 μόνος

1921 2853 2211 2941 στρέφεται
2244 2853 2432 2939 μέσος,
2466 2853 2721 2939 καθάπερ
2748 2866 2841 2919 ἐπὶ
2873 2867 2973 2935 τῆς
3004 2863 3318 2935 ὀρχήστρας
3341 2859 3399 2909 ἐν
3432 2853 3512 2924 τῷ

1919 2955 2068 3028 χορῷ
2093 2954 2203 3009 τῶν
2225 2951 2502 3021 γυναικῶν
2530 2953 2559 3004 6
2584 2953 2696 3013 τοῖς
2719 2948 3155 3020 ὑπορχουμένοις
3177 2942 3401 3028 ὑπᾴδων
3421 2955 3513 3010 χοο

1926 3025 2120 3112 ρευτής
2139 3057 2151 3068 ·
2174 3030 2236 3090 οὐ
2263 3036 2318 3089 τί
2334 3034 2530 3104 γένοιτ’
2562 3033 2630 3086 ἂν
2655 3031 3009 3103 αἰσχρότερον
3031 3031 3123 3082 καὶ
3150 3025 3472 3112 ἀτιμότερον
3493 3038 3508 3086 ;

1925 3107 2162 3178 ³Ἐπείτα
2191 3123 2586 3194 διαῤῥήγνυται
2618 3119 2746 3188 ὅλην
2767 3117 2867 3188 τῆν
2889 3114 3102 3186 ἡμέραν
3131 3111 3270 3183 πρὸς
3292 3107 3511 3194 οἰκέτας

1923 3207 2250 3278 ἀγανακτῶν
2273 3189 2413 3278 ὑπὲρ
2445 3203 2556 3258 τῶν
2588 3201 2809 3272 γυναικὶ
2844 3198 3230 3270 προσηκόντων
3250 3189 3512 3265 πραγμά-

1921 3312 2050 3347 των.
2089 3294 2159 3345 Ἦ
2197 3289 2306 3360 γὰρ
2356 3289 2571 3357 ἀνάγκη
2605 3287 2784 3356 σιγᾷν,
2833 3282 2931 3336 καὶ
2980 3281 3200 3334 πάντων
3253 3290 3511 3345 παραμε-

1922 3377 2116 3432 λοῦντα
2143 3359 2281 3446 παρί
2297 3371 2516 3440 ἐκείνης
2546 3367 2928 3438 ἐπιτιμᾶσθαι.
2959 3366 2992 3436 ἦ
3020 3365 3250 3432 λέγοντα
3272 3360 3366 3414 καὶ
3390 3359 3512 3446 351::-

1921 3441 2237 3533 πλήττοντα.
2281 3456 2642 3527 ἀσχημονεῖν
2697 3453 2792 3504 καὶ
2846 3453 2950 3521 δρα
2980 3450 3042 3501 τὸ
3075 3446 3391 3533 συμϐαῖνον..
3423 3441 3512 3533 Δ’4⁸)

1920 3523 2030 3619 γάρ
2053 3546 2162 3599 τῶν
2203 3523 2473 3614 βιωτικῶν
2509 3537 2860 3619 πραγμάτων
2890 3532 3228 3619 μηδέ-ἐγγὺς
3255 3523 3510 3619 γενέσθαι

1922 3610 2255 3691 κελευσθεὶς,
2289 3626 2388 3695 οὑχ
2409 3622 2595 3684 ἁπλῶς
2631 3617 2902 3690 βιωτικῶν
2929 3658 2943 3680 ,
2975 3614 3112 3668 ἀλλά
3138 3613 3232 3666 καὶ
3271 3610 3380 3695 τῶν
3409 3624 3510 3678 γυ·-

1922 3711 2176 3766 ναικείων
2210 3693 2476 3777 ἐνδοτέρω
2521 3705 2764 3773 γίνεται·
2813 3702 2903 3755 καὶ
2945 3699 3055 3770 γὰρ
3089 3696 3179 3749 καὶ
3207 3693 3378 3762 σκεύη
3406 3708 3513 3759 γυ-

1923 3798 2138 3852 ναικεῖα
2169 3791 2422 3848 ἐκδοῦναι
2455 3790 2515 3842 οὐ
2551 3786 3004 3859 παραιτήσονται,
3039 3780 3155 3834 ἀλλ’
3193 3778 3515 3846 ἐπιστήσον-

1925 3898 2012 3933 ται
2035 3880 2145 3942 τοῖς
2168 3873 2572 3948 ἀργυροκόποις
2611 3867 2853 3939 συνεχῶς
2880 3864 3215 3937 ἐρωτῶντες,
3235 3863 3283 3914 εἰ
3305 3859 3366 3911 τὸ
3383 3859 3515 3913 κάτ-

1927 3980 2124 4036 οπτρον
2171 3944 2606 4014 κατεσκεύασται
2631 3954 2730 4024 τῆς
2750 3949 2968 4022 κυρίας,
2984 3951 3032 4001 εἰ
3051 3947 3142 4001 τὸν
3159 3944 3322 4000 κάδον
3337 3944 3517 4035 ἀπήρ-

1927 4024 2106 4110 τισάν,
2142 4043 2276 4098 εἰτὸ
2303 4039 2562 4110 ληκύθιον
2592 4036 2906 4091 ἀπέδωκαν·
2945 4031 3043 4084 καὶ
3078 4030 3190 4100 γάρ
3227 4029 3308 4092 εἰς
3357 4024 3516 4080 τοῦτο

1931 4132 2108 4186 πάντα
2139 4125 2242 4201 ἧκε
2271 4124 2588 4195 διαφθορᾶς.
2619 4121 2696 4184 ὡς
2723 4118 2831 4172 τῶν
2868 4115 3283 4188 βιωτικωτέρων
3315 4110 3516 4183 μᾶλλον

1930 4216 2030 4279 τάς
2061 4196 2263 4275 πολλὰς
2300 4210 2407 4262 τῶν
2461 4205 2746 4278 παρθένων
2783 4202 2993 4264 τούτοις
3050 4196 3355 4268 κεχρῆσθαι
3404 4197 3516 4255 τοῖς

1932 4296 2200 4353 σκεύεσιν.
2246 4290 2485 4346 Ἐκεῖθεν
2519 4287 2683 4341 πάλιν
2716 4285 2853 4356 πρὸς
2879 4283 2970 4337 τὸν
3008 4281 3250 4353 μυρεψὸν
3280 4279 3516 4351 ἔδραμεν

1932 4382 2072 4452 ὑπὲρ
2103 4377 2210 4431 τῶν
2239 4375 2338 4445 τῆς
2368 4373 2563 4444 κυρίας
2599 4367 2977 4437 διαλεξόμενος
3007 4363 3319 4436 ἀρωμάτων
3341 4380 3354 4393 ο
3387 4360 3518 4414 πολ-

1931 4445 2084 4526 λάκίς
2109 4461 2166 4515 δέ
2196 4459 2335 4530 ὑπὲρ
2375 4456 2619 4517 πλείονος
2646 4451 2880 4520 σπουδῆς
2907 4451 3001 4502 καὶ
3030 4448 3250 4519 ὑϐρίσαι
3281 4446 3373 4498 τὸν
3414 4445 3516 4497 πέ-

1929 4563 2066 4618 νητα
2095 4545 2154 4597 οὐ
2192 4527 2611 4612 παραιτήσεται.
2645 4534 2879 4604 Καὶγάρ
2919 4533 3014 4584 καί
3045 4531 3238 4602 μύροις
3263 4527 3516 4618 χρῶνται

1929 4609 2568 4699 αἶ’παρθένοι-ποικίλοις
2594 4638 2653 4674 τε
2684 4621 2778 4674 καὶ
2802 4615 3169 4670 πολυτελέσιν.
3220 4609 3356 4667 Εἶτα
3407 4610 3518 4665 ἀπὸ

1929 4714 2021 4769 τοῦ
2065 4697 2307 4784 μυρεψοῦ
2338 4708 2474 4779 πρὸς
2501 4707 2594 4759 τὸν
2627 4705 2725 4768 τάς
2744 4702 2934 4765 ὀθόνας
2970 4699 3277 4762 πωλοῦντα,
3305 4697 3399 4751 καὶ
3422 4697 3517 4748 ἀπ’

1931 4781 2331 4854 ἐκείνου-πάλιν
2369 4792 2506 4864 πρὸς
2535 4791 2627 4844 τὸν
2652 4789 2998 4860 σκηνοποιόν.
3029 4783 3164 4838 θύδέ
3185 4782 3296 4854 γὰρ
3327 4781 3395 4835 τά
3427 4797 3517 4850 μι-

1933 4884 2040 4956 κρά
2072 4881 2242 4936 ταῦτα
2283 4877 2628 4949 αἰσχύνονται
2675 4873 2986 4928 ἐπιτάττειν
3013 4912 3028 4936 ,
3067 4869 3251 4940 ἐπειδὴ
3313 4867 3519 4938 σφόδρα

1932 4951 2132 5037 ὁρῶσιν
2164 4965 2362 5027 αὐτοῦς
2405 4959 2783 5022 ὑπακούοντας
2826 4956 2921 5011 καὶ
2960 4955 3119 5027 χάριν
3148 4953 3369 5022 ἔχοντας
3398 4951 3521 5003 ἐπι-

1933 5050 2256 5113 ταττούσαις
2292 5047 2543 5110 ταύταις,
2575 5045 2608 5117 ἢ
2643 5043 2848 5112 ἐτέροις
2888 5035 3342 5106 διακονουμένοις.
3404 5033 3522 5086 Ἐν-

1934 5137 2125 5192 τεῦθεν
2150 5135 2334 5200 πάλιν,
2364 5135 2494 5188 ὅταν
2518 5128 2869 5184 ἐπισκευάσαι
2895 5139 2946 5174 τι
2979 5120 3071 5192 δέῃ
3092 5122 3189 5192 τῆς
3214 5135 3519 5190 περιφορη-

1935 5223 2034 5292 τῆς
2064 5220 2281 5292 ἐκείνης
2312 5216 2538 5288 σκηνῆς,
2579 5214 2674 5266 καὶ
2711 5210 2900 5280 μέχρις
2927 5205 3166 5292 ἑσπέρας
3199 5202 3374 5292 αὐτῆς
3405 5201 3524 5292 6-0;:-

2054 5284 2382 5363 διατελοῦσι,
2404 5284 2515 5362 τοῖς
2538 5293 2922 5369 ἐργαστηρίοις
2947 5287 3384 5361 προσηλωμένοι.
3414 5284 3522 5369 καὶ

1937 5391 1999 5443 οὐ
2031 5389 2188 5443 τοῦτό
2222 5403 2336 5448 πως
2367 5368 2698 5454 θαυμαστὸν,
2735 5377 2852 5430 ἀλλ’
2887 5376 2970 5430 ὅτι
2992 5373 3086 5430 καὶ
3117 5376 3230 5438 τοῖς
3251 5368 3524 5425 ταλαιπώ-

1943 5492 2056 5547 ροις
2087 5472 2324 5532 οἰκέταις
2353 5467 2488 5520 εἰσὶν
2521 5465 2801 5533 ἐπαχθεῖς,
2833 5462 2929 5515 καὶ
2983 5458 3154 5530 πολλὴ
3198 5459 3315 5512 κατ’
3341 5455 3544 5509 αὐτῶν.

1941 5541 2098 5629 ῦϐρις
2123 5557 2216 5610 καὶ
2234 5552 2609 5622 ἀγανάκτησις
2636 5548 2733 5602 καὶ
2755 5547 2996 5620 κραυγή.
3026 5544 3308 5629 Ἐννόησον
3327 5541 3524 5629 δέδσαι

1939 5623 2235 5694 ἐκτούτων
2280 5638 2335 5691 αἰ
2385 5633 2754 5705 κατηγορίαι·
2792 5631 3010 5700 οἰκέτης
3061 5628 3171 5699 γάρ
3223 5623 3523 5694 ὑϐρισθεὶς,

1939 5728 2032 5782 καὶ
2057 5726 2293 5798 μάλιστα
2327 5723 2468 5793 ὑπὲρ
2502 5719 2764 5775 τοιούτων
2799 5713 3160 5789 πραγμάτων,
3201 5709 3390 5798 ἐπειδὴ
3419 5726 3527 5798 μή-

1939 5795 2269 5882 δενίτρόπῳ
2321 5807 2413 5860 τὸν
2451 5805 2718 5878 ὑϐρικότα
2752 5801 3061 5875 ἀμύνασθαι
3116 5798 3266 5869 ἔχει,
3312 5795 3402 5852 διὰ
3426 5797 3526 5882 τῆς

1941 5879 2186 5966 γλώττης
2219 5893 2379 5948 τοῦτο
2431 5893 2574 5944 ποιεῖ
2601 5890 2695 5943 καὶ
2737 5889 2836 5958 τῆς
2865 5886 3132 5959 λαθραίας
3166 5879 3525 5955 κακηγορίας.

1948 5981 2159 6043 οὐδενὸς
2201 5978 2514 6047 φειδόμενος
2565 5975 2673 6027 τῶν
2711 5971 2989 6041 ἐμπλῆσαι
3025 5969 3338 6039 δυναμένων
3379 5960 3528 6047 αὐτῷ

1953 6067 2042 6119 τὸν
2076 6064 2266 6135 θυμὸν,
2292 6063 2426 6117 ἀλλὰ
2465 6060 2602 6132 μετὰ
2633 6056 2903 6126 τοσαύτης
2935 6055 3235 6126 ὑπερϐολῆς
3251 6052 3316 6121 τῇ
3343 6041 3525 6118 ἀμύνῃ

1957 6150 2219 6221 κέχρηται
2263 6145 2455 6218 ταύτῃ,
2503 6143 2619 6216 μεθ’
2651 6143 2781 6213 ὅσης
2815 6138 2958 6204 εῐκξς
2985 6139 3201 6205 οἰκέτην
3235 6134 3383 6192 ὄντα,
3429 6131 3524 6182 καλ
