4490 6722
364 581 466 635 509

366 696 680 769 argentariis
719 694 927 765 negetia
969 706 1074 746 non
1108 689 1269 743 habet
1301 706 1313 742 :
1344 703 1446 741 non
1488 687 1628 742 enim
1660 700 1939 758 paupertas

365 795 520 854 sinit;
568 804 739 858 neque
769 786 969 841 assidet
995 781 1223 837 oflicinis
1251 783 1630 851 unguentariis.
1675 780 1779 835 Sed
1823 797 1941 836 cum

366 883 635 938 sutoribus
678 890 732 935 et
773 875 1066 932 textoribns
1091 883 1145 928 et
1185 873 1603 944 variegatoribus
1628 882 1682 926 et
1710 873 1946 926 tinctori-

366 979 463 1032 bus
510 975 734 1027 multum
777 976 1141 1024 conversatur.
1205 966 1274 1020 Et
1322 965 1450 1036 quid
1490 979 1624 1031 opus
1669 978 1944 1017 recensere

365 1067 552 1120 Sordes
579 1076 787 1121 omnes,
814 1068 870 1110 ut
895 1057 1104 1127 quando
1136 1057 1185 1111 in
1213 1057 1428 1112 domum
1465 1056 1681 1114 intrant,
1702 1070 1804 1121 quo
1820 1056 1947 1107 sub-

367 1169 578 1225 tegmen
607 1168 671 1207 ac
700 1160 920 1204 tramam
949 1151 1177 1205 vendant
1201 1193 1214 1212 ,
1263 1158 1317 1202 et
1355 1146 1547 1201 deinde
1588 1146 1638 1198 in
1687 1145 1834 1212 foro,
1891 1157 1946 1199 ut

368 1247 492 1298 talia
527 1245 714 1295 iterum
747 1243 1051 1310 requirant?
1083 1241 1148 1294 Et
1172 1241 1283 1294 Iuec
1308 1237 1518 1308 quidem
1541 1235 1716 1301 domi,
1751 1237 1799 1290 in
1832 1239 1947 1290 foro

370 1345 547 1386 autem
578 1334 683 1386 risu
713 1332 948 1403 digniora
982 1334 1176 1387 ferunt.

447 1445 532 1499 lO.
563 1445 616 1498 In
645 1445 864 1498 ecclesia
893 1461 1019 1498 vero
1047 1443 1150 1496 dici
1185 1457 1287 1493 non
1321 1447 1495 1508 potest
1521 1449 1712 1509 quanta
1741 1442 1810 1495 sit
1833 1451 1946 1495 tur-

376 1536 575 1602 pitudo.
627 1534 756 1589 Nam
788 1535 934 1601 quasi
965 1542 1209 1600 oporteat
1248 1539 1303 1582 ut
1341 1530 1488 1583 locus
1521 1531 1692 1587 nullus
1731 1533 1944 1585 illorum

373 1621 1349 1696 opprobriumignoretetilliberalem
1386 1621 1725 1685 servitutem,
1770 1625 1847 1677 sic
1895 1625 1946 1676 in

377 1720 495 1774 loco
543 1718 642 1773 hoc
671 1727 856 1771 sancto
892 1724 946 1770 et
985 1714 1207 1768 terribili
1236 1714 1483 1767 omnibus
1509 1730 1655 1769 suam
1691 1719 1950 1785 intempe-

377 1812 598 1863 rantiam
642 1809 966 1877 prmdicant;
1009 1813 1098 1868 et,
1125 1804 1264 1874 quod
1295 1805 1474 1872 utique
1514 1810 1720 1875 gravius
1746 1851 1759 1872 ,
1790 1825 1849 1862 ea
1893 1825 1950 1862 re

375 1902 690 1970 gloriantur,
714 1900 783 1951 ob
804 1914 959 1966 quam
985 1897 1299 1950 erubescere
1321 1899 1616 1966 oportebat.
1645 1903 1780 1954 Ante
1811 1902 1952 1954 fores

379 1993 519 2057 ipsas
548 1991 835 2058 excipiunt,
863 1987 1226 2040 cunuchorum
1261 1988 1374 2040 loco
1401 1990 1690 2042 inserviunt
1718 2032 1731 2051 ,
1763 1992 1951 2044 obvios

378 2083 732 2142 submovent,
776 2093 837 2130 ac
881 2085 1179 2146 prmeuntes
1207 2078 1368 2130 altum
1400 2080 1606 2146 sapiunt
1650 2081 1952 2133 videntibus

378 2169 643 2229 omnibus,
673 2177 725 2222 et
756 2182 857 2220 non
880 2167 1315 2227 verecnndantur,
1339 2169 1428 2222 sed
1449 2187 1506 2223 ea
1533 2187 1588 2223 rc
1613 2171 1904 2239 gloriantur
1937 2193 1948 2226 :

380 2271 536 2329 atque
577 2261 627 2313 in
673 2259 788 2328 ipso
834 2267 1018 2311 sancto
1044 2266 1095 2311 et
1125 2257 1389 2312 horrendo
1421 2262 1790 2330 mysteriorum
1824 2272 1956 2315 tem-

384 2366 511 2419 pore
543 2351 904 2403 ministrantes
944 2349 1010 2402 ad
1062 2365 1243 2404 earum
1290 2353 1539 2419 placitum
1570 2396 1583 2417 ,
1640 2354 1957 2408 criminandi

381 2441 688 2494 occasiones
736 2440 916 2494 multis
967 2441 1289 2496 intuentibus
1337 2443 1594 2511 praebent.
1647 2445 1753 2498 Illae
1782 2457 1957 2498 autem

383 2532 591 2585 miserae
621 2542 673 2584 et
701 2533 1023 2587 calamitosae
1047 2575 1063 2600 ,
1109 2548 1229 2587 cum
1276 2544 1548 2603 oporteret
1585 2536 1654 2589 ab
1700 2535 1799 2590 hac
1841 2536 1961 2591 illos

384 2623 550 2691 gratia
579 2622 858 2691 prohibere
878 2666 893 2688 ,
929 2625 1012 2677 illa
1047 2626 1262 2694 insuper
1285 2627 1583 2695 gloriantur
1607 2637 1660 2682 et
1681 2629 1958 2683 conliden-

385 2713 547 2765 tiores
575 2712 721 2764 liunt.
754 2712 1081 2782 Quamquam
1112 2716 1153 2768 si
1182 2717 1299 2785 quis
1332 2718 1409 2771 vel
1439 2718 1522 2779 iis,
1554 2719 1638 2774 vel
1660 2719 1765 2773 illis
1791 2720 1961 2775 male-

383 2802 558 2855 dicere
580 2803 767 2866 vellet,
798 2804 920 2872 quid
950 2805 1229 2858 maledicto
1271 2807 1370 2861 hoc
1413 2808 1672 2863 inveniret
1701 2812 1952 2874 atrocius,

383 2906 538 2957 quam
570 2902 623 2943 ut
647 2901 749 2944 tam
779 2893 1066 2946 innumeris
1093 2897 1311 2949 testibus
1343 2898 1743 2968 intemperantia
1770 2917 1954 2956 eorum

384 2991 648 3049 arguatur,
677 2991 731 3034 et
759 2983 805 3034 in
828 2985 991 3036 oculis
1018 2986 1254 3038 omnium
1285 2987 1423 3042 fmde
1448 2991 1641 3057 agant?
1669 2991 1802 3058 Quid
1822 3006 1955 3060 npus

387 3080 468 3123 est
509 3071 686 3124 dicere
713 3083 839 3140 quot
877 3074 925 3125 in
966 3075 1202 3127 ecclesiis
1238 3077 1306 3129 ob
1338 3077 1542 3130 illarum
1572 3080 1796 3148 gratiam
1826 3081 1956 3134 sub-

385 3175 689 3224 vertantur,
745 3175 871 3233 quot
915 3166 1090 3219 divina
1129 3184 1286 3235 opera
1314 3184 1342 3220 a
1375 3171 1556 3224 multis
1602 3171 1956 3240 negligantur,

387 3263 438 3305 ut
463 3269 528 3306 nc
558 3252 650 3305 has
675 3254 914 3308 irritent?
965 3257 1030 3309 Et
1057 3258 1180 3325 quid
1223 3258 1340 3312 dico
1373 3275 1438 3313 ne
1475 3261 1722 3314 irriteut?
1766 3262 1810 3316 si
1842 3263 1960 3332 quis

389 3352 589 3395 tantum
641 3343 910 3396 insuavius
955 3355 1009 3399 et
1055 3347 1256 3400 tristius
1302 3364 1392 3402 eas
1431 3351 1730 3418 aspexerit,
1782 3353 1958 3406 omnia

389 3433 590 3484 malunt
635 3433 803 3497 ferre,
855 3451 1010 3504 quam
1055 3436 1389 3492 dissimulare
1430 3441 1569 3492 illam
1617 3441 1720 3494 hoc
1751 3456 1956 3509 passam

387 3535 524 3573 esse.
575 3521 678 3574 Sed
707 3537 978 3591 quousque
1009 3525 1218 3578 tandem
1248 3537 1301 3579 et
1326 3542 1421 3580 nos
1452 3527 1590 3582 laede
1620 3530 1856 3598 agimus,
1887 3531 1953 3584 il-

391 3610 559 3663 lorum
590 3612 764 3663 omnia
796 3614 1149 3667 enarrantes?
1187 3613 1299 3667 Non
1332 3617 1511 3684 utique
1549 3618 1648 3670 hoc
1674 3621 1953 3686 proposui-

390 3713 545 3752 mus:
580 3715 696 3753 nam
718 3701 761 3752 si
786 3703 960 3755 omnia
983 3711 1207 3757 tractare
1233 3705 1489 3769 velimus,
1525 3708 1686 3761 nmlta
1717 3720 1770 3762 et
1801 3710 1952 3778 longa

392 3791 542 3844 nobis
579 3794 819 3847 oratione
857 3810 988 3862 opus
1031 3806 1172 3850 esset
1202 3815 1215 3849 :
1247 3798 1351 3851 imo
1384 3799 1425 3850 si
1475 3803 1700 3853 maxime
1742 3803 1952 3867 vellem,

393 3896 495 3933 non
520 3893 733 3950 possent
755 3886 928 3938 omnia
954 3885 1077 3948 dici,
1096 3886 1540 3957 quandoquidem,
1575 3891 1696 3944 dum
1724 3908 1788 3946 ex
1818 3895 1955 3952 mul-

393 3970 459 4024 tis
487 3987 650 4039 panca
687 3974 980 4044 colligimus
1006 4018 1022 4041 ,
1066 3977 1224 4031 etiam
1262 3980 1338 4032 sic
1382 3980 1564 4048 prolixi
1601 3995 1805 4035 Stnnus.
1853 3982 1955 4035 Sed

392 4075 495 4114 non
521 4062 586 4115 ad
615 4063 714 4117 hoc
744 4067 1005 4134 venimus,
1039 4083 1220 4121 verum
1250 4069 1399 4122 inviti
1429 4071 1492 4122 ad
1521 4071 1728 4124 illorum
1759 4088 1957 4124 memo-

392 4151 524 4204 riam
569 4156 701 4221 rapti
745 4170 966 4223 sumus,
1018 4169 1074 4212 ut
1121 4159 1321 4213 cordati
1366 4161 1636 4216 auditores
1676 4180 1958 4232 parmnpcr

391 4241 804 4298 admonerentur
834 4263 846 4298 :
875 4248 1013 4316 quod
1056 4250 1314 4318 reliquum
1353 4261 1463 4315 est,
1514 4268 1688 4320 oper-.e
1732 4255 1956 4322 pretium

391 4333 598 4388 videtur
621 4345 674 4387 ut
699 4337 1116 4394 obsecrationem
1135 4351 1187 4395 et
1215 4345 1566 4410 precationem
1590 4345 1954 4400 adhibeamus.

393 4421 501 4477 Oro
532 4425 686 4494 igitur
714 4437 767 4481 et
791 4430 1031 4498 supplico
1055 4472 1069 4495 ,
1102 4441 1155 4485 et
1182 4443 1303 4486 ante
1333 4450 1498 4503 genua
1525 4446 1697 4489 vestra
1723 4454 1806 4491 me
1836 4453 1957 4506 pro-

391 4513 568 4577 volvo,
612 4526 768 4584 atque
798 4519 988 4574 obnixe
1016 4537 1144 4591 rogo
1168 4562 1184 4587 ,
1212 4525 1629 4592 persuadeamini
1649 4568 1662 4589 ,
1693 4537 1746 4581 et
1769 4529 1834 4580 ab
1862 4527 1958 4582 hac.

393 4616 724 4670 emergamus
751 4608 1005 4665 ebrietate
1030 4629 1044 4675 ;
1092 4613 1259 4666 simus
1285 4615 1450 4668 nostri
1479 4615 1712 4683 ipsorum
1737 4633 1954 4686 compo-

396 4702 496 4758 tes,
519 4704 570 4748 et
591 4712 934 4765 agnoscamus
960 4704 1234 4766 honorem,
1263 4722 1419 4775 quem
1449 4707 1597 4761 dedit
1622 4709 1772 4762 nobis
1795 4712 1948 4770 Deus,

392 4793 447 4836 et
474 4783 690 4838 Paulum
718 4789 1035 4844 clamantem
1064 4795 1338 4849 audiamus
1366 4815 1378 4850 :
1414 4796 1496 4852 Ne
1515 4800 1621 4852 sitis
1647 4801 1772 4852 servi
1793 4801 1954 4853 horni-

394 4891 514 4928 num
541 4876 614 4948 (l.
643 4877 759 4930 Cor.
790 4881 843 4932 7.
864 4881 955 4952 25)
982 4900 994 4945 ;
1027 4894 1080 4936 et
1105 4887 1410 4944 desinamus
1438 4901 1492 4944 ut
1520 4891 1808 4945 serviamus
1838 4909 1952 4944 mu-

396 4966 608 5020 lieribus
627 4968 688 5020 ad
706 4984 1036 5025 communem
1063 4978 1297 5031 omnium
1316 4989 1615 5035 nostrorum
1644 4981 1949 5049 perniciem.

394 5058 581 5112 Milites
621 5075 716 5114 nos
757 5076 873 5116 esse
913 5063 1157 5121 (Ihristus
1198 5072 1309 5124 vult
1349 5082 1591 5128 strenuos
1619 5085 1674 5129 et
1709 5074 1950 5129 athletas.

392 5149 506 5205 Non
536 5162 748 5220 propter
769 5151 866 5207 hoc
891 5171 986 5209 nos
1015 5162 1244 5214 armavit
1270 5167 1431 5217 armis
1460 5167 1821 5235 spiritualibus
1845 5210 1859 5232 ,
1895 5177 1947 5220 ut

396 5243 685 5309 puellarum
730 5245 1092 5300 triobolarium
1135 5251 1425 5307 ministeria
1469 5258 1853 5327 suscipiamus,
1901 5269 1954 5312 ut

391 5335 529 5388 circa
577 5333 721 5388 lanas
747 5346 800 5390 et
843 5340 1066 5394 stamina
1092 5350 1145 5396 et
1184 5343 1282 5397 alia
1329 5347 1621 5402 ministeria
1662 5367 1948 5415 versemur,

392 5432 448 5476 ut
475 5425 796 5479 assideamus
821 5429 1143 5486 mulierculis
1173 5436 1416 5490 nentibus
1441 5447 1494 5491 et
1521 5443 1824 5497 texentibus
1851 5485 1865 5506 ,
1901 5453 1956 5496 ut

391 5518 557 5566 totum
586 5515 723 5572 diem
745 5532 1116 5576 consumamus
1137 5565 1152 5588 ,
1183 5526 1464 5597 verbisque
1489 5539 1542 5584 et
1574 5533 1810 5587 moribus
1840 5551 1955 5587 mu-

391 5599 641 5694 liebribus
667 5611 869 5665 animas
896 5612 1225 5681 imbuamus;
1253 5619 1344 5672 sed
1375 5631 1430 5673 ut
1464 5623 1791 5694 configamus
1820 5627 1953 5681 invi-

388 5691 568 5747 sibiles
593 5698 815 5756 virtutes
843 5718 959 5772 quae
988 5704 1139 5760 nobis
1177 5708 1528 5766 adversantur
1552 5753 1566 5776 ,
1608 5691 1664 5768 ut
1688 5717 1951 5771 diabolum

389 5784 762 5880 percutiamus.
791 5795 878 5862 qui
908 5805 1092 5852 contra
1115 5814 1210 5855 nos
1237 5800 1423 5856 ducem
1451 5809 1576 5873 agit,
1603 5816 1660 5860 ut
1682 5809 1955 5880 abigamns

388 5870 588 5929 feroces
615 5877 913 5938 daemonum
945 5887 1227 5962 phalanges
1248 5935 1263 5957 ,
1299 5903 1358 5948 ut
1384 5870 1754 5954 subvertamus
1770 5870 1952 5955 eorum

387 5968 778 6039 propugnacula
799 6012 819 6041 ,
863 5983 922 6029 ut
951 5975 1246 6041 Potestates
1268 5995 1322 6042 et
1351 5987 1528 6042 nnmdi
1555 5987 1802 6046 dominos
1826 6032 1842 6060 ,
1869 6007 1951 6048 ro-

1032 575 1300 632 CONTRA
1336 569 1462 628 EOS
1499 572 1613 640 QUI
1653 573 2261 631 SUBINTBODUCTAS
2289 577 2559 634 HABENT
2603 580 2930 640 VIRGINES.

3518 585 3622 642 5l0

2051 698 2228 744 etores
2273 695 2456 748 harum
2506 696 2846 751 tenebrarum
2895 700 2947 753 in
2990 702 3300 755 servitutem
3346 695 3623 766 ducamus,

2053 789 2110 832 ut
2137 779 2428 848 spiritualia
2454 784 2671 839 malitia:
2713 784 2990 856 fugemus,
3033 797 3090 843 ut
3133 790 3304 860 ignem
3335 787 3622 859 spiremus,

2053 879 2110 923 ut
2134 871 2200 924 ad
2229 875 2562 942 quotidianas
2591 885 2790 929 mortes
2821 878 2986 944 parati
3017 880 3202 933 simus.
3251 880 3477 949 Propter
3522 879 3622 934 hoc

2055 961 2225 1016 induit
2267 981 2362 1020 nos
2413 966 2638 1021 thorace.
2678 967 2934 1036 justitiae,
2979 979 3193 1037 propter
3219 970 3318 1025 hoc
3340 971 3504 1026 cinxit
3532 987 3627 1026 nos

2053 1069 2185 1106 zona
2215 1057 2482 1123 veritatis,
2516 1068 2728 1128 propter
2759 1059 2858 1114 hoc
2890 1061 3142 1129 imposuit
3178 1061 3380 1130 galeam
3417 1062 3625 1121 salutis,

2056 1155 2270 1213 propter
2311 1148 2410 1201 hoc
2458 1151 2620 1218 pedes
2677 1161 2889 1205 nostros
2939 1152 3195 1206 calceavit
3239 1155 3623 1220 praeparatione

2054 1239 2309 1305 evangelii
2340 1241 2504 1308 pacis,
2537 1251 2591 1294 et
2621 1242 2838 1296 tradidit
2861 1243 3091 1311 gladium
3123 1243 3343 1312 spiritus
3366 1285 3379 1306 ,
3412 1253 3628 1311 propter

2056 1326 2156 1380 hoc
2187 1329 2358 1395 ignem
2408 1332 2651 1385 accendit
2697 1333 2748 1385 in
2791 1333 2988 1387 nostris
3028 1335 3325 1388 animabus.
3379 1334 3433 1388 Si
3475 1333 3634 1404 igitur

2057 1418 2276 1471 militem
2300 1420 2528 1487 aliquem
2563 1431 2839 1492 postquam
2873 1421 3105 1476 induerit
3130 1423 3331 1490 galeam
3356 1465 3370 1489 ,
3405 1437 3595 1478 ocreas
3615 1464 3631 1485 ,

2058 1508 2326 1563 thoracem
2351 1553 2365 1574 ,
2421 1523 2693 1581 postquam
2742 1515 3011 1582 acceperit
3048 1514 3281 1583 gladium
3306 1555 3323 1579 ,
3368 1516 3633 1580 lanceam,

2057 1608 2285 1664 scutum,
2323 1603 2422 1656 tela
2441 1646 2456 1668 ,
2487 1607 2703 1673 sagittas
2725 1648 2739 1671 ,
2772 1605 3080 1674 pharetram
3099 1648 3115 1671 ,
3146 1606 3268 1659 tuba
3297 1605 3407 1674 jam
3430 1605 3632 1659 clarum

2057 1704 2281 1748 sonante
2307 1705 2360 1748 et
2384 1711 2572 1750 omnes
2601 1707 2856 1751 evocante
2878 1740 2892 1763 ,
2933 1698 3176 1752 hostibus
3205 1711 3398 1768 magno
3439 1697 3637 1765 impetu

2057 1784 2399 1838 saevientibus
2422 1794 2478 1838 et
2512 1786 2778 1841 civitatem
2804 1803 2834 1840 a
2862 1789 3216 1842 fundamentis
3243 1796 3485 1843 evertere
3516 1802 3633 1841 mo-

2060 1873 2313 1928 lientibus
2338 1916 2353 1939 ,
2397 1873 2608 1928 videres
2652 1890 2760 1928 non
2791 1877 2842 1928 in
2869 1892 3057 1945 agmen
3086 1878 3229 1930 foras
3259 1892 3475 1930 currere
3497 1917 3511 1941 ,
3541 1875 3636 1930 sed

2059 1966 2110 2018 in
2149 1966 2367 2020 domum
2411 1966 2654 2036 ingredi,
2684 1977 2739 2021 et
2766 1967 2971 2020 mulieri
3008 1968 3244 2020 assidere
3277 1983 3395 2020 cum
3423 1968 3585 2022 armis
3620 1985 3634 2021 :

2056 2074 2121 2111 an
2149 2075 2276 2121 non,
2307 2059 2350 2112 si
2374 2059 2533 2114 modo
2563 2059 2766 2122 liceret,
2795 2061 2973 2131 gladio
2997 2061 3232 2115 medium
3258 2061 3636 2124 transfoderes,

2059 2165 2124 2201 ne
2153 2165 2398 2204 sermone
2424 2151 2638 2220 quidem
2663 2167 2783 2205 eum
2811 2152 3093 2221 dignatus?
3130 2156 3200 2204 At
3223 2153 3268 2205 si
3304 2161 3358 2205 tu
3389 2161 3530 2206 tanta
3563 2153 3638 2207 ira

2059 2238 2306 2307 impletus
2331 2255 2410 2304 es,
2442 2239 2710 2310 quomodo
2739 2251 2892 2310 putas
2925 2242 3088 2295 Deum
3115 2243 3165 2295 in
3198 2243 3365 2295 multo
3391 2243 3640 2311 turpiori-

2061 2328 2158 2381 bus
2184 2345 2304 2397 erga
2353 2347 2448 2385 nos
2486 2331 2665 2385 affici?
2714 2333 2884 2386 Tanto
2921 2334 3062 2387 enim
3103 2336 3336 2402 turpiora
3365 2344 3419 2387 et
3448 2335 3638 2388 absur-

2063 2418 2210 2470 diora
2237 2430 2357 2473 sunt
2386 2421 2500 2474 hate
2528 2437 2684 2490 quam
2722 2423 2830 2486 illa,
2871 2432 3069 2491 quanto
3095 2435 3147 2477 et
3175 2425 3388 2493 gravius
3417 2424 3635 2490 bellum,

2065 2518 2120 2561 et
2143 2508 2325 2563 hostes
2363 2512 2770 2566 truculentiores
2794 2553 2810 2574 ,
2854 2521 2908 2566 et
2933 2515 3148 2581 praemia
3179 2530 3276 2583 pro
3300 2515 3492 2584 quibus
3520 2515 3639 2570 bel-

2067 2601 2204 2654 latur
2229 2603 2427 2671 majora
2450 2645 2465 2668 ,
2508 2613 2563 2659 et
2605 2604 2659 2659 in
2687 2619 2894 2658 summa
2923 2607 3100 2658 omnia
3138 2616 3340 2660 tantum
3371 2617 3642 2661 transcen-

2063 2693 2216 2757 dunt,
2243 2703 2497 2761 quantum
2531 2696 2774 2750 umbram
2806 2695 3021 2748 veritas.
3071 2694 3250 2764 Itaque
3277 2711 3343 2750 ne
3368 2697 3644 2751 effemine-

2061 2799 2184 2837 mus
2214 2784 2378 2839 robur
2414 2795 2652 2841 nostrum
2679 2830 2694 2854 ,
2751 2802 2818 2840 ne
2842 2786 3177 2841 succidamus
3207 2803 3399 2842 nervos
3429 2797 3642 2843 nostros

2061 2876 2174 2928 istis
2200 2879 2713 2933 conversationibus.
2748 2877 2964 2934 Etenim
2998 2878 3216 2932 multam
3246 2887 3300 2931 et
3326 2879 3639 2932 immensam

2059 2966 2334 3020 animabus
2360 2969 2555 3024 nostris
2581 2969 2840 3025 instillant
2857 2968 3130 3021 malitiam.
3154 2968 3290 3034 Quid
3318 2970 3460 3024 enim
3481 2970 3639 3024 etiam

2059 3057 2103 3109 si
2150 3073 2252 3110 non
2291 3060 2586 3115 sentiamus
2634 3078 2816 3116 amore
2859 3059 3036 3113 ebrii?
3094 3059 3236 3115 lstuc
3274 3062 3415 3115 enim
3467 3063 3639 3131 ipsum

2061 3148 2299 3199 omnium
2331 3159 2412 3201 est
2437 3149 2591 3219 longe
2609 3153 3004 3219 gravissimum,
3023 3150 3163 3218 quod
3194 3153 3494 3205 nesciamus
3508 3169 3640 3220 quo-

2062 3236 2224 3291 modo
2249 3255 2580 3303 enervemur,
2611 3257 2839 3312 ceraque
2867 3242 3014 3299 omni
3047 3242 3316 3296 molliores
3331 3243 3638 3298 reddamur.

2063 3327 2193 3382 Nam
2226 3329 2360 3383 sicut
2385 3333 2427 3384 si
2460 3333 2577 3400 quis
2605 3334 2810 3388 leonem
2839 3335 3131 3407 superbum
3163 3343 3216 3388 et
3252 3341 3400 3388 torve
3427 3336 3641 3389 intuen-

2063 3428 2167 3473 tem
2189 3422 2436 3490 arripiat,
2466 3433 2518 3475 et
2540 3422 2694 3490 jnbas
2723 3425 2945 3480 abradat
2967 3467 2983 3491 ,
3023 3427 3220 3482 dentes
3241 3427 3508 3490 excutiat,
3541 3442 3640 3480 un-

2060 3527 2186 3580 gues
2227 3521 2506 3582 amputet,
2561 3526 2876 3586 turpemque
2916 3518 3074 3573 faciat
3119 3533 3175 3575 et
3222 3516 3539 3580 ridiculum.
3586 3529 3639 3571 ct

2059 3601 2349 3656 terribilem
2381 3602 2528 3657 illum
2551 3614 2605 3657 et
2632 3604 3021 3662 intolerabilem
3043 3614 3101 3662 et
3125 3613 3296 3681 rugitu
3321 3611 3435 3665 solo
3454 3610 3633 3668 omnia

2057 3695 2450 3748 concutienlem
2478 3735 2494 3758 ,
2541 3694 2694 3750 facile
2726 3713 2754 3750 a
2787 3713 2953 3765 puero
2992 3700 3348 3768 superabilem
3396 3703 3580 3758 reddat
3615 3722 3628 3758 :

2061 3785 2128 3836 ita
2155 3795 2206 3837 et
2238 3784 2339 3838 illa:
2377 3801 2510 3854 quos
2539 3789 2756 3857 capiunt
2783 3806 2966 3844 omnes
3001 3800 3251 3860 superato
3294 3793 3474 3848 faciles
3511 3793 3632 3848 red-

2059 3872 2189 3926 dunt
2227 3874 2469 3941 diabolo,
2504 3878 2773 3932 molliores
2796 3920 2811 3944 ,
2839 3880 3246 3946 concitatiores,
3276 3883 3630 3952 impudentes,

2062 3965 2551 4033 inconsiderantes,
2601 3971 2882 4025 iracundos
2906 4014 2921 4037 ,
2959 3972 3189 4028 audaces
3214 4016 3229 4039 ,
3278 3975 3629 4043 importunus,

2065 4058 2287 4112 humiles
2307 4099 2321 4120 ,
2347 4059 2612 4127 abjectos,
2645 4061 2922 4126 crudeles,
2957 4063 3268 4130 illiberales,
3297 4069 3629 4130 temerarios,

2066 4162 2292 4216 nngaccs
2318 4188 2333 4214 ,
2384 4159 2438 4203 et
2467 4149 2518 4202 in
2547 4167 2752 4205 sunnua
2782 4154 3000 4206 omnino
3042 4165 3319 4224 corruptos
3353 4157 3630 4211 mulierum

2063 4251 2239 4291 mores
2283 4239 2333 4292 in
2380 4240 2609 4293 animam
2657 4241 2866 4296 illorum
2905 4243 3194 4298 immittunt
3241 4255 3296 4299 et
3343 4246 3596 4300 inferunt.

2137 4329 2220 4380 tl.
2265 4328 2468 4382 Etenim
2515 4331 2624 4382 lieri
2667 4348 2768 4384 non
2799 4342 2972 4401 potest
3001 4336 3204 4388 mulieri
3235 4335 3632 4391 cohabitantein

2061 4432 2177 4469 cmn
2212 4427 2356 4469 tanto
2381 4417 2592 4482 affectu,
2623 4431 2676 4473 et
2708 4422 2911 4476 illarum
2941 4426 3436 4479 conversationibus
3460 4428 3630 4482 emol-

2060 4505 2226 4567 litum,
2257 4522 2360 4560 non
2382 4523 2498 4561 esse
2515 4509 2881 4566 circulatorem
2901 4523 2949 4566 et
2973 4511 3236 4568 forensem
3261 4524 3314 4569 et
3332 4516 3627 4570 sordidum.

2060 4596 2186 4648 Nam
2216 4597 2258 4649 si
2289 4598 2412 4666 quid
2438 4598 2690 4668 l0quitur,
2721 4603 2788 4657 de
2808 4604 3120 4658 staminibus
3136 4615 3189 4658 et
3214 4607 3350 4660 lanis
3373 4608 3630 4678 loquitur,

2061 4686 2230 4754 lingua
2259 4688 2373 4755 ejus
2401 4691 2646 4745 muliebri
2692 4694 3005 4761 loquacitate
3051 4695 3242 4751 inlecta
3273 4715 3286 4750 :
3316 4706 3372 4751 et
3415 4699 3460 4753 si
3501 4702 3632 4769 quid

2059 4779 2216 4841 facit,
2264 4783 2362 4833 hoc
2401 4795 2587 4850 magna
2628 4785 2921 4838 servilitate
2950 4797 3234 4854 operatur,
3287 4799 3342 4844 et
3387 4791 3624 4860 seipsmn

2059 4869 2293 4938 procula
2325 4870 2624 4927 Christiana
2648 4875 2891 4930 libertate
2916 4877 3142 4948 seiungit
3167 4920 3182 4942 ,
3235 4879 3301 4934 ad
3348 4882 3478 4937 nihil
3519 4885 3631 4938 exi-

2058 4959 2219 5014 mium
2266 4972 2357 5017 aut
2406 4966 2717 5033 prmclarum
2764 4967 2928 5021 utilis.
2958 4968 3087 5022 Nam
3116 4985 3234 5024 cum
3260 4972 3325 5025 ad
3346 4974 3632 5028 saecularcs

2058 5060 2113 5106 et
2135 5053 2316 5107 civiles
2343 5070 2428 5109 res
2457 5055 2729 5111 hominum
2761 5059 2960 5114 inutilis
2986 5061 3058 5115 sit
3084 5070 3137 5114 et
3181 5063 3374 5115 nullius
3419 5062 3582 5132 frugis
3602 5106 3617 5127 ,

2060 5145 2224 5198 multo
2246 5149 2413 5216 magis
2455 5148 2520 5201 ad
2570 5150 2982 5219 magnitudinem
3028 5167 3201 5205 rerum
3245 5153 3626 5220 Spiritualium,

2058 5253 2174 5305 quae
2207 5247 2351 5292 tanto
2378 5241 2746 5310 generosiores
2774 5242 2914 5295 viros
2942 5241 3238 5310 requirunt,
3264 5253 3323 5296 ut
3350 5259 3418 5298 ne
3441 5246 3625 5313 attingi

2058 5330 2268 5398 quidem
2302 5333 2526 5400 possint,
2561 5334 2658 5387 nisi
2689 5333 2755 5387 ab
2782 5334 2844 5388 iis
2873 5334 2959 5403 qui
2988 5333 3053 5387 ad
3094 5348 3186 5387 eas
3234 5335 3502 5389 transituri
3530 5352 3628 5389 an-

2059 5423 2163 5492 geli
2195 5440 2258 5478 ex
2293 5425 2591 5480 hominibus
2619 5425 2765 5480 ant.
2799 5427 2913 5481 Non
2947 5429 3044 5498 ipsi
3070 5439 3248 5484 autem
3288 5431 3457 5485 solum
3481 5439 3628 5484 tanto

2058 5517 2199 5571 malo
2222 5516 2539 5583 afficiuntur,
2570 5519 2663 5573 sed
2691 5529 2744 5573 et
2769 5521 2872 5574 illis
2901 5537 3114 5576 morum
3142 5523 3496 5592 pessimorum
3528 5538 3624 5576 au-

2057 5617 2232 5662 ctores
2261 5609 2410 5662 unt.
2461 5609 2589 5663 Nam
2616 5611 3062 5680 quemadmodum
3099 5614 3172 5668 illi
3199 5613 3290 5684 qui
3321 5613 3435 5668 istis
3472 5614 3624 5669 valde

2060 5699 2266 5766 placere
2295 5700 2495 5767 volunt,
2514 5701 2672 5757 ofcii
2697 5704 2778 5758 sui
2805 5705 3061 5759 rationem
3089 5705 3376 5776 negligunt,
3407 5705 3476 5759 ita
3498 5705 3626 5774 ipsa:

2058 5799 2272 5860 propter
2296 5791 2418 5846 illos
2445 5807 2475 5846 a
2507 5793 2592 5848 via
2671 5794 2774 5849 sibi
2819 5796 3151 5851 convenienti
3193 5797 3462 5859 aberrant,
3507 5811 3619 5851 ma-

2059 5889 2160 5944 lam
2181 5899 2235 5944 et
2252 5891 2604 5960 perniciosam
2621 5895 2846 5952 invicem
2868 5897 3176 5954 exhibentes
3195 5898 3624 5958 retributionem.

2175 6014 2314 6065 sicin
2333 6009 2520 6071 ..
2549 6008 2640 6060 sed
2657 6006 2815 6070 ..
2840 6021 2872 6058 a
2891 6008 3091 6072 pudore.
