4392 6684
208 494 304 551 εει

204 610 363 672 αὗται
394 616 490 686 τῆς
527 614 911 686 προσηκούσης
959 615 1148 675 αὐταῖς
1193 613 1311 665 όδοῦ
1352 628 1375 654 α
1419 616 1485 669 δι’
1532 620 1775 684 ἐκείνους

202 702 545 764 ἐκπίπτουσι,
569 700 667 771 τὴν
681 698 919 768 πονηρὰν
938 696 1121 759 αὐτοῖς
1138 698 1228 749 καὶ
1240 697 1486 769 ὀλεθρίαν
1502 702 1742 772 παρέχου
1754 734 1771 745 ο

203 802 293 839 σαι
309 785 366 858 [2
378 785 460 855 ί5]
476 784 678 854 ταύτην
701 781 985 835 ἀντίδοσιν.
1017 780 1125 833 Καὶ
1148 782 1253 853 γάρ
1288 783 1381 834 καὶ
1406 781 1774 846 καλλωπίζον-

202 887 290 923 ται
344 868 782 941 περιεργότερον,
827 863 922 916 καὶ
980 864 1254 935 σχήματος
1304 863 1401 917 καὶ
1446 863 1771 937 βαδίσματος

200 953 573 1024 τεθρυμμένου
604 947 801 1017 πολλὴν
832 946 1104 1001 ποιοῦνται
1154 949 1434 1019 πρόνοιαν,
1469 948 1562 999 καὶ
1593 950 1661 1003 τά
1696 952 1771 1024 μὴ

200 1038 542 1109 προσήκοντα
582 1031 669 1083 διά
704 1032 881 1101 πάσης
917 1031 1243 1103 φλυαροῦσιν
1281 1030 1531 1100 ἡμέρας.
1584 1033 1768 1106 ἐπειδὴ

198 1121 305 1189 γάρ
321 1118 486 1188 ὁρῶσι
506 1115 869 1184 τερπομένους
894 1119 1004 1179 τοῖς
1036 1116 1355 1175 ἀκολάστοις
1380 1112 1589 1177 τούτοις
1616 1117 1769 1186 ἤθεσι

198 1205 292 1255 καὶ
341 1202 566 1269 ῥήμασι,
619 1199 792 1252 πάντα
844 1198 1254 1269 ἐπιτηδεύουσι,
1309 1195 1375 1247 δι’
1415 1190 1490 1248 ὦν
1522 1200 1767 1269 κατέχειν

198 1284 392 1344 αὐτοὺς
414 1281 785 1351 αἰχμαλώτους
810 1283 1141 1353 δυνήσονται.
1184 1278 1322 1330 Ἀλλ’
1360 1278 1424 1331 ἂν
1450 1279 1767 1353 θελήσωμεν

202 1366 395 1435 μικρὸν
426 1367 802 1435 ἀνενεγκόντες
829 1366 988 1435 ήμῶν
1017 1362 1197 1416 αὐτῶν
1240 1362 1511 1429 γενέσθαι,
1553 1366 1766 1430 ἐκείνας

197 1464 254 1498 τε
309 1448 672 1520 κερδανοῦμεν
709 1452 803 1503 καὶ
845 1449 993 1518 ἡμᾶς
1036 1445 1234 1507 αὑτοὺς
1276 1446 1370 1499 καὶ
1413 1449 1538 1510 τοὺς
1571 1448 1764 1512 ἀλλους

195 1530 470 1595 ἅπαντας·
508 1536 601 1587 καὶ
624 1534 813 1602 ῶσπερ
845 1530 939 1583 νῦν
976 1529 1075 1597 τῆς
1108 1527 1216 1579 τῶν
1249 1528 1455 1581 πολλῶν
1488 1532 1765 1597 ἀπωλείας

193 1616 531 1685 κατέστημεν
571 1614 878 1675 ὑπεύθυνοι,
911 1610 1052 1663 οὕτω
1072 1610 1192 1663 τότε
1225 1611 1325 1681 τῆς
1354 1615 1569 1668 πάντων
1594 1633 1762 1685 σωτη-

192 1697 312 1766 ρίας
358 1698 746 1767 ἀποληψόμεθα
790 1696 881 1747 τὸν
912 1693 1121 1763 μισθὸν,
1171 1694 1263 1747 καὶ
1304 1688 1377 1747 ὦν
1422 1698 1759 1768 ἀπολαύομεν

189 1780 283 1832 νῦν
314 1781 574 1850 αἰσχρῶν,
622 1780 741 1832 τότε
789 1776 925 1847 μετά
974 1776 1173 1845 πολλῆς
1229 1776 1604 1849 ἀπολαύσομεν
1662 1782 1760 1851 τῆς

186 1863 370 1931 τιμῆς.
414 1864 478 1914 Τί
514 1864 638 1931 γὰρ,
685 1860 805 1913 εἰπέ
842 1876 950 1929 μοι,
983 1858 1158 1927 βούλει
1190 1861 1450 1929 τιμᾶσθαι
1478 1864 1624 1933 παρὰ
1659 1880 1758 1931 γυ-

188 1945 422 2010 ναικῶν;
452 1946 702 1997 Μάλιστα
734 1944 832 2012 μὲν
862 1942 1077 2007 ἀνάξιον
1106 1941 1264 1994 τοῦτο
1289 1944 1475 2013 ἀνδρὸς
1512 1963 1757 2015 πνευμα-

184 2027 338 2079 τικοῦ
361 2028 421 2080 τὸ
452 2027 620 2097 τιμῆς
642 2025 895 2095 τοιαύτης
930 2026 1060 2094 ἐρᾷν
1080 2040 1094 2053 ·
1126 2024 1265 2095 πλὴν
1298 2026 1433 2078 ἀλλά
1483 2029 1575 2081 καὶ
1600 2029 1757 2083 τοῦτο

182 2109 304 2161 τότε
330 2110 623 2180 παρέσται,
659 2110 787 2161 ὅταν
832 2107 907 2178 μῆ
939 2105 1190 2177 ζητῶμεν
1219 2108 1369 2161 αὐτό.
1402 2110 1618 2177 Πέφυκε
1648 2112 1754 2183 γάρ

179 2191 467 2262 ἄνθρωπος
493 2192 602 2245 τῶν
634 2192 733 2262 μὲν
760 2191 1170 2262 θεραπευόντων
1195 2192 1465 2263 ὑπερορᾷν
1486 2233 1499 2252 ,
1546 2196 1671 2256 τοὺς
1699 2195 1755 2248 δὲ

183 2275 262 2345 μὴ
282 2276 673 2339 κολακεύοντας
705 2273 1005 2343 θαυμάζειν
1025 2290 1037 2302 ·
1056 2274 1114 2325 τὸ
1133 2272 1189 2327 δέ
1224 2274 1390 2338 πάθος
1412 2274 1570 2328 τοῦτο
1598 2277 1755 2329 πλέον

177 2360 214 2426 ή
243 2361 526 2425 γυναικεία
573 2360 737 2429 φύσις
783 2358 1074 2427 ὑπομένειν
1101 2356 1311 2411 εἴωθεν,
1357 2357 1650 2428 ’Δφόρητός
1696 2376 1755 2412 τε

178 2442 289 2511 γάρ
320 2444 434 2494 ἐστι
466 2442 897 2511 κολακευομένη,
917 2438 1258 2510 θαυμάζεται
1284 2440 1340 2493 δέ
1368 2440 1600 2511 μάλιστα
1631 2443 1757 2495 πάν-

176 2539 287 2575 των
326 2526 451 2586 τοὺς
490 2524 588 2577 οὐκ
619 2524 981 2595 ἀνεχομένους
1033 2523 1205 2576 εἴκειν
1252 2525 1347 2577 καὶ
1379 2524 1756 2579 ὐποκλίνεσθαι

178 2609 299 2669 ταῖς
333 2608 585 2678 ἀκαίροις
638 2608 812 2674 αὐτῆς
864 2606 1220 2678 ἐπιθυμίαις·
1272 2608 1364 2660 καὶ
1401 2608 1558 2661 τοῦτο
1599 2609 1756 2679 ὑμεῖς

180 2707 273 2757 μοι
306 2694 703 2761 μαρτυρήσετε.
736 2690 849 2742 Νῦν
872 2691 971 2761 μὲν
992 2692 1099 2759 γάρ
1121 2691 1219 2761 οὐχ
1245 2691 1294 2743 οἱ
1325 2690 1522 2755 ἔξωθεν
1559 2694 1749 2759 μόνον,

174 2772 314 2825 ἀλλά
346 2774 439 2825 καὶ
468 2775 629 2827 αὐταὶ
661 2773 1034 2841 καταγελῶσιν
1057 2774 1210 2843 ὑμῶν
1242 2775 1299 2826 αί
1323 2775 1750 2842 συνοικοῦσαι,εί

174 2856 271 2906 καὶ
305 2857 380 2926 μὴ
420 2857 690 2927 φανερῶς,
718 2857 831 2910 ἀλλ’
862 2861 919 2911 ἐν
940 2857 1018 2927 τῷ
1056 2857 1339 2922 συνειδότι,
1362 2859 1453 2911 καὶ
1472 2860 1749 2927 ἐγκαλλω-

173 2936 417 2999 πίζονται
444 2941 508 3009 τῆ
541 2939 752 3011 χαλεπῇ
783 2939 953 3011 ταύτῃ
975 2940 1247 3010 τυραννίδι
1274 2956 1287 2969 ·
1320 2941 1440 2993 τότε
1465 2942 1520 2994 δέ
1548 2941 1749 3011 θαυμά-

175 3036 359 3073 σονται
405 3022 610 3086 πάντας
648 3024 812 3093 ὑμᾶς,
846 3023 940 3077 καὶ
968 3024 1408 3095 ἐκπλαγήσονται
1450 3024 1549 3095 τὴν
1596 3025 1748 3079 ἐλευ-

174 3102 362 3172 θερίαν
395 3104 569 3174 ὑμῶν.
602 3106 663 3157 EE
696 3107 754 3159 δὲ
778 3108 1058 3160 ἀπιστεῖτε
1096 3110 1209 3170 τοῖς
1230 3108 1521 3178 ἡμετέροις
1549 3108 1749 3177 λόγοις,

171 3183 343 3248 αὐτὰς
393 3184 579 3256 ἔρεσθε
616 3188 853 3251 ἐκείνας,
887 3190 1039 3251 τίνας
1079 3189 1279 3259 μᾶλλον
1328 3191 1608 3244 ἐπαινοῦσι
1658 3194 1754 3246 καὶ

173 3268 554 3337 ἀποδέχονται,
606 3271 733 3335 τοὺς
771 3271 1121 3336 δουλεύοντας
1142 3312 1158 3336 ,
1203 3274 1236 3344 ἢ
1263 3276 1392 3337 τοὺς
1420 3275 1755 3346 κρατοῦντας

172 3351 355 3404 αὐτῶν
374 3368 387 3381 ·
420 3353 545 3413 τοῦς
569 3353 963 3425 ὑποκειμένους
994 3358 1085 3409 καὶ
1117 3356 1294 3410 πάντα
1342 3358 1629 3422 ποιοῦντας
1659 3360 1753 3412 καὶ

172 3434 483 3503 πάσχοντος
517 3435 605 3488 διὰ
644 3437 742 3506 τήν
772 3440 850 3501 είς
870 3439 1088 3501 ἐκείνας
1131 3439 1291 3509 χάριν
1314 3480 1329 3503 ,
1372 3440 1403 3510 ἤ
1446 3442 1571 3503 τοὺς
1600 3441 1751 3493 οὐδὲν

168 3516 382 3570 τούτων
432 3520 820 3591 ἀνεχομένους,
860 3520 997 3574 ἀλλά
1042 3523 1538 3592 ἐπαισχυνομένους
1570 3523 1749 3577 αὐτῶν

168 3602 289 3661 τοῖς
336 3605 587 3671 πονηροῖς
619 3603 993 3670 ἐπιτάγμασι·
1044 3602 1148 3657 κάν
1196 3604 1523 3675 ἐθελήσωσιν
1576 3609 1749 3659 εἰπεῖν

168 3682 423 3752 τάληθὲς,
439 3687 653 3746 πάντως
671 3687 910 3749 ἐκείνους
927 3686 1139 3759 ἐροῦσι·
1170 3688 1368 3759 μᾶλλον
1388 3688 1443 3742 δέ
1468 3689 1586 3742 οὑδέ
1616 3691 1750 3743 ἀπο-

171 3767 411 3836 κρίσεως
436 3769 615 3840 χρεία,
646 3771 756 3823 τῶν
780 3773 1124 3843 πραγμάτων
1140 3772 1297 3825 τοῦτο
1315 3772 1580 3842 βοώντων.
1610 3774 1750 3827 Ἀλλ’

171 3849 373 3919 ἡδονῆς
390 3851 575 3903 ἕνεκεν
594 3855 621 3906 ὁ
638 3854 903 3907 συνοικῶν
930 3855 1262 3917 πλεονεκτεῖ,
1290 3858 1417 3921 τοὺς
1442 3856 1752 3928 ὀφθαλμοὺς

171 3933 395 4002 εὐωχῶν
428 3939 544 3998 ταῖς
576 3936 683 3989 τῶν
722 3937 1007 4008 παρθένων
1044 3939 1227 4008 ὂψεσι.
1260 3941 1514 3994 Μάλιστα
1560 3942 1657 4011 μὲν
1703 3943 1750 3993 εί

174 4017 276 4069 καὶ
303 4016 458 4070 τοῦτο
484 4018 656 4082 οὑτως
691 4014 826 4090 εἶχε,
854 4021 920 4074 δι’
944 4021 1078 4074 αὑτὸ
1120 4023 1218 4093 μὲν
1256 4019 1350 4076 οὖν
1374 4023 1532 4077 τοῦτο
1564 4028 1753 4094 φυγεῖν

173 4100 377 4170 ἐχρῆν·
412 4100 503 4156 νῦν
532 4102 588 4155 δέ
636 4104 762 4174 ὑμῖν
819 4104 1017 4167 ἱκανῶς
1064 4105 1465 4169 ἀποδέδεικται,
1518 4110 1599 4161 ὅτι
1656 4110 1755 4178 οὐχ

172 4182 279 4254 ἡδὺ
309 4183 367 4235 τὸ
391 4183 646 4248 τοιοῦτον,
681 4186 816 4238 ἀλλά
838 4188 1165 4249 τούναντίον,
1194 4190 1257 4241 τὸ
1282 4190 1356 4260 μὴ
1380 4189 1585 4261 ταύτης
1617 4192 1754 4245 ἀπο-

171 4264 364 4318 λαύειν
386 4267 481 4337 τῆς
513 4267 741 4339 θεωρίας
761 4285 774 4299 ·
800 4272 862 4323 σὺ
882 4270 939 4323 δέ
968 4288 1057 4342 μοι
1089 4271 1370 4342 προστίθει
1406 4273 1500 4326 καὶ
1520 4273 1619 4344 τὴν
1647 4274 1754 4327 ἀπὸ

170 4348 275 4401 τοῦ
309 4350 603 4414 συνειδότος
628 4352 983 4425 εὐφροσύνην.

251 4433 413 4485 Οὐδὲν
434 4435 541 4506 γάρ
557 4436 701 4506 ἡμᾶς
722 4436 890 4502 οὑτως
908 4438 1217 4509 εὐφραίνειν
1245 4438 1454 4498 εἴωθεν,
1474 4438 1549 4501 ώς
1574 4455 1751 4492 συνει-

168 4512 267 4573 δὸς
294 4517 547 4583 χρηστὸν,
582 4519 676 4571 καὶ
702 4520 915 4585 ἐλπίδες
945 4522 1167 4590 ἀγαθαί.
1221 4521 1359 4575 Ἀλλ’
1392 4521 1753 4587 ἀναπαύσεως

169 4597 363 4649 ἕνεκεν
388 4599 546 4651 τοῦτο
568 4603 881 4674 ἐπιζητεῖςς
909 4606 1047 4658 Ἀλλ’
1066 4606 1441 4659 ἀποδέδεικται
1470 4607 1562 4659 καὶ
1597 4605 1753 4660 τοῦτο

168 4678 541 4750 εὐκολώτερον
572 4684 651 4748 δν,
677 4686 805 4738 ὃταν
836 4688 1062 4758 ἀδελφὸς
1090 4692 1332 4760 συνοικῇ.
1364 4689 1478 4743 Νῦν
1521 4688 1618 4759 μὲν
1644 4690 1752 4760 γάρ

167 4763 328 4817 οὐδὲν
337 4763 521 4817 δούλου
536 4764 868 4838 διενήνοχας,
882 4772 977 4824 καὶ
996 4771 1175 4841 ζητῶν
1192 4774 1497 4827 ἀνάπαυσιν
1512 4773 1751 4826 δουλείαν

167 4841 337 4916 εὗρες
358 4846 767 4919 χαλεπωτάτην·
782 4853 903 4905 τότε
920 4854 975 4905 δέ
994 4854 1198 4925 ταύτης
1217 4856 1374 4919 ἐκτὸς
1399 4856 1634 4927 ἐστηκας
1656 4856 1751 4926 τῆς

164 4930 543 5001 λειτουργίας,
593 4933 687 4984 καὶ
731 4932 839 4986 τῶν
877 4937 1295 5001 ἐπιταττόντων,
1343 4941 1405 4991 οὐ
1466 4940 1575 4994 τῶν
1628 4942 1750 4992 ἐπι-

164 5014 521 5085 τασσομένων
572 5014 886 5088 ἔσῃ.’⁹οταν
936 5015 1029 5071 οῦν
1069 5020 1188 5072 ἐκεῖ
1244 5022 1343 5090 μὲν
1396 5023 1515 5076 ἀνθ’
1560 5024 1749 5094 ἡδονῆς

163 5097 347 5169 λύπη,
396 5099 488 5152 καὶ
535 5099 654 5153 ἀντὶ
686 5098 841 5171 δόξης
867 5102 1119 5173 αἰσχύνη.
1156 5106 1249 5157 καὶ
1277 5106 1398 5158 ἀντὶ
1438 5107 1747 5179 ἐλευθερίας

161 5181 409 5247 δουλεία,
447 5182 537 5236 καὶ
563 5183 720 5247 πόνος
761 5185 880 5237 ἀντὶ
906 5186 1264 5251 ἀναπαύσεως
1286 5206 1298 5217 ·
1335 5189 1662 5261 πρόσκειται
1690 5190 1747 5242 δὲ

162 5263 274 5316 καὶ
303 5266 364 5318 τδ
392 5266 826 5338 βλασφημεῖσθαι
881 5269 971 5322 τὸν
1022 5270 1173 5332 Θεὸν,
1216 5272 1310 5326 καὶ
1360 5272 1603 5327 ἀπώλεια
1659 5290 1749 5326 τοο

164 5347 375 5417 σαύτη,
432 5352 527 5405 καὶ
582 5352 873 5414 σκάνδαλα,
909 5354 1002 5407 καὶ
1040 5356 1261 5421 κόλασις
1309 5358 1601 5422 ἀθάνατος,
1656 5360 1749 5412 καὶ

165 5432 389 5499 μυρίων
431 5435 701 5500 ἔκπτωσις
750 5436 967 5505 ἀγαθῶν
1002 5456 1017 5469 ·
1086 5441 1323 5496 ἐνταῦθα
1383 5443 1441 5497 δέ
1488 5444 1751 5498 τάναντία

160 5512 420 5599 ἅπαντα,
452 5518 608 5585 δόξα,
640 5519 769 5592 τιμὴ
789 5559 804 5583 ,
852 5520 1042 5592 ἡδονὴ,
1074 5526 1381 5599 παρρησία,
1420 5528 1704 5598 ἐλευθερία
1730 5571 1745 5594 ,

161 5598 417 5681 σωτηρία
471 5604 678 5675 ψυχῶν,
728 5605 999 5677 βασιλείας
1049 5608 1405 5681 κληρονομία,
1468 5613 1749 5678 κολάσεως

158 5677 482 5765 ἀπαλλαγὴ,
516 5689 662 5755 τίνος
709 5691 890 5746 ἐνεκεν
936 5691 1035 5744 οὐκ
1078 5677 1523 5765 ἀνταλλαξόμεθα
1578 5677 1753 5753 ταῦτα

159 5761 431 5845 ἐκείνωνς
473 5766 616 5835 Ἐγὼ
646 5775 746 5845 μὲν
788 5777 887 5830 οὐκ
940 5771 1076 5841 οἶδα,
1129 5775 1269 5845 πλὴν
1328 5761 1397 5829 εἶ’
1434 5796 1520 5842 τις
1558 5782 1750 5835 ἐαυτὸν

155 5844 370 5933 ἀπλῶςΔ
400 5844 700 5911 ἀπολλύναι
746 5860 1069 5933 ἐπιθυμοίη·
1122 5844 1240 5913 οὐδέ
1305 5860 1415 5930 γὰρ
1479 5864 1748 5933 ἀπολογία

158 5930 334 6017 ἔσται
350 5930 483 6017 ημῖν
504 5934 687 5993 λοιπδν
714 5944 837 5998 οὐδέ
867 5930 1183 6017 συγγνώμη.
1212 5944 1277 5998 Εἰ
1313 5944 1419 6016 γάρ
1453 5946 1547 5998 καὶ
1579 5930 1746 6017 μηδεο

156 6011 259 6074 νὸς
281 6010 431 6085 [ml
458 6014 610 6082 ὄντος
638 6024 860 6092 τούτων,
892 6010 1065 6085 πάντα
1088 6010 1743 6105 ὑπομένειν-ἐχρῆκίὺπέρ

229 6116 259 6148 ⁸
278 6115 428 6171 ειτιι.
449 6122 626 6185 αἰδοῦς,
651 6128 820 6183 Morel.
845 6134 976 6187 ὀδοῦ,

839 494 1120 552 CONTRA
1162 494 1295 551 EOS
1330 496 1445 564 QUI
1488 498 2111 556 SUBINTRODUCTAS
2152 498 2428 555 [IABENT
2470 499 2817 558 VIRGINES.

3345 503 3451 558 512

1876 618 1977 689 τῆς
1999 618 2092 672 τοῦ
2125 618 2259 671 Θεοῦ
2285 618 2443 689 δόξης
2461 633 2476 647 ’
2508 620 2634 673 ὅταν
2655 620 2751 673 καὶ
2774 619 2841 672 τά
2860 617 3091 672 ἐνταῦθα
3110 619 3452 691 καρποῦσθαι

1877 704 2047 773 παρῇ,
2083 703 2177 755 καὶ
2203 700 2314 755 τῶν
2343 701 2640 773 μελλόντων
2669 704 2947 771 ἐπιτυχεῖν
2986 701 3206 769 ἀγαθῶν
3233 743 3247 764 ,
3289 706 3453 773 ἡμεῖς

1874 784 1931 837 δὲ
1989 784 2122 855 πρὸς
2156 785 2215 837 τὸ
2244 783 2342 855 τὴν
2378 783 2471 837 τοῦ
2506 785 2637 838 Θεοῦ
2673 785 3110 854 βλασφημείσθω
3137 785 3317 852 δόξαν,
3359 788 3454 840 καὶ

1874 868 2100 929 ἑαυτοὺς
2129 866 2647 937 προσαπολλύωμεν,
2680 868 2763 931 τίς
2799 869 2945 936 ἡμᾶς
2972 866 3318 939 ἐξαιρήσεται
3358 869 3452 923 καὶ

1872 949 2171 1016 ἀπαλλάξει
2212 950 2316 1018 τῆς
2348 952 2615 1022 τιμωρίας
2656 952 2757 1021 τῆς
2799 951 2892 1003 ἐπὶ
2923 949 3134 1014 τούτοις
3159 953 3448 1024 κειμένης;

1872 1036 1986 1087 Οὐκ
2018 1034 2161 1087 ἐστιν
2180 1035 2378 1097 οὐδεὶς.

1944 1117 2033 1187 ιβ’.
2066 1118 2246 1171 Ταῦτα
2276 1114 2369 1171 οῦν
2396 1116 2608 1170 ἅπαντα
2628 1117 3025 1186 συναγαγόντες
3042 1116 3177 1188 πρὸς
3201 1118 3445 1181 ἐαυτούς,

1870 1200 2294 1272 καταλλαγῶμεν
2324 1201 2423 1270 ὀψὲ
2460 1200 2587 1267 γοῦν
2620 1218 2745 1252 ποτε
2773 1206 2838 1270 τῇ
2889 1202 3133 1271 σωτηρίᾳ
3161 1201 3270 1254 τῶν
3305 1203 3444 1272 ἡμεο

1868 1284 2040 1353 τέρων
2066 1284 2273 1354 ψυχῶν.
2324 1286 2387 1337 Et
2437 1283 2495 1336 δέ
2546 1283 2693 1336 δοκεῖ
2722 1300 2842 1335 τινα
2897 1283 3181 1337 δυσκολίαν
3212 1284 3356 1354 ἔχειν
3386 1283 3447 1338 τδ

1870 1368 2154 1437 συνήθειαν
2209 1368 2629 1437 ἀποσπασθῆναι
2676 1366 2918 1436 μακρὰν,
2972 1369 3037 1436 τῇ
3092 1366 3317 1437 δυνάμει
3348 1367 3446 1421 τοῦ

1866 1449 2123 1521 λογισμοῦ
2164 1452 2301 1521 μετά
2332 1452 2432 1522 τῆς
2463 1450 2555 1503 τοῦ
2595 1447 2729 1503 Θεοῦ
2778 1448 2998 1519 χάριτος
3027 1448 3053 1487 δ
3082 1449 3142 1501 τὸ
3174 1452 3280 1502 πᾶν
3326 1451 3447 1502 ἐπι-

1863 1533 2181 1604 τρέψαντες,
2214 1536 2438 1587 κάκεῖνο
2468 1532 2756 1591 πείσαντες
2788 1532 3037 1595 ἐαυτούς,
3095 1531 3198 1593 ὃτι,
3248 1532 3313 1584 ἂν
3342 1533 3445 1601 ἀρ-

1864 1618 1963 1688 χὴν
2011 1620 2170 1686 μόνον
2227 1617 2504 1682 ἐπιθῶμεν
2543 1616 2621 1686 τῷ
2679 1618 2989 1685 πράγματι,
3048 1614 3150 1666 οὐκ
3197 1615 3277 1667 ἐτι
3316 1615 3444 1682 όψό·

1866 1700 2005 1769 μεθα
2031 1701 2289 1770 δυσχερές
2304 1716 2319 1730 ·
2341 1698 2483 1752 οὕτω
2508 1699 2995 1769 κατατολμήσομεν
3010 1698 3109 1768 τῆς
3132 1696 3441 1767 συνηθείας.

1864 1784 1958 1834 Ἂν
1988 1784 2096 1854 γάρ
2147 1784 2277 1836 δέκα
2320 1782 2529 1852 ήμέρας
2582 1781 2775 1833 σαυτὸν
2819 1782 3158 1851 ἀποστήσης,
3206 1780 3443 1834 εὐκολώ-

1859 1883 2015 1937 τερον
2065 1866 2166 1929 τάς
2206 1868 2413 1919 εἴκοσιν
2441 1864 2633 1927 οἴσεις,
2682 1864 2776 1915 καὶ
2820 1864 2902 1925 δἰς
2939 1863 3206 1926 τοσαύτας
3235 1866 3398 1918 πάλιν
3427 1883 3442 1896 ·

1859 1945 1975 2001 εἶτα
2033 1949 2138 2019 όδῴ
2204 1949 2517 2019 προϐαίνων
2570 1946 2689 2000 οὐδὲ
2746 1946 3001 2014 αἴσθησιν
3051 1945 3199 2018 λήψῃ
3258 1947 3443 1999 λοιπὸν

1855 2034 1954 2103 τῆς
2010 2036 2068 2086 ἐν
2118 2034 2259 2104 ἀρχῇ
2317 2031 2635 2093 δυσκολίας,
2670 2028 2809 2082 ἀλλά
2860 2029 2923 2081 τὸ
2960 2028 3167 2100 σφόδρα
3208 2030 3445 2082 δυσκατ-

1854 2116 2151 2184 αγώνιστον
2187 2114 2554 2169 εὐκολώτατον
2592 2114 2711 2183 δψει
2738 2112 3042 2183 γινόμενον,
3088 2113 3183 2165 καὶ
3220 2114 3301 2175 εἰς
3330 2113 3446 2165 ἐτέ-

1860 2216 1958 2267 ραν
1998 2199 2160 2252 πάλιν
2194 2198 2561 2266 καταστήσεις
2602 2196 2829 2247 σεαυτὸν
2870 2195 3179 2265 συνήθειαν,
3216 2195 3311 2247 καὶ
3348 2197 3444 2266 ρᾳ-

1856 2281 1971 2333 δίαν
1999 2283 2255 2352 εὑρήσεις
2283 2280 2383 2351 τὴν
2416 2278 2714 2350 μετάθεσιν
2744 2273 2909 2331 οὖσαν
2944 2278 3004 2329 οὑ
3031 2277 3119 2330 διά
3156 2277 3445 2347 συνήθειαν

1862 2363 2042 2431 μόνον,
2071 2363 2205 2416 ἀλλά
2235 2366 2330 2416 καὶ
2362 2362 2451 2415 διά
2494 2361 2594 2425 τὰς
2633 2360 2877 2432 χρηστάς
2912 2358 3153 2423 ἐλπίδας.
3186 2359 3343 2412 υῦτω
3383 2376 3442 2411 σε

1858 2447 2106 2498 κάκεῖναι
2141 2445 2515 2516 θαυμάσονται
2553 2445 2841 2515 μειζόνως,
2883 2443 2979 2496 καὶ
3023 2444 3052 2495 ό
3079 2442 3211 2505 Θεὸς
3250 2442 3445 2495 ἀποδέ-

1859 2526 2007 2591 ξεται
2052 2528 2156 2599 πρὸ
2193 2528 2435 2589 ἐκείνων,
2477 2527 2573 2580 καὶ
2623 2526 2824 2589 πάντες
2855 2525 3130 2596 ἄνθρωποι
3169 2524 3446 2595 στεφανώ-

1860 2627 2042 2674 σουσι,
2086 2610 2181 2662 καὶ⁵
2216 2610 2331 2679 βίον
2611 2609 2811 2678 πολλὴν
2854 2610 2950 2679 μὲν
3004 2608 3195 2678 ἔχοντα
3230 2608 3444 2662 ἐλευθε-

1859 2692 2000 2763 ρίαν,
2055 2692 2255 2763 πολλῆν
2301 2692 2358 2745 δὲ
2412 2692 2509 2762 τὴν
2568 2691 2784 2762 ήδονήν.
2840 2690 2906 2743 Τί
2958 2690 3067 2761 γὰρ
3114 2690 3179 2743 ἂν
3232 2691 3446 2759 γένοιτο

1853 2777 2001 2846 ἥδιον
2034 2776 2127 2829 τοῦ
2169 2776 2263 2829 τοῦ
2300 2774 2540 2846 πονηροῦ
2588 2774 2888 2837 συνειδότος
2917 2773 3321 2844 ἀπαλλαγῆναι,
3351 2774 3447 2827 καὶ

1849 2859 1941 2912 τὸν
1982 2859 2207 2930 διηνεκῆ
2241 2858 2340 2929 τῆς
2370 2857 2670 2927 ἐπιθυμίας
2708 2856 3016 2911 καταλῦσαι
3052 2857 3307 2927 πόλεμον,
3352 2859 3447 2911 καὶ

1854 2942 1991 3012 μετά
2038 2942 2240 3012 πολλῆς
2290 2942 2391 3011 τῆς
2434 2940 2688 3005 εὐκολίας
2740 2940 2833 2993 τὸν
2872 2939 3040 2993 καλὸν
3088 2940 3189 3009 τῆς
3228 2957 3443 3010 σωφροο

1854 3025 2017 3093 σύνης
2053 3024 2277 3077 πλέκειν
2320 3022 2607 3091 στέφανον,
2656 3022 2753 3077 καὶ
2782 3021 3090 3091 ἐλευθέροις
3124 3023 3224 3091 μὲν
3250 3022 3447 3090 ὀφθαλ-

1856 3111 1975 3177 μοῖς
2030 3108 2167 3178 πρδς
2218 3108 2310 3159 τὸν
2346 3105 2577 3176 οὐρανὸν
2628 3105 2870 3175 βλέπειν,
2923 3104 3143 3175 καθαρᾷ
3190 3104 3249 3157 δέ
3292 3109 3442 3175 φωνῇ

1855 3191 1950 3242 καὶ
1996 3190 2192 3261 καρδία
2240 3189 2329 3241 τὸν
2371 3188 2626 3241 ἁπάντων
2674 3187 2953 3258 Δεσπότην
2997 3187 3209 3252 καλεῖν;
3258 3188 3445 3249 Οὐδεὶς

1854 3274 1997 3327 οὑτω
2045 3271 2329 3343 δεσμώτης
2387 3270 2630 3334 ἁλύσεως
2683 3270 3018 3339 ἀπαλλαγεὶς
3080 3270 3174 3322 καὶ
3226 3268 3442 3340 αὐχμοῦ

1854 3358 1948 3411 καὶ
1979 3356 2081 3427 τῆς
2117 3356 2282 3426 ἄλλης
2324 3356 2422 3425 τῆς
2448 3356 2506 3407 ἐν
2538 3354 2617 3424 τῷ
2648 3353 3009 3425 δεσμωτηρίῳ
3038 3352 3442 3425 ταλαιπωρίας,

1855 3440 2054 3511 μᾶλλον
2118 3439 2174 3491 δέ
2222 3437 2395 3499 οὐδεὶς
2453 3435 2596 3489 οὑτω
2668 3436 2766 3499 τάς
2827 3436 2980 3505 ὄψεις
3044 3435 3446 3507 πεπηρωμένος

1853 3522 2183 3592 ἀναϐλέψας,
2220 3520 2403 3575 καὶτὸ
2432 3519 2605 3589 γλυκὺ
2639 3517 2800 3571 τοῦτο
2844 3518 2960 3588 φῶς
2994 3517 3118 3572 ἰδὼν
3152 3518 3445 3587 ἀγάλλεται

1854 3608 1947 3661 καὶ
1974 3606 2239 3675 γάννυται
2271 3605 2367 3657 καὶ
2398 3603 2620 3674 σκιρτᾷ,
2664 3601 2739 3665 ὼς
2765 3603 2794 3655 ό
2832 3601 2933 3669 τῆς
2966 3602 3212 3665 δουλείας
3240 3600 3443 3669 ταύτης

1852 3688 2280 3760 ἐλευθερωθῆναι
2330 3686 2601 3757 δυνηθείς.
2650 3686 2761 3740 Καὶ
2796 3684 2905 3756 γάρ
2955 3685 3050 3739 τοῦ
3100 3686 3280 3754 φωτὸς
3316 3684 3445 3753 γλυ-

1853 3772 2057 3843 κυτέρα
2098 3769 2280 3840 πολλῷ
2313 3771 2412 3840 τῆς
2459 3767 2775 3839 τυραννίδος
2822 3766 3030 3837 ταύτης
3066 3770 3098 3839 ή
3130 3768 3442 3838 ἀπαλλαγὴ,

1852 3858 1946 3909 καὶ
1976 3855 2139 3923 ζόφου
2176 3853 2376 3915 παντὸς
2426 3851 2614 3905 τούτου
2660 3850 3021 3922 χαλεπωτέρα
3070 3851 3167 3921 τῆς
3192 3848 3443 3913 δουλείας

1853 3939 2068 4009 ἐκείνης
2108 3937 2201 3990 καὶ
2244 3936 2352 3988 τῶν
2398 3933 2614 4004 δεσμῶν
2657 3936 2691 4004 ἡ
2736 3933 3103 4003 ταλαιπωρία.
3141 3932 3301 3985 Ἀλλά
3334 3935 3443 4003 γὰρ

1853 4022 1904 4073 τί
1943 4020 2049 4091 χρὴ
2078 4019 2251 4072 ταῦτα
2284 4017 2548 4089 μηκύνειν
2593 4017 2854 4087 ἐκατέρου
2888 4016 3040 4085 βίους
3069 4013 3164 4067 τοῦ
3203 4014 3301 4083 μὲν
3344 4014 3443 4084 τὴν

1855 4102 2235 4173 ἀνελευθερίαν
2268 4104 2362 4156 καὶ
2404 4101 2505 4172 τῆν
2550 4100 2789 4171 ἀθυμίαν
2830 4100 2925 4152 καί⁵
2969 4098 3067 4169 τὴν
3116 4097 3319 4167 βλάϐην
3350 4099 3446 4149 καὶ

1854 4189 1952 4259 τὴν
1983 4187 2183 4255 πολλὴν
2213 4184 2498 4255 τηκεδόνα,
2529 4186 2624 4236 τοῦ
2656 4184 2712 4236 δέ
2746 4184 2846 4253 τὴν
2874 4182 3187 4252 ἐλευθερίαν
3218 4180 3311 4234 καὶ
3345 4198 3443 4250 την

1856 4271 2047 4342 ήδονὴν
2079 4271 2173 4322 καὶ
2201 4268 2298 4338 τὴν
2338 4268 2609 4336 ὠφέλειαν
2658 4268 2754 4319 καὶ
2796 4264 2894 4336 τὴν
2936 4264 3136 4335 πολλὴν
3184 4262 3443 4333 παραδε-

1855 4354 2075 4416 κνύντος
2111 4350 2494 4423 σωφροσύνην;
2531 4350 2686 4417 λόγος
2719 4348 2829 4420 γάρ
2867 4347 3043 4412 οὐδεὶς
3082 4347 3221 4400 αὐτά
3259 4363 3440 4417 παρα-

1858 4438 2049 4508 στῆσαι
2089 4435 2394 4504 δυνήσεται,
2439 4433 2574 4503 μόνη
2596 4432 2654 4484 δέ
2686 4432 2794 4485 τῶν
2819 4432 3169 4502 πραγμάτων
3191 4432 3225 4501 ἡ
3250 4433 3437 4501 πεῖρα.

1854 4522 1962 4574 Καὶ
2018 4520 2139 4572 τότε
2206 4516 2418 4569 εἴσεσθε
2471 4515 2651 4578 καλῶς
2702 4516 2864 4568 τίνων
2926 4516 3025 4586 μὲν
3082 4515 3439 4586 ἀπηλλάγητε

1854 4602 2057 4665 κακῶν,
2091 4602 2250 4664 ποίας
2275 4600 2331 4654 δέ
2359 4598 2653 4669 ἐπετύχετε
2685 4598 2852 4669 ζωῆς,
2882 4599 3010 4651 ὅταν
3041 4599 3172 4669 ἡμῖν
3213 4597 3305 4650 διά
3329 4597 3441 4650 τῶν

1854 4686 2193 4757 πραγμάτων
2238 4682 2535 4754 βουληθῆτε
2571 4682 2895 4751 πεισθῆναι·
2931 4680 3294 4753 πεισθήσεσθε
3331 4681 3440 4733 τοί·

1851 4788 1968 4832 νυν,
2008 4770 2136 4822 ὅταν
2182 4767 2271 4822 διὰ
2321 4767 2431 4819 τῶν
2475 4766 2651 4837 ἔργων
2690 4764 2867 4817 αὐτῶν
2903 4767 2973 4818 τά
3023 4764 3292 4836 εἰρημένα
3337 4764 3440 4835 μά·

1853 4852 2001 4923 θητε.
2039 4854 2102 4905 Et
2138 4852 2195 4905 δὲ
2238 4851 2316 4904 ἐτι
2350 4850 2825 4918 δυσανασχετεῖτε,
2853 4849 2950 4901 καὶ
2986 4851 3102 4911 τοῖς
3151 4848 3439 4919 ἡμετέροις

1851 4938 2128 4990 ἀπιστεῖτε
2172 4936 2383 5002 λόγοις,
2436 4933 2629 5004 έρεσθέ
2678 4950 2834 4997 τινας
2890 4932 2999 4986 τῶν
3054 4931 3257 5003 ταύτην
3308 4932 3438 4984 ποτὲ

1849 5021 2245 5075 δουλευσάντων
2272 5020 2370 5090 τὴν
2405 5018 2677 5081 δουλείαν,
2712 5014 2831 5071 εἶτα
2869 5016 3063 5088 ἀθρόον
3095 5014 3435 5083 ἀπαλλαγέν-

1850 5123 1979 5171 των,
2006 5106 2099 5158 κα“ι
2130 5105 2265 5175 πρὸς
2305 5103 2404 5174 τὴν
2440 5103 2614 5173 καλὴν
2642 5102 3063 5174 ἀναδραμόιτων
3097 5098 3436 5169 ἐλευθερίαν,

1852 5190 1947 5243 καὶ
2006 5189 2128 5242 τότε
2185 5185 2462 5257 γνώσεσθε
2518 5188 2618 5257 τῆς
2690 5183 3054 5256 παραινέσεως
3122 5181 3324 5252 ταύτης
3377 5181 3439 5233 τὸ

1852 5274 2065 5346 κέρδος.
2112 5273 2268 5327 Ἐπεὶ
2321 5272 2417 5326 καὶ
2459 5273 2487 5324 ό
2530 5270 2779 5341 Σολομὼν
2842 5267 3005 5337 ἡνίκα
3061 5266 3161 5337 μὲν
3212 5269 3279 5338 τῇ
3328 5266 3437 5317 τῶν

1856 5359 2122 5431 βιωτικῶν
2168 5358 2433 5429 ἐπιθυμίᾳ
2478 5355 2818 5427 πραγμάτων
2864 5349 3173 5422 κατείχετο,
3228 5350 3437 5422 μεγάλα

1852 5462 1912 5498 τε
1942 5445 2082 5498 αὐτά
2113 5440 2361 5513 ἐνόμιζεν
2406 5436 2545 5492 εἶναι
2604 5437 2695 5492 καὶ
2741 5434 3055 5506 θαυμαστὰ,
3098 5436 3192 5488 καὶ
3240 5433 3438 5503 πολλὴν

1854 5530 1980 5599 περὶ
2012 5526 2151 5581 αὑτά
2187 5528 2283 5596 τὴν
2323 5522 2638 5594 φιλοπονίαν
2672 5520 3044 5583 ἐπεδείκνυτο,
3072 5518 3332 5589 λαμπράς
3377 5533 3437 5569 τε

1851 5611 2295 5683 οἰκοδομούμενος
2338 5608 2549 5672 οἰκίας,
2589 5606 2685 5662 καὶ
2726 5605 2949 5677 χρυσίον
3002 5604 3249 5672 συνάγων
3286 5601 3441 5653 ἀπει-

1854 5717 1967 5771 ρον,
2019 5694 2292 5767 μουσικῶν
2342 5711 2399 5746 τε
2452 5694 2649 5765 χοροὺς
2695 5692 2791 5745 καλ⁵
2839 5684 3251 5763 τραπεζοποιῶν
3288 5683 3437 5771 Δγένη

1852 5765 2169 5835 παντοδαπά
2201 5776 2355 5851 [2-17]
2391 5778 2485 5831 καὶ
2530 5776 2810 5849 μαγείρων
2845 5772 3113 5826 πάντοθεν
3149 5765 3437 5837 συναθροί-

1851 5863 1979 5930 ξων,
2008 5863 2103 5917 καὶ
2135 5861 2233 5933 τὴν
2277 5862 2388 5917 ἀπὸ
2428 5861 2539 5916 τῶν
2582 5862 2778 5931 κήπων
2826 5858 3005 5928 χάριν,
3050 5853 3143 5908 καὶ
3189 5851 3289 5924 τὴν
3322 5851 3434 5904 ἀπὸ

1852 5950 1959 6003 τῶν
1986 5948 2255 6019 λαμπρῶν
2290 5946 2559 6019 σωμάτων
2590 5943 2780 6015 ήδονὴν
2806 5940 3043 6011 δαψιλῶς
3088 5935 3437 6009 παρασκευά-

1852 6035 1961 6099 ζων
1992 6036 2060 6105 τῇ
2090 6032 2190 6103 τῆς
2225 6031 2403 6102 ψυχῆς
2432 6028 2718 6099 ἐπιθυμίᾳ,
2748 6027 2843 6082 καὶ
2882 6026 3087 6092 πᾶσαν,
3120 6022 3196 6084 ὡς
3236 6019 3431 6083 εἰπεῖν,

1914 6139 1942 6178 δ
1967 6136 2114 6189 Ξανὲι.
2142 6138 2258 6196 μιτά
2279 6137 2364 6194 τὴν
2384 6134 2469 6185 τοῦ
2489 6132 2613 6185 Θεοῦ
2634 6137 2767 6198 χάριν
