4392 6714
905 430 1012 487 513

903 548 1024 602 ὸδδν
1089 543 1446 616 ψυχαγωγίας
1519 545 1617 598 καὶ
1675 548 1923 621 τέρψεως
1989 550 2169 621 ἐαυτῷ
2230 550 2480 621 τέμνων’

906 628 1095 697 ἐπειδὴ
1124 628 1181 681 δὲ
1211 627 1405 696 μικρὸν
1439 628 1650 683 ἐκεῖθεν
1680 634 1971 703 ἀνήνεγκε,
2012 634 2107 687 καὶ
2146 634 2398 704 καθάπερ
2428 632 2486 699 ἐξ

906 710 1144 763 ἀϐύσσου
1180 709 1326 774 τινὸς
1359 710 1595 782 ζοφερᾶς
1628 715 1928 785 ἀναϐλέψαι
1972 717 2107 787 πρὸς
2144 717 2206 769 τὸ
2248 719 2349 787 τῆς
2397 735 2485 786 φι-

907 793 1161 861 λοσοφίας
1192 794 1379 864 ῐσχυσε
1413 796 1549 865 φῶς,
1579 798 1879 867 τηνικαῦτα
1902 801 1999 869 τὴν
2029 798 2241 870 ὑψηλὴν
2271 800 2487 869 ἐκείνην

908 878 1002 932 καὶ⁹
1050 876 1150 947 τὴν
1197 878 1308 931 τῶν
1362 880 1605 950 οὐρανῶν
1666 880 1823 945 ἀξίαν
1882 882 2061 950 ἀφῆκε
2109 885 2327 954 φωνήν
2366 888 2487 937 Ma-

906 960 1581 1029 ταιότηςματαιοτήτων,
1603 962 1796 1029 λέγων,
1831 964 1899 1016 τὰ
1916 963 2114 1017 πάντα
2134 968 2484 1034 ματαιότης.

979 1041 1196 1114 Ταύτην
1232 1046 1327 1098 καὶ
1381 1045 1570 1113 ὑμεῖς,
1625 1046 1722 1098 καὶ
1752 1046 1958 1117 ταύτης
2019 1048 2377 1121 ὑψηλοτέραν,
2422 1048 2488 1101 ἂν

910 1121 1220 1196 ἐθελήσητε,
1262 1126 1441 1195 ψῆφον
1495 1126 1677 1180 οἴσετε
1713 1130 1841 1201 περὶ
1883 1130 1985 1199 τῆς
2013 1130 2247 1201 ἀκαίρου
2287 1129 2490 1199 ταύτης

908 1208 1119 1279 ἡδονῆς,
1151 1209 1246 1261 ἐάν
1294 1210 1491 1281 μικρὸν
1535 1212 1763 1275 ἑαυτοὺς
1798 1212 1900 1282 τῆς
1951 1215 2195 1284 πονηρᾶς
2246 1214 2489 1281 ἀποστή-

910 1307 1036 1361 σητε
1084 1292 1394 1360 συνηθείας.
1433 1294 1630 1347 Καίτοι
1670 1312 1734 1363 γε
1762 1296 1791 1346 ό
1821 1294 2071 1365 Σολομὼν
2117 1297 2175 1349 ἐν
2216 1297 2330 1357 τοῖς
2380 1295 2492 1348 ἀνω

907 1374 1195 1444 γενόμενος
1223 1376 1439 1446 χρόνοις
1473 1378 1594 1431 οὐδέ
1638 1378 1837 1446 πολλὴν
1872 1378 2134 1450 ἀπῃτεῖτο
2174 1378 2494 1447 φιλοσοφίας

908 1456 1219 1527 ἀκρίϐειανο
1264 1458 1387 1511 οὐτε
1433 1461 1543 1530 γάρ
1588 1461 1798 1529 τρυφᾷν
1826 1461 1855 1512 ὀ
1886 1460 2111 1523 παλαιὸς
2154 1459 2360 1513 ἐκώλυε
2408 1461 2496 1515 νό-

914 1556 1046 1609 μος,
1096 1540 1219 1593 οὔτε
1262 1542 1371 1594 τῶν
1422 1542 1597 1595 ἀλλων
1646 1543 2002 1596 ἀπολαύσεων
2056 1543 2351 1597 ἀπολαύειν
2399 1562 2498 1598 πε-

913 1622 1094 1692 ριττὸν
1146 1623 1345 1693 ἔφησεν
1396 1619 1535 1677 εἶναι
1581 1626 1679 1678 καὶ
1737 1627 1997 1696 μάταιον·
2040 1627 2153 1681 ἀλλ’
2196 1630 2345 1697 ὅμως
2403 1630 2499 1681 καὶ

908 1702 1050 1757 οὕτω
1089 1706 1196 1757 τῶν
1248 1708 1591 1779 πραγμάτων
1628 1709 1858 1779 ἐχόντων
1885 1710 2125 1781 ἠδυνήθη
2164 1712 2395 1764 συνιδεῖν
2438 1712 2498 1764 τὸ

908 1786 965 1839 ἐν
1005 1787 1186 1851 αὐτοῖς
1219 1790 1502 1860 ἀνόνητον,
1546 1793 1641 1845 καὶ
1688 1792 1888 1865 πολλὴν
1934 1793 2115 1846 αὐτῶν
2154 1794 2496 1861 καταγνῶναι

912 1870 1268 1943 ματαιότητα.
1310 1874 1501 1943 Ἡμεῖς
1551 1875 1610 1927 δὲ
1653 1876 1747 1927 ἐπὶ
1783 1876 2003 1944 μείζονα
2055 1876 2369 1945 καλούμεθα
2399 1892 2497 1927 πο-

908 1952 1137 2015 λιτείαν,
1187 1956 1281 2007 καὶ
1340 1957 1475 2026 πρὸς
1522 1956 1860 2027 ὑψηλοτέραν
1919 1957 2283 2027 ἀναϐαίνομεν
2333 1975 2496 2027 κορυ-

907 2037 1035 2105 φην,
1066 2038 1158 2089 καὶ
1185 2036 1321 2106 πρὸς
1353 2038 1575 2106 μείζονα
1606 2037 1999 2108 ἀπεδυσάμεθα
2031 2040 2357 2108 σκάμματα.
2388 2040 2498 2091 Καὶ

904 2118 960 2169 τί
998 2119 1105 2189 γάρ
1135 2118 1320 2191 ἕτερον
1351 2120 1466 2173 ἀλλ’
1510 2122 1543 2190 ἢ
1598 2122 1736 2175 κατά
1786 2121 1883 2185 τάς
1930 2124 2044 2177 ἀνω
2093 2122 2354 2193 δυνάμεις
2400 2121 2499 2184 τάς

904 2201 1099 2271 νοεράς
1144 2203 1239 2255 καί⁹
1290 2203 1622 2274 ἀσωμάτους
1686 2204 1899 2267 ἐκείνας
1960 2204 2343 2259 πολιτεύεσθαι
2402 2221 2497 2258 κε-

906 2280 1211 2353 λευόμεθα;
1248 2286 1373 2349 Πῶς
1421 2282 1516 2340 οῦν
1554 2288 1656 2342 οὐκ
1688 2288 1914 2359 αἰσχρὸν
1968 2289 2075 2342 καὶ
2114 2287 2321 2359 πολλῆς
2350 2286 2501 2352 ἀξιον

906 2366 1183 2432 κολάσεως
1232 2369 1492 2434 ἐλάττους
1526 2372 1739 2426 ἐκείνου
1785 2373 2021 2442 φανῆναι
2056 2372 2256 2442 πολλῷ,
2287 2372 2384 2427 καὶ
2425 2371 2502 2443 μὴ

911 2449 1073 2519 μόνον
1106 2452 1215 2504 τῶν
1260 2456 1778 2525 συγκεχωρημένων
1834 2455 1909 2526 μὴ
1942 2455 2193 2523 γίνεσθαι
2240 2455 2501 2525 ὑψηλοτέ-

911 2550 1060 2605 ρους,
1094 2536 1347 2607 καθάπερ
1378 2538 1607 2601 ἐκεῖνος,
1654 2538 1793 2591 ἀλλά
1822 2540 1917 2591 καὶ
1950 2539 2059 2591 τῶν
2104 2539 2501 2607 κεκωλυμένων

907 2618 1001 2670 καὶ
1028 2619 1296 2687 τιμωρίαν
1345 2621 1577 2689 ἐχόντων
1627 2621 1903 2692 ἀφόρητον
1932 2621 2240 2684 ἀπτεσθαις
2287 2622 2360 2674 Τὸ
2390 2621 2499 2690 γάρ

906 2700 1083 2769 ἔρωτα
1114 2703 1171 2752 ἐν
1198 2705 1265 2771 τῇ
1295 2701 1440 2772 ψυχῇ
1477 2703 1713 2774 πονηρὸν
1741 2705 1985 2773 τρέφειν,
2024 2706 2116 2757 καὶ
2144 2702 2283 2774 πρὸς
2312 2703 2500 2757 ἐπιθυ-

909 2784 1039 2854 μίαν
1074 2786 1205 2857 ὀρᾷν
1228 2788 1482 2854 γυναῖκα,
1511 2786 1604 2839 καὶ
1635 2786 2076 2857 καταμανθάνειν
2113 2787 2311 2850 κάλλος
2342 2786 2500 2839 ἀλλό⁹

906 2883 1079 2937 τριον,
1129 2869 1222 2921 καὶ⁸
1278 2869 1662 2938 καταισχύνειν
1720 2870 1821 2940 μὲν
1871 2870 2086 2935 ἐαυτὸν,
2139 2869 2407 2940 βλάπτειν
2440 2870 2499 2923 δὲ

908 2951 1036 3013 τοὺς
1065 2952 1514 3023 ἀσθενεστέρους,
1558 2953 1655 3005 καὶ
1704 2952 1907 3017 πολλάς
1958 2953 2057 3025 μέν
2089 2953 2321 3025 Ἕλλησι
2355 2971 2499 3025 παρ-

910 3033 1055 3101 έχειν
1096 3033 1298 3097 λαϐάς,
1344 3035 1541 3096 πολλὰς
1570 3035 1627 3089 δέ
1661 3035 1967 3100 Ἰουδαίοις,
2008 3036 2104 3089 καὶ
2149 3036 2278 3100 τούς
2314 3052 2374 3088 τε
2420 3039 2500 3088 οί-

910 3115 1091 3178 κείους
1126 3118 1255 3181 τούς
1286 3135 1345 3171 τε
1377 3119 1693 3190 ἀλλοτρίους
1721 3117 2126 3183 ὑποσκελίζειν,
2168 3120 2264 3173 καὶ
2297 3119 2498 3190 πολλὴν

907 3198 1009 3268 τῆς
1039 3199 1134 3252 τοῦ
1165 3200 1301 3254 Θεοῦ
1336 3201 1497 3271 δόξης
1533 3200 1971 3265 κατασκευάζειν
1996 3202 2368 3274 βλασφημίαν,
2406 3204 2499 3255 καὶ

906 3282 1293 3354 δουλοπρεπεῖς
1333 3284 1692 3356 ἀναδέχεσθαι
1742 3285 2049 3353 διακονίας,
2097 3287 2363 3358 καὶπρὸς
2406 3286 2497 3338 τὸν

908 3365 1017 3418 τῶν
1050 3366 1315 3437 βιωτικῶν
1343 3369 1684 3439 πραγμάτων
1714 3368 1941 3440 θόρυϐον
1964 3370 2193 3432 ἑαυτοὺς
2222 3368 2490 3433 είσωθεῖν,

912 3450 1006 3503 καί¹
1050 3450 1150 3521 τὴν
1196 3450 1535 3521 δωρηθεῖσαν
1566 3454 1699 3523 ημῖν
1749 3452 2062 3521 ἐλευθερίαν
2104 3454 2390 3525 προπίνειν
2418 3452 2495 3523 τῷ

908 3532 1165 3604 διαϐόλῳ,
1216 3535 1313 3587 καὶ
1360 3535 1566 3605 ταύτης
1611 3536 2004 3607 χαλεπωτάτην
2066 3536 2492 3590 ἀντικαταλλάτ-

910 3616 1098 3670 τεσθαι
1152 3618 1479 3690 τυραννίδα,
1534 3620 1629 3672 κα)⁹
1682 3620 2083 3689 καταγέλαστον
2138 3622 2236 3690 μὲν
2282 3620 2453 3687 φίλοις
2478 3659 2493 3680 ,

911 3700 1276 3754 ἐπονείδιστον
1308 3702 1365 3755 δὲ
1400 3701 1617 3773 ἐχθροῖς
1655 3698 1817 3769 εἶναι,
1862 3706 1955 3757 καὶ
1991 3705 2234 3775 πονηράν
2280 3706 2377 3775 μὲν
2416 3705 2495 3774 τῷ

912 3785 1076 3855 κοινῷ
1103 3786 1203 3857 τῆς
1239 3786 1570 3858 Ἐκκλησίας
1613 3787 2038 3860 προστρίϐεσθαι
2082 3788 2263 3854 δόξαν,
2306 3805 2497 3840 καται-

913 3868 1129 3937 σχύνειν
1176 3868 1232 3922 δὲ
1281 3869 1341 3922 τὸ
1381 3871 1580 3941 σεμνὸν
1609 3871 1711 3941 τῆς
1766 3870 2064 3939 παρθενίας
2118 3871 2355 3941 ἀξίωμα,
2404 3874 2497 3924 καὶ

912 3954 1025 4015 τοῖς
1058 3953 1398 4021 ἀσελγαίνειν
1438 3953 1783 4024 βουλομένοις
1820 3955 2019 4017 πολλάς
2058 3955 2318 4024 παρέχειν
2363 3972 2497 4024 προ-

915 4034 1130 4103 φάσεις,
1179 4036 1274 4087 καὶ
1322 4036 1488 4106 ἐτερα
1528 4037 1751 4090 πλείονα
1811 4037 2016 4090 τούτων
2066 4039 2498 4101 κατασκευάζειν

913 4117 1063 4170 δεινά
1106 4118 1347 4187 (ἃπαντα
1388 4119 1497 4189 γάρ
1538 4120 1661 4173 οὐτε
1694 4122 1945 4183 συνιδεῖν,
1974 4119 2097 4173 οὐτε
2128 4121 2272 4191 λόγῳ
2324 4140 2497 4193 παρα-

916 4204 1111 4271 στῆσαι
1159 4202 1405 4270 δυνατὸν,
1454 4205 1554 4257 ὅσα
1610 4204 1698 4258 διά
1755 4206 1863 4257 τῶν
1921 4205 2266 4276 πραγμάτων
2322 4206 2498 4258 αὐτῶν

914 4285 1289 4357 ὑπομένουσι),
1336 4288 1432 4341 καὶ
1475 4288 1587 4341 τῶν
1644 4289 1848 4361 σφόδρα
1902 4288 2300 4359 κεκωλυμένων
2349 4289 2494 4349 ἐστὶ,

914 4370 1011 4421 καὶ
1051 4367 1160 4423 τῶν
1213 4369 1432 4423 κόλασιν
1487 4371 1721 4439 ἐχόντων
1772 4372 2070 4443 ἀφόρητον.
2104 4373 2269 4424 Ὥστε
2321 4374 2369 4425 εί
2406 4373 2499 4425 καὶ

922 4453 1098 4523 μικρά
1144 4454 1230 4517 τίς
1278 4456 1428 4507 ἐστιν
1480 4454 1677 4525 ἡδονὴ,
1735 4457 1907 4509 ταῦτα
1961 4457 2137 4509 πάντα
2192 4456 2501 4520 ἀντιθέντες

1565 427 1624 482 S.
1662 427 1949 485 JOANNIS
1988 431 2481 489 CIIRYSOSTOMI
2522 432 2848 489 ARCHIEP.
2888 431 3441 490 CONSTANTINOP.

4078 436 4174 495 5H

2588 549 2793 621 ἐκείνῃ,
2827 551 2916 603 τὸν
2952 552 3186 617 γέλωτα,
3233 551 3329 622 τὴν
3374 545 3658 617 αἰσχύνην,
3693 544 3798 614 τὴν
3822 542 3940 596 τῶν
3974 546 4178 603 milia

2588 632 2843 699 ὑποψίαν,
2872 633 2972 695 τὰς
3008 637 3370 707 κατηγορίας,
3402 633 3470 687 τά
3505 630 3838 700 σκώμματα,
3882 628 3957 680 τὰ
3983 628 4176 701 ὀνείδη.

2586 714 2677 766 τὸν
2700 712 2958 783 σκώληκα
2980 714 3071 766 τὸν
3093 717 3470 789 ἀτελεύτητον,
3492 716 3552 769 τὸ
3578 713 3766 775 σκότος
3791 711 3856 761 τὸ
3884 708 4174 780 ἐξώτερον,

2588 796 2646 849 τὸ
2676 796 2787 867 πῦρ
2816 796 2875 849 τὸ
2902 797 3182 858 ἄσϐεστον,
3214 800 3313 868 τὴν
3339 801 3535 869 θλῖψιν,
3566 799 3663 870 τὴν
3694 793 4093 863 στενοχωρίαν,
4126 800 4180 848 τὶ)

2590 880 2811 952 βρύγμα
2830 880 2937 934 τῶν
2960 879 3209 941 ὀδόντων,
3227 882 3295 933 τά
3312 884 3487 952 δεσμὰ
3510 884 3579 937 τὰ
3601 884 3792 946 ἄλυτα,
3807 879 3905 933 καὶ
3928 876 4179 945 καθάπερ

2588 967 2646 1017 ἐν
2666 964 2961 1033 πλάστιγγι
2978 960 3305 1023 καταθέντες
3322 965 3416 1015 καὶ
3437 965 3659 1036 ἀντιστή
3668 980 3882 1027 σαντες,
3902 959 4182 1028 ἀποπηδῇ

2590 1066 2772 1119 σωμεν
2795 1048 2891 1117 ὀψὲ
2924 1046 3052 1116 γοῦν
3085 1060 3212 1096 ποτε
3236 1043 3335 1113 τῆς
3373 1045 3771 1119 χαλεπωτάτης
3806 1047 3905 1099 καὶ
3934 1042 4182 1115 ὀλεθρίας

2589 1132 2768 1196 νόσου,
2814 1132 2903 1185 ἵνα
2954 1128 3089 1201 μετά
3120 1126 3389 1196 λαμπρῶν
3442 1128 3769 1197 ἀπέλθωμεν
3815 1131 3942 1183 ἐκεῖ
3986 1124 4181 1193 στεφά-

2592 1234 2719 1276 νων.
2754 1217 2851 1270 καὶ
2887 1211 3202 1282 δυνηθῶμεν
3258 1208 3563 1279 ἐλευθέροις
3612 1211 3847 1278 στόμασι
3903 1210 4052 1279 πρὸς
4100 1208 4183 1259 τόν

2592 1299 2828 1371 Χριστὸν
2853 1299 3047 1361 είπεῖν,
3079 1295 3160 1347 δτι
3182 1293 3281 1345 Διά
3316 1291 3376 1344 σὲ
3409 1292 3503 1344 καὶ
3526 1290 3624 1361 τὴν
3653 1290 3814 1355 δόξαν
3838 1292 3947 1361 τὴν
3975 1293 4079 1361 σὴν
4098 1290 4184 1342 καὶ

2596 1381 2885 1453 συνηθείας
2906 1376 3410 1448 κατεφρονήσαμεν,
3432 1372 3583 1445 [248]
3608 1372 3703 1424 καὶ
3716 1372 3923 1440 ἡδονῆς
3947 1374 4183 1441 agni}-

2598 1482 2791 1535 σαμεν,
2827 1464 2919 1517 καὶ
2950 1464 3046 1532 τὴν
3084 1460 3257 1529 ψυχὴν
3287 1457 3583 1526 ἐθλίψαμεν
3611 1455 3708 1525 τὴν
3740 1454 4060 1525 ἡμετέραν,
4098 1456 4186 1506 καὶ

2598 1550 2778 1601 πᾶσαν
2817 1547 2998 1615 φιλίαν
3040 1542 3357 1604 ἐκϐαλόντες
3403 1540 3498 1591 καὶ
3529 1538 3824 1609 πρόληψιν,
3858 1537 3927 1588 σὲ
3959 1537 4062 1588 καὶ
4100 1537 4186 1587 τόν

2598 1632 2677 1693 είς
2708 1635 2768 1683 σὲ
2806 1630 2969 1683 πόθον
3000 1628 3248 1681 ἁπάντων
3280 1624 3769 1694 προτετιμήκαμεν
3808 1618 4183 1690 πραγμάτων.

2599 1713 2755 1766 Οῦτω
2799 1713 2908 1782 γάρ
2946 1709 3303 1781 κερδανοῦμεν
3354 1706 3499 1775 ἡμᾶς
3549 1705 3769 1766 αὐτοὺς,
3812 1698 4187 1771 κερδανοῦμεν

2599 1796 2658 1849 δὲ.
2690 1796 2789 1858 τὰς
2808 1795 2999 1857 ἀθλίας
3020 1794 3249 1854 ἐκείνας,
3273 1786 3637 1859 κερδανοῦμεν
3661 1787 3717 1838 δέ
3738 1787 3870 1848 τοὺς
3904 1782 4189 1837 σκανδαλι-

2600 1877 2883 1948 ζομένους,
2910 1878 3009 1930 καὶ
3040 1877 3168 1947 παρ’
3183 1874 3377 1935 αὐτοὺς
3398 1869 3708 1939 στησόμεθα
3723 1870 3851 1932 τούς
3872 1869 4185 1938 μάρτυρας.

2599 1964 2695 2015 καὶ
2736 1962 2835 2033 τὴν
2862 1960 3087 2032 πρώτην
3120 1955 3396 2027 ληψόμεθα
3420 1953 3592 2017 τάξιν.
3617 1952 3738 2005 Τῶν
3762 1952 3875 2022 γάρ
3902 1952 4007 2020 τὴν
4042 1950 4189 2033 μεγί-

2602 2062 2736 2114 στην
2751 2044 3102 2113 ἀθλησάντων
3117 2042 3338 2110 ἄθλησιν
3357 2038 3590 2107 ἐκείνην,
3604 2037 3697 2088 καὶ
3716 2035 3819 2098 τάς
3842 2032 4188 2103 καρτερικάς

2600 2126 2931 2195 ἐνεγκόντων
2957 2126 3172 2188 ὀδύνας,
3202 2125 3300 2177 οὐκ
3360 2121 3615 2174 ἐλάττονα
3640 2118 3863 2188 τίθεμαι
3900 2117 4191 2185 ἄνθρωπον

2599 2210 2692 2263 τὸν
2722 2208 2992 2279 ἐπιθυμία
3021 2208 3384 2277 κατεχόμενον
3411 2204 3633 2274 παλαιᾷ,
3653 2204 3747 2255 καὶ
3772 2204 3831 2254 ἐν
3857 2201 4067 2272 ἡδίστη
4088 2201 4194 2252 τινὶ

2602 2294 2696 2347 καὶ
2723 2293 2929 2365 ἀρχαίᾳ
2957 2290 3499 2363 προκατειλημμένον
3529 2285 3807 2357 συνηθείᾳ,
3831 2279 3958 2337 εἶτα
3980 2284 4076 2337 διὰ
4106 2284 4193 2336 τὸν

2600 2376 2695 2430 τοῦ
2711 2376 2847 2429 Θεοῦ
2874 2374 3040 2445 φόϐον
3056 2374 3418 2428 διακόπτοντα
3438 2371 3507 2425 τά
3532 2369 3723 2440 δεσμὰ,
3741 2370 3839 2421 καὶ
3868 2366 4020 2439 πρὸς
4038 2366 4104 2420 τδ
4121 2366 4194 2434 τῷ

2600 2459 2720 2530 Θεῷ
2740 2458 2931 2512 δοκοῦν
2951 2456 3337 2528 ἀνατρέχοντα.
3353 2455 3464 2509 Καὶ
3479 2452 3586 2523 γάρ
3599 2452 3704 2505 τῶν
3725 2451 3942 2521 σφόδρα
3966 2450 4093 2503 ἐστὶ
4110 2469 4196 2517 χαι

2600 2542 2954 2605 λεπωτάτων,
2974 2538 3320 2609 ωμπάθειάν
3340 2554 3399 2590 τε
3415 2538 3509 2591 καὶ
3524 2535 3910 2606 φιλοστοργίαν
3938 2533 4198 2586 ἐκϐαλεῖν

2600 2625 2856 2698 ἀρχαίαν,
2873 2625 2968 2677 καὶ
2980 2624 3077 2685 τάς
3091 2621 3465 2682 πολυπλόκους
3475 2618 3726 2688 διακόψαι
3741 2618 3942 2679 λαϐάς,
3956 2619 4060 2671 καὶ
4072 2634 4197 2668 πτε-

2604 2709 2895 2781 ροφυῆσαι,
2911 2708 3005 2760 καὶ
3026 2706 3161 2777 πρὸς
3188 2704 3288 2769 τάς
3314 2704 3600 2775 οὐρανίους
3615 2704 3805 2773 ἀψῖδας
3827 2702 4194 2773 ἀναδραμεῖν.

2601 2792 2713 2844 Καὶ
2729 2790 2983 2861 καθάπερ
3003 2789 3233 2851 ἐκείνοις
3246 2787 3443 2858 δριμὺς
3460 2787 3490 2839 ὁ
3508 2787 3689 2849 πόνος,
3706 2786 3849 2839 οὓτω
3864 2786 3966 2838 καὶ
3982 2785 4197 2847 τούτοις

2603 2875 2930 2947 μακροτέρα
2957 2876 2990 2945 ἡ
3019 2873 3203 2944 ὀδύνη.
3236 2871 3329 2924 Διὸ
3360 2870 3457 2923 καὶ
3488 2872 3538 2923 οί
3580 2871 3831 2939 στέφανοι
3864 2870 4038 2923 πάλιν
4072 2870 4195 2930 [σοι.

2602 2958 2790 3029 ἐπειδὴ
2818 2958 2914 3010 καὶ
2938 2957 3007 3010 τά
3035 2954 3393 3024 παλαίσματα
3419 2954 3603 3016 αὐτοῖς
3638 2953 3962 3025 παράλληλα
3991 2955 4196 3006 κεῖται.

2604 3043 2667 3095 Εἰ
2700 3040 2810 3112 γάρ
2837 3041 2867 3092 ό
2905 3037 3189 3107 ἐξαγαγὼν
3216 3036 3397 3108 τίμιον
3424 3035 3486 3099 ἐξ
3525 3036 3745 3100 ἀναξίου
3777 3036 3852 3098 ὡς
3896 3037 4081 3105 στόμα
4107 3034 4197 3087 τοῦ

2604 3120 2740 3174 Θεοῦ
2785 3120 2956 3182 ἐσται,
2993 3120 3021 3170 ό
3054 3118 3149 3171 καὶ
3178 3116 3369 3171 ἐαυτὸν
3398 3114 3789 3187 ἐλευθερώσας,
3816 3116 3915 3168 καὶ
3963 3115 4198 3185 μυρίους

2604 3203 2797 3266 ἄλλους
2842 3200 3157 3267 ἀπαλλάξας
3212 3199 3577 3270 κατηγορίας,
3618 3198 3873 3268 ἐννόησον
3918 3198 4053 3250 ὅσον
4108 3198 4197 3266 λη.

2602 3286 2761 3355 ψεται
2788 3284 2878 3337 τὸν
2919 3282 3131 3353 μισθὸν,
3169 3282 3263 3334 καὶ
3302 3284 3369 3352 τῇ
3419 3280 3528 3332 τῶν
3573 3280 3823 3333 ἐπάθλων
3852 3280 4047 3333 ἐλπίδι
4078 3298 4201 3333 κουο

2603 3367 2890 3438 φιζόμενος
2950 3364 3366 3435 καταφρόνησον
3435 3363 3721 3433 συνηθείας
3776 3366 4071 3433 πονηρᾶς,
4121 3365 4203 3416 tu

2601 3453 2743 3507 κατά
2779 3452 2840 3504 τὸ
2884 3448 2965 3521 τῷ
3009 3448 3131 3518 Θεῷ
3185 3447 3375 3500 δοκοῦν
3425 3446 3738 3518 διαδραμὼν
3788 3448 3885 3500 τὸν
3949 3447 4203 3519 παρόντα

2602 3538 2736 3608 βίον,
2772 3534 2909 3606 μετά
2943 3530 3185 3603 καθαροῦ
3216 3529 3520 3593 συνειδότος
3557 3531 3728 3599 αὐτὴν
3773 3530 3894 3602 ἴδῃς
3929 3532 4081 3597 ἐκεῖ,
4112 3535 4205 3584 καὶ

2600 3624 2698 3692 τῆς
2740 3618 3050 3687 ἁγιωτάτης
3090 3614 3260 3685 αὐτῆς
3302 3613 3619 3683 ἀπολαύσῃς
3654 3613 3895 3684 ὁμιλίας.
3933 3614 4069 3667 Τῶν
4099 3618 4205 3685 γὰρ

2604 3702 2930 3774 σωματικῶν
2982 3699 3253 3753 λυθέντων
3294 3697 3504 3762 παθῶν,
3555 3700 3649 3751 καὶ
3696 3698 3796 3767 τῆς
3848 3704 4201 3769 τυραννικῆς

2604 3786 2923 3855 σϐεσθείσης
2965 3782 3283 3852 ἐπιθυμίας,
3330 3781 3482 3835 οὐδὲν
3527 3782 3589 3835 τὸ
3634 3782 3841 3835 κωλύον
3892 3783 4111 3852 ἄνδρας
4145 3802 4204 3836 τε

2601 3869 2735 3941 ὀμοῦ
2782 3870 2876 3922 καὶ
2906 3869 3171 3936 γυναῖκας
3219 3860 3358 3918 εἶναι
3406 3866 3542 3930 ἐκεῖ,
3574 3865 3753 3936 πάσης
3788 3865 3890 3935 μὲν
3945 3866 4204 3920 ἐκποδὼν

2606 3955 2845 4025 πονηρᾶς
2873 3950 3039 4021 οὐσης
3086 3950 3342 4019 ὑποψίας,
3384 3949 3483 4019 τὴν
3510 3948 3566 4001 δέ
3598 3948 3704 4002 τῶν
3736 3949 3995 4019 ἀγγέλων
4047 3952 4202 4003 πολι-

2604 4038 2775 4099 τείαν,
2806 4036 2897 4089 καὶ
2935 4035 3041 4087 τῶν
3068 4034 3270 4106 νοερῶν
3297 4034 3576 4104 δυνάμεων
3611 4034 3832 4086 ἐκείνων
3875 4034 4204 4105 δυναμένων

2604 4118 2907 4184 διασώζειν,
2932 4118 3040 4171 τῶν
3074 4120 3153 4181 είς
3186 4120 3285 4188 τὴν
3321 4116 3597 4187 βασιλείαν
3637 4116 3747 4169 τῶν
3776 4117 4041 4187 οὐρανῶν
4093 4121 4205 4170 είσ⁴

2605 4204 2886 4275 ἀγομένων
2951 4204 3226 4266 ἀπάντων,
3278 4202 3460 4273 χάριτι
3510 4202 3604 4254 καὶ
3661 4200 4057 4271 φιλανθρωπία
4108 4202 4203 4253 τοῦ

2606 4286 2804 4359 Κυρίου
2849 4286 3003 4357 ἡμῶν
3044 4285 3223 4354 Ἰησοῦ
3276 4283 3547 4356 Χριστοῦ,
3587 4284 3703 4353 μεθ’
3737 4275 3801 4333 οὐ
3845 4282 3933 4351 τῷ
3985 4283 4202 4354 Πατρὶ,

2608 4372 2723 4441 ἃμα
2754 4369 2833 4441 τῷ
2864 4370 3004 4441 ἁγίῳ
3036 4368 3336 4439 ῐΙνεύματι,
3364 4368 3515 4434 δόξα,
3538 4367 3692 4437 τιμὴ,
3723 4366 3933 4437 κράτος
3961 4368 4049 4431 είς
4077 4371 4202 4432 rei;

2610 4456 2812 4519 αἰῶνας
2844 4455 2952 4507 τῶν
2982 4453 3215 4507 αἰώνων.
3253 4453 3446 4523 Ἀμήν.

1580 4668 1743 4721 ΠΕΡΙ
1777 4667 1916 4724 ΤΟΥ
1949 4668 2081 4719 ΤΔΣ
2114 4666 2519 4720 ΚΑΝΟΝΙΚΑΣ
2548 4665 2654 4719 ΜΗ
2680 4664 3055 4719 ΣΥΝΟΙΚΕΙΝ
3085 4660 3429 4716 ΑΝΔΡᾹΣῘΝ
3454 4673 3503 4714 ³.

986 4788 1057 4836 α’.
1092 4781 1282 4851 Οῖμοι,
1303 4780 1479 4851 ψυχήῐ
1522 4783 1658 4853 μετά
1681 4784 1787 4854 γάρ
1814 4782 1907 4835 τοῦ
1942 4784 2219 4856 προφήτου
2252 4784 2347 4835 κα)⁸
2376 4782 2497 4853 ἐμοὶ

916 4865 1013 4919 νῦν
1051 4862 1309 4936 εὐκαιρον
1343 4865 1499 4918 τοῦτο
1549 4870 1739 4930 είπεῖν,
1788 4870 1881 4921 καὶ
1925 4868 2071 4934 ἅπαξ
2127 4869 2222 4921 καὶ
2273 4868 2356 4931 δίς
2403 4868 2495 4919 καὶ

918 4951 1194 5013 πολλάκις,
1227 4950 1417 5021 Οῖμοι,
1466 4950 1640 5021 ψυχὴι
1687 4955 1914 5022 πρᾶγμα
1964 4955 2167 5022 ἡλίκον,
2219 4954 2313 5007 καὶ
2364 4955 2495 5021 ὅσης

916 5035 1085 5105 γέμον
1128 5034 1485 5105 φιλοσοφίαςί
1527 5037 1589 5088 Ἠ
1650 5034 1915 5105 παρθενία
1963 5036 2350 5108 καθύϐρισται,
2402 5040 2494 5090 καὶ

916 5120 978 5171 τὸ
1028 5118 1260 5189 διεῖργον
1318 5121 1489 5190 αὐτὴν
1552 5120 1662 5173 ἀπὸ
1711 5120 1803 5172 τοῦ
1858 5122 2039 5189 γάμου
2096 5122 2495 5191 καταπέτασμα

916 5200 1217 5271 ἀνῄρηται,
1250 5202 1355 5255 ὐπό
1403 5203 1777 5274 ἀναισχύντων
1831 5204 2217 5257 κατασπασθέν
2272 5204 2491 5274 χειρῶν,

917 5286 1013 5337 καὶ
1037 5283 1105 5335 τά
1136 5283 1265 5351 ἆγια
1305 5285 1412 5339 τῶν
1450 5288 1620 5356 ἁγίων
1648 5290 1978 5357 πεπάτηται,
2000 5288 2091 5341 καὶ
2114 5288 2181 5341 τά
2211 5289 2383 5358 σεμνά
2404 5289 2495 5340 καὶ

917 5368 1121 5439 φρίκης
1150 5370 1385 5439 γέμοντα
1426 5372 1615 5440 γέγονε
1647 5373 1848 5443 βέϐηλα
1884 5374 1977 5427 καὶ
2012 5374 2145 5426 πᾶσι
2197 5372 2358 5442 βατά,
2403 5377 2493 5425 καὶ

912 5455 948 5523 ἡ
981 5452 1072 5506 τοῦ
1108 5452 1285 5523 γάμου
1341 5456 1642 5528 σεμνοτέρα
1684 5457 1936 5511 τοσοῦτον
1987 5456 2353 5525 καθειλκύσθη
2404 5458 2494 5511 καὶ

914 5537 1223 5608 κατηνέχθη
1252 5539 1421 5605 κάτω,
1446 5539 1520 5603 ὡς
1550 5542 1645 5603 τάς
1672 5542 2061 5611 γεγαμημένας
2094 5544 2493 5615 μακαρίζεσθαι

918 5620 1139 5688 μᾶλλον.
1178 5622 1289 5674 ’Ᾱεὶ
1336 5624 1435 5693 μὲν
1474 5624 1581 5696 γάρ
1625 5628 1656 5695 ἠ
1690 5626 1953 5696 παρθενία
2000 5630 2138 5695 μετά
2189 5628 2283 5680 τοῦ
2316 5631 2491 5699 γάμου

916 5707 1214 5779 ταττομένη
1250 5708 1316 5760 τά
1346 5712 1584 5778 πρωτεῖα
1614 5705 1749 5779 εἶχε,
1781 5709 1930 5782 [249]
1962 5713 2052 5763 καὶ
2080 5712 2176 5782 τὴν
2202 5713 2490 5785 προεδρίαν

918 5789 1162 5843 ἃπασαν·
1200 5793 1318 5844 νυνὶ
1348 5792 1404 5846 δὲ
1432 5793 1553 5846 οὐδὲ
1592 5794 1651 5845 ἐν
1674 5797 1741 5865 τῇ
1769 5794 1994 5866 δευτέρα
2023 5796 2170 5863 τάξει
2202 5797 2382 5867 μένειν
2410 5799 2493 5851 δε-

910 5871 1163 5944 δύνηται,
1213 5877 1347 5931 ἀλλά
1396 5879 1587 5952 πόρρω
1625 5896 1728 5934 που
1786 5880 1880 5932 καὶ
1932 5881 2068 5951 πρὸς
2110 5881 2207 5950 τὴν
2256 5883 2493 5952 ἐσχάτην

970 6008 987 6031 ⁸
1009 6010 1205 6085 Τίιιψιε
1224 6012 1352 6085 τι)υά
1379 6014 1527 6085 Silv“.
1556 6016 1708 6077 ξηρὸς
1749 6016 1833 6085 τὰς
1870 6014 2091 6085 ἑχούσοιςΔ
2112 6015 2283 6085 ἄνδρας
2303 6030 2491 6085 συνεισ-

906 6068 1093 6137 ᾀιτονς,
1122 6074 1213 6137 hoc
1237 6068 1331 6131 εἰει,
1352 6077 1602 6137 Adversus
1632 6068 1721 6123 ’ροέε
1744 6075 1828 6137 qui
1855 6068 1983 6125 ι’ἶὲοσ
2025 6068 2375 6126 ίιιιτοαιὶσιίιὶοε
2397 6077 2485 6123 Im-

907 6132 1028 6182 δετιι.
1061 6134 1208 6183 lui'io
1231 6136 1694 6200 saVlL'JiyOlf'sz’h,
1716 6132 1862 6199 οἶμαιι
1888 6140 2021 6199 μετά,

2598 4781 2925 4852 ἀπελήλαται
2954 4778 3140 4843 τάξιν·
3174 4779 3269 4830 καὶ
3298 4776 3358 4829 τὸ
3393 4775 3456 4847 δὴ
3493 4776 3522 4815 ι)
3564 4775 3966 4849 χαλεπώτερον,
4004 4780 4092 4833 ὅτι

2598 4866 2841 4937 πολέμιοί
2874 4882 3017 4928 τινες
3042 4863 3161 4917 οὐδὲ
3188 4862 3393 4933 ἐχθροὶ,
3422 4860 3535 4913 ἀλλ’
3567 4863 3624 4914 αἱ
3652 4861 3909 4915 δοκοῦσαι
3953 4864 4197 4933 μάλιστα

2598 4949 2918 5022 θεραπεύειν
2942 4949 3111 5015 αὐτὴν
3134 4946 3307 5009 οὕτως
3332 4945 3501 5015 αὐτὴν
3519 4946 3795 5014 διέθηκαν.
3814 4947 3914 4998 καὶ
3942 4950 4000 4998 αἱ
4032 4950 4200 5016 πάρει

2595 5053 2785 5105 χουσαι
2809 5035 3042 5101 μάλιστα
3066 5032 3286 5084 πάντων
3312 5031 3440 5100 ἡμῖν
3458 5030 3591 5099 πρὸς
3606 5032 3729 5096 τοὺς
3762 5031 4036 5093 ἀπίστους
4054 5034 4199 5082 ἐλευ-

2595 5121 2960 5191 θεροστομεῖν,
2987 5111 3145 5171 αὗται
3174 5115 3405 5184 μάλιστα
3430 5115 3643 5166 πάντων
3658 5114 3711 5186 [η
3722 5114 3833 5185 μῖν]
3853 5116 4194 5184 ἀπέρῤαᾲαν

2595 5205 2750 5275 ἡμῶν
2765 5204 2832 5257 τά
2848 5205 3113 5272 στόματα,
3128 5200 3223 5252 καὶ
3244 5198 3444 5268 πολλὴν
3474 5199 3876 5251 κατεσκέδασαν
3897 5198 4141 5265 αἰσχύνη
4148 5218 4187 5248 «ι.

2665 5288 2978 5359 Χρημάτων
3040 5286 3136 5355 μὲν
3197 5283 3381 5335 ἐνεκεν
3410 5294 3431 5321 ε
3480 5283 3693 5350 ὀλίγους
3751 5282 3873 5352 μὲν,
3934 5276 4091 5348 εἶχον
4140 5283 4190 5333 δὲ

2594 5374 2741 5442 ὅμως
2771 5370 2940 5433 δεῖξαί
2994 5384 3148 5430 τινας
3172 5366 3432 5437 ’Έλληνες
3478 5369 3609 5437 παρ’
3652 5366 3834 5425 αὐτοῖς
3887 5362 4187 5435 φιλοσοφη-

2598 5472 2816 5517 σαντας,
2847 5453 2939 5506 καλ⁸
2965 5452 3135 5523 ὀργῆς
3160 5451 3215 5504 δέ
3248 5468 3391 5514 τινες
3417 5453 3474 5503 ἐν
3502 5450 3731 5510 ἐκείνοις
3768 5448 4183 5515 περιεγένονιο’

2597 5538 2896 5609 παρθενίας
2938 5538 2993 5591 δὲ
3043 5537 3199 5600 ἄνθος
3243 5536 3477 5607 οὐδαμοῦ
3526 5533 3657 5602 παρ’
3694 5532 3899 5595 αὐτοξ,
3950 5533 4074 5587 ἀλλ’

2598 5623 2949 5695 παρεχώρουν
3001 5623 3230 5676 ἐνταῦθα
3281 5623 3387 5675 τῶν
3444 5616 3727 5689 πρωτείων
3775 5618 3930 5686 ἡμῖν,
3982 5621 4182 5689 ὁμολο-

2596 5708 2819 5776 γοῦντες
2860 5708 3113 5779 ἀνωτέρω
3159 5707 3258 5777 τῆς
3295 5706 3510 5773 φύσεως
3541 5696 3681 5753 εἶναι
3711 5700 3770 5753 τὸ
3815 5704 4182 5775 κατόρθωμα.

2595 5792 2687 5846 καὶ
2717 5792 2816 5845 οὐκ
2851 5793 3208 5865 ἀνθρώπινον.
3238 5790 3339 5843 Διά
3364 5788 3521 5840 τοῦτο
3551 5786 3750 5857 σφόδρα
3780 5788 3939 5857 ἡμῶν
3974 5789 4043 5839 τὸ
4080 5792 4187 5840 πᾶν

2596 5876 2747 5939 ἔθνος
2788 5877 3125 5948 ὲθαύμαζον’
3178 5874 3313 5927 ἀλλά
3358 5871 3452 5924 νῦν
3490 5871 3706 5933 οὐκέτι,
3754 5872 3890 5924 ἀλλά
3938 5889 4185 5939 καταγε-

2596 5960 2727 6012 λῶσι
2767 5963 2861 6014 καὶ
2899 5958 3239 6031 κωμῳδοῦσι.
3270 5956 3367 6009 Διά
3405 5955 3559 6009 τοῦτο
3604 5959 3696 6009 καὶ
3741 5959 3769 6008 ὁ
3798 5955 4053 6021 διάϐολος
4098 5973 4188 6011 τ)-

2658 6074 2684 6111 b
2711 6074 2859 6121 Savil.
2881 6075 2960 6120 καὶ
2979 6074 3034 6119 τὸ
3057 6074 3123 6119 δέ.

2655 6139 2677 6166 ε
2715 6138 2859 6184 Ξαιὶι.
2889 6137 2970 6196 μὲν
2990 6136 3077 6196 γάρ
3104 6136 3272 6182 ἕνεκεν.
3298 6130 3423 6183 Infra
3444 6129 3572 6183 idem
3592 6133 3844 6190 Ἕλληνας.
