4490 6750
346 576 448 627 ﬁlii

340 712 411 728 --
437 686 581 739 lianc
604 694 658 737 et
686 696 777 736 vos
801 689 855 735 et
887 679 986 732 hac
1022 668 1414 727 sublimiorem,
1441 662 1485 717 si
1514 662 1813 727 volueritis,
1842 665 1921 715 et:

342 780 524 833 feretis
553 774 867 830 sententiam
902 769 968 822 de
1008 757 1376 827 intempestiva
1414 755 1515 810 hac
1542 756 1808 824 voluptate
1828 794 1841 812 ,
1874 752 1919 804 si

343 869 722 941 aliquantisper
762 880 791 918 a
833 860 971 916 mala
1014 849 1398 908 consuetudine
1428 865 1521 904 vos
1558 844 1917 915 scjunxeritis.

343 938 595 1031 Quamvis
620 968 792 1012 autem
820 969 847 1004 a
878 948 1164 1004 Salomone
1192 943 1400 998 sareulis
1428 938 1791 1010 superioribus
1816 948 1921 987 non

345 1065 451 1108 tam
507 1053 669 1106 multa
721 1041 993 1113 sapientiae
1042 1037 1348 1107 exigebatur
1393 1032 1696 1104 diligentia;
1751 1040 1923 1093 neque

343 1147 484 1198 enim
521 1140 736 1195 delicias
776 1136 863 1188 lex
908 1142 1057 1187 vetus
1094 1130 1438 1201 prohibebat,
1471 1136 1644 1192 neque
1675 1119 1791 1172 aliis
1822 1117 1921 1171 frui

345 1229 684 1303 Supervacuis
722 1225 931 1279 dicebat
969 1239 1086 1279 esse
1126 1236 1353 1279 vanum;
1395 1226 1627 1270 attamen
1670 1221 1725 1266 et
1760 1211 1836 1265 sic
1863 1225 1921 1265 se

350 1319 663 1374 habentibus
702 1316 859 1371 rebus
896 1316 946 1369 in
977 1316 1102 1384 ipsis
1127 1310 1369 1368 contueri
1409 1306 1576 1374 potuit
1604 1319 1758 1371 quam
1790 1303 1921 1357 viles

346 1422 401 1464 et
426 1408 639 1461 vanitati
665 1407 904 1462 obnoxia:
939 1422 1023 1461 res
1057 1412 1254 1459 essent.
1286 1399 1391 1452 Nos
1414 1410 1541 1448 vero
1567 1393 1631 1447 ad
1666 1393 1916 1460 majorem

348 1504 521 1557 vocati
542 1504 721 1568 vitam,
746 1512 801 1557 et
824 1502 888 1555 ad
913 1497 1256 1555 excellentius
1278 1490 1537 1559 fastigiutu
1561 1488 1916 1551 ascendimus,

348 1605 402 1648 et
431 1596 483 1648 in
524 1594 809 1664 majoribus
840 1604 1148 1647 exercemur
1190 1581 1465 1653 palmstris.
1494 1580 1561 1633 Et
1586 1578 1711 1649 quid
1739 1577 1880 1630 aliud
1901 1614 1919 1641 ,

347 1704 503 1756 quam
532 1687 668 1756 quod
711 1687 847 1738 sicut
888 1693 1128 1750 superum
1158 1676 1387 1728 Virtutes
1411 1714 1424 1735 ,
1464 1669 1842 1725 intellectuales
1869 1675 1922 1719 et

348 1778 671 1846 incorporea:
700 1776 801 1829 ill-.e
828 1775 963 1825 viam
992 1769 1265 1822 instituere
1288 1762 1573 1831 jubemur?
1595 1762 1673 1816 An
1694 1774 1799 1812 non
1828 1758 1920 1827 igi-

350 1879 435 1924 tur
454 1880 534 1924 est
555 1879 721 1936 turpe,
745 1877 1087 1931 extremoque
1108 1857 1365 1928 supplicio
1386 1855 1621 1925 dignum,
1648 1851 1737 1904 iilo
1756 1848 1921 1902 multo

349 1962 581 2014 minores
616 1970 905 2026 apparere;
936 1961 989 2007 et
1032 1966 1137 2003 non
1178 1949 1348 2002 solum
1379 1940 1643 1999 concessis
1672 1952 1776 1995 non
1808 1937 1921 1993 ﬁeri

349 2050 701 2111 sublimiores,
736 2056 792 2099 ut
820 2046 926 2105 ille,
960 2041 1053 2096 sed
1091 2049 1143 2095 et
1172 2040 1327 2092 vetita
1367 2034 1602 2106 aggredi,
1633 2047 1751 2101 qua:
1781 2030 1919 2083 into-

350 2140 616 2196 lerabilem
638 2152 847 2207 poenam
868 2131 1119 2188 afferant?
1140 2130 1268 2185 Nam
1293 2131 1342 2182 in
1365 2129 1539 2180 anima
1565 2124 1755 2177 malum
1775 2135 1921 2175 amo-

350 2250 461 2288 rem
500 2245 745 2301 pascere,
772 2244 836 2283 ex
867 2222 1288 2294 concupiscentia
1330 2229 1571 2288 spectare
1609 2213 1916 2277 mulierem,

346 2322 606 2394 speculari
625 2321 845 2375 alienam
874 2316 1270 2377 formositatem,
1293 2311 1643 2364 dehonestare
1666 2305 1917 2373 scipsum,

349 2431 542 2469 nocere
579 2411 975 2473 infirmioribus,
1003 2407 1193 2461 multas
1219 2402 1499 2472 gentilibus
1524 2409 1577 2453 et
1603 2397 1799 2452 Iudaeis
1826 2413 1918 2451 an-

348 2521 435 2558 sas
466 2504 719 2573 praebere,
746 2500 1068 2556 domesticos
1094 2506 1147 2549 et
1171 2494 1374 2547 alienos
1399 2491 1760 2560 supplantare,
1785 2491 1919 2545 mul-

350 2604 559 2663 tamque
583 2601 768 2646 contra
805 2590 898 2645 Dei
937 2586 1156 2657 gloriam
1186 2596 1472 2651 procurare
1497 2580 1873 2650 blaSphemiam
1899 2621 1916 2648 ,

348 2684 528 2739 servili
574 2682 866 2736 ministerio
912 2677 1236 2744 mancipatos
1279 2687 1432 2738 esse,
1477 2672 1543 2726 ad
1589 2672 1916 2726 satcularium

350 2774 675 2843 negotiorum
704 2773 910 2826 turbam
942 2782 1037 2820 nos
1067 2766 1209 2835 ipsos
1234 2762 1521 2828 intrudere,
1551 2762 1797 2816 donatam
1823 2776 1919 2815 no-

348 2866 430 2921 bis
451 2865 742 2919 libertatem
764 2859 973 2918 diabolo
995 2857 1297 2929 protiinare,
1324 2866 1516 2911 etcum
1540 2853 1916 2909 immanissima

350 2958 624 3029 tyrannide
648 2962 1006 3015 commutare;
1033 2949 1307 3004 ridiculum
1332 2947 1541 3017 quidem
1568 2946 1770 3011 amicis,
1799 2961 1918 3015 pro-

350 3052 561 3104 brosum
587 3063 713 3103 vero
737 3045 959 3108 inimicis
983 3057 1120 3105 esse,
1151 3041 1338 3093 malam
1363 3039 1505 3092 omni
1533 3038 1782 3092 Ecclesia:
1805 3039 1917 3107 opi-

348 3143 557 3197 nionem
580 3140 848 3203 invehere,
872 3134 1192 3189 confundere
1213 3132 1485 3185 honestam
1508 3130 1820 3200 virginitatis
1840 3129 1919 3182 di-

346 3234 616 3303 gnitatem,
641 3238 696 3284 et
715 3228 1100 3284 luxuriantibus
1122 3226 1312 3279 multas
1330 3224 1571 3294 praebere
1592 3222 1916 3288 occasiones,

347 3324 550 3392 aliaque
584 3321 666 3375 his
702 3320 852 3390 plura
892 3317 1069 3372 facere
1106 3314 1326 3386 gravia;
1366 3328 1538 3383 neque
1577 3314 1715 3367 enim
1743 3315 1919 3368 omnia

348 3415 485 3468 scire
525 3412 682 3475 licet,
730 3418 820 3463 aut
860 3407 1036 3462 verbis
1070 3405 1399 3474 exprimere,
1439 3417 1785 3472 qumcumque
1826 3416 1921 3471 per

352 3504 647 3570 huiusmodi
690 3514 849 3571 opera
890 3498 1151 3552 sustinent
1180 3514 1194 3550 :
1224 3496 1338 3548 haec
1373 3503 1428 3548 et
1464 3493 1615 3547 valde
1659 3493 1916 3561 prohibita

349 3607 494 3661 sunt,
523 3604 577 3649 et
605 3595 893 3649 cruciatum
921 3589 1303 3645 intolerabilem
1329 3602 1508 3642 secum
1537 3586 1783 3640 afferunt.
1815 3586 1917 3639 Ita-

361 3703 452 3755 pte
484 3686 604 3739 licet
629 3698 787 3753 parva
815 3682 972 3737 etiam
1012 3680 1250 3749 voluptas
1277 3679 1377 3740 sit,
1407 3685 1740 3746 opponantur
1763 3676 1811 3729 ei
1840 3675 1916 3729 ri-

350 3792 462 3842 sus,
487 3775 743 3839 confusio,
769 3773 1054 3826 multorum
1082 3769 1425 3838 suSpiciones,
1455 3765 1913 3836 reprehensiones,

353 3868 621 3933 convicia,
652 3864 1084 3935 exprobrationes
1107 3903 1122 3928 ,
1157 3858 1351 3914 vermis
1393 3858 1481 3927 qui
1527 3872 1631 3910 non
1672 3856 1914 3922 moritur,

354 3960 583 4014 tenebra:
610 3957 919 4020 exteriores,
954 3953 1089 4025 ignis
1125 3946 1584 4018 inexstinguibilis,
1615 3947 1912 4011 tribulatio,

351 4051 627 4122 angustia,
663 4048 859 4104 stridor
893 4046 1129 4101 dentium
1155 4086 1170 4110 ,
1199 4042 1403 4096 vincula
1439 4039 1771 4102 insolubilia;
1803 4037 1917 4092 haec

866 565 1050 638 QUOD
1090 551 1503 616 REGULARES
1542 550 1823 609 FEMINJE
1867 547 2039 606 VlRlS
2075 546 2516 602 COIIABITARE
2556 546 2689 601 NON
2732 546 3064 601 DEBEANT.

3498 549 3607 601 5L1

2032 664 2169 713 sicut
2208 659 2259 711 in
2294 667 2489 711 statera
2516 658 2877 726 appetadamus
2898 700 2912 720 ,
2944 658 3343 728 resiliatnusque
3373 658 3455 711 vel
3485 674 3607 712 seio

2029 764 2061 803 a
2102 751 2397 819 pernicioso
2430 749 2847 819 gravissimoque
2878 750 2977 801 hoc
3017 749 3200 803 morbo
3219 790 3235 815 ,
3263 760 3323 802 ut
3350 764 3470 803 eum
3502 750 3607 802 ful-

2028 842 2274 911 gentibus
2309 842 2521 897 eoronis
2559 841 2684 895 illuc
2718 842 3006 909 migremus
3026 883 3040 904 ,
3073 850 3126 895 et
3156 843 3415 910 possimus
3440 844 3607 897 libera

2029 949 2123 989 ore
2146 934 2211 989 ad
2232 932 2494 990 Christum
2518 935 2696 988 dicere
2722 952 2734 985 :
2760 934 2980 1003 Propter
3001 943 3052 987 te
3076 943 3130 987 et
3155 943 3367 1003 propter
3385 936 3605 1003 gloriam

2031 1035 2170 1081 tuam
2200 1037 2253 1082 et
2283 1028 2661 1081 familiaritates
2684 1027 3119 1096 contempsimus,
3147 1036 3200 1080 et
3225 1027 3476 1095 voluptati
3505 1028 3606 1079 im.

2031 1120 2347 1189 peravimus,
2380 1126 2434 1172 et
2459 1117 2687 1171 animam
2720 1129 2953 1171 nostram
2975 1117 3280 1183 affliximus,
3307 1117 3607 1186 rcjeclaque

2031 1213 2175 1266 omni
2211 1211 2440 1265 amicitia
2473 1220 2525 1263 et
2554 1211 2892 1278 praejudicata
2918 1209 3165 1277 opinione
3191 1220 3240 1262 te
3264 1223 3607 1276 amoremque

2027 1304 2101 1358 tui
2130 1304 2287 1357 rebus
2313 1303 2560 1357 omnibus
2586 1301 2987 1370 prtrposuimus.
3017 1299 3107 1354 Sic
3125 1302 3262 1353 enim
3287 1300 3607 1353 lucrabimur

2026 1411 2123 1448 nos
2155 1397 2296 1463 ipsos
2318 1438 2331 1457 ,
2362 1393 2688 1447 lucrabimur
2724 1392 2948 1446 miseras
2984 1391 3131 1454 illas,
3170 1390 3487 1443 lucrabimur
3511 1406 3604 1443 eos

2026 1487 2116 1555 qui
2143 1485 2603 1547 scaudalizantur;
2635 1494 2687 1537 et
2716 1498 2835 1537 cum
2865 1481 3183 1553 martyribus
3207 1480 3599 1539 collocabimur.

2028 1576 2301 1644 primoque
2328 1577 2381 1629 in
2408 1576 2595 1629 ordine
2620 1577 2840 1629 erimus.
2868 1573 2998 1628 Nam
3027 1573 3111 1637 iis,
3138 1573 3224 1642 qui
3256 1576 3353 1626 hoc
3377 1572 3604 1625 maximo

2027 1667 2317 1720 certamine
2340 1667 2600 1732 vicerunt,
2628 1678 2680 1720 et
2708 1666 2915 1719 fortiter
2936 1666 3201 1720 cruciatus
3223 1666 3474 1727 tulerunt,
3498 1680 3601 1716 non

2027 1756 2287 1810 minorem
2318 1773 2456 1826 pono
2482 1757 2753 1811 hominem
2778 1760 3203 1827 concupiscentia
3230 1758 3393 1811 veteri
3419 1756 3602 1811 deten-

2028 1855 2139 1901 tum
2164 1856 2218 1901 et
2244 1847 2295 1900 in
2322 1847 2635 1903 suavissima
2660 1856 2715 1901 et
2746 1849 2959 1917 antiqua
2988 1849 3368 1903 consuetudine
3399 1863 3600 1917 praeoc-

2024 1949 2271 2007 cupatum
2295 1978 2310 2003 ,
2338 1948 2393 1992 et
2423 1936 2616 1991 deinde
2656 1952 2749 2006 per
2788 1939 3033 1992 timorem
3060 1937 3156 1992 Dei
3185 1937 3602 2005 disrumpentcm

2024 2030 2252 2095 vincula,
2275 2038 2329 2083 et
2348 2029 2411 2083 ad
2436 2028 2487 2083 id
2507 2029 2646 2099 quod
2681 2031 2786 2084 Deo
2818 2030 3070 2099 probatur
3096 2037 3477 2085 recurrentem.
3508 2028 3605 2082 Est

2024 2122 2165 2175 enim
2192 2132 2244 2175 et
2273 2121 2374 2176 hoc
2399 2121 2564 2174 multo
2587 2121 2858 2175 difficilius
2876 2162 2891 2183 ,
2917 2119 3161 2176 affectum
3187 2131 3241 2175 et
3266 2120 3600 2175 dilectionem

2024 2215 2371 2270 inveteratam
2410 2214 2632 2283 ejicere,
2667 2224 2722 2268 et
2763 2214 3083 2282 multiplices
3120 2213 3429 2267 occasiones
3458 2214 3600 2266 avel-

2024 2305 2167 2367 lere;
2197 2314 2252 2359 et
2275 2305 2561 2373 assumptis
2585 2304 2683 2356 alis
2708 2303 2774 2356 ad
2803 2304 3043 2357 cmlestes
3071 2302 3280 2371 apsides
3307 2318 3599 2356 recurrere.

2024 2397 2090 2451 Et
2110 2396 2249 2450 sicut
2272 2405 2561 2465 martyrum
2589 2394 2739 2448 velox
2770 2394 2935 2456 labor,
2964 2394 3034 2447 ita
3055 2402 3110 2447 et
3134 2394 3321 2447 horum
3348 2392 3602 2463 prolixior

2021 2487 2195 2542 dolor.
2227 2488 2559 2555 Quapropter
2584 2494 2641 2540 et
2668 2500 2823 2554 pares
2852 2500 3065 2540 corona:
3084 2526 3099 2550 ,
3127 2486 3375 2555 quoniam
3404 2493 3458 2538 et
3482 2499 3600 2537 cer-

2024 2581 2221 2634 tamina
2252 2580 2389 2634 inter
2411 2594 2470 2634 se
2494 2587 2618 2634 sunt
2649 2578 2861 2634 similia.
2891 2577 3023 2633 Nam
3051 2578 3097 2632 si
3121 2578 3208 2648 qui
3235 2578 3411 2633 educit
3433 2588 3485 2630 et
3510 2591 3600 2630 sc-

2024 2680 2175 2742 parat
2199 2671 2485 2741 pretiosum
2520 2684 2551 2723 a
2576 2669 2666 2723 vili
2693 2668 2823 2741 (Jer.
2855 2670 2940 2724 15.
2972 2668 3080 2738 l9).
3108 2669 3241 2722 sicut
3267 2682 3327 2722 os
3359 2667 3451 2722 Dei
3476 2668 3595 2731 erit,

2022 2765 2110 2833 qui
2139 2775 2191 2818 et
2227 2763 2459 2832 seipsum
2496 2762 2836 2827 liberaverit,
2871 2772 2925 2815 et
2956 2763 3147 2814 multos
3185 2761 3317 2814 alios
3355 2760 3601 2814 crimina-

2024 2856 2167 2909 tione
2203 2854 2495 2919 exemerit,
2521 2853 2691 2923 cogita
2732 2862 2982 2921 quantam
3016 2851 3238 2920 accipiet
3269 2849 3595 2913 mercedem,

2021 2954 2073 3000 et
2106 2945 2440 3013 prwmiorum
2470 2959 2564 3013 spe
2590 2944 2721 2998 levis
2746 2954 2801 2997 et
2833 2943 3051 3007 alacris,
3085 2950 3365 2997 contemne
3403 2942 3595 2995 malam

2022 3037 2477 3097 consuetudinem,
2506 3045 2565 3089 ut
2586 3035 2735 3105 juxta
2765 3035 2857 3088 Dei
2884 3032 3208 3087 voluntatem
3242 3032 3463 3087 decursa
3489 3033 3596 3085 vita

2025 3127 2144 3193 hac,
2163 3142 2280 3180 cum
2295 3141 2424 3195 pura
2442 3126 2584 3180 illam
2601 3124 2923 3179 conscientia
2936 3125 2987 3177 in
3001 3122 3143 3177 caelis
3157 3124 3354 3185 videas,
3370 3124 3566 3178 sanctis
3578 3153 3595 3162 -

2024 3221 2265 3289 simaque
2294 3219 2433 3273 illius
2460 3218 2865 3272 conversatione
2891 3218 3101 3271 fruaris.
3142 3216 3274 3269 Nam
3299 3216 3383 3269 ubi
3405 3231 3596 3285 corpu-

2024 3312 2164 3365 rales
2187 3309 2496 3365 alfeetiones
2520 3310 2704 3364 soluta:
2728 3308 2944 3374 fuerint,
2972 3317 3025 3362 et
3049 3308 3307 3362 exstincta
3337 3307 3491 3362 fuerit
3517 3316 3597 3378 ty-

2024 3403 2238 3456 rannica
2262 3402 2713 3471 concupiscentia,
2738 3400 2937 3454 nullum
2963 3401 3063 3455 erit
3086 3400 3412 3454 obstaculum
3437 3400 3593 3454 simul

2022 3493 2091 3547 ibi
2116 3507 2235 3547 esse
2262 3492 2538 3548 mulierem
2567 3501 2625 3547 et
2648 3493 2839 3557 virum,
2860 3507 2893 3546 e
2914 3490 3090 3546 medio
3114 3490 3330 3545 sublatis
3350 3491 3593 3545 omnibus

2020 3583 2411 3651 suspicionibus
2446 3582 2598 3636 malis
2623 3625 2638 3645 ,
2673 3592 2729 3637 ct
2765 3597 2923 3652 agere
2961 3590 3015 3637 et
3052 3596 3263 3636 servare
3290 3597 3409 3634 cum
3440 3582 3595 3635 liceat

2021 3673 2289 3739 omnibus,
2318 3673 2408 3744 qui
2445 3673 2500 3728 in
2526 3688 2748 3743 regnum
2779 3672 3031 3727 eteiorum
3062 3672 3482 3737 introducuntur,
3513 3672 3592 3724 vi-

2022 3774 2152 3825 tam.
2169 3780 2325 3834 quam
2350 3771 2512 3833 agunt
2535 3764 2797 3833 angeli,et
2818 3762 3199 3817 intellectuales
3220 3762 3321 3816 illm
3337 3762 3587 3820 Virtutes.

2022 3855 2188 3924 gratia
2214 3863 2269 3907 et
2295 3853 2617 3923 benignitate
2644 3854 2850 3908 Domini
2876 3853 3042 3908 nostri
3070 3852 3195 3908 Jesu
3230 3851 3443 3916 Christi,
3472 3866 3591 3905 cunt

2022 3964 2127 4018 quo
2167 3948 2309 4002 Patri
2352 3963 2455 4002 una
2497 3963 2619 4002 cum
2658 3946 2855 4017 Spiritu
2894 3955 3078 4002 sancto
3114 3946 3309 4015 gloria,
3340 3947 3508 3999 honor
3541 3956 3595 3997 ct

2025 4037 2302 4107 imperium
2329 4038 2381 4091 in
2405 4037 2597 4091 sarcula
2627 4036 2961 4091 saeculorum.
2993 4036 3182 4089 Amen.

676 4257 889 4333 QUOD
932 4249 1394 4317 REGULARES
1434 4245 1763 4307 FEMlN/E
1807 4246 2019 4307 VlRlS
2061 4245 2573 4307 COHABITARE
2615 4244 2778 4307 NON
2818 4244 3187 4305 DEBEANT
3234 4238 3275 4300 ¹.

425 4435 475 4488 1.
505 4432 618 4487 lleu
648 4445 763 4491 me,
795 4441 829 4481 o
864 4423 1071 4479 anima!
1108 4422 1185 4476 sic
1224 4418 1363 4473 enim
1399 4430 1499 4486 ego
1533 4427 1741 4484 quoque
1780 4428 1921 4469 nunc

353 4541 473 4581 cum
499 4522 754 4593 propheta
779 4517 1084 4588 tempestive
1109 4515 1250 4577 dico,
1280 4520 1334 4567 et
1357 4508 1524 4565 semel
1549 4517 1603 4561 et
1640 4508 1832 4562 iterum
1856 4523 1920 4561 ac

356 4615 567 4686 sa‘pius,
599 4612 708 4666 Heu
736 4625 843 4674 me,
870 4624 903 4663 ο
928 4609 1126 4672 anima,
1151 4603 1307 4675 quale
1335 4599 1624 4671 negotium,
1647 4606 1700 4651 et
1724 4608 1918 4666 quanta

356 4707 593 4773 indigens
636 4698 993 4771 phi1030phia!
1036 4694 1323 4766 Virginitas
1360 4690 1550 4760 injuria
1584 4696 1666 4742 est
1692 4687 1915 4752 ail'ecta;

356 4797 529 4850 velum
559 4791 700 4863 quod
737 4805 852 4844 eam
886 4804 917 4842 a
955 4788 1148 4857 nuptiis
1175 4785 1486 4855 separabat,
1512 4780 1773 4835 sublatum
1800 4789 1917 4845 est,

352 4901 408 4946 et
439 4888 506 4942 ab
545 4882 1012 4954 itnpudentissimis
1044 4880 1289 4935 manibus
1325 4875 1664 4930 dilaceratum
1694 4888 1707 4925 :
1735 4881 1918 4925 sancta

354 4990 657 5037 sanctorum
700 4973 1002 5030 conculcata
1049 4981 1211 5037 sunt,
1255 4969 1475 5023 honesta
1513 4973 1566 5018 et
1609 4962 1919 5017 reverentia:

356 5077 509 5145 plena
556 5069 828 5142 profanata
864 5074 919 5119 et
957 5063 1203 5118 omnibus
1239 5060 1435 5130 pervia.
1476 5056 1604 5122 Quae
1646 5051 1921 5107 honestior

353 5164 533 5233 nuptis
562 5170 694 5225 erat,
723 5158 857 5212 adeo
876 5156 1125 5223 depressa
1153 5160 1234 5208 est
1257 5158 1311 5206 et
1336 5147 1625 5210 humiliata,
1650 5151 1708 5198 ut
1730 5152 1919 5213 nuptas

356 5256 521 5325 magis
543 5253 720 5307 dicere
745 5249 927 5303 beatas
952 5247 1126 5301 liceat.
1153 5246 1374 5312 Semper
1403 5236 1613 5309 quidem
1646 5235 1920 5304 virginitas

355 5361 474 5399 cum
500 5343 745 5413 conjugio
770 5347 1071 5407 comparata
1102 5337 1297 5405 primas
1326 5339 1502 5402 partes
1528 5326 1695 5382 tenuit
1722 5334 1776 5379 et
1800 5340 1919 5379 om-

357 5452 479 5490 nem
512 5437 819 5504 dignitatem
849 5450 862 5485 :
892 5445 1030 5484 nunc
1066 5438 1242 5482 autem
1283 5439 1449 5494 neque
1484 5423 1538 5477 in
1576 5419 1809 5475 secundo
1835 5435 1921 5472 or-

356 5529 481 5581 dine
506 5540 718 5580 mauere
745 5523 935 5595 potuit,
959 5519 1053 5576 sed
1081 5518 1235 5573 valde
1262 5514 1443 5585 procul
1469 5523 1523 5568 et
1548 5512 1700 5583 plane
1723 5515 1777 5565 in
1801 5509 1921 5563 ulti-

360 5634 504 5672 mum
544 5618 807 5669 concessit
833 5614 1103 5675 ordinem;
1126 5620 1180 5664 et
1208 5607 1344 5676 quod
1371 5608 1536 5658 multo
1560 5605 1788 5674 gravius,
1816 5618 1921 5655 non

360 5712 565 5775 hostes,
585 5721 755 5775 neque
778 5706 997 5773 inimici,
1020 5701 1113 5759 sed
1138 5702 1263 5771 ipsa:
1287 5697 1617 5767 potissimum
1638 5709 1755 5763 qua:
1778 5693 1921 5747 illam

425 5842 442 5873 ι
478 5839 662 5888 Titulus
682 5835 806 5898 apud
827 5836 987 5893 Savil.,
1020 5836 1249 5898 adversus
1260 5843 1351 5898 eas
1374 5825 1456 5898 qui
1487 5822 1926 5898 viros_introducti-

358 5904 446 5953 tios
469 5886 652 5951 habent.
677 5886 767 5947 Sed
790 5901 838 5946 in
860 5886 1073 5957 margine
1098 5897 1237 5946 savii.
1258 5886 1511 5942 idem'fere
1532 5886 1697 5957 titulus
1719 5886 1923 5957 habetur

361 5947 444 6029 qui
466 5947 800 6013 iii—aiorelliana
825 5947 1068 6029 Editiovne,
1087 5970 1328 6029 quemque
1356 5965 1440 6029 nos
1457 5950 1761 6029 retinendum
1781 5947 1925 5997 dun-

363 6011 717 6087 tjtrasTUterque
741 6032 857 6071 vero
879 6011 1078 6082 quadrat
1098 6011 1157 6067 ad
1178 6011 1513 6079 argumentum
1530 6011 1766 6076 Opuscuti.

671 6108 935 6167 Paraon.
985 6106 1098 6165 Gn.
1147 6108 1202 6165 Χ
1218 6103 1395 6165 LVII.

2024 4413 2199 4468 colere
2240 4411 2554 4468 videbantur
2590 4427 2707 4468 eam
2742 4414 2821 4467 sic
2861 4411 3186 4475 affecerunt,
3220 4420 3272 4465 et
3296 4425 3374 4465 ea:
3400 4410 3589 4481 quibus

2024 4503 2138 4558 fulti
2166 4502 2418 4558 adversus
2445 4502 2688 4558 infideles
2726 4503 2980 4557 hactenus
3022 4503 3189 4557 libere
3224 4501 3587 4571 loquebamur,

2024 4598 2128 4652 illa:
2151 4598 2279 4668 ipsa:
2303 4614 2396 4652 ora
2422 4607 2601 4652 nostra
2629 4596 2858 4651 maxime
2881 4597 3147 4659 obturant,
3175 4603 3229 4648 et
3259 4594 3423 4647 multa
3446 4594 3590 4662 igno-

2023 4691 2186 4747 minia
2212 4690 2538 4745 suﬂ‘undunt.

2095 4787 2246 4857 Apud
2267 4784 2468 4840 Grazcos
2487 4800 2577 4837 seu
2599 4782 2803 4852 gentiles
2822 4780 3034 4850 virgines
3053 4796 3151 4832 non
3175 4786 3337 4831 nant.
3359 4807 3430 4817 —
3453 4776 3592 4830 Inter

2025 4880 2238 4937 Graecos
2268 4879 2285 4911 ¹
2324 4892 2453 4931 sane
2506 4873 2720 4944 quidam
2754 4874 2875 4927 licet
2931 4873 3082 4940 pauci
3122 4870 3192 4923 ita
3234 4866 3589 4938 phil050phati

2024 4973 2253 5033 fuerunt,
2278 4979 2334 5023 ut
2358 4980 2516 5037 opum
2545 4972 2725 5020 essent
2743 4972 3155 5031 contemptores,
3178 4970 3231 5015 et
3252 4962 3381 5014 iram
3408 4959 3589 5011 vince-

2024 5072 2171 5126 rent;
2197 5058 2508 5129 virginitatis
2532 5064 2678 5111 certe
2700 5055 2800 5111 ﬂos
2824 5054 2971 5109 nullo
2997 5052 3155 5107 modo
3174 5051 3313 5121 apud
3336 5050 3451 5104 illos
3472 5047 3584 5111 fuit,

2025 5158 2076 5212 in
2098 5171 2199 5227 qua
2224 5167 2433 5221 semper
2451 5160 2829 5205 concesserunt
2848 5148 3001 5202 nobis
3021 5147 3241 5217 primam
3263 5144 3587 5213 dignitatem,

2025 5253 2248 5308 fatentes
2284 5263 2395 5302 rem
2425 5262 2585 5316 supra
2620 5256 2859 5299 naturam
2896 5258 3014 5299 esse
3042 5251 3097 5297 et
3136 5256 3241 5295 non
3284 5239 3588 5294 humanam.

2025 5346 2148 5400 ideo
2174 5343 2277 5397 illis
2315 5340 2561 5395 omnibus
2602 5354 2823 5393 summa:
2864 5334 3198 5390 admirationi
3236 5332 3465 5392 fuimus;
3497 5328 3589 5383 sed

2025 5452 2165 5492 nunc
2191 5451 2293 5488 non
2322 5433 2479 5496 item,
2510 5431 2633 5501 quin
2675 5430 2847 5498 potius
2876 5426 3119 5482 derident
3145 5439 3243 5478 nos
3267 5435 3321 5479 et
3352 5424 3403 5477 in
3434 5420 3587 5474 fabu-

2027 5531 2130 5583 lam
2166 5535 2396 5580 vertunt.
2427 5524 2550 5579 Ideo
2582 5520 2820 5575 diabolus
2863 5519 2934 5573 ita
2970 5526 3153 5572 contra
3199 5514 3341 5569 hunc
3376 5526 3589 5584 gregem

2026 5619 2273 5690 spiravit,
2304 5618 2553 5686 quoniam
2580 5613 2709 5667 vidit
2747 5612 2797 5665 in
2836 5611 2932 5664 hac
2970 5608 3303 5679 potissimum
3332 5605 3590 5677 phalange

2028 5710 2280 5782 fulgidum
2319 5708 2513 5763 Christi
2554 5705 2839 5761 exercitum
2884 5720 2897 5756 :
2936 5703 3118 5771 sicque
3159 5700 3379 5755 tentavit
3422 5704 3588 5765 Ipsam

2027 5801 2367 5867 confundere,
2396 5812 2451 5854 ut
2476 5799 2691 5869 posthac
2713 5796 2900 5849 melius
2923 5794 3008 5858 sit,
3037 5809 3103 5848 ne
3127 5792 3356 5862 virgines
3377 5787 3589 5859 quidem

2090 5942 2105 5972 ί
2142 5945 2207 5988 De
2225 5937 2498 5994 virginitate
2521 5945 2547 5981 a
2566 5927 2823 5994 gentilibus
2840 5930 2885 5973 in
2912 5926 3098 5994 honore
3117 5924 3290 5979 habita,
3313 5923 3424 5967 vide
3448 5912 3591 5967 At‘ha-

2030 6006 2209 6054 nasium
2236 6004 2281 6049 in
2299 5989 2400 6047 line
2423 5989 2653 6060 Apologia:
2673 5989 2731 6039 ad
2747 5995 3063 6038 Constantium
3088 5991 3203 6039 ltnp.

3112 6064 3190 6126 30
