4490 6732
919 578 1025 637 515

920 712 1068 762 esse,
1100 709 1216 766 qua:
1255 693 1326 748 ita
1365 708 1477 747 rem
1521 692 1658 747 banc
1688 692 1996 760 suscipiant.
2026 691 2196 745 Causa
2235 689 2494 745 malorum

919 788 1157 844 omnium
1183 827 1198 852 ,
1225 785 1365 854 quod
1393 786 1608 839 nomine
1641 793 1792 836 tenus
1822 783 1991 834 solum
2022 797 2108 835 res
2136 783 2419 844 consistat,
2446 790 2500 835 et

923 881 1190 949 negotium
1213 889 1379 934 totum
1407 881 1459 932 in
1487 893 1580 932 ore
1595 877 2051 943 circumscriptum
2075 875 2164 940 sit,
2187 870 2326 944 quod
2354 872 2498 927 scili-

923 983 1009 1028 cet
1038 973 1254 1028 minima
1283 970 1596 1040 virginitatis
1623 985 1748 1036 pars
1777 979 1893 1030 est;
1923 983 2040 1034 qua:
2065 978 2239 1020 autem
2265 966 2384 1037 plus
2408 981 2501 1020 ne-

924 1067 1180 1130 cessaria,
1208 1075 1261 1119 et
1288 1065 1453 1131 ipsam
1486 1063 1654 1131 magis
1686 1062 2077 1123 demonstrant,
2107 1060 2341 1129 neglecta
2372 1057 2497 1120 sint,

927 1171 984 1215 et
1025 1159 1163 1213 nulla
1205 1156 1342 1210 ratio
1395 1155 1652 1207 habeatur
1691 1153 1953 1212 vestium,
1996 1167 2116 1220 qua:
2148 1152 2500 1221 virginitatem

927 1251 1118 1306 decent
1141 1291 1156 1314 ,
1183 1246 1268 1302 vel
1304 1245 1536 1310 silentii,
1565 1245 1648 1299 vel
1681 1241 2138 1313 compunctionis,
2165 1243 2249 1296 vel
2281 1241 2502 1309 alicujus

928 1341 979 1396 id
1003 1354 1190 1410 genus.
1220 1337 1357 1404 Quin
1388 1346 1593 1391 temere
1623 1345 1885 1403 nugantur
1913 1334 2111 1398 omnia,
2141 1343 2190 1388 et
2223 1334 2396 1388 rident
2425 1333 2504 1386 in-

928 1431 1243 1503 tempestive
1267 1470 1283 1495 ,
1312 1439 1366 1483 et
1397 1429 1781 1482 tumultuantur
1800 1467 1813 1488 ,
1843 1434 1897 1477 et
1923 1425 1974 1476 in
2002 1425 2205 1480 deliciis
2233 1426 2397 1492 magis
2423 1424 2501 1477 vi-

928 1533 1059 1580 vunt
1082 1564 1097 1590 ,
1128 1536 1284 1592 quam
1317 1521 1565 1574 mulieres
1591 1534 1710 1587 quae
1746 1517 1796 1568 in
1829 1514 2030 1568 fornice
2072 1525 2350 1582 prostant,
2377 1513 2501 1568 dum

927 1623 1253 1686 spectatores
1281 1611 1484 1666 technis
1509 1611 1618 1662 suis
1648 1607 1876 1676 undique
1907 1605 2194 1674 pelliciuut,
2229 1615 2281 1658 et
2313 1605 2361 1657 in
2393 1617 2505 1656 me-

930 1706 1178 1761 retricum
1230 1699 1605 1770 turpitudinem
1649 1712 1708 1750 se
1744 1695 2011 1764 conjicere
2049 1703 2342 1759 conantur,
2372 1709 2433 1746 ac
2461 1692 2503 1744 si

928 1813 1051 1852 cum
1087 1795 1192 1849 illis
1220 1799 1560 1852 concertent,
1592 1788 1764 1858 deque
1808 1785 2146 1856 turpitudinis
2186 1786 2350 1853 gloria
2383 1797 2507 1837 c0n-

933 1885 1167 1942 tendant.
1195 1883 1347 1940 Unde
1365 1882 1529 1946 enim,
1551 1879 1636 1934 dic
1656 1878 1805 1943 mihi,
1830 1876 2122 1946 poterimus
2148 1885 2324 1943 postea
2350 1873 2503 1924 talem

931 1979 1190 2050 virginem
1218 1977 1404 2032 ordine
1430 1975 1637 2029 illarum
1667 1982 1718 2026 et
1743 1971 1996 2024 societate
2020 1969 2271 2031 eximere,
2300 1964 2506 2035 quando

932 2083 988 2127 et
1015 2073 1126 2140 ipsa
1157 2069 1294 2124 idem
1328 2067 1482 2129 facit,
1514 2063 1653 2134 quod
1684 2062 1785 2116 illm
1810 2078 1824 2125 ;
1851 2059 2063 2130 quando
2091 2059 2291 2112 scilicet
2327 2056 2506 2110 adole-

935 2173 1175 2224 scentum
1199 2159 1359 2215 corda
1387 2159 1438 2211 in
1469 2155 1702 2210 fraudem
1734 2153 1901 2217 illicit,
1935 2149 2145 2220 quando
2174 2150 2404 2217 petulans
2429 2155 2509 2199 est

935 2266 990 2311 et
1025 2256 1415 2322 intemperans,
1443 2245 1654 2317 quando
1682 2245 1866 2301 eadem
1903 2257 2105 2298 venena
2141 2240 2354 2311 porrigit
2375 2282 2390 2300 ,
2422 2254 2510 2292 ea-
2541 2231 2550 2242 '

937 2349 1057 2403 dem
1091 2346 1276 2416 pocula
1317 2344 1538 2408 miscet,
1569 2339 1912 2406 eamdemque
1940 2344 2090 2405 parat
2117 2332 2375 2388 cicutam?
2405 2329 2508 2383 Sed

940 2455 1045 2496 non
1072 2439 1199 2494 dicit
1223 2455 1236 2492 :
1275 2434 1417 2500 Veni,
1441 2448 1611 2486 amore
1635 2430 1945 2484 involvantur
1969 2443 1986 2482 :
2018 2442 2116 2480 nec
2141 2425 2283 2490 dicit,
2311 2422 2511 2491 Asperai

941 2532 1101 2587 cubile
1127 2545 1288 2582 meum
1312 2541 1455 2579 croco
1493 2533 1539 2577 et
1575 2523 1754 2576 lectum
1795 2535 1959 2572 meum
1983 2519 2294 2571 ciunamomo
2320 2512 2509 2583 (Prov.

943 2625 995 2678 7.
1027 2623 1114 2676 17.
1155 2619 1278 2687 18).
1317 2615 1526 2672 Utinam
1567 2611 1738 2666 cubile
1781 2618 1834 2663 ct
1875 2609 2099 2672 lectum,
2131 2621 2233 2659 non
2263 2611 2436 2658 vestes
2461 2611 2514 2655 ct

942 2712 1165 2784 corpus!
1203 2710 1315 2764 Illa:
1343 2709 1484 2764 enim
1525 2704 1669 2760 domi
1707 2717 1884 2758 escam
1919 2701 2214 2763 occultant,
2242 2706 2294 2752 tu
2325 2696 2516 2763 ubique

946 2809 1188 2876 laqueum
1217 2799 1557 2863 circumfers,
1588 2807 1641 2852 et
1665 2795 1919 2865 expandis
1951 2792 2232 2862 voluptatis
2269 2789 2378 2843 alas
2418 2788 2511 2840 ob-

948 2896 1225 2951 ambulans
1263 2894 1314 2946 in
1353 2892 1490 2946 foro.
1527 2887 1630 2943 Sed
1667 2904 1768 2941 non
1805 2885 2016 2950 dixisti,
2047 2899 2216 2952 neque
2251 2879 2517 2935 contulisti

948 2989 1106 3044 verba
1145 2987 1234 3041 illa
1280 2984 1575 3039 meretricia
1597 3023 1611 3046 ,
1652 2980 1806 3043 Veni,
1842 2994 2012 3032 amore
2047 2976 2372 3029 involvamur.
2404 2971 2516 3025 Non

949 3082 1128 3137 dixisti
1154 3080 1348 3148 lingua,
1375 3075 1467 3130 sed
1491 3073 1666 3128 dixisti
1696 3073 1873 3124 habitu
1901 3087 1914 3122 :
1948 3083 2053 3121 non
2079 3068 2290 3135 loquuta
2316 3078 2375 3118 es
2403 3078 2517 3126 ore,

950 3173 1044 3229 sed
1071 3171 1284 3240 loquuta
1311 3183 1370 3223 es
1398 3180 1579 3236 gressu
1614 3182 1626 3215 :
1661 3178 1762 3216 non
1803 3159 2031 3214 invitasti
2064 3172 2221 3220 voce,
2252 3155 2344 3210 sed
2385 3152 2520 3206 invi-

953 3265 1072 3319 tasti
1095 3262 1261 3318 oculis
1291 3261 1485 3315 clarius
1514 3272 1666 3328 quam
1697 3269 1844 3308 voce.
1887 3254 1952 3306 At
1992 3260 2264 3320 postquam
2299 3261 2520 3301 vocave-

952 3371 1074 3421 ras,
1102 3367 1204 3408 non
1237 3362 1290 3406 te
1324 3349 1574 3404 obtulisti.
1615 3352 1796 3414 Neque
1821 3343 1896 3397 sic
1929 3357 1958 3394 a
1991 3348 2204 3410 peccato
2241 3336 2476 3392 liberaris
2506 3353 2520 3390 :

953 3457 1035 3501 est
1059 3445 1198 3500 enim
1219 3453 1271 3498 et
1296 3441 1411 3495 ha-e
1437 3440 1536 3493 alia
1563 3434 1922 3491 fornicationis
1948 3431 2173 3502 species.
2205 3429 2342 3482 Pura
2369 3443 2520 3480 man-

955 3538 1071 3593 sisti
1095 3536 1162 3589 ab
1190 3533 1376 3604 injuria
1403 3530 1640 3600 corporis
1675 3526 1882 3595 quidem
1903 3565 1919 3590 ,
1947 3523 2039 3578 sed
2069 3536 2173 3576 non
2211 3519 2432 3581 anima-3,
2468 3526 2522 3570 et

953 3627 1272 3698 completum
1301 3632 1384 3679 est
1410 3641 1439 3676 a
1470 3630 1522 3676 te
1551 3628 1820 3691 peccatum
1843 3657 1856 3679 ,
1895 3615 2098 3670 etiamsi
2142 3627 2247 3666 non
2288 3625 2380 3680 per
2408 3607 2520 3663 coi-

960 3731 1090 3776 tum.
1118 3716 1211 3771 sed
1240 3730 1333 3785 per
1361 3721 1648 3782 aspectum.

1040 3807 1290 3878 Virginem
1310 3821 1409 3857 non
1430 3804 1600 3855 decent
1620 3800 1782 3854 cultus
1803 3797 2027 3865 corporis
2053 3803 2097 3846 et
2119 3791 2262 3846 vestis
2286 3790 2517 3861 pretiosa.

960 3897 1202 3966 Cujus
1219 3895 1359 3948 enim
1374 3893 1538 3962 gratia
1556 3904 1711 3945 vocas
1730 3883 2140 3956 praetereuntes?
2169 3897 2263 3938 cur
2277 3879 2524 3936 accendis

961 3989 1174 4062 ignem?
1193 3985 1456 4058 quomodo
1489 3991 1641 4053 putas
1676 3990 1731 4035 te
1760 3993 1946 4049 puram
1975 3992 2004 4030 a
2033 3983 2268 4044 peccato,
2289 3986 2412 4028 cum
2441 3981 2523 4024 to-

961 4093 1072 4137 tum
1103 4083 1274 4150 ipsum
1301 4091 1433 4146 opus
1456 4083 1671 4145 operata
1698 4072 1813 4127 sis?
1844 4070 2053 4126 Etenim
2078 4082 2198 4122 cum
2227 4065 2526 4120 adulterum

967 4173 1157 4228 feceris
1185 4168 1474 4239 perfectum
1498 4180 1641 4229 eum,
1664 4178 1819 4233 quem
1849 4171 1942 4215 tuo
1970 4161 2071 4214 isto
2102 4158 2278 4212 habitu
2306 4156 2526 4223 cepisti,

965 4261 1229 4334 quomodo
1245 4268 1390 4330 potes
1407 4273 1508 4311 non
1532 4254 1916 4320 esseadultera,
1933 4267 2052 4307 cum
2069 4263 2200 4319 Opus
2219 4257 2362 4301 tuum
2383 4246 2531 4299 adul-

964 4357 1156 4410 terium
1189 4366 1308 4408 esse
1340 4347 1795 4420 deprehendatur?
1825 4342 1970 4399 Illius
1994 4342 2197 4397 insania
2223 4348 2364 4392 tuum
2395 4351 2528 4405 opus

969 4459 1071 4505 est.
1086 4444 1327 4503 Profecto
1340 4450 1391 4496 te
1402 4457 1516 4512 qum
1526 4440 1792 4495 adulteros
1807 4434 2130 4508 praeparasti,
2145 4430 2388 4486 adulterii
2401 4443 2529 4495 sup-

974 4540 1183 4610 plicium
1207 4535 1422 4589 minime
1447 4547 1600 4602 posse
1624 4530 1872 4600 effugere,
1891 4527 2019 4582 nulli
2035 4543 2140 4580 non
2169 4523 2527 4578 manifestum.

975 4635 1054 4689 'Iu
1077 4632 1304 4703 gladium
1337 4627 1521 4683 acuisti
1543 4667 1558 4692 ,
1585 4635 1642 4679 tu
1661 4623 1900 4677 dextram
1928 4619 2178 4681 armasti,
2201 4626 2255 4670 tu
2276 4623 2531 4670 armatam

972 4727 1209 4781 dextram
1228 4723 1279 4776 in
1301 4720 1547 4776 miseram
1573 4715 1798 4770 animam
1829 4708 2078 4780 impulisti
2111 4705 2408 4775 :quomodo
2437 4704 2532 4773 igi-

975 4831 1063 4871 tur
1093 4815 1287 4885 poteris
1313 4813 1378 4867 ab
1409 4807 1674 4864 homicidii
1696 4803 1952 4875 supplicio
1970 4797 2226 4855 liberari?
2253 4798 2346 4850 Dic
2369 4796 2530 4857 enim,

975 4918 1232 4977 quosnam
1280 4901 1535 4956 habemus
1579 4897 1701 4953 odio
1726 4904 1778 4951 et
1819 4890 2160 4948 aversamur?
2185 4902 2316 4957 quos
2359 4894 2533 4938 autem

975 4995 1202 5067 puniunt
1228 4991 1555 5063 legislatores
1591 4997 1646 5043 et
1676 4986 1918 5056 judices?
1948 4999 2072 5040 num
2101 4997 2193 5038 eos
2219 4980 2308 5052 qui
2351 4978 2538 5033 bibunt

975 5086 1246 5142 mortifera
1287 5096 1508 5142 venena,
1539 5095 1606 5133 an
1645 5080 1927 5132 miscentes
1971 5077 2207 5137 calicem,
2236 5082 2288 5127 ct
2333 5085 2536 5142 praepa-

976 5187 1155 5236 rantes
1197 5191 1280 5242 ea,
1308 5185 1527 5244 arteque
1576 5185 1671 5225 sua
1713 5167 1993 5239 perdentes
2043 5166 2204 5222 alios?
2234 5179 2410 5220 nonne
2457 5163 2538 5218 bi-

977 5269 1165 5324 bentes
1193 5265 1404 5338 quidem
1430 5271 1612 5334 utpote
1639 5260 1822 5331 injuria
1848 5257 2062 5312 affectos
2083 5257 2415 5322 miser-amur,
2442 5271 2536 5308 ve

981 5359 1180 5415 necos
1207 5367 1382 5412 autem
1424 5354 1669 5410 omnibus
1693 5349 1907 5406 calculis
1948 5345 2392 5401 condemnamus?
2431 5343 2540 5398 Nec

976 5447 1176 5505 sufcit
1209 5448 1290 5504 eis
1337 5445 1405 5503 ad
1446 5444 1837 5502 excusationem
1881 5439 2080 5502 dicere,
2125 5436 2238 5492 Non
2282 5434 2539 5503 meipsum

980 5541 1115 5604 Issi,
1144 5539 1237 5594 sed
1269 5538 1429 5592 alium
1459 5535 1660 5607 perdidi
1685 5550 1700 5598 ;
1730 5531 1826 5587 sed
1857 5539 2070 5601 propter
2105 5527 2205 5582 hoc
2246 5535 2389 5580 tanto
2417 5539 2541 5594 gra-

979 5632 1181 5685 viorem
1206 5629 1600 5696 luuntpmnam.
1632 5625 1710 5679 Tu
1737 5632 1912 5678 autem
1943 5622 2134 5676 misera
2161 5627 2214 5674 et
2237 5617 2541 5672 calamitosa

979 5721 1238 5778 miscuisti
1267 5720 1484 5776 calicem
1513 5716 1654 5770 hunc
1694 5716 2070 5784 perniciosum,
2111 5721 2166 5767 et
2194 5709 2458 5782 prmbnisti
2490 5717 2545 5762 et

977 5811 1170 5868 dedisti
1213 5809 1553 5880 pharmacum
1599 5824 1614 5860 :
1660 5815 1715 5861 et
1749 5816 2022 5876 postquam
2053 5805 2185 5860 bibit
2224 5813 2278 5858 et
2309 5800 2545 5872 perditus

983 5915 1086 5972 est,
1110 5904 1381 5961 defensam
1413 5913 1466 5958 te
1493 5909 1664 5972 putas,
1695 5900 1816 5970 quia
1842 5913 1944 5953 non
1970 5899 2080 5968 ipsa
2105 5896 2322 5961 biberis,
2347 5891 2439 5948 sed
2464 5891 2545 5945 al-

981 5997 1084 6054 teri
1110 5997 1395 6066 prarbueris
1431 5993 1671 6052 venena?
1695 5992 2019 6062 Quamquam
2046 5999 2098 6045 et
2127 6003 2221 6044 vos
2250 5993 2395 6040 tanto
2421 5997 2538 6054 gra-

1638 575 1694 632 S.
1736 575 2010 631 JOANNIS
2047 573 2516 633 CllRYSOSTOMl
2557 574 2868 635 ARCHIEP.
2909 581 3443 640 CONSIANTlNOP.

4077 591 4183 648 523

2603 694 2801 748 viorem
2856 696 3012 750 luetis
3067 716 3311 769 pmnam,
3363 717 3516 771 quam
3575 702 4002 775 pharmacopolae
4060 711 4177 773 ilzi,

2601 794 2798 854 quanto
2826 795 2881 840 ct
2901 804 3044 843 mors
3071 795 3303 858 gravior.
3332 795 3444 848 Non
3471 795 3610 848 enim
3640 810 3833 864 corpus
3861 799 4058 862 solum,
4085 801 4177 852 sel

2603 886 2657 929 ct
2680 877 2908 931 animam
2931 879 3252 936 interimitis.
3279 886 3341 938 Et
3367 886 3436 938 illi
3463 885 3673 956 quidem
3701 902 3841 953 s:rpe
3863 890 3942 941 vel
3973 889 4176 947 fttlttte,

2606 969 2687 1021 vel
2715 970 2790 1020 ira
2819 966 2921 1021 hoc
2962 968 3183 1031 faciunt,
3208 977 3287 1024 vet
3313 977 3484 1044 inopia
3511 995 3525 1040 ;
3559 993 3650 1030 vos
3675 986 3847 1029 autem
3875 977 3938 1030 ad
3972 979 4177 1030 nullum

2607 1058 2765 1111 talem
2792 1058 3075 1126 confugere
3101 1072 3411 1126 pnetextum
3442 1068 3679 1132 potestis.
3705 1065 3883 1136 Neque
3905 1068 4045 1119 enim
4079 1069 4179 1119 hoc

2606 1145 2777 1200 facitis
2817 1147 3062 1210 inimicis,
3112 1149 3192 1201 vel
3238 1151 3318 1202 eis
3361 1156 3446 1221 qui
3491 1167 3812 1220 nocuerunt,
3840 1159 3918 1211 vel
3955 1147 4177 1209 ubinu-

2607 1237 2776 1303 ,
2804 1238 2896 1292 5
2937 1239 3004 1292 0b
3038 1239 3202 1292 SOlam
3231 1256 3415 1293 vanam
3453 1245 3672 1312 gloriam
3707 1250 3756 1302 in
3785 1251 3968 1303 alienis
3996 1249 4176 1301 luditis

2606 1329 2912 1395 animabus,
2943 1341 2996 1386 et
3015 1348 3077 1386 ex
3099 1333 3323 1386 aliorum
3355 1346 3524 1389 morte
3556 1341 3875 1408 voluptatem
3905 1345 4174 1412 propriam

2607 1424 2945 1477 constituitis.

2678 1510 2732 1562 2.
2769 1512 2873 1565 Sed
2911 1515 3086 1568 nescio
3116 1515 3273 1576 unde,
3303 1524 3358 1568 ut
3386 1516 3496 1568 lucc
3524 1516 3773 1582 dicerem,
3804 1520 3902 1574 huc
3933 1538 4047 1577 smn
4078 1543 4176 1594 ap-

2609 1601 2823 1666 pulsus;
2857 1619 2903 1672 pa
2919 1614 3071 1672 Opter
3092 1607 3228 1674 quod
3250 1605 3575 1659 redeundum
3601 1607 3662 1658 ad
3687 1607 3736 1659 id
3755 1609 3891 1661 unde
3907 1612 4178 1677 digressus

2609 1707 2746 1743 sum.
2776 1693 2905 1748 Nam
2931 1697 3078 1764 quasi
3110 1712 3213 1750 non
3232 1697 3535 1751 sufficerent
3558 1698 3673 1752 hac
3693 1699 3742 1750 in
3775 1700 3930 1753 totius
3965 1702 4176 1762 feminei

2609 1786 2820 1852 generis
2849 1787 3241 1853 confusionem,
3285 1801 3340 1843 et
3372 1790 3509 1843 aliud
3539 1790 3786 1858 quiddam
3819 1792 3988 1860 majus
4017 1809 4179 1846 exco-

2609 1877 2927 1942 gitaverunt.
2962 1880 3067 1933 Sed
3096 1898 3252 1934 neuio
3295 1881 3406 1935 huic
3437 1882 3502 1935 de
3543 1884 3787 1936 omnibus
3814 1884 3950 1936 dicta
3984 1895 4132 1952 putet
4177 1933 4180 1938 .

2611 1981 2717 2020 non
2759 1969 2899 2021 enim
2934 1979 3037 2023 tam
3070 1973 3227 2025 miser
3279 1988 3414 2037 sum,
3457 1982 3513 2026 ut
3553 1975 3704 2026 simul
3744 1976 3917 2028 omnia
3957 1977 4178 2028 commi-

2612 2073 2786 2111 sceam
2817 2069 2870 2114 et
2895 2062 3228 2115 confundam.
3250 2063 3377 2115 Nam
3411 2064 3477 2117 de
3500 2065 3580 2117 his
3607 2081 3722 2129 qua:
3742 2066 3908 2132 culpis
3935 2067 4174 2119 obnoxia

2613 2161 2666 2202 et
2713 2149 2828 2204 bmc
2868 2151 3006 2206 dicta
3042 2163 3196 2213 sunt,
3233 2163 3284 2208 et
3327 2170 3443 2222 qnze
3489 2167 3670 2222 postea
3717 2156 3976 2208 dicentur.
4019 2157 4176 2222 Quasi

2616 2241 2774 2310 igitur
2797 2258 2898 2295 non
2931 2245 3057 2298 satis
3085 2245 3335 2298 damnosa
3383 2256 3562 2298 essent
3603 2246 3733 2311 lucc,
3772 2248 3910 2300 viros
3947 2249 4044 2299 sibi
4077 2250 4180 2300 mi-

2616 2334 2758 2386 nime
2810 2345 3060 2402 cognatos
3104 2350 3280 2389 secum
3326 2336 3616 2400 includunt,
3667 2347 3717 2389 et
3763 2337 3902 2390 omni
3943 2348 4184 2406 tempore

2615 2425 3019 2480 contubernales
3068 2426 3280 2489 faciunt,
3329 2427 3476 2495 quasi
3528 2427 3960 2480 demonstratum:
4000 2440 4049 2480 et
4090 2443 4184 2494 per

2617 2532 2678 2570 ea
2713 2533 2830 2586 quae
2858 2517 2994 2571 dicta
3025 2528 3165 2581 sunt,
3194 2518 3533 2598 qurdiuvitm
3557 2518 3620 2571 ad
3644 2519 3992 2587 virginitatem
4016 2530 4184 2585 rapte

2619 2610 2746 2674 sint,
2773 2618 2825 2662 et
2863 2619 3151 2662 extremam
3190 2611 3293 2661 vim
3336 2610 3713 2670 sustinuerint,
3761 2619 3812 2660 et
3838 2607 3936 2661 hac
3975 2609 4184 2662 ratiune

2620 2700 2962 2753 consolentur
2992 2700 3094 2752 vim
3129 2709 3180 2751 et
3204 2700 3594 2752 necessitatem.
3622 2698 3755 2762 Quid
3784 2698 3976 2765 igitur?
4004 2716 4182 2751 annon

2624 2789 2704 2843 his
2729 2789 3010 2852 deteriora,
3040 2803 3158 2840 cum
3187 2789 3298 2840 lucc
3319 2789 3610 2854 conligunt,
3639 2786 3882 2840 dicuntur
3904 2788 3971 2840 ab
3997 2789 4185 2840 amicis

2622 2891 2675 2934 et
2714 2880 3093 2934 familiaribus?
3131 2879 3573 2934 Permittendarne
3613 2889 3737 2933 sunt
3785 2879 3884 2932 illm
3910 2880 4091 2934 vivere
4132 2891 4185 2933 et

2623 2974 2903 3041 reSpirare,
2933 2982 2982 3026 et
3014 2986 3116 3024 non
3149 2970 3322 3038 poti'ts
3349 2970 3671 3024 dissecandm
3699 2969 3906 3035 medim,
3934 2970 4017 3024 vel
4047 2973 4184 3023 vivm

2623 3082 2743 3121 cum
2793 3065 2894 3120 illis
2943 3065 3068 3133 ipsis
3115 3062 3469 3117 tumulandze?
3514 3063 3716 3116 Etenim
3759 3073 3812 3116 et
3851 3062 3962 3116 lucc
4004 3072 4055 3117 et
4100 3063 4184 3116 bis

2627 3159 2791 3213 multo
2819 3158 2965 3226 plura
3001 3169 3188 3209 omnes
3225 3154 3422 3208 dicunt.
3450 3154 3710 3207 (Steterunt
3755 3164 3807 3209 et
3835 3153 4079 3220 frequens
4130 3165 4183 3206 et

2626 3249 2957 3319 quotidianus
2995 3255 3075 3300 est
3101 3259 3284 3298 cursus
3321 3244 3655 3297 obstetricum
3695 3244 3760 3297 ad
3797 3243 4051 3312 virginum
4082 3242 4181 3293 do-

2628 3357 2766 3404 mus,
2797 3341 2943 3409 quasi
2972 3338 3035 3392 ad
3065 3338 3345 3407 parientes,
3374 3352 3474 3389 non
3493 3335 3630 3403 quod
3660 3335 4062 3389 obstetrict-ntur
4086 3350 4182 3403 pa-

2627 3432 2800 3495 rienti,
2832 3429 3069 3498 quamvis
3107 3427 3324 3495 contigit
3363 3426 3412 3479 in
3451 3425 3708 3494 aliquibus
3736 3426 3889 3477 etiam
3922 3424 4053 3488 hoc,
4088 3426 4182 3477 sed

2625 3525 2764 3596 quod
2797 3524 3080 3593 probentur
3104 3530 3157 3575 et
3190 3519 3490 3591 judicentur
3536 3518 3669 3570 sicut
3713 3527 3900 3584 empta:
3941 3517 4179 3577 ancilla,

2625 3632 2865 3688 quasnam
2912 3622 3190 3682 corrupta,
3235 3610 3320 3665 vel
3363 3625 3480 3678 quae
3509 3608 3747 3671 intacta};
3773 3618 3824 3662 et
3857 3608 3940 3661 illa
3967 3609 4180 3675 qmdem

2629 3707 2782 3763 facile
2827 3705 3026 3761 obediit
3073 3700 3401 3771 probationi,
3441 3699 3551 3754 haec
3588 3713 3716 3752 vero
3751 3698 4098 3761 contradixit,
4131 3708 4185 3750 et

2629 3800 2730 3854 hoc
2757 3799 2870 3867 ipso
2910 3795 3124 3850 confusa
3163 3792 3309 3855 abiit,
3339 3790 3541 3844 etiamsi
3571 3803 3675 3843 non
3713 3798 3954 3856 corrupta
3981 3788 4083 3848 sit;
4129 3798 4182 3838 et

2630 3891 2742 3944 haec
2779 3886 2990 3957 quidem
3029 3884 3352 3952 deprehensa
3379 3890 3491 3944 est,
3519 3881 3606 3934 illa
3635 3896 3757 3935 vero
3787 3895 3919 3943 non;
3949 3877 4040 3931 scd
4068 3878 4184 3930 hmc

2631 3995 2737 4034 non
2778 3979 2950 4031 minus
2987 3989 3144 4044 quam
3185 3973 3269 4026 illa
3310 3970 3644 4026 confunditur
3668 4011 3682 4035 ,
3709 3985 3828 4023 cum
3872 3985 3972 4022 non
4017 3971 4184 4038 possit

2630 4069 2786 4138 digna
2818 4066 2920 4119 fide
2948 4080 3016 4119 ex
3059 4063 3290 4117 moribus
3311 4060 3659 4130 comprobari,
3689 4060 3780 4114 sed
3822 4074 3952 4128 Opus
3993 4058 4186 4112 habeat

2633 4169 2853 4214 externo
2890 4155 3144 4210 examinis
3175 4153 3490 4208 testimonio.
3534 4151 3750 4219 Quantis
3790 4151 4032 4221 lacrymis
4071 4149 4185 4202 [nec

2635 4267 2739 4306 non
2767 4259 2888 4304 sunt
2927 4249 3101 4317 digna,
3145 4246 3349 4314 quantis
3389 4260 3492 4298 non
3535 4243 3690 4312 digna
3730 4242 4016 4296 mortibus?
4055 4241 4186 4306 Quis

2635 4351 2808 4395 autem
2836 4339 2911 4392 sic
2945 4335 3180 4405 lapideus
3211 4342 3264 4387 et
3297 4333 3478 4395 durus,
3508 4340 3565 4385 ut
3591 4346 3694 4385 non
3725 4330 4032 4383 accendatur
4065 4330 4184 4382 zelo

2637 4432 2768 4485 sicut
2799 4425 3063 4482 Phinees?
3091 4425 3156 4478 Et
3196 4423 3526 4492 ille-quidem
3567 4422 3612 4474 si
3651 4435 3747 4473 suo
3785 4428 4019 4486 tempore
4054 4419 4187 4470 hanc

2639 4519 3012 4589 turpitudinem
3051 4516 3286 4580 vidisset,
3313 4528 3416 4566 non
3454 4513 3581 4580 ipsis
3615 4512 3960 4581 pepercisset,
3995 4509 4089 4564 sed
4117 4513 4190 4564 fe-

2637 4613 2796 4666 cisset
2843 4609 2979 4663 idem
3020 4606 3157 4676 quod
3207 4605 3257 4658 in
3305 4603 3635 4658 Madianitide
3679 4602 3802 4656 olim
3849 4602 3970 4655 fecit
4003 4599 4188 4668 (Nam.

2638 4701 2726 4756 25.
2775 4701 2860 4768 )
2890 4719 2902 4753 :
2936 4713 3029 4750 nos
3076 4707 3247 4751 autem
3290 4710 3408 4748 cum
3452 4694 3600 4748 nobis
3640 4709 3742 4746 non
3770 4692 3838 4745 sit
3874 4691 4191 4760 permiSsum

2638 4793 2872 4860 arripere
2919 4787 3177 4859 gladium,
3227 4801 3394 4857 neque
3431 4787 3607 4840 lancea
3640 4782 3924 4839 confodere
3972 4795 4064 4836 eos
4103 4784 4189 4850 qui

2639 4885 2738 4938 ista
2766 4889 3086 4952 perpetrant,
3113 4879 3285 4935 affecti
3309 4889 3452 4934 certe
3467 4893 3645 4932 sumus
3672 4877 3806 4930 sicut
3833 4885 4042 4928 sanctus
4068 4875 4191 4938 ille,

2640 4991 2746 5030 non
2775 4974 2992 5028 facimus
3018 4982 3193 5027 autem
3220 4971 3433 5034 eadem,
3475 4969 3566 5024 sed
3596 4968 3765 5023 dolori
3803 4967 3958 5021 aliter
3980 4981 4196 5021 succur-

2640 5068 2825 5129 rimus.
2866 5065 3151 5136 ploratibus
3191 5062 3394 5117 scilicet
3416 5074 3477 5113 ac
3516 5059 3780 5113 lamentis.
3825 5057 4007 5113 Venite
4031 5071 4193 5124 ergo,

2640 5157 2884 5214 dolorum
2911 5171 2973 5212 ac
3014 5156 3300 5228 gemituum
3337 5149 3493 5204 socia:
3518 5159 3687 5204 estote
3723 5156 3976 5218 quotquot
4002 5145 4068 5198 ab
4099 5145 4197 5196 hac

2643 5248 2985 5305 obscmnitate
3011 5247 3140 5301 estis
3166 5244 3385 5303 alienm;
3413 5255 3530 5293 nam
3559 5240 3876 5294 calamitosae
3906 5245 3959 5289 et
3987 5235 4195 5288 misera:

2643 5345 2745 5398 illac
2795 5341 2928 5396 forte
2974 5342 3025 5395 in
3067 5346 3209 5392 tanta
3253 5342 3375 5388 sunt
3419 5332 3660 5399 miseria,
3704 5338 3761 5384 ut
3795 5327 3920 5382 mali
3958 5325 4200 5380 dolorem

2645 5436 2807 5489 ullum
2833 5448 2936 5486 non
2963 5430 3210 5484 sentiant.
3244 5424 3346 5480 Sed
3369 5439 3461 5477 vos
3485 5437 3599 5492 quae
3629 5423 3762 5473 hanc
3783 5416 4088 5486 suscepistis
4117 5419 4198 5471 vi-

2648 5535 2772 5588 tam,
2803 5524 2975 5592 digna:
3001 5519 3150 5574 facta:
3176 5517 3406 5572 thalamo
3431 5524 3486 5570 et
3503 5526 3716 5583 sponso,
3736 5509 4000 5580 lampades
4026 5509 4201 5565 claras

2647 5616 2892 5687 gestatis,
2931 5620 2986 5668 et
3022 5611 3244 5667 honesto
3284 5604 3596 5679 virginitatis
3637 5611 3775 5656 serto
3803 5602 3967 5673 magis
3999 5612 4204 5657 ornatae

2649 5722 2803 5778 quam
2825 5719 3020 5761 corona
3063 5703 3206 5774 regia
3227 5744 3242 5768 ,
3269 5701 3528 5770 lacrymas
3566 5692 3767 5750 fundite
3810 5695 4078 5750 nobiscum
4102 5737 4118 5760 ,
4147 5705 4205 5750 et

2651 5813 2827 5854 amare
2855 5797 3012 5853 simul
3059 5793 3285 5864 ejulate;
3330 5801 3450 5842 nam
3479 5784 3579 5840 hoc
3611 5801 3716 5841 non
3762 5802 3982 5857 parvum
4010 5795 4095 5841 est
4120 5802 4178 5840 ro

2651 5889 2881 5946 medium
2916 5897 2967 5944 et
2993 5886 3058 5941 ad
3105 5879 3368 5939 curandos
3406 5888 3498 5932 eos
3525 5877 3612 5948 qui
3649 5877 4005 5933 incurabiliter
4030 5893 4207 5947 segre-

2656 5993 2788 6052 tant,
2816 5993 2870 6041 et
2896 5983 2962 6038 ad
2991 5975 3405 6036 consolationem
3435 5971 3741 6037 lugentium.
3772 5972 3881 6028 Hoc
3908 5973 4077 6043 ipsum
4110 5973 4208 6026 ali.
