4392 6682
131 541 236 595 ῖιιῢ

128 656 315 706 σοῦτον
335 658 471 712 κατά
493 648 692 720 ταύτης
726 649 1011 700 ἐνέπνευσε
1033 644 1132 708 τῆς
1154 637 1372 708 ἀγέλης,
1398 635 1581 705 ἐπειδὴ
1605 635 1785 706 μάλισ-

128 753 197 788 τα
222 735 325 789 ἀπὸ
349 735 545 802 ταύτης
569 716 712 801 ἐώρα
734 730 830 798 τῆς
855 725 1130 794 φάλαγγος
1152 720 1399 791 λαμπρὸν
1427 719 1519 772 τοῦ
1551 716 1784 802 Χριστοῦ

128 818 186 869 τὸ
223 799 575 886 στρατόπεδον
592 855 605 876 ,
631 799 723 866 καὶ
755 811 925 868 οὕτως
960 805 1125 872 αὐτὴν
1151 805 1469 875 ἐπεχείρησε
1496 799 1790 867 καταισχῦ-

129 917 237 962 ναι,
276 880 350 962 ῶς
379 898 578 968 βέλτιον
609 891 746 948 εἶναι
790 888 974 941 λοιπὸν
1011 888 1142 959 μηδέ
1187 889 1484 960 παρθένους
1511 880 1651 937 εἶναι
1694 882 1788 942 τὰς

127 985 271 1037 οὕτω
299 983 358 1035 τὸ
379 964 608 1051 πρᾶγμα
637 973 874 1045 μετιέναι
893 972 1287 1044 ἐπιχειρούσας.
1311 973 1381 1023 Τὸ
1403 971 1458 1022 δὲ
1487 971 1656 1021 αἴτιον
1682 964 1788 1015 τῶν

131 1066 316 1118 κακῶν
346 1046 616 1120 ἀπάντων,
647 1058 726 1108 ὅτι
760 1054 920 1125 μέχρι
962 1057 1326 1128 προσηγορίας
1348 1055 1406 1105 τὸ
1439 1054 1671 1122 πρᾶγμα
1699 1046 1792 1096 ζέσ-

129 1147 395 1217 τηκε.κα“ι
413 1142 562 1210 ἐντῷ
580 1138 802 1207 στόματι
845 1151 868 1178 ο
909 1139 967 1191 τὸ
1010 1141 1113 1192 πᾶν
1148 1137 1603 1208 περιγέγραπται,
1656 1131 1790 1198 ὅπερ

131 1212 409 1296 ἐλάχιστον
431 1223 591 1292 μέρος
614 1221 906 1292 παρθενίας
933 1223 1066 1274 ἐστί·
1098 1221 1162 1274 τὰ
1189 1221 1244 1273 δέ
1271 1217 1669 1285 ἀναγκαιότερα
1698 1212 1790 1263 καὶ

134 1295 367 1380 μάλιστα
415 1305 582 1374 αὐτὴν
624 1304 903 1358 δεικνύντα
956 1305 1244 1376 ἠμέληται,
1301 1304 1394 1354 καὶ
1441 1299 1564 1350 οὗτε
1598 1295 1792 1363 στολῆς

131 1389 528 1459 κοσμίαςλόγος
545 1390 750 1455 αὑταῖς,
774 1391 871 1460 οὑχ
887 1389 1116 1459 ἡσυχίας
1144 1386 1430 1456 παρθένοις
1451 1380 1788 1450 πρεπούσης,

129 1476 193 1525 ού
225 1474 583 1541 κατανύξεως,
618 1477 715 1528 οῦκ
751 1475 908 1530 ἄλλου
942 1473 1052 1525 τῶν
1100 1471 1357 1523 τοιούτων
1397 1465 1630 1526 οὐδενός·
1658 1462 1791 1516 ἀλλὰ

131 1557 229 1610 καὶ
257 1558 574 1628 φθέγγονται
599 1560 832 1621 εὐκόλως
858 1557 1070 1609 ἅπαντα
1091 1597 1105 1619 ,
1141 1555 1236 1606 καὶ
1267 1551 1496 1619 γελῶσιν
1526 1547 1788 1617 ἀκαίρως,

131 1641 226 1692 καὶ
257 1643 630 1696 κατακλῶνται
655 1643 748 1695 καὶ
781 1641 1108 1710 θρύπτονται
1135 1635 1334 1705 μᾶλλον
1351 1631 1460 1684 τῶν
1485 1630 1577 1681 ἐπί
1599 1629 1691 1682 τοῦ
1707 1630 1794 1681 τέ-

130 1741 258 1791 γους
297 1726 738 1796 μαλακιζομένων
785 1722 1082 1791 γυναικῶν,
1115 1716 1377 1772 πάντοθεν
1431 1713 1793 1796 μηχανήματα

129 1811 243 1870 τοῖς
270 1808 467 1878 ὁρῶσιν
515 1794 737 1860 ἐνιεῖσαι
778 1806 826 1868 ιι,
859 1806 952 1858 καὶ
996 1804 1076 1865 εἰς
1098 1801 1194 1870 τὴν
1227 1797 1336 1849 τῶν
1385 1794 1792 1878 πορνευομένων

131 1875 407 1956 γυναικῶν
427 1888 810 1960 ἀσχημοσύνην
831 1885 1078 1940 εἱσωθεῖν
1105 1880 1300 1941 ἐαυτάς
1326 1875 1794 1947 βιάζονται,καθά-

132 1991 240 2042 περ
258 1971 628 2042 ἁμιλλώμεναι
651 1972 784 2040 πρὸς
802 1971 1016 2030 ἐκείνας
1039 1967 1130 2018 καὶ
1149 1961 1544 2031 φιλονεικοῦσαι
1559 1960 1626 2012 τὰ
1647 1977 1794 2030 πρω-

131 2060 251 2108 τεῖα
277 2057 356 2118 είς
383 2054 641 2124 αίσχύνης
661 2053 818 2118 δόξαν
847 2050 1050 2103 λαϐεῖν.
1080 2046 1246 2099 Πόθεν
1273 2045 1398 2114 γάρ,
1423 2044 1540 2096 εἰπέ
1571 2042 1795 2112 μοι,λοι-

133 2139 236 2190 πὸν
259 2136 597 2208 δυνησόμεθα
621 2136 718 2205 τὴν
740 2133 991 2200 τοιαύτην
1026 2130 1293 2199 παρθένον
1327 2127 1426 2194 τῆς
1461 2125 1661 2190 τάξεως
1688 2125 1795 2189 ἐξε-

135 2218 322 2270 λέσθαι
357 2206 454 2284 τῆς
491 2216 709 2269 ἐκείνων
733 2216 826 2267 καὶ
852 2213 950 2284 τῆς
980 2209 1285 2271 κοινωνίας,
1305 2209 1431 2260 ὅταν
1452 2209 1546 2260 καὶ
1572 2207 1708 2275 αὑτὴ
1734 2206 1794 2257 τὸ

135 2303 268 2352 αύτό
317 2303 442 2368 ποιῇ
488 2299 753 2360 ἐκείναις,
792 2297 927 2348 νέων
962 2292 1286 2357 ἐξαπατῶσα
1324 2290 1548 2360 καρδίας
1580 2302 1628 2354 ε,
1666 2291 1793 2342 ὅταν

133 2383 556 2453 ἀνεπτερωμένη
689 2381 781 2432 καὶ
818 2378 1044 2439 ἄσωτος,
1085 2377 1212 2428 ὅταν
1257 2375 1324 2426 τὰ
1359 2375 1494 2426 αὑτά
1528 2376 1794 2443 φάρμακα

133 2466 318 2535 τρίόη,
353 2465 445 2516 καὶ
482 2465 548 2515 τά
575 2465 713 2515 αὑτὰ
742 2459 1012 2530 κεραννύῃ
1035 2463 1289 2527 ποτήρια,
1319 2458 1408 2509 καὶ
1432 2459 1490 2509 τὸ
1519 2456 1649 2508 αὐτὸ
1696 2473 1792 2508 κα-

136 2546 444 2616 τασκευάζῃ
503 2545 761 2606 κώνειον;
797 2542 934 2594 Ἀλλ’
972 2543 1032 2593 ού
1066 2540 1232 2608 λέγει·
1265 2541 1444 2608 Δεῦρο
1487 2541 1583 2592 καὶ
1623 2540 1797 2608 ἐγκυο

135 2636 174 2683 .2
183 2631 442 2698 ισθῶμεν·
455 2629 640 2691 ἔρωτι,
653 2627 791 2691 οὐδὲ,
801 2627 1099 2694 Ἐρῤαγκα
1111 2624 1224 2690 τὴν·
1237 2626 1443 2688 κοίτην
1452 2640 1569 2691 μου
1583 2623 1794 2688 κρόκῳ,

137 2713 368 2776 καίτὶιν
416 2713 635 2777 κλίνην
662 2727 781 2778 μου
815 2707 1183 2776 κιτνὊμὼμῳ·
1212 2707 1322 2759 εἴθε
1355 2707 1454 2776 τὴν
1489 2705 1674 2773 κοίτην
1705 2709 1798 2756 καὶ

136 2799 238 2864 τὴν
269 2795 472 2863 κλίνην.
494 2796 584 2846 καὶ
612 2795 684 2862 μὴ
704 2793 771 2844 τά
802 2792 990 2860 ἱμάτια
1014 2796 1106 2847 καὶ
1142 2791 1202 2844 τὸ
1231 2791 1407 2860 σῶμα.
1441 2790 1674 2841 Ἑκείναι
1701 2790 1796 2856 μὲν

135 2877 247 2946 γάρ
282 2877 418 2927 οἶκοι
457 2875 515 2926 τὸ
559 2874 750 2942 δέλεαρ
798 2872 1270 2942 κατακρύπτουσι,
1307 2871 1372 2924 σὺ
1423 2870 1480 2923 δὲ
1524 2870 1795 2938 πανταχοῦ

139 2957 454 3027 περιφέρεις
482 2957 577 3027 τὴν
602 2955 822 3024 παγίδα.
857 2957 948 3008 καὶ
979 2955 1364 3008 ἀναπετάσασα
1396 2955 1493 3022 τῆς
1517 2953 1709 3024 ἡδονῆς
1733 2954 1797 3004 τά

137 3043 319 3112 πτερά
339 3041 615 3110 περιάγεις
634 3041 726 3091 ἐπὶ
747 3041 846 3108 τῆς
871 3041 1093 3109 ἀγορᾶς.
1125 3038 1262 3090 Ἀλλ’
1283 3039 1341 3089 ού
1360 3036 1659 3106 διελέχθης.
1677 3036 1798 3088 οὐδὲ

137 3119 294 3185 εἶπες
311 3125 489 3176 ἐκεῖνα
507 3123 573 3173 τά
596 3121 826 3191 πορνικά
851 3124 916 3192 ρή
926 3140 1089 3192 ματα,
1105 3121 1306 3187 Δεῦρο.
1321 3120 1415 3173 καὶ
1440 3118 1801 3188 ἐγκυλισθῶ-

134 3225 254 3276 μεν
269 3209 454 3274 ἔρωτι·
472 3207 570 3258 οὑκ
585 3202 732 3267 εἶπες
746 3203 773 3242 (ι
789 3209 856 3276 τῇ
871 3206 1106 3278 γλώττῃ,
1120 3204 1232 3257 ἀλλ’
1249 3199 1401 3265 εἶπες
1429 3201 1506 3272 τῷ
1537 3203 1796 3270 σχήματι·

136 3289 244 3341 οὐκ
287 3285 534 3356 ἐφθέγξω
564 3285 642 3354 τῷ
675 3285 924 3355 στόματι,
955 3284 1070 3337 ἀλλ’
1101 3282 1349 3352 ἐφθέγξω
1381 3282 1456 3352 τῷ
1490 3282 1798 3350 βαδίσματι·

136 3369 244 3420 οὑκ
268 3366 529 3428 ἐκάλεσας
540 3369 602 3435 τῇ
621 3368 792 3434 φωνῇ,
809 3365 921 3417 ἀλλ’
935 3363 1197 3426 ἐκάλεσας
1221 3363 1404 3431 φωνῆς
1423 3362 1802 3431 λαμπρότερον

137 3451 232 3503 διὰ
248 3451 353 3503 τῶν
373 3449 682 3518 ὀφθαλμῶν.
716 3448 875 3500 Ἀλλά
899 3448 1175 3500 καλέσασα
1200 3447 1299 3499 οὐκ
1315 3446 1521 3508 ἔδωκας
1549 3447 1798 3514 σεαυτήν.

139 3534 281 3584 (ιὺδέ
309 3531 476 3593 οὑτως
509 3530 810 3600 ἀπήλλαξαι
841 3530 938 3598 τῆς
969 3530 1260 3600 ἁμαρτίας.
1282 3528 1388 3580 Καὶ
1413 3527 1521 3598 γάρ
1539 3526 1690 3598 [950]
1708 3527 1798 3580 καὶ

136 3615 304 3667 τοῦτο
325 3616 408 3666 ’έτε
417 3631 506 3684 ρον
523 3611 659 3676 είδος
686 3615 956 3683 πορνείας·
976 3613 1190 3682 καθαρά
1212 3613 1310 3682 τῆς
1333 3611 1541 3680 ῦϐρεως
1557 3611 1798 3681 ἔμεινας,

138 3699 283 3752 ἀλλά
308 3699 406 3767 τῆς
437 3698 843 3766 σωματικῆς,οὑ
861 3698 956 3766 τῆς
980 3697 1233 3766 ψυχικῆς·
1253 3696 1345 3748 καὶ
1361 3693 1692 3764 ἀπήρτισται
1719 3710 1800 3746 σοι

137 3783 216 3834 τά
240 3782 336 3849 τῆς
370 3782 638 3851 ἁμαρτίας
659 3781 918 3843 πάντα,εί
945 3781 1035 3832 καὶ
1065 3779 1140 3850 μὴ
1167 3779 1253 3834 διά
1281 3780 1380 3849 τῆς
1411 3778 1630 3848 μίξεως,
1667 3777 1802 3832 ἀλλὰ

138 3862 235 3914 διὰ
266 3862 360 3930 τῆς
386 3861 578 3929 ὅψεως.

220 3948 372 4010 Τίνος
405 3949 512 4017 γὰρ
542 3947 744 4007 ἕνεκεν,
765 3946 884 3999 εἰπέ
915 3945 1222 4015 μοι,καλεῖς
1249 3945 1372 4006 τοὺς
1411 3944 1720 4010 παριόντας;
1752 3945 1802 3997 τί

137 4039 203 4089 δὲ
263 4037 512 4100 ἐξάπτεις
542 4036 602 4088 τὸ
633 4036 761 4107 πῦρ;
795 4037 910 4098 πῶς
936 4037 991 4088 δέ
1021 4033 1260 4104 νομίζεις
1297 4027 1436 4086 εἶναι
1465 4033 1680 4104 καθαρά
1705 4035 1804 4102 τῆς

138 4121 442 4189 ἁμαρτίας,
476 4120 653 4171 πᾶσαν
701 4120 866 4190 αὐτὴν
914 4117 1292 4189 ἐργασαμένη;
1319 4116 1427 4167 Καὶ
1472 4115 1578 4185 γὰρ
1604 4115 1804 4168 τέλειον

139 4202 390 4270 εἰργάσω
431 4199 612 4268 μοιχὸν
635 4199 725 4251 τὸν
752 4199 943 4252 ἁλόντα
974 4215 1065 4250 σου
1090 4197 1167 4268 τῷ
1198 4198 1432 4266 σχήματι
1458 4195 1652 4264 τούτῳ·
1689 4196 1804 4260 πῶς

136 4279 240 4335 οὖν
262 4281 482 4334 δύνασαι
508 4282 579 4352 μὴ
596 4277 734 4334 εἶναι
750 4281 1012 4351 μοιχαλὶς,
1031 4281 1156 4334 ὅταν
1170 4279 1229 4330 το
1259 4277 1417 4346 ἔργον
1446 4293 1535 4328 σου
1562 4277 1806 4345 μοιχείας

142 4366 506 4434 ἁλίσκηταιςή
541 4366 647 4434 γάρ
679 4364 884 4418 ἐκείνου
917 4363 1078 4435 μανία
1110 4363 1199 4414 σὸν
1218 4360 1375 4430 ἔργον
1403 4360 1676 4412 ἐστί.”ὐτι
1698 4361 1805 4430 γάρ

142 4449 184 4517 ἡ
218 4446 692 4508 κατασκευάζουσα
720 4448 938 4516 μοιχοὺς
965 4444 1205 4515 μοιχείας
1225 4443 1508 4507 διαφυγεῖν
1539 4443 1805 4511 τιμωρίαν

141 4531 251 4582 οὐκ
274 4531 338 4582 ἀν
368 4530 617 4600 δυνηθείη
649 4531 792 4596 ποτὲ,
815 4531 975 4584 παντί
1003 4527 1277 4598 πουδῆλόν
1306 4528 1442 4577 ἐστι.
1474 4524 1543 4576 Σὺ
1573 4524 1634 4576 τὸ
1658 4525 1806 4594 ξίφος

144 4610 448 4678 ἠκόνησας,
481 4611 543 4659 σὺ
576 4609 672 4678 τὴν
720 4609 897 4673 δεξιάν
927 4609 1168 4670 ὧπλισας
1188 4646 1202 4668 ,
1240 4607 1304 4658 σὺ
1337 4605 1432 4674 τὴν
1460 4602 1806 4676 ὡπλισμένην

142 4693 329 4757 δεξιὰν
360 4692 497 4744 κατά
527 4693 622 4759 τῆς
644 4692 829 4756 ἀθλίας
850 4692 1066 4762 ὢθησας
1089 4689 1284 4760 ψυχῆς·
1317 4687 1431 4750 πῶς
1459 4681 1550 4738 οῦν
1580 4685 1806 4739 δύνασαι

142 4774 253 4840 τῆς
287 4773 376 4824 ἐπί
407 4770 480 4839 τῷ
517 4771 656 4840 φόνῳ
685 4772 856 4842 τούτῳ
877 4773 1144 4842 τιμωρίας
1168 4765 1639 4828 ἀπαλλάττεσθαι;
1672 4767 1805 4818 Εἰπέ

145 4855 262 4924 γάρ
289 4871 396 4922 μοι,
421 4853 571 4914 τίνας
595 4853 856 4923 μισοῦμεν
880 4857 974 4908 καὶ
994 4852 1442 4924 ἀποστρεφόμεθα
1462 4851 1640 4918 ἡμεῖςς
1658 4850 1806 4912 τίνας

144 4933 209 4985 δέ
233 4935 281 4984 οἱ
313 4931 592 5000 νομοθέται
613 4932 707 4982 καὶ
724 4931 970 4985 δικασταὶ
992 4933 1295 4997 κολάζουσι;
1318 4931 1440 4992 τοὺς
1457 4928 1708 4992 πίνοντας
1740 4929 1806 4981 τὰ

146 5017 454 5086 δηλητήρια
482 5015 811 5086 φάρμακα,ἢ
828 5017 952 5080 τους
975 5017 1334 5087 κεραννύντας
1350 5015 1445 5083 τὴν
1476 5012 1693 5072 κύλικα,
1713 5014 1806 5066 καὶ

150 5101 657 5164 κατασκευάζοντας
686 5101 822 5153 αὑτά
840 5143 854 5165 ,
882 5103 975 5154 καὶ
1012 5100 1099 5153 διά
1128 5101 1226 5168 τῆς
1254 5099 1442 5166 τέχνης
1471 5097 1806 5159 ἀπολλύντας

147 5186 253 5254 τῆς
283 5185 490 5247 αύτῶνς
525 5185 644 5253 οὑχ).
684 5186 805 5246 τοὺς
842 5185 1094 5245 πίνοντας
1126 5183 1222 5253 μὲν
1273 5182 1364 5233 καὶ
1413 5178 1666 5248 ἐλεοῦμεν
1710 5180 1804 5231 άτε

149 5269 534 5336 ἠδικημένους,
560 5266 797 5327 ἐκείνους
823 5266 878 5317 δέ
916 5266 1112 5328 πάσαις
1137 5262 1564 5331 καταδικάξομεν
1587 5261 1803 5330 ψήφοιςς

154 5350 266 5401 Καὶ
291 5353 388 5404 οὑκ
411 5353 569 5421 ἀρκεῖ
593 5350 727 5420 πρὸς
755 5349 1042 5416 ἀπολογίαν
1073 5350 1252 5411 αὑτοῖς
1279 5349 1338 5398 τὸ
1359 5347 1556 5413 λέγειν,
1580 5346 1660 5397 ὅτι
1694 5345 1806 5397 Ούκ

155 5435 391 5500 ἐμαυτὸν
415 5436 639 5503 ἐξέλαψα,
665 5433 774 5486 ἀλλ’
803 5433 982 5502 ’ἑτέρον
1009 5433 1282 5484 ἀπώλεσα·
1306 5431 1439 5484 ἀλλά
1461 5431 1552 5483 καὶ
1581 5429 1646 5481 δι’
1679 5429 1806 5482 αὐτὸ

159 5514 258 5581 μὲν
283 5513 436 5564 τοῦτο
465 5512 842 5582 χαλεπωτέραν
874 5510 1071 5562 διδόασι
1098 5510 1268 5579 δίκην.
1309 5511 1378 5562 Σὺ
1403 5510 1486 5570 δέ,
1521 5509 1677 5561 ἀθλία
1714 5509 1807 5560 καὶ⁵

157 5595 487 5666 ταλαίπωρε,
521 5599 796 5668 κεράσασα
843 5594 938 5665 τὴν
969 5593 1162 5646 κύλικα
1187 5594 1284 5662 τὴν
1308 5594 1554 5664 ὀλεθρίαν
1581 5593 1804 5662 ταύτην,

222 5753 247 5780 ⁸
271 5751 528 5820 Sa_\~'i|._xai
549 5755 595 5801 ἐν
616 5757 683 5815 τῷ
709 5758 913 5820 σώματι,
931 5755 1107 5820 Morel.
1130 5759 1294 5802 autem
1321 5754 1400 5799 καὶ
1430 5753 1477 5799 ἐν
1495 5755 1564 5814 τῷ
1587 5755 1808 5814 στόματι,
1853 5749 1862 5760 ’

153 5828 301 5879 quam
330 5816 587 5879 lectionem
611 5816 808 5864 secutué
829 5829 905 5868 est
929 5818 1190 5878 interpres.

221 5878 250 5916 ι)
270 5877 417 5924 Smil.
454 5878 674 5923 πάντοθεν
704 5883 1033 5939 μηχανώμεναι
1064 5875 1167 5931 ’τοῖς
1207 5878 1378 5939 ὁρῶσιν
1404 5876 1602 5939 ἐγγίσαι.
1632 5875 1805 5923 Mcrol.

149 5940 379 5987 πάντοθεν
403 5937 714 6000 μηχανήματα
735 5937 830 5994 τοῖς
871 5944 1042 6000 ὁρῶσιν
1081 5937 1289 5990 ἐνιεῖσαι.
1314 5939 1420 5986 Mox
1460 5937 1606 5985 Savil.
1630 5953 1805 5998 1:57:09-

155 6002 402 6061 vaévwv.

218 6066 243 6126 ς
269 6063 415 6109 Sm‘il.
443 6063 556 6110 νέων
578 6061 848 6126 ἐξάπτεσθαι
866 6065 1072 6126 καρδίας,
1100 6066 1240 6114 malr.

220 6124 245 6163 ἆ
271 6126 397 6171 Savll
455 6126 580 6180 εἶπας
601 6124 688 6173 Isis.

754 533 939 596 01701)
981 521 1389 585 REGULARES
1431 518 1709 573 FESllN/E
1746 517 1797 570 ν

1899 515 1926 570 5
1963 513 2406 570 COIIABITARE
2442 511 2577 566 NOX
2617 508 2951 561 DEBEAKT.

3449 509 3553 564 ΜΟ

1886 629 1983 682 καὶ
2005 626 2236 698 ὀρέξασα
2262 629 2356 681 καὶ
2385 626 2549 680 δοῦσα
2583 625 2642 676 τὸ
2669 625 2980 692 φάρμακον,
3012 622 3148 692 μετά
3171 621 3231 674 τὸ
3255 627 3396 676 πιεῖν
3420 626 3556 678 ἐκεῖ·

1884 726 1974 762 νον
2018 710 2112 762 καὶ
2135 709 2428 762 ἀπολέσθαι
2453 706 2748 772 ἀπολογίαν
2780 706 2950 774 σαυτῇ
2969 703 3210 773 νομίζεις
3244 704 3554 758 ὑπολελεῖτμ

1888 791 2074 856 θαι,τὸ
2095 792 2167 861 μὴ
2194 793 2329 861 αὑτὴ
2356 793 2523 851 πιεῖν,
2558 788 2672 842 ἀλλ’
2705 788 2878 857 ἑτέρῳ
2903 789 3202 856 παρασχεῖν
3232 784 3294 840 τὸ
3322 785 3555 856 δηλητη-

1891 893 2024 946 ριον;
2045 875 2232 928 Καίτοι
2253 894 2314 942 γε
2343 875 2500 944 ὑμεῖς
2516 872 2623 926 τῶν
2651 869 3108 942 φαρμακοπωλῶν
3129 870 3350 922 ἐκείνων
3370 872 3557 922 τοσού-

1887 973 1964 1025 τῳ
1997 955 2379 1026 χαλεπωτέραν
2406 952 2604 1006 δώσετε
2637 951 2814 1021 δίκην,
2847 950 2956 1019 ὅσῳ
2978 949 3072 1000 καὶ
3096 947 3365 1011 όθάνατος
3396 948 3555 1017 χαλε-

1889 1037 2148 1108 πώτερος.
2175 1040 2246 1091 Οὑ
2272 1039 2379 1108 γὰρ
2404 1035 2561 1106 σῶμα
2590 1035 2767 1102 μόνον,
2793 1033 2927 1087 ἀλλὰ
2943 1034 3037 1085 καὶ
3059 1031 3233 1103 ψυχὴν
3261 1034 3552 1102 ἀναιρεῖτε·

1890 1121 2126 1173 κάκεῖνοι
2151 1122 2247 1190 μὲν
2277 1117 2581 1186 πολλάκιςῆ
2602 1115 2820 1186 θυμῴ,ἧ
2852 1118 2986 1186 ὀργῇ
3015 1114 3176 1168 τοῦτο
3202 1115 3552 1185 πράττουσιν,

1889 1205 1920 1273 ἦ
1955 1205 2250 1274 χρημάτων
2284 1202 2549 1270 δεόμενοι·
2601 1200 2758 1267 ὑμεῖς
2797 1199 2853 1250 δέ
2887 1198 3008 1250 οὑδὲ
3037 1201 3114 1261 εἰς
3164 1197 3370 1268 ταύτην
3405 1197 3558 1268 ἔχετε

1890 1289 2220 1355 καταφυγεῖν
2252 1285 2350 1352 τὴν
2379 1282 2670 1352 πρόφασιν.
2689 1279 2825 1333 Οὔτε
2859 1280 2967 1350 γάρ
2995 1283 3218 1351 ἐχθροὺς
3241 1281 3559 1346 δντας,οὖτε

1889 1371 2233 1440 ἠδικηκότας,
2265 1366 2388 1420 οὔτε
2419 1365 2716 1436 χρημάτων
2736 1364 2984 1433 δεόμεναι
3013 1365 3168 1416 τοῦτο
3201 1369 3426 1425 ποιεῖτε,
3444 1367 3559 1418 ἀλλ’

1891 1453 2031 1523 ὑπὲρ
2055 1451 2355 1515 κενοδοξίας
2384 1450 2550 1520 μόνης
2579 1448 2658 1511 εἰς
2689 1446 2786 1510 τὰς
2803 1447 3088 1516 ἀλλοτρίας
3117 1450 3333 1511 παίζετε
3361 1450 3556 1519 ψυχας,

1890 1537 2076 1606 τέρψιν
2103 1536 2311 1588 οἰκείαν
2337 1534 2428 1586 τὸν
2460 1532 2662 1602 ἐτέρων
2694 1530 3014 1600 ποιούμεναι
3050 1530 3300 1584 θάνατον.

1963 1618 2030 1686 β’.
2074 1617 2238 1670 Ἀλλά
2277 1616 2386 1684 γὰρ
2418 1616 2518 1668 οὑκ
2537 1610 2655 1668 οῖδα
2704 1613 2823 1675 πῶς
2854 1613 3148 1682 ἐξηνέχθην
3181 1613 3352 1666 ταῦτα
3389 1615 3562 1665 εἰπεῖν

1892 1701 2125 1771 ἐτέρωσε
2154 1699 2360 1770 ὁρμῶν·
2391 1699 2582 1768 διόπερ
2613 1698 2924 1757 ἐπανιτέον,
2953 1696 3072 1748 ὅθεν
3101 1697 3317 1767 ἐξέϐην.
3353 1697 3562 1766 Ὥσπερ

1892 1780 2000 1850 γὰρ
2037 1779 2135 1831 οὑκ
2164 1777 2474 1849 ἀρκούντων
2527 1777 2731 1828 τούτων
2779 1775 3135 1845 καταισχῦναι
3163 1776 3222 1828 τὸ
3252 1777 3360 1828 πᾶν
3390 1776 3561 1837 ἔθνος,

1893 1859 1988 1911 καὶ
2015 1858 2142 1912 ἀλλο
2170 1876 2220 1910 τι
2263 1857 2422 1910 πλέον
2452 1855 2770 1918 ἐπενόησαν.
2797 1853 2949 1910 ’Λλλά
2998 1855 3185 1924 μηδεὶς
3215 1872 3280 1906 πε
3289 1856 3342 1924 ρί
3374 1856 3563 1908 πασῶν

1892 1942 2062 1996 ταῦτα
2088 1941 2338 2012 εἰρῆσθαι
2384 1940 2670 2012 νομιζέτω·
2695 1940 2755 1992 ού
2783 1938 2891 2007 γάρ
2920 1938 3090 2001 οῦτως
3115 1939 3297 2002 ἄθλιός
3325 1941 3460 2009 εἰμι,
3491 1940 3564 2001 ως

1892 2025 2028 2097 όμοῦ
2053 2027 2227 2080 πάντα
2254 2026 2443 2096 φύρειν
2463 2027 2556 2078 καὶ
2582 2027 2820 2094 συγχεῖν.
2840 2023 2974 2092 Περὶ
2989 2023 3097 2093 γάρ
3119 2023 3225 2076 τῶν
3254 2024 3565 2075 ὑπευθύνων

1893 2111 1988 2163 καὶ
2011 2109 2181 2162 ταῦτα
2208 2109 2552 2179 εἴρηται,καὶ
2576 2109 2643 2160 τά
2675 2107 2811 2178 μετά
2833 2105 3003 2160 ταῦτα
3025 2107 3146 2176 είρή
3157 2123 3323 2159 σεται.
3355 2107 3565 2176 ’Ὠσπερ

1893 2193 2001 2264 γάρ
2019 2193 2119 2244 οὑκ
2145 2192 2456 2261 ἀρκούντων
2480 2189 2683 2243 τούτων
2708 2191 2788 2252 εἰς
2818 2189 3042 2260 βλάϐην,
3062 2191 3265 2260 ἄνδρας
3293 2190 3446 2253 τινάς
3473 2193 3530 2242 οὐ
3546 2222 3565 2230 -

1891 2275 2122 2342 δαμόθεν
2154 2276 2345 2336 αὑταῖς
2373 2274 2750 2343 προσήκοντας
2770 2272 3030 2325 λαϐοῦσαι
3053 2274 3563 2340 συγκατακλείουσι.

1894 2359 1989 2410 καὶ
2011 2358 2102 2409 τὸν
2125 2359 2304 2409 πάντα
2329 2355 2691 2418 συνοικίζουσι
2721 2355 2933 2424 χρόνον,
2952 2354 3200 2426 καθάπερ
3226 2355 3567 2425 ἐνδεικνύμε-

1895 2457 1981 2492 ναι
2005 2441 2099 2491 καὶ
2135 2440 2223 2492 διά
2243 2439 2446 2491 τούτων
2479 2439 2574 2491 καὶ
2607 2437 2694 2492 διὰ
2723 2438 2830 2493 τῶν
2872 2440 3196 2510 εἰρημένων,
3229 2441 3311 2492 ὅτι
3338 2442 3565 2494 ἄκουσαι

1894 2523 1987 2574 ἐπὶ
1997 2521 2093 2592 τὴν
2105 2521 2402 2591 παρθενίαν
2422 2520 2779 2591 εἰλκύσθησαν
2797 2523 2888 2575 καὶ
2914 2522 3034 2591 βίαν
3089 2523 3444 2593 ὑπομείνασαι
3469 2526 3566 2593 τὴν

1896 2605 2151 2674 ἐσχάτην·
2167 2607 2261 2657 καὶ
2283 2605 2454 2677 ταύτῃ
2470 2605 2914 2676 παραμυθοῦνται
2931 2607 3028 2677 τὴν
3052 2605 3171 2676 βίαν
3187 2607 3385 2678 καὶτὴν
3401 2609 3568 2673 ἀνάγ-

1896 2704 2018 2756 κην.
2036 2687 2101 2739 Τί
2131 2687 2395 2757 γάρ;οὑχ“ι
2427 2686 2630 2739 τούτων
2660 2687 2827 2756 χείρω
2845 2689 2997 2759 παρά
3017 2688 3253 2750 πάντων,
3284 2689 3411 2741 ὅταν
3437 2689 3566 2741 ταῦ-

1894 2787 1963 2822 τα
1985 2769 2222 2839 γίνηται,
2241 2769 2455 2837 λέγεται
2492 2771 2584 2822 καὶ
2619 2770 2768 2840 παρὰ
2791 2769 2959 2836 φίλων
2983 2771 3074 2822 καὶ
3095 2772 3330 2835 οἰκείων;
3353 2770 3567 2832 Ταύτας

1893 2852 1951 2904 δὲ
1968 2851 2066 2923 ζῇν
2094 2853 2127 2924 ἢ
2161 2853 2418 2905 ἀναπνεῖν
2449 2852 2587 2913 ὅλως
2611 2852 2735 2916 ἔδει,
2773 2853 2908 2905 ἀλλά
2936 2864 2960 2891 ο
2992 2856 3064 2922 μὴ
3091 2853 3433 2923 διαπρίεσθαι
3474 2856 3567 2923 μέ-

1896 2951 2016 2999 σας,
2058 2934 2092 3003 ἢ
2123 2934 2546 3006 κατορύττεσθαι
2579 2933 2759 2998 ζώσας
2792 2936 2910 3004 μετ’
2939 2936 3163 2988 ἐκείνων
3201 2937 3417 3000 αύτῶνς
3456 2938 3565 2989 Καὶ

1895 3017 2005 3085 γάρ
2027 3017 2121 3069 καὶ
2146 3017 2320 3070 ταῦτα
2356 3018 2452 3070 καὶ
2480 3017 2685 3070 τούτων
2743 3017 2921 3086 πολλῷ
2974 3018 3194 3071 πλείονα
3216 3018 3454 3080 ἅπαντες
3479 3018 3562 3069 λέ»

1895 3113 2072 3165 γουσι·
2096 3101 2192 3152 καὶ
2222 3099 2581 3171 [25ηδρόμος
2611 3099 2798 3152 λοιπὸν
2827 3101 2948 3162 ταῖς
2981 3101 3167 3169 μαίαις
3187 3101 3314 3153 καθ’·
3331 3102 3565 3171 ἑκάστην

1898 3188 2112 3259 ἡμέραν
2137 3191 2230 3241 ἐπὶ
2248 3190 2343 3252 τάς
2369 3188 2477 3242 τῶν
2505 3189 2790 3260 παρθένων
2818 3190 3014 3254 οἰκίας,
3043 3189 3290 3262 καθάπερ
3319 3191 3453 3261 πρὸς
3466 3192 3560 3242 τα.

1899 3271 2324 3342 ὠδινούσαᾳοὺχ
2345 3272 2484 3325 ὥστε
2513 3272 2761 3342 λοχεῦσαι
2788 3273 3072 3326 τίκτουσαν
3101 3275 3309 3341 (γέγονε
3336 3273 3433 3343 μὲν
3456 3274 3565 3342 γάρ

1898 3355 1995 3407 καὶ
2023 3355 2116 3407 ἐπί
2146 3373 2308 3408 τινων
2332 3355 2428 3407 καὶ
2453 3353 2654 3422 τοῦτο),
2685 3354 2799 3408 ἀλλ’
2830 3355 2970 3408 ὥστε
3002 3355 3293 3423 διαγνῶναι
3317 3355 3566 3425 καθάπερ

1898 3437 1995 3488 ἐπὶ
2010 3437 2118 3488 τῶν
2136 3437 2458 3507 ὠνουμένων
2479 3437 2893 3508 θεραπαινίδων,
2908 3438 2990 3500 τίς
3014 3437 3562 3510 μὲνηδιεφθαρμένη,

1897 3520 1980 3582 τίς
2013 3519 2070 3573 δέ
2098 3522 2130 3590 ἡ
2158 3521 2453 3590 ἀνέπαφος·
2481 3523 2576 3574 καὶ
2603 3525 2639 3592 η
2672 3522 2771 3592 μὲν
2795 3522 3071 3592 ὑπήκουσε
3103 3523 3301 3592 ῥαδίως
3329 3526 3393 3593 τῇ
3420 3525 3562 3577 δοκι-

1902 3602 2093 3674 μασίᾳ,
2130 3605 2164 3674 ἡ
2191 3604 2248 3657 δὲ
2295 3607 2514 3657 ἀντεῖπε
2535 3643 2550 3664 ,
2593 3604 2686 3656 καὶ
2714 3605 2862 3675 αὑτῴ
2889 3604 3064 3675 τούτῳ
3115 3606 3568 3675 καταισχυνθεῖσα

1898 3684 2162 3755 ἀπῆλθεν,
2194 3690 2242 3740 εἰ
2270 3689 2364 3741 καὶ
2396 3688 2470 3758 μὴ
2499 3687 2803 3758 διέφθαρτο·
2833 3689 2926 3741 καὶ
2951 3692 2983 3758 ὴ
3013 3690 3109 3759 μὲν
3139 3689 3355 3760 ἐάλω,ή
3385 3689 3441 3742 δέ
3469 3692 3566 3760 οὐχ

1899 3777 2058 3840 ἑάλω,
2087 3777 2182 3829 καὶ
2224 3775 2362 3845 αὑτὴ
2395 3775 2450 3827 δὲ
2492 3775 2652 3829 πάλιν
2685 3776 2784 3847 οὑχ
2812 3771 2973 3847 ἧττον
2997 3778 3210 3848 ἐκείνης
3232 3777 3563 3848 αἰσχύνεται,

1903 3865 1978 3934 μὴ
2003 3864 2289 3934 δυνηθεῖσα
2311 3863 2620 3927 ἀξιόπιστος
2653 3864 2761 3916 ἀπὸ
2787 3863 2880 3916 τοῦ
2908 3865 3109 3937 τρόπου
3141 3867 3395 3936 φανῆναι,
3432 3866 3566 3918 ἀλλά

1905 3949 2207 4018 μαρτυρίας
2237 3947 2335 4015 τῆς
2361 3945 2467 3998 ἀπὸ
2494 3946 2593 4015 τῆς
2624 3947 2923 4013 ἐξετάσεως
2955 3948 3223 4018 δεηθεῖσα.
3253 3949 3438 4002 Πόσων
3469 3950 3569 4002 οὑκ

1903 4032 2026 4095 ἀξια
2047 4031 2218 4084 ταῦτα
2248 4028 2535 4100 δακρύων;
2573 4031 2755 4083 πόσων
2783 4031 2883 4083 οὑκ
2910 4030 3036 4096 ἄξια
3074 4031 3353 4098 θανάτων;
3392 4033 3488 4096 Τίς
3511 4034 3567 4086 δε

1903 4116 2044 4168 οὔτω
2077 4115 2276 4176 λίθινος
2303 4114 2396 4166 καὶ
2429 4113 2786 4184 ἀσυμπαθὴς,
2817 4115 2892 4177 ὡς
2923 4118 2997 4185 μὴ
3029 4115 3344 4187 πυρωθῆναι
3378 4117 3470 4169 καὶ
3499 4119 3570 4170 τά

1902 4201 1998 4254 τοῦ
2027 4199 2211 4259 Φινεὲς
2234 4197 2445 4261 παθεῖν;
2475 4196 2614 4249 Ἀλλ’
2639 4199 2846 4261 ἐκεῖνος
2879 4199 3000 4268 μὲν,
3027 4202 3075 4251 εί
3100 4199 3238 4253 κατά
3263 4200 3352 4253 τὸν
3381 4201 3570 4270 καιρὸν

1905 4286 2109 4337 ἐκεῖνον
2129 4282 2332 4348 ταύτην
2357 4277 2460 4334 οἶδε
2499 4282 2787 4351 γινομένην
2815 4282 2914 4352 τὴν
2944 4283 3352 4352 ἀσχημοσύνην,
3376 4286 3474 4338 οὑκ
3503 4289 3569 4338 ἂν

1905 4366 2081 4420 αὑτῶν
2111 4365 2382 4434 ἐφείσατο,
2425 4363 2540 4416 ἀλλ’
2569 4363 2823 4434 ἐποίησεν
2863 4365 2929 4417 ἂν
2977 4366 3159 4428 ταυτὸ,
3199 4367 3334 4436 ὅπερ
3358 4369 3450 4420 καὶ
3475 4372 3568 4422 ἐπὶ

1904 4448 2001 4515 τῆς
2029 4443 2403 4506 Μαδιανίτιδος
2431 4443 2552 4495 τότε
2578 4444 2892 4512 εἰργάσατο·
2914 4447 3072 4514 ἡμεῖς
3096 4445 3152 4498 δὲ
3185 4446 3266 4514 (οὑ
3297 4446 3404 4519 γὰρ
3425 4449 3570 4517 ἐφεῖ-

1904 4545 1992 4582 ται
2015 4527 2258 4598 ἁρπάσαι
2289 4528 2581 4598 μάχαιραν,
2612 4526 2729 4579 οὑδέ
2755 4527 3010 4598 κεντῆσαι
3036 4527 3114 4596 τῷ
3149 4529 3482 4602 σειρομάστῃ
3508 4536 3566 4584 τὸ

1905 4612 1973 4664 τά
2002 4610 2226 4662 τοιαῦτα
2255 4607 2729 4679 πλημμελοῦντας)
2761 4609 3041 4680 πάσχομεν
3073 4611 3171 4680 μὲν
3199 4611 3392 4672 ταυτά,
3426 4613 3568 4682 άπερ

1907 4696 2112 4758 ἐκεῖνος
2131 4694 2330 4747 ἔπαθεν
2349 4697 2380 4747 ὀ
2397 4694 2572 4761 ἆγιος,
2597 4693 2658 4744 οὑ
2683 4693 2896 4766 δρῶμεν
2923 4693 2978 4745 δὲ
3006 4691 3196 4754 ταυτά,
3224 4692 3337 4744 ἀλλ’
3367 4694 3571 4764 ἐτέρως

1907 4773 2377 4848 παραμυθούμεθα
2429 4772 2526 4841 τὴν
2554 4771 2746 4840 ὀδύνην
2765 4811 2780 4834 ,
2803 4771 2871 4824 δι’
2899 4770 3150 4840 ὀδυρμῶν
3189 4773 3285 4824 καὶ
3335 4770 3565 4843 θρήνων.

1907 4853 2076 4921 Δεῦρο
2088 4850 2200 4916 οὖν,
2217 4850 2580 4920 συναλγήσατέ
2606 4867 2694 4916 μοι
2720 4851 2812 4902 καὶ
2842 4850 3352 4916 συστενάξατε,δσαι
3368 4852 3569 4923 ταύτης

1909 4937 2063 4998 ἐκτός
2089 4936 2209 4986 ἐστε
2232 4934 2330 5001 τῆς
2353 4932 2634 5002 αἰσχύνης·
2669 4933 2726 4984 αἰ
2759 4932 2867 5004 γὰρ
2902 4932 3080 4986 ἄθλιαι
3115 4934 3206 4986 καὶ
3233 4935 3568 5004 ταλαίπωροι

1909 5020 2110 5070 ἐκεῖναι
2143 5018 2234 5069 καὶ
2278 5015 2610 5084 ἀναλγησίαν
2651 5014 2780 5079 ἴσως
2814 5015 2953 5085 μετά
2996 5017 3102 5068 τῶν
3137 5017 3312 5070 ἄλλων
3353 5019 3567 5072 νοσοῦσι

1907 5099 2116 5152 κακῶν.
2145 5099 2281 5151 Ἀλλ’
2313 5099 2556 5168 ύμεῖς,αί
2575 5097 2761 5152 τοῦτον
2789 5098 3179 5168 ἀναδεξάμεναι
3208 5100 3296 5152 τὸν
3326 5099 3569 5170 βίον,καὶ

1906 5181 2000 5234 τοῦ
2027 5183 2311 5250 νυμφῶνος
2341 5180 2759 5251 καταξιούμεναι
2804 5181 2897 5234 καὶ
2919 5181 3012 5233 τοῦ
3043 5182 3296 5252 νυμφίου,
3319 5183 3414 5235 καὶ
3441 5203 3566 5252 φαι-

1907 5264 2037 5336 δράς
2069 5265 2287 5335 ἔχουσαι
2312 5265 2408 5328 τὰς
2430 5264 2734 5334 λαμπάδας,
2753 5265 2847 5317 καὶ
2871 5263 2949 5334 τῷ
2964 5265 3126 5334 τιμίῳ
3151 5266 3249 5334 τῆς
3271 5267 3566 5336 παρθενίας

1909 5349 2106 5412 παντὸς
2131 5349 2458 5418 διαδήματος
2497 5346 2774 5417 βασιλικοῦ
2833 5345 3030 5415 μᾶλλον
3054 5346 3420 5416 κοσμούμεναι
3443 5366 3528 5400 στε
3545 5380 3563 5388 -

1910 5433 2081 5501 φάνῳ,
2109 5432 2411 5502 δακρύσατε
2441 5432 2535 5482 σὺν
2559 5433 2708 5499 ἡμῖν,
2741 5429 2834 5482 καὶ
2870 5429 3078 5499 πικρῶς
3117 5429 3474 5499 ἀνοιμώξατε·
3504 5435 3564 5483 οὑ

1911 5516 2104 5586 μικρὸν
2128 5516 2283 5568 τοῦτό
2308 5516 2422 5566 ἐστι
2453 5514 2741 5584 φάρμακον
2793 5513 2883 5566 καὶ
2929 5515 3006 5575 είς
3044 5513 3326 5583 διόρθωσιν
3358 5515 3462 5566 τῶν
3502 5519 3567 5566 τά

1907 5601 2099 5654 ἀνίατα
2127 5601 2446 5663 νοσούντων,
2477 5601 2570 5654 καὶ
2608 5601 2687 5664 εἰς
2715 5599 3069 5671 παραμυθίαν
3099 5600 3206 5653 τῶν
3241 5600 3310 5652 τά
3347 5601 3566 5654 ἐκείνων

1907 5684 2264 5756 ὀδυρομένων·
2304 5683 2462 5736 τοῦτο
2492 5683 2584 5735 καὶ
2603 5684 2632 5735 ὁ
2689 5685 2919 5754 νυμφίος
2949 5686 2977 5737 ὁ
3004 5683 3265 5754 ὑμέτερος
3303 5684 3564 5754 πεποίηκ-ἕ

1909 5789 2059 5828 ποτε.
2122 5775 2234 5844 Τὴν
2282 5773 2390 5844 γάρ
2423 5771 2776 5842 Ἰερουσαλὴμ
2813 5772 2949 5842 πρὸς
3005 5770 3229 5840 ἔσχατον
3298 5769 3569 5833 ἀπωλείας

1908 5857 2320 5925 κατενεχθεῖσαν
2386 5855 2540 5920 ἰδὼν,
2597 5855 2691 5908 καὶ
2760 5855 2941 5908 οὐκέτι
3011 5853 3313 5923 δυναμένην
3348 5854 3566 5919 ἀνενεγ-

1912 5943 2024 5993 κεῖν
2073 5941 2180 5992 ἀπὸ
2235 5941 2333 6010 τῆς
2401 5939 2746 6010 ἀρρωστίας,
2811 5939 3071 6008 ἐδάκρυσε
3104 5952 3117 5965 ·
3172 5937 3266 5988 καὶ
3323 5937 3414 5988 ἐπὶ
3471 5937 3569 6006 τῆς

1922 6121 1935 6137 ’
1980 6058 2531 6165 οὲαξὶιλὶλέγεταέηκαὶ
2568 6058 2754 6106 οἰκείων
2797 6057 2877 6104 καὶ
2925 6056 3088 6120 φίλων.
3133 6055 3314 6112 Ταύτας
3345 6051 3416 6104 δεῖ
3457 6054 3572 6116 (Tw;

1922 6138 2126 6165 naria-:1
2149 6138 2294 6165 Ῑινῢὶίξ
2321 6135 2370 6165 τι)
2409 6137 2456 6165 α.

1914 6135 2034 6170 ανττῒ
2053 6139 2126 6166 ίεὶν
2149 6138 2294 6174 ονωςζ
2321 6135 2456 6167 αηα.
