4490 6734
399 554 503 608 517

400 667 608 737 quando
638 678 689 721 et
715 681 943 737 sponsus
968 673 1144 718 vester
1170 658 1312 712 fecit.
1341 656 1473 710 Nam
1497 672 1620 711 cum
1650 656 1857 711 videret
1880 651 1973 707 Je—

404 760 634 813 rusalem
686 759 738 811 in
792 769 1087 812 extremam
1119 749 1468 819 perditionem
1496 748 1786 812 inductam,
1812 746 1883 799 ita
1923 755 1979 800 ut

406 868 507 901 non
536 858 711 917 posset
731 848 839 917 jam
868 846 933 898 ab
965 839 1271 895 inﬁrmitate
1292 838 1470 897 reduci
1492 881 1506 905 ,
1538 841 1799 908 lacrymas
1844 834 1976 890 fudit

406 937 555 1006 (Luc.
602 938 686 992 19.
708 938 802 1008 41)
834 977 848 999 ,
879 945 933 988 et
963 934 1013 984 in
1050 929 1331 983 Betlisaida
1373 930 1736 985 admonitione
1761 924 1972 995 quidem

407 1047 510 1084 non
539 1038 621 1082 est
649 1042 773 1080 usus
803 1037 973 1091 neque
998 1022 1163 1090 signis
1183 1064 1197 1086 ,
1227 1022 1485 1077 miserans
1521 1028 1697 1074 autem
1738 1018 1975 1073 civitates

409 1121 600 1181 solum,
634 1118 722 1169 Va:
749 1112 973 1167 subinde
1008 1112 1335 1176 inclamavit,
1365 1114 1501 1167 sicut
1525 1119 1578 1164 et
1618 1124 1713 1162 nos
1756 1108 1975 1163 facimus

409 1215 459 1265 in
490 1213 552 1263 iis
597 1209 683 1277 qui
728 1206 957 1258 animam
994 1206 1101 1276 jam
1132 1208 1333 1261 efllaut.
1378 1205 1508 1259 Item
1554 1202 1740 1257 beatus
1780 1202 1975 1257 Paulus

408 1300 651 1367 exemplo
678 1297 911 1366 Magistri
952 1299 1030 1353 sui
1059 1314 1163 1353 non
1190 1298 1420 1353 cessavit
1452 1310 1547 1366 per
1573 1310 1782 1349 omnem
1810 1296 1973 1348 vitam

408 1405 555 1443 suam
586 1404 698 1452 eos,
728 1391 815 1459 qui
837 1390 1166 1452 exciderant,
1199 1400 1250 1442 ct
1270 1388 1358 1457 qui
1390 1388 1443 1440 in
1471 1386 1618 1440 ruina
1646 1402 1739 1441 sua
1766 1401 1978 1441 manse-

410 1491 549 1546 rant,
577 1492 631 1533 et
673 1496 947 1551 resurgere
982 1493 1162 1550 pOStea
1208 1479 1505 1543 noluerant,
1548 1477 1827 1547 deplorare
1867 1484 1974 1529 tam

410 1590 610 1639 amare,
639 1585 696 1628 ut
736 1576 832 1629 hac
878 1574 1047 1627 valida
1079 1572 1517 1626 determinatione
1561 1573 1886 1642 signiﬁcaret
1925 1578 1980 1621 et

411 1667 664 1721 scriberet
683 1666 937 1720 Romanis
962 1666 1145 1718 dicens
1169 1681 1181 1715 :
1211 1663 1435 1716 Tristitia
1461 1664 1581 1716 mihi
1607 1674 1678 1716 est
1704 1675 1907 1729 magna,
1932 1668 1977 1711 et

409 1759 672 1812 continuus
710 1757 855 1812 dolor
893 1756 1034 1810 cordi
1076 1773 1206 1809 meo.
1264 1755 1512 1825 Optabam
1558 1757 1693 1809 enim
1734 1769 1825 1823 ego
1871 1752 1980 1821 ipse

410 1851 680 1902 anathema
725 1865 832 1902 esse
857 1864 889 1901 α
913 1846 1113 1901 Christo
1158 1864 1247 1917 pro
1296 1847 1533 1919 fratribus
1572 1846 1711 1908 meis,
1755 1843 1839 1911 qui
1866 1853 1978 1896 sunt

412 1940 611 2008 cognati
636 1939 731 1992 mei
754 1939 1026 1992 secundum
1049 1954 1270 2003 carnem,
1289 1939 1374 2008 qui
1394 1948 1507 1991 sunt
1526 1934 1783 1989 Israelita:
1802 1932 1975 2005 (Rom.

412 2032 465 2084 9.
478 2030 616 2099 2-4).
636 2029 795 2083 Vides
807 2038 1055 2099 quantam
1073 2028 1299 2083 habeant
1319 2030 1476 2083 verba
1494 2026 1806 2097 emphasim,
1823 2042 1980 2095 quau-

415 2131 519 2173 tam
550 2121 869 2175 anxietatem
897 2120 1073 2174 cordis
1101 2135 1209 2189 pra:
1235 2135 1292 2174 se
1322 2118 1531 2174 ferant?
1559 2118 1778 2195 Insuper
1796 2117 1981 2173 lideles

414 2212 770 2268 claudicantes
794 2223 848 2267 et
886 2213 1283 2283 tempestatibus
1309 2212 1593 2280 depressus
1620 2211 1698 2264 sic
1717 2208 1978 2279 deplorat,

415 2302 565 2370 quasi
593 2303 705 2372 ipse
732 2303 920 2357 eadem
964 2302 1099 2356 mala
1126 2302 1476 2371 experiretur.
1508 2300 1633 2365 Quis
1670 2300 1813 2354 enim
1832 2338 1846 2361 ,
1876 2301 1979 2365 ait,

413 2395 715 2462 inﬁrmatur,
742 2404 788 2449 et
814 2411 903 2464 ego
931 2411 1030 2447 non
1066 2393 1334 2461 inﬁrmor?
1361 2393 1470 2459 quis
1502 2392 1905 2457 scandalizatur,
1937 2401 1983 2446 et

415 2500 503 2557 ego
529 2501 626 2536 non
655 2501 775 2537 uror
806 2484 879 2553 (2.
911 2484 1029 2538 Cor.
1063 2484 1150 2536 ll.
1185 2480 1316 2554 29)?
1342 2482 1411 2536 Et
1443 2497 1546 2536 non
1589 2482 1733 2546 dicit,
1767 2483 1946 2537 tristor
1966 2524 1980 2549 ,

415 2576 530 2639 sed,
564 2592 700 2641 uror,
731 2575 1114 2630 intolerabilem
1137 2584 1191 2629 et
1220 2575 1589 2631 incredibilem
1618 2577 1854 2632 dolorem
1884 2593 1982 2650 per

415 2666 713 2719 incendium
760 2666 1035 2719 enuntiare
1071 2664 1274 2719 volens.
1316 2665 1590 2721 imitemur
1637 2668 1795 2738 igitur
1821 2670 1981 2724 etiam

414 2770 513 2809 nos
552 2766 604 2810 et
636 2758 913 2810 Dominum
953 2763 1190 2810 nostrum
1219 2766 1271 2812 et
1294 2773 1628 2813 conservum.
1668 2759 1798 2814 Nam
1828 2761 1981 2816 nobis

416 2846 607 2901 borum
630 2850 919 2917 gemituum
945 2865 1050 2903 non
1070 2865 1226 2919 parva
1248 2852 1350 2906 erit
1373 2867 1613 2918 merces;
1643 2854 1779 2908 sicut
1807 2869 1982 2925 neque

415 2938 699 3007 vulgariter
727 2939 1187 3009 reprehenduntur
1211 2956 1240 2993 a
1271 2941 1379 2996 Deo
1404 2943 1495 3013 qui
1530 2944 1730 3014 absque
1756 2946 1983 3000 commi-

414 3030 680 3083 s--ratioue
714 3043 929 3083 suorum
970 3032 1328 3086 membrorum
1372 3035 1507 3088 mala
1546 3043 1976 3105 praetercurrunt.

414 3120 479 3173 Et
522 3120 647 3173 illud
689 3121 899 3190 quidem
948 3122 1088 3192 apud
1135 3124 1572 3193 patientissimum
1621 3126 1977 3196 Ezccliielem,

414 3213 515 3267 hoc
539 3231 664 3268 vero
682 3216 816 3284 apud
844 3217 1054 3273 beatum
1078 3218 1349 3275 Michzeam
1372 3222 1549 3278 videre
1566 3223 1707 3279 licet.
1730 3224 1823 3279 llle
1836 3226 1976 3280 enim

412 3306 558 3370 dicit,
588 3306 899 3365 cumJudtni
931 3312 982 3364 in
1012 3324 1305 3367 extremum
1327 3314 1588 3369 malorum
1614 3318 1904 3384 venissent,
1927 3326 1981 3373 et

412 3408 599 3467 Sponte
626 3398 881 3454 idolorum
921 3402 1066 3457 cultu
1104 3418 1163 3458 se
1203 3405 1660 3474 coinquinassent,
1690 3407 1978 3479 imperasse

412 3489 575 3543 Deum
600 3491 715 3545 dari
755 3495 960 3563 signum
987 3510 1147 3564 super
1192 3496 1351 3552 facies
1381 3499 1612 3554 virorum
1650 3504 1975 3570 gementium

411 3588 465 3632 et
484 3580 773 3635 dolentium
802 3599 961 3651 super
990 3586 1053 3638 iis
1080 3602 1197 3654 qua:
1226 3587 1440 3642 ﬁebant.
1466 3588 1646 3660 Neque
1671 3593 1812 3647 enim
1839 3593 1972 3648 sim-

412 3670 616 3738 pliciter
639 3688 849 3741 gemere
871 3686 1098 3744 oportet.
1133 3679 1226 3733 sed
1252 3691 1305 3733 et
1332 3681 1542 3745 dolere;
1571 3686 1813 3753 quamvis
1842 3687 1974 3742 nihil

412 3775 656 3830 umquam
697 3763 928 3819 dixerint
972 3767 1053 3821 vel
1103 3768 1323 3824 fecerint
1366 3771 1441 3825 illi
1480 3772 1548 3827 ad
1589 3777 1974 3831 correctionem

410 3869 593 3908 eorum
622 3871 740 3925 qua:
769 3857 995 3923 ﬁebant;
1028 3861 1119 3914 sed
1147 3863 1391 3931 quoniam
1430 3878 1522 3918 sua
1563 3866 1851 3922 intulerant
1884 3884 1975 3923 so-

410 3944 539 4011 lum,
573 3954 775 4002 tantum
801 3949 975 4019 adepti
1002 3962 1125 4007 sunt
1153 3952 1404 4008 honorem
1426 3970 1457 4009 a
1481 3956 1810 4013 misericordi
1843 3958 1973 4026 Deo,

409 4046 536 4090 utet
574 4040 908 4095 securitatem
939 4052 993 4096 et
1035 4043 1257 4115 gloriam
1289 4046 1504 4101 multam
1544 4060 1971 4119 assequerentur.

409 4128 652 4185 Michzcas
692 4140 868 4187 autem
910 4150 1029 4189 cum
1059 4137 1175 4190 aliis
1205 4137 1734 4207 reprehensionibus,
1763 4157 1974 4198 comes-

406 4221 625 4275 sationis
670 4232 723 4277 et
776 4225 1049 4281 ebrietatis
1087 4237 1141 4283 et
1182 4228 1500 4284 inunctionis
1546 4242 1971 4301 unguentorum,

404 4311 544 4363 aliud
574 4312 754 4382 adjicit
781 4317 1003 4382 crimen,
1036 4334 1225 4388 nempe
1248 4318 1509 4374 defectum
1546 4323 1971 4378 commiseratio-

405 4404 521 4469 nis,
554 4405 633 4459 sic
670 4406 854 4462 dicens
882 4427 895 4462 :
924 4408 1099 4479 Neque
1140 4412 1565 4483 compatiebantur
1595 4431 1747 4487 super
1781 4418 1969 4470 contri-

404 4498 537 4548 tione
559 4496 749 4567 Joseph
775 4500 949 4568 (Amos
969 4504 1021 4557 6.
1051 4503 1129 4573 ϐ).
1158 4504 1227 4559 Et
1267 4519 1360 4559 eos
1388 4505 1475 4575 qui
1499 4504 1804 4561 habitabant
1840 4508 1973 4562 civi-

402 4596 561 4641 tatem
604 4590 778 4645 Euan
810 4595 824 4624 ¹
858 4606 1072 4664 propter
1114 4598 1214 4652 hoc
1261 4598 1623 4668 reprehendit,
1668 4600 1857 4655 iterum
1884 4602 1968 4657 di-

400 4694 564 4732 cens:
601 4682 746 4744 Quod
777 4702 875 4738 non
917 4689 1064 4741 exivit
1106 4699 1161 4742 ut
1189 4690 1409 4759 ploraret
1438 4690 1642 4744 domum
1681 4693 1970 4764 contiguam

409 4770 593 4833 (.ﬂiclt.
627 4775 675 4825 l.
720 4777 827 4844 ll).
872 4777 925 4831 Si
958 4792 1132 4834 autem
1163 4784 1247 4835 ubi
1292 4784 1429 4838 Deus
1468 4786 1738 4849 irascitur,
1786 4803 1969 4857 repre-

401 4860 583 4915 lautdit
610 4879 729 4917 eum
771 4869 857 4935 qui
881 4886 990 4923 non
1022 4877 1336 4941 compatitur
1376 4876 1423 4929 ei
1466 4876 1553 4945 qui
1598 4878 1830 4946 punitur,
1863 4895 1966 4950 qua

398 4954 550 5005 venia
590 4954 777 5023 dignus
826 4960 927 5011 erit
960 4962 1047 5030 qui
1076 4979 1180 5017 non
1220 4966 1465 5022 condolet
1504 4983 1623 5022 cum
1647 4982 1743 5034 eo,
1770 4972 1859 5040 qui
1911 4970 1966 5028 in

401 5056 670 5115 peccatum
710 5050 984 5119 prolapsus
1009 5057 1127 5109 est?
1155 5057 1338 5128 Neque
1380 5060 1609 5128 mireris,
1639 5062 1684 5116 si
1722 5073 1968 5133 oporteat

397 5157 494 5195 nos
540 5142 699 5196 simul
744 5142 928 5199 dolere
967 5163 1085 5203 cum
1135 5152 1197 5205 iis
1240 5153 1329 5223 qui
1371 5156 1674 5224 puniuntur,
1722 5160 1964 5225 quamvis

398 5235 536 5288 lteus
576 5234 791 5303 puniat;
818 5251 990 5307 neque
1030 5242 1169 5295 enim
1204 5243 1343 5300 Deus
1386 5248 1499 5315 ipse
1524 5247 1615 5317 qui
1659 5249 1810 5317 punit
1850 5252 1963 5306 vult

395 5323 495 5411 hoc
538 5325 751 5411 facere:
786 5326 905 5380 Non
943 5332 1074 5383 enim
1110 5335 1364 5390 voluntate
1397 5340 1508 5392 volo
1546 5350 1753 5393 mortem
1788 5358 1964 5411 pecca-

394 5410 514 5461 turis
540 5409 747 5477 (Ezech.
776 5412 863 5467 l8.
905 5412 1020 5483 25),
1054 5416 1240 5486 inquit.
1285 5421 1341 5476 Si
1378 5422 1534 5493 igitur
1559 5424 1648 5494 qui
1675 5409 1959 5481 vindictam

390 5500 571 5563 sumit,
603 5518 706 5556 non
730 5504 840 5558 vult
880 5505 1166 5561 vindictam
1196 5523 1437 5579 sumere,
1463 5516 1631 5569 multo
1660 5517 1827 5587 magis
1862 5534 1961 5573 nos

390 5590 675 5648 condolcre
693 5608 901 5666 oportet
929 5600 991 5654 iis
1014 5602 1103 5670 qui
1122 5603 1439 5671 puniuntur;
1471 5607 1603 5664 forte
1622 5608 1719 5665 hac
1738 5612 1818 5665 via
1838 5612 1955 5667 illos

390 5681 695 5750 cupiemus,
729 5688 864 5745 forte
894 5692 1339 5760 recuperabimus.
1372 5695 1502 5751 Nam
1533 5700 1656 5754 licet
1681 5703 1952 5771 perierint,

394 5780 567 5827 tamen
593 5790 774 5831 curam
801 5797 916 5849 qua:
956 5786 1156 5857 reliqua
1183 5796 1261 5840 est
1287 5801 1560 5855 geramus,
1604 5791 1959 5863 lacrymemur

458 5913 477 5986 τι
508 5910 664 5983 Savil.,
886 5926 993 5986 lucc
1014 5922 1109 5970 duo
1131 5922 1235 5974 loca
1257 5926 1389 5986 quasi
1415 5926 1614 5976 Michzeae
1660 5930 1941 5985 adferuntur

393 5974 478 6022 sed
503 5977 629 6035 prior
652 5970 730 6027 est
756 5990 890 6027 .tinos
912 5982 957 6041 ti,
984 5986 1028 6041 6,
1054 5970 1956 6052 lium—wn

927 545 1109 614 quon
1148 539 1560 597 assumus:
1603 537 1887 594 renuis:
1920 533 2097 591 vnus
2132 535 2570 591 consumma
2611 537 2744 593 NON
2785 537 3116 593 causam.

3544 537 3646 592 Sis

2086 662 2139 706 et
2171 653 2465 722 ploremus,
2499 672 2600 706 non
2644 654 2925 708 mulierum
2960 654 3153 709 choros
3195 654 3525 720 iuducentes,
3556 654 3649 707 sed

2082 748 2444 816 unusquisque
2491 748 2736 817 privatim
2773 746 2913 816 apud
2959 748 3336 817 semetipsum,
3367 763 3473 801 non
3518 762 3650 816 prae-

2082 838 2319 893 sentibus
2352 838 2475 892 illis.
2519 838 2575 892 Si
2600 848 2775 891 autem
2805 837 2985 905 vultis,
3015 838 3128 907 ipse
3170 838 3417 906 incipiam
3445 839 3651 891 luctuo-

2080 944 2198 982 sum
2250 927 2352 981 hoc
2392 930 2657 983 canticum
2708 945 2721 979 :
2778 944 2947 998 neque
2998 928 3141 982 enim
3191 927 3352 997 pudet
3395 943 3480 982 me
3527 942 3649 981 cum

2078 1019 2309 1074 Jcremia
2345 1019 2443 1073 hoc
2466 1019 2638 1073 facere
2663 1028 2716 1071 et
2747 1018 2877 1073 lsaia
2897 1028 2951 1074 et
2975 1018 3158 1084 Paulo,
3182 1028 3237 1072 et
3258 1019 3309 1071 in
3330 1018 3512 1086 primis
3529 1034 3648 1070 cum

2082 1108 2307 1185 Domino
2350 1120 2548 1163 nostro.
2582 1108 2901 1176 incipiamus
2948 1110 3105 1178 igitur
3141 1106 3542 1162 sicuthristus
3568 1109 3650 1160 in-

2080 1198 2219 1266 cepit
2249 1198 2494 1267 primum,
2523 1207 2577 1252 et
2600 1197 2838 1252 dicamus
2863 1213 2878 1249 :
2912 1196 3003 1252 Va:
3030 1198 3143 1263 tibi,
3167 1198 3375 1250 anima!
3407 1196 3474 1250 ad
3493 1211 3650 1265 quam

2080 1298 2263 1349 vocata
2295 1291 2599 1359 dignitatem
2624 1305 2719 1358 per
2744 1289 3121 1359 benignitatem
3151 1298 3204 1342 et
3233 1288 3648 1343 misericordiam

2085 1382 2201 1447 Dei,
2231 1382 2441 1451 qualem
2479 1382 2710 1450 accipies
2738 1380 2913 1434 locum
2949 1388 3163 1449 propter
3196 1380 3452 1447 ignaviam
3477 1379 3651 1433 tuam?

2085 1472 2176 1527 Vae
2205 1474 2315 1537 tibi,
2362 1473 2487 1543 quia
2529 1474 2641 1541 ipse
2677 1482 2726 1525 te
2751 1472 2815 1525 ad
2846 1470 3107 1524 thalamos
3146 1470 3304 1523 traxit
3329 1470 3647 1538 spirituales,

2084 1578 2138 1619 tu
2166 1577 2341 1620 autem
2373 1567 2591 1635 teipsam
2622 1566 2689 1618 ab
2711 1564 2810 1618 hac
2837 1563 3004 1633 gloria
3040 1562 3315 1631 abrupisti,
3344 1572 3399 1615 et
3442 1561 3651 1615 inducta

2082 1671 2141 1709 es
2202 1656 2253 1707 in
2300 1656 2495 1709 diaboli
2543 1656 2746 1723 ignem,
2796 1666 2847 1706 et
2901 1653 2968 1707 ad
3019 1652 3328 1722 gravissima
3396 1651 3650 1720 supplicia

2083 1746 2169 1799 ubi
2216 1744 2370 1800 ﬂetus
2416 1757 2468 1799 et
2496 1746 2693 1799 stridor
2748 1746 3004 1807 dentium,
3057 1746 3144 1799 ubi
3190 1744 3365 1798 nullus
3412 1743 3653 1798 consola-

2086 1848 2237 1893 turus
2280 1845 2392 1901 est,
2445 1852 2542 1890 nec
2586 1852 2799 1890 manum
2859 1847 3230 1906 porrecturus,
3274 1835 3369 1890 sed
3420 1836 3651 1890 tenebrae

2083 1932 2280 1997 omnia,
2304 1939 2358 1986 et
2376 1929 2712 2000 perplexitas,
2750 1938 2804 1983 et
2830 1928 3078 1992 turbatio,
3098 1937 3151 1981 et
3168 1928 3303 1981 mala
3324 1942 3495 1997 neque
3518 1943 3649 1981 con-

2085 2022 2401 2077 solationem
2445 2036 2617 2091 neque
2657 2020 2818 2075 linem
2860 2018 3126 2073 habentia.
3173 2019 3298 2073 Hice
3341 2018 3431 2072 tibi
3479 2019 3655 2072 omnia

2084 2114 2265 2168 mundi
2304 2127 2455 2167 amor
2477 2113 2716 2182 peperit,
2742 2110 2863 2181 quia
2894 2108 3168 2180 prmiulisti
3190 2109 3320 2163 caelo
3358 2116 3575 2175 terram,
3602 2118 3655 2163 et

2086 2206 2303 2260 noluisti
2333 2205 2521 2260 audire
2542 2220 2729 2259 vocem
2754 2203 2935 2274 sponsi
2968 2202 3179 2257 assidue
3199 2201 3564 2266 admonentis,
3600 2210 3655 2253 ut

2086 2298 2220 2352 nihil
2249 2298 2404 2353 nobis
2454 2306 2597 2352 esset
2625 2312 2746 2351 cum
2782 2295 3058 2365 praesentis
3096 2294 3274 2348 saeculi
3324 2294 3487 2348 rebus
3505 2308 3656 2347 com-

2086 2406 2267 2445 mune.
2296 2390 2426 2456 Quis
2447 2399 2500 2444 te
2526 2390 2778 2443 miseram
2808 2396 2863 2443 et
2885 2387 3247 2441 calamitosam
3286 2386 3525 2440 miserari
3565 2401 3654 2454 po-

2088 2494 2193 2539 test
2213 2484 2431 2554 pustea?
2461 2482 2592 2537 Nam
2622 2482 2720 2537 etsi
2742 2482 2917 2551 ipsum
2946 2479 3127 2534 videas
3150 2477 3284 2544 Noe,
3315 2479 3405 2547 qui
3438 2478 3491 2532 in
3511 2493 3657 2532 como

2085 2578 2231 2633 muni
2257 2578 2416 2631 totius
2445 2576 2591 2631 orbis
2618 2574 2819 2630 diluvio
2850 2581 3013 2628 totam
3058 2572 3273 2627 domum
3308 2570 3566 2636 salvavit,
3602 2570 3656 2625 in

2087 2674 2189 2729 hac
2218 2672 2292 2726 ira
2322 2668 2888 2740 patrocinantem,'etsi
2916 2667 3037 2733 Job,
3067 2665 3166 2722 etsi
3197 2666 3487 2734 Danielcm,
3508 2682 3657 2721 cum-

2084 2782 2189 2837 que
2235 2765 2341 2819 iliis
2391 2764 2590 2819 Mosem
2640 2774 2695 2820 et
2735 2762 3035 2820 Samuelem
3065 2806 3081 2831 ,
3136 2759 3237 2819 etsi
3303 2759 3656 2833 patriarcbam

2086 2858 2357 2912 Abraham
2382 2900 2396 2923 ,
2426 2857 2599 2912 nullus
2626 2857 2719 2912 tibi
2765 2873 2980 2912 manum
3010 2857 3281 2927 porriget;
3317 2856 3521 2911 etiamsi
3561 2869 3654 2924 ge-

2088 2964 2218 3003 nere
2246 2947 2389 3002 illum
2434 2948 2680 3018 attingas,
2710 2948 2921 3003 etiamsi
2970 2947 3076 3001 filia
3114 2948 3205 3012 sis,
3234 2947 3444 3003 etiamsi
3477 2961 3656 3009 soror,

2086 3040 2297 3095 etiamsi
2342 3040 2610 3109 supplices
2649 3041 2908 3107 multum,
2950 3041 3090 3095 sicut
3122 3038 3272 3093 dives
3323 3037 3430 3102 ille,
3476 3037 3654 3091 omnia

2086 3130 2281 3187 frustra
2309 3131 2432 3187 etin
2453 3147 2644 3187 vanum
2670 3131 2851 3188 facies.
2873 3130 3151 3199 Quomodo
3172 3128 3416 3184 excidisti
3440 3143 3471 3183 e
3500 3128 3652 3196 ca'lo,

2086 3243 2205 3299 quae
2231 3244 2335 3282 non
2367 3228 2553 3282 lucifer
2578 3244 2635 3281 es
2660 3225 2810 3295 (Isai.
2830 3228 2914 3285 lt.
2936 3227 3049 3298 12),
3076 3238 3248 3297 neque
3272 3237 3428 3278 mane
3451 3222 3652 3288 oriens,

2086 3319 2179 3375 sed
2211 3321 2337 3389 ipsis
2374 3320 2505 3375 solis
2526 3320 2690 3374 radiis
2719 3320 2840 3387 plus
2873 3318 3159 3388 splendere
3192 3313 3497 3387 potuisses!
3521 3328 3653 3384 quo-

2086 3410 2250 3465 modo
2285 3411 2441 3466 sedes
2475 3410 2728 3466 deserta?
2755 3411 2929 3479 Atque
2951 3409 3090 3464 adeo
3126 3408 3267 3464 haud
3285 3408 3406 3478 quis
3434 3406 3654 3462 abem-

2082 3504 2172 3569 rit,
2198 3504 2243 3557 si
2270 3504 2323 3557 in
2351 3504 2484 3557 hanc
2512 3504 2699 3572 majori
2724 3503 3010 3573 captivitati
3034 3501 3280 3557 traditam
3315 3502 3545 3557 animam
3571 3500 3655 3556 la-

2084 3605 2407 3659 mentorum,
2433 3611 2549 3665 quze
2588 3596 2642 3649 in
2682 3595 2948 3650 civitatem
2987 3594 3130 3649 illam
3174 3592 3313 3648 dicta
3341 3600 3485 3659 sunt,
3539 3605 3653 3646 ωδ·

2077 3688 2248 3758 jorem
2279 3700 2482 3757 partem
2510 3687 2811 3742 transferat.

2152 3781 2205 3836 3.
2244 3780 2347 3835 Sed
2394 3778 2529 3833 forte
2555 3780 2901 3834 lamentorum
2927 3779 3076 3845 satis,
3106 3780 3254 3844 satis,
3304 3779 3539 3848 inquam,
3587 3786 3649 3831 ut

2081 3872 2339 3940 scriptura
2384 3870 2691 3940 libellosque
2734 3870 2874 3926 ferre
2907 3879 3083 3940 potest
3114 3888 3127 3923 :
3158 3870 3389 3940 alioquin
3418 3868 3486 3924 ad
3521 3884 3654 3924 con-

2084 3960 2298 4033 dignam
2321 3962 2510 4016 animae
2535 3971 2611 4016 tot
2632 3962 2781 4015 malis
2807 3976 3076 4031 oppressa:
3100 3960 3519 4031 deplorationem
3555 3976 3653 4016 ne-

2082 4067 2187 4122 que
2213 4067 2371 4107 omne
2393 4061 2602 4121 tempus
2626 4053 2780 4107 nobis
2797 4052 3079 4107 sufﬁceret.
3105 4052 3241 4119 Quid
3261 4053 3402 4107 enim
3423 4052 3542 4122 quis
3560 4052 3646 4110 des

2084 4142 2317 4212 ploraret
2357 4142 2624 4212 primum?
2648 4159 2713 4196 an
2742 4142 2883 4212 quod
2911 4142 3213 4197 venerabile
3250 4152 3305 4197 et
3327 4153 3568 4198 sanctum
3598 4152 3654 4199 et

2085 4249 2330 4304 magnum
2370 4249 2562 4289 nomen
2592 4234 2682 4288 Dei
2712 4250 2805 4303 per
2844 4249 2938 4290 vos
2974 4234 3369 4305 blasphematur
3396 4237 3447 4289 in
3477 4236 3653 4306 genti-

2080 4329 2200 4395 bus,
2230 4338 2284 4383 et
2309 4330 2475 4398 ipsius
2501 4330 2665 4399 gloria
2713 4330 3055 4398 profanatur?
3080 4344 3148 4383 an
3168 4328 3309 4398 quod
3348 4338 3455 4382 tam
3485 4344 3651 4384 vene-

2080 4421 2262 4477 rabilis
2291 4429 2345 4477 et
2373 4436 2559 4491 magna
2586 4437 2673 4477 res
2702 4423 2756 4476 in
2783 4422 3027 4476 invidiam
3068 4421 3382 4477 adducitur?
3409 4436 3474 4476 an
3511 4421 3651 4490 quod

2080 4513 2260 4568 much
2305 4514 2495 4567 animae
2539 4528 2633 4582 per
2675 4528 2770 4568 vos
2796 4521 2873 4567 tot
2912 4512 3175 4569 scandalis
3211 4513 3539 4582 perduntur?
3583 4528 3653 4567 an

2079 4605 2221 4675 quod
2248 4619 2373 4659 sana
2403 4619 2525 4675 pars
2550 4605 2697 4659 chori
2734 4615 2924 4659 vestrm
2951 4605 3133 4675 gloriae
3158 4604 3361 4659 macula
3384 4603 3652 4657 findatur?

2077 4712 2144 4751 an
2198 4696 2338 4767 quod
2368 4697 2847 4767 inexstinguibilem
2884 4705 2937 4751 et
2966 4696 3111 4751 vobis
3153 4705 3207 4751 et
3230 4695 3651 4763 cohabitantibus

2079 4790 2228 4846 vobis
2256 4790 2545 4846 accenditis
2566 4792 2773 4861 ignem?
2796 4790 2862 4843 Et
2881 4789 3147 4858 quomodo
3167 4789 3524 4843 necessarium
3546 4798 3648 4853 est,

2078 4890 2137 4935 ut
2160 4881 2273 4936 haec
2299 4882 2445 4944 ﬁant,
2490 4882 2677 4951 inquit,
2714 4896 2831 4934 cum
2863 4882 3124 4950 possimus
3150 4880 3433 4935 ostendere
3461 4896 3652 4949 corpus

2078 4985 2316 5027 nostrum
2340 4989 2442 5026 non
2470 4982 2793 5043 corruptum,
2823 4989 2994 5043 neque
3013 4974 3249 5028 vitiatum
3272 4974 3295 5027 ?
3327 4973 3515 5028 Verum
3538 4972 3652 5029 lia-c

2076 5064 2461 5118 demonstratio
2504 5081 2608 5118 non
2640 5080 2798 5129 nunc,
2832 5064 2925 5119 sed
2962 5066 3014 5119 in
3040 5065 3126 5118 die
3158 5065 3248 5119 illo
3276 5065 3377 5119 erit
3420 5062 3641 5117 manife-

2076 5164 2176 5210 sta.
2204 5154 2517 5211 Obstetricis
2543 5157 2683 5211 enim
2723 5171 2811 5210 ars
2836 5166 2892 5211 et
2928 5156 3184 5225 sapientia
3212 5156 3313 5209 hoc
3354 5155 3525 5208 solum
3555 5170 3650 5225 pu-

2075 5257 2179 5303 test
2219 5247 2422 5314 videre,
2463 5263 2530 5301 an
2579 5263 2921 5318 congressum
2961 5246 3058 5300 viri
3098 5260 3289 5315 corpus
3319 5244 3534 5299 tulerit:
3582 5260 3648 5299 an

2074 5357 2201 5396 vero
2233 5351 2427 5396 tactum
2456 5342 2811 5403 inhonestum,
2846 5352 2899 5395 et
2925 5340 3242 5395 adulterium
3269 5355 3333 5396 ex
3360 5341 3555 5394 osculis
3597 5349 3649 5394 ct

2073 5435 2403 5503 amplexibus
2432 5434 2694 5505 elfugerit,
2722 5444 2774 5489 et
2798 5434 3209 5503 corruptionem,
3241 5434 3355 5487 dies
3395 5432 3479 5485 illa
3525 5442 3648 5487 tunc

2073 5527 2386 5594 declarabit,
2414 5527 2624 5599 quando
2651 5529 2798 5581 vivus
2839 5526 2933 5581 Dei
2960 5541 3154 5589 sermo,
3187 5527 3275 5596 qui
3306 5526 3510 5579 occulta
3544 5526 3643 5577 Im-

2073 5619 2229 5673 minis
2269 5621 2321 5675 in
2368 5619 2594 5674 medium
2622 5618 2853 5683 adducit,
2910 5627 2964 5674 et
2993 5633 3227 5688 prteseus
3255 5634 3397 5673 nunc
3422 5616 3503 5671 bis
3530 5633 3646 5686 qua:

2071 5709 2207 5763 clam
2232 5711 2382 5778 fiunt,
2405 5711 2581 5765 omnia
2608 5710 2748 5765 nuda
2775 5721 2828 5765 et
2853 5721 3033 5780 aperta
3057 5724 3177 5767 ante
3204 5714 3439 5767 omnium
3463 5712 3645 5767 oculos

2073 5811 2234 5870 ponet
2263 5821 2275 5855 :
2309 5814 2432 5857 tunc
2460 5802 2689 5857 sciemus
2710 5801 2845 5857 bene
2874 5819 2941 5857 an
2964 5804 3029 5858 ab
3056 5802 3137 5857 his
3162 5805 3231 5859 sit
3263 5820 3448 5872 purum
3472 5812 3525 5857 et
3546 5820 3642 5857 uu-

2070 5897 2345 5965 dcquaque
2371 5899 2728 5967 incorruptum
2751 5911 2945 5969 corpus
2968 5906 3136 5951 tuum.
3160 5898 3313 5967 Atqui
3340 5897 3405 5951 de
3435 5897 3515 5952 his
3536 5913 3640 5951 non

2070 6001 2176 6045 tam
2228 5999 2416 6047 exacte
2447 5992 2737 6061 loquemur,
2768 6005 2941 6059 neque
2968 5990 3346 6047 contcndcrnus
3374 6009 3387 6046 :
3418 5990 3510 6050 sed
3544 6006 3639 6058 po-
