4490 6734
845 561 947 617 519
1545 552 1603 607 S.
1642 551 1919 607 ΣΟᾹΝΝΙΞ
1956 549 2428 604 (ξιξιιῖδυετυιιι

845 690 1028 744 natur,
1060 676 1324 747 superatis
1369 674 1613 730 omnibus
1644 673 1845 728 retibus
1870 687 1989 726 esse
2018 684 2211 738 corpus
2256 666 2418 719 unde.

842 789 1051 842 quaque
1071 786 1260 842 purum
1286 768 1354 822 ah
1374 768 1623 837 omnique
1648 767 1843 821 damno
1870 767 2112 823 liberum,
2137 772 2192 817 et
2217 768 2427 814 maneat

846 866 991 925 virgo
1015 877 1133 930 qua:
1154 862 1339 929 virgo:
1367 859 1492 929 quid
1517 860 1615 910 hoc
1636 857 1701 910 ad
1727 873 1787 910 ea
1818 870 1935 924 qua:
1962 855 2099 906 dicta
2130 864 2253 905 sunt
2279 866 2309 904 a
2332 864 2424 903 no~

848 953 961 1006 his?
993 951 1201 1006 Etenim
1235 954 1334 1006 hoc
1377 950 1611 1003 omnium
1642 950 2011 1017 graviSsimunt
2056 954 2161 1007 est,
2189 956 2243 1000 et
2267 944 2425 1013 pluri-

847 1046 948 1099 mis
974 1044 1189 1112 dignum
1213 1041 1479 1113 lacrymis,
1503 1040 1643 1109 quod
1676 1050 1876 1092 tantum
1902 1036 2248 1106 undequaque
2270 1036 2425 1090 susti-

850 1135 1299 1194 uueritlaborem,
1332 1132 1616 1199 diligenter
1650 1130 1945 1184 observarit
1967 1144 2183 1195 corpus,
2215 1137 2270 1181 et
2308 1143 2424 1179 out-

852 1243 971 1281 nem
1026 1228 1257 1279 laborem
1313 1225 1687 1287 evacuaverit,
1747 1232 1799 1277 et
1848 1220 2094 1273 sudorem
2153 1220 2423 1283 eﬁ‘udcrit,

855 1328 1067 1387 propter
1098 1316 1481 1383 blasphemiam
1518 1318 1565 1366 in
1596 1314 1881 1377 Christum,
1909 1327 2135 1380 cumque
2176 1326 2425 1378 peperce-

851 1422 921 1463 rit
947 1407 1112 1470 carui,
1148 1423 1254 1459 non
1288 1407 1521 1475 pepercit
1550 1405 1731 1475 gloria:
1778 1404 1890 1467 Dei,
1931 1403 2025 1457 sed
2075 1412 2131 1455 ut
2173 1404 2428 1456 intactum

857 1500 953 1566 ipsi
981 1507 1222 1552 maneret
1250 1512 1445 1566 corpus
1482 1498 1656 1549 omnia
1704 1494 1827 1548 fecit
1853 1510 1867 1557 ;
1898 1501 1957 1547 ut
1984 1502 2161 1547 autem
2205 1493 2293 1545 ille
2324 1508 2427 1544 non

856 1594 1159 1645 afﬁceretur
1184 1589 1523 1653 contumelia,
1556 1602 1652 1641 nec
1673 1586 2113 1640 dehonestaretur
2132 1586 2271 1654 apud
2296 1586 2427 1639 mul-

855 1695 957 1747 tos,
991 1698 1060 1736 ne
1088 1682 1247 1735 ullam
1268 1682 1481 1751 quidem
1512 1695 1692 1733 curam
1722 1678 1919 1731 habuit.
1945 1677 2155 1733 Utinam
2184 1694 2290 1731 non
2312 1695 2430 1730 om-

854 1776 941 1827 nia
989 1772 1225 1835 fecisset.
1260 1788 1359 1827 nec
1396 1787 1613 1839 operam
1642 1770 1900 1835 dedisset,
1947 1781 2002 1821 ut
2029 1770 2191 1836 gloria
2229 1770 2319 1823 Dei
2348 1771 2429 1822 in—

853 1866 1166 1920 fumaretur.
1195 1864 1548 1935 thuomodo
1576 1865 1676 1917 hoc
1701 1863 1873 1917 facio?
1902 1863 2090 1931 inquit.
2119 1862 2249 1929 Quia
2292 1864 2432 1915 viros

853 1969 1029 2013 tecum
1058 1959 1109 2011 in
1140 1958 1299 2011 domo
1321 1958 1555 2011 inclusos
1582 1972 1792 2027 semper
1813 1955 1905 2010 tibi
1926 1956 2222 2009 assidentes
2247 1957 2426 2010 habes.

853 2051 987 2104 Nam
1017 2051 1060 2103 si
1091 2050 1237 2103 virus
1258 2050 1459 2103 habere
1486 2049 1877 2102 cohabitatores
1921 2049 2275 2116 concupiscis,
2326 2065 2430 2101 non

853 2142 1134 2211 oportebat
1170 2140 1519 2211 virginitatem
1547 2139 1757 2208 eligere,
1790 2139 1881 2194 sed
1910 2139 1975 2192 ad
2006 2141 2214 2210 nuptias
2264 2151 2431 2194 trans-

855 2234 1088 2288 eundum
1115 2243 1224 2289 erat
1256 2250 1268 2284 :
1304 2234 1469 2285 multo
1495 2233 1636 2285 enim
1666 2232 1856 2286 melius
1882 2234 1960 2286 sic
1985 2232 2253 2302 nupsisse,
2274 2248 2429 2302 quam

856 2326 949 2379 illo
978 2324 1136 2378 modo
1164 2324 1420 2393 virginem
1450 2322 1685 2391 proﬁteri
1714 2322 1915 2377 fuisset.

930 2415 1139 2485 Nuptiw
1158 2415 1483 2485 prazferendw
1506 2414 1777 2483 virginitati
1802 2415 1930 2468 male
1949 2415 2431 2471 custodita—Nam

857 2506 980 2560 illas
1007 2507 1215 2575 nuptias
1255 2520 1428 2574 neque
1456 2504 1593 2558 Deus
1619 2505 1957 2572 condemnat,
1984 2522 2153 2577 neque
2193 2508 2433 2562 homines

859 2596 1255 2667 reprehendunt
1278 2614 1293 2650 :
1323 2596 1547 2651 honesta
1571 2598 1711 2651 enim
1739 2613 1825 2651 res
1846 2607 1948 2664 est,
1971 2600 2240 2656 neminem
2263 2602 2432 2655 offen-

858 2690 1013 2756 dens,
1062 2691 1327 2745 neminem
1380 2688 1578 2743 lazdens
1620 2690 1939 2760 :virginitas
1967 2700 2141 2746 autem
2184 2693 2269 2746 illa
2312 2709 2433 2746 cum

860 2784 989 2835 viris
1010 2783 1128 2851 plus
1155 2781 1222 2835 ab
1242 2780 1493 2835 onmihus
1519 2781 1777 2849 arguitur,
1808 2798 1965 2850 quam
1994 2781 2275 2837 fornicatio
2297 2785 2429 2852 ipsa.

861 2874 1104 2943 Namque
1131 2890 1283 2928 suum
1315 2873 1487 2943 perdit
1508 2874 1772 2937 ordinem,
1795 2884 1848 2928 et
1873 2875 1923 2928 in
1949 2876 2256 2944 profundius
2278 2893 2434 2946 quam

864 2968 934 3023 sit
964 2966 1328 3021 fornicationis
1356 2965 1663 3019 barathrum
1694 2966 1859 3035 ejecta
1890 2978 1991 3021 est.
2023 2966 2139 3021 Non
2168 2970 2309 3021 enim
2337 2969 2436 3020 ali-

864 3060 984 3128 quis
1028 3058 1162 3113 feret
1200 3072 1322 3112 cum
1370 3056 1660 3124 virginibus
1697 3060 1963 3113 tnnnerari
2012 3074 2129 3113 eam
2177 3076 2295 3129 qua:
2331 3076 2436 3113 non

864 3160 1019 3207 curat
1043 3167 1161 3221 qua:
1203 3159 1328 3203 sunt
1353 3148 1578 3213 Domini,
1623 3158 1679 3203 et
1705 3152 1901 3205 multos
1928 3151 2102 3206 reddit
2144 3152 2434 3216 adulteros,

865 3263 1037 3317 neque
1065 3261 1186 3300 cum
1229 3250 1423 3316 nuptis.
1458 3250 1546 3305 illa
1576 3248 1720 3305 enim
1746 3261 1926 3300 curam
1955 3245 2132 3310 habet,
2172 3244 2439 3315 quomodo

866 3341 1073 3408 placeat
1097 3341 1211 3395 viro
1253 3342 1339 3395 uni
1366 3358 1381 3397 :
1412 3352 1466 3396 tu
1506 3351 1679 3395 autem
1712 3347 1771 3393 ut
1810 3338 2121 3403 innumeris,
2166 3348 2219 3391 et
2262 3338 2325 3392 iis
2350 3339 2436 3407 qui

866 3446 972 3483 non
998 3432 1112 3500 lege
1136 3432 1364 3500 conjugii
1388 3433 1519 3496 noti,
1544 3431 1637 3487 sed
1661 3430 1771 3485 alio
1795 3430 2021 3499 quodam
2049 3428 2206 3482 modo
2228 3427 2297 3482 ab
2323 3444 2439 3481 om-

868 3525 1022 3577 nibus
1043 3524 1395 3578 condemnato
1420 3535 1472 3579 et
1496 3525 1692 3594 rejecto
1712 3543 1724 3578 :
1748 3524 1888 3579 unde
1911 3538 2097 3577 vereor
2118 3538 2184 3578 ne
2206 3522 2273 3577 ab
2294 3534 2440 3576 utro-

866 3628 970 3682 que
995 3616 1109 3667 loco
1131 3616 1378 3669 excidens
1401 3617 1451 3669 in
1476 3616 1754 3671 mulierum
1776 3616 2173 3669 inhonestarum
2197 3614 2438 3667 ordinem

869 3703 1079 3756 redacta
1110 3705 1355 3759 videaris.
1399 3705 1605 3759 Etenim
1636 3705 1705 3759 ab
1729 3704 2081 3773 appellatione
2107 3704 2218 3771 ipsa
2249 3704 2291 3757 si
2320 3704 2439 3773 quis

869 3810 980 3847 rem
1002 3796 1289 3864 dijudicare
1310 3799 1453 3861 velit,
1486 3797 1586 3866 ipsi
1614 3798 1977 3853 contradicere
2005 3796 2130 3850 nihil
2155 3799 2436 3865 possimus.

870 3886 1003 3939 Nam
1026 3888 1069 3939 si
1099 3888 1309 3956 quando
1330 3890 1380 3943 in
1410 3889 1579 3944 forum
1603 3905 1661 3945 se
1686 3890 1979 3955 conferant,
2005 3889 2087 3944 vel
2110 3890 2239 3943 alias
2262 3906 2440 3944 sermo

869 3976 1014 4031 domi
1044 3978 1108 4032 de
1136 3978 1263 4050 ipsis
1292 3981 1361 4034 sit
1388 3980 1526 4050 apud
1568 3996 1683 4048 eos,
1710 3978 1797 4051 qui
1824 3980 2093 4051 disputant
2120 3980 2186 4034 de
2212 3981 2438 4034 absurda

870 4070 1172 4139 hujusmodi
1218 4073 1593 4142 copulatione,
1639 4074 1937 4143 signiﬁcare
1985 4073 2223 4126 volentes
2275 4072 2436 4137 illam,

869 4161 1031 4229 hujus
1055 4170 1265 4227 vocant,
1298 4179 1403 4216 non
1436 4173 1683 4228 matrem,
1731 4178 1907 4232 neque
1933 4164 2071 4216 cuitu
2102 4163 2246 4214 illum
2278 4177 2440 4230 pepe-

868 4255 979 4318 rit;
1012 4266 1182 4323 neque
1210 4269 1473 4317 serat-em,
1506 4269 1610 4308 non
1639 4254 1776 4308 enim
1805 4269 1871 4309 ex
1910 4254 2097 4308 eodem
2128 4264 2277 4306 utero
2321 4269 2443 4321 pro-

868 4356 1026 4414 gnata
1053 4355 1169 4410 est;
1222 4362 1393 4416 neque
1421 4346 1723 4417 conjugem,
1766 4362 1872 4401 non
1898 4347 2037 4401 enim
2070 4347 2183 4416 lege
2210 4346 2442 4417 conjugii

872 4436 1209 4501 cobahitant;
1241 4453 1411 4506 neque
1438 4437 1543 4490 alio
1569 4439 1818 4507 quopiam
1843 4440 2173 4507 cognationis
2202 4441 2438 4508 nomine,

872 4525 1015 4595 quod
1049 4540 1363 4580 concessum
1404 4527 1483 4579 vel
1516 4528 1631 4595 lege
1672 4527 1987 4595 permissum
2034 4527 2121 4589 sit,
2168 4528 2262 4583 sed
2302 4531 2441 4598 turpi

873 4616 1101 4687 quodam
1143 4632 1207 4672 ac
1247 4617 1490 4671 ridiculo.
1535 4616 1651 4670 Non
1677 4617 1819 4671 enim
1847 4632 1945 4687 ego
1971 4618 2182 4687 quidem
2232 4621 2441 4675 tulerim

874 4710 1047 4779 ipsum
1074 4710 1349 4764 nominare
1374 4729 1390 4763 :
1419 4712 1497 4764 sic
1532 4723 1745 4763 exesam
1774 4708 1945 4763 habeo
1974 4720 2027 4763 et
2053 4726 2272 4765 aversor
2309 4712 2443 4769 hanc

873 4801 1301 4868 appellationem,
1349 4811 1403 4855 et
1444 4801 1721 4855 molestum
1771 4799 1897 4852 mihi
1928 4810 2009 4854 est
2048 4802 2206 4855 etiam
2252 4819 2443 4859 nomen

877 4891 1234 4946 contubernii.
1267 4892 1369 4945 Sed
1412 4909 1514 4945 non
1542 4891 1820 4961 peperisti,
1852 4906 1950 4945 nec
1994 4892 2225 4947 tolerastt
2269 4905 2447 4963 partus

879 4982 1113 5037 dolores.
1167 4982 1231 5035 Et
1256 4982 1383 5052 quid
1413 4982 1512 5035 hac
1538 4982 1843 5035 defensione
1874 4980 2108 5037 fmdins?
2152 4986 2275 5053 quid
2322 4986 2444 5041 item

879 5075 1126 5131 miserius
1162 5090 1321 5145 qttam
1349 5074 1489 5145 quod
1535 5075 1602 5127 ah
1646 5076 1709 5129 iis
1749 5075 1859 5127 vult
1887 5090 2144 5145 apparere
2172 5078 2339 5148 virgo,
2379 5078 2445 5131 ad

876 5184 995 5236 qua:
1040 5177 1095 5222 et
1143 5169 1321 5222 multm
1365 5178 1419 5223 et
1462 5167 1826 5225 fornicatrices
1870 5171 2118 5224 mulieres
2161 5170 2447 5240 confugere

879 5262 1140 5328 possunt?
1168 5260 1271 5315 Sed
1311 5261 1433 5325 illm,
1481 5260 1669 5331 inquit,
1718 5262 1931 5315 aliunde
1974 5270 2263 5329 arguuntur
2306 5261 2445 5330 quod

880 5353 1084 5408 libidini
1121 5362 1328 5409 vacent.
1360 5353 1511 5410 Unde
1539 5354 1751 5410 aliunde
1780 5354 1865 5408 dic
1892 5354 2059 5407 mihi?
2100 5356 2142 5406 A
2170 5356 2385 5415 vestitu,
2418 5370 2447 5405 a

878 5450 1015 5509 visu,
1062 5462 1092 5501 a
1139 5462 1345 5516 gressu,
1396 5446 1463 5500 ab
1504 5447 1831 5501 amatoribus
1866 5461 2000 5514 quos
2025 5444 2257 5512 capiunt.
2307 5445 2448 5499 Bene

877 5540 1091 5610 quidem
1119 5540 1269 5594 nobis
1294 5538 1578 5608 depinxisti
1603 5540 1764 5593 scorti
1786 5538 2149 5592 characterem
2173 5553 2186 5599 ;
2216 5536 2307 5589 sed
2331 5536 2451 5590 vide

880 5649 949 5687 ne
995 5632 1080 5687 his
1130 5630 1450 5699 conjectttris
1494 5638 1548 5684 et
1592 5628 1937 5699 argumentis,
1982 5638 2265 5696 antequam
2311 5626 2443 5691 illas,

880 5725 1104 5792 teipsam
1133 5724 1333 5789 capias.
1360 5722 1563 5776 Etenim
1593 5733 1647 5775 et
1670 5730 1722 5775 tu
1751 5719 1843 5774 tibi
1873 5720 1968 5787 ipsi
1998 5720 2130 5773 tales
2157 5736 2296 5786 sa-pe
2324 5734 2453 5787 pra:-

879 5832 1035 5883 r'tras
1061 5826 1348 5869 amatores.
1380 5824 1535 5884 atque
1563 5827 1655 5882 per
1678 5810 1863 5867 eadem
1892 5811 2043 5864 retia.
2072 5808 2222 5876 Quod
2259 5808 2304 5861 si
2346 5822 2449 5860 non

884 5924 1040 5962 vocas
1067 5909 1117 5962 in
1136 5908 1459 5962 domicilium
1485 5911 1883 5975 praztereuntes.
1903 5910 1957 5956 et
1984 5901 2145 5955 habes
2168 5901 2300 5953 intra
2324 5914 2453 5952 cun-

883 6003 1062 6056 clusos
1091 6015 1320 6070 semper,
1351 5998 1489 6070 quod
1517 5997 1683 6053 multo
1719 5995 1951 6067 gravius.
1980 5993 2048 6049 ob
2077 5992 2205 6047 nihil
2234 5989 2449 6061 quidem

2470 547 2781 604 AlitjillliP.
2824 552 3133 608 CUNSTAN
3153 554 3354 613 ilXOl’.

4001 562 4109 616 523

2538 665 2700 728 aliud,
2732 680 2888 734 quam
2930 680 2985 721 ut
3012 669 3296 723 absurdam
3323 669 3648 739 voluptatem
3682 671 3920 739 impleas.
3954 687 4007 730 et
4036 677 4103 727 it-

2536 756 2637 809 lius
2664 766 2718 811 et
2742 767 2905 821 tuam,
2936 775 3040 810 non
3068 776 3410 831 congressum
3442 763 3673 832 inquam.
3702 762 3804 818 Sed
3831 765 3955 833 quid
3979 766 4107 818 inde

2536 848 2691 914 lucri,
2736 848 3162 918 quandoquidem
3196 858 3389 910 mutuis
3413 854 3714 925 aspectibus
3743 857 3879 910 istud
3926 859 4105 926 ipsqu

2534 941 2825 1009 contingit?
2853 940 3061 1009 Alioqui
3094 944 3137 994 si
3170 943 3271 999 hoc
3299 962 3403 999 non
3444 958 3545 1012 est,
3578 963 3749 1017 neque
3785 946 4103 1001 adulterium

2534 1029 2674 1084 istud
2704 1032 3051 1096 committitis,
3100 1048 3264 1101 quate
3302 1037 3473 1101 ipsum
3518 1038 3681 1093 habes
3717 1038 3897 1091 domi?
3943 1054 4104 1105 quam

2536 1137 2750 1179 εειιιςτιιη
2797 1125 2993 1194 justam
3044 1137 3097 1178 et
3127 1126 3494 1182 rationabilem
3539 1133 3692 1185 nobis
3720 1131 3903 1186 dices?
3929 1130 4103 1199 Nupta

2534 1217 2676 1268 enim
2719 1219 2928 1286 nuptias
2972 1217 3144 1284 dicet,
3195 1228 3427 1272 scortum
3469 1221 3776 1288 libidinem;
3821 1237 3875 1278 ιιι
3924 1236 4106 1279 autem

2534 1307 2683 1375 virgo
2728 1311 2939 1378 qualem
2984 1310 3138 1365 nobis
3179 1325 3392 1365 causam
3436 1314 3680 1369 narrabis
3720 1318 3933 1388 dignam
3984 1336 4107 1388 qua:

2537 1399 2839 1466 proferatur
2860 1412 2913 1455 et
2933 1402 3169 1472 justam?

2605 1494 2659 1546 4.
2702 1497 2770 1548 At
2798 1512 2893 1551 cur
2914 1498 3125 1553 curiose
3153 1497 3373 1568 inquiris
3393 1539 3409 1565 ,
3434 1498 3639 1565 inquit,
3670 1514 3787 1553 cum
3822 1518 3922 1556 non
3945 1507 4106 1559 simul

2536 1586 2837 1650 dormiant,
2890 1606 3062 1659 neque
3112 1592 3385 1645 nobiscum
3429 1591 3856 1661 congrediantur,
3907 1605 3963 1647 ut
4002 1599 4108 1649 illis

2538 1677 2850 1732 mulieribus
2905 1682 3015 1736 illi?
3045 1681 3153 1735 lino
3184 1681 3285 1735 hoc
3325 1684 3651 1751 potissimum
3682 1684 3912 1752 plerique
3961 1683 4110 1737 afﬁr-

2540 1781 2703 1822 mant.
2739 1770 2935 1826 Verum
2990 1776 3116 1842 quid
3156 1774 3295 1830 hoc?
3347 1775 3548 1843 inquit:
3598 1785 3784 1830 contra
3829 1790 3981 1829 suum
4030 1778 4107 1831 illi

2536 1871 2713 1930 caput.
2741 1864 2820 1916 An
2849 1880 2977 1918 vero
3006 1878 3191 1920 contra
3240 1881 3393 1920 suum
3444 1874 3646 1920 ctutum
3689 1876 3846 1935 caput
3894 1868 4105 1931 dicant,

2538 1963 2715 2020 postea
2742 1954 3088 2024 inquiremus.
3123 1958 3187 2011 Et
3208 1957 3316 2026 jam
3351 1958 3562 2027 quidem
3590 1958 3865 2012 manifeste
3884 1959 4111 2011 demon-

2537 2052 2759 2097 stratum
2808 2056 2923 2112 est,
2978 2062 3098 2102 cum
3147 2049 3212 2103 de
3259 2051 3386 2103 viris
3423 2050 3753 2116 diceremus,
3802 2052 3939 2119 quod
4000 2068 4109 2103 non

2537 2136 2711 2189 solum
2738 2138 2827 2206 qui
2870 2138 3227 2203 maledicunt,
3256 2139 3348 2193 sed
3370 2150 3422 2195 et
3441 2142 3526 2209 qui
3550 2142 3853 2195 occasiones
3906 2154 4110 2197 temere

2538 2228 2779 2296 praebent
2824 2228 2875 2283 in
2926 2245 3083 2285 causa
3130 2247 3246 2299 qua:
3298 2232 3484 2301 agitur,
3534 2232 3609 2285 rei
3651 2242 3772 2285 sunt
3820 2234 4105 2302 supplicii:

2540 2329 2904 2374 verumtamen
2945 2322 3045 2375 hoc
3070 2322 3238 2392 ipsum
3268 2321 3442 2377 denuo
3466 2321 3964 2377 demonstrabimus.
3988 2324 4109 2378 iam

2537 2422 2713 2466 autem
2742 2413 2783 2465 si
2809 2420 2859 2466 te
2889 2428 3143 2483 rogavero
3162 2428 3371 2469 causam
3399 2412 3553 2483 hujus
3581 2414 3945 2478 contubernii,
3978 2431 4109 2468 num

2538 2501 2769 2569 aliquam
2794 2501 2974 2557 dicere
3004 2503 3191 2571 potes?
3218 2502 3426 2557 lnlirma
3452 2518 3566 2557 sum
3586 2543 3603 2569 ,
3648 2504 3854 2572 inquit,
3894 2506 4108 2570 mulier,

2540 2607 2711 2659 neque
2736 2594 2846 2646 sola
2867 2593 3017 2647 valeo
3041 2607 3161 2647 meo
3207 2594 3324 2647 usui
3351 2593 3611 2647 sufﬁcere.
3658 2594 3939 2649 Enimvero
3984 2611 4109 2650 cum

2543 2686 2657 2738 haec
2679 2684 3125 2738 eohahitatoribus
3152 2686 3342 2738 vestris
3364 2685 3638 2752 objicimus
3655 2726 3671 2749 ,
3700 2687 3767 2738 ab
3787 2686 3863 2738 eis
3888 2696 4108 2739 eontra-

2542 2776 2616 2829 ria
2649 2776 2891 2830 audimus
2914 2816 2931 2841 ,
2955 2790 3146 2843 nempe
3165 2776 3304 2844 quod
3336 2785 3551 2843 propter
3570 2790 3721 2828 suum
3754 2777 4107 2831 ministerium

2543 2881 2638 2919 vos
2667 2875 2895 2920 teneant.
2918 2867 3190 2932 Quomodo
3213 2867 3368 2935 igitur
3394 2882 3512 2935 qua:
3556 2882 3619 2920 ex
3645 2867 3928 2921 abundanti
3979 2871 4110 2923 viris

2543 2960 2702 3011 etiam
2727 2958 2913 3012 Solatia
2942 2972 3058 3011 esse
3099 2959 3352 3026 potestis,
3382 2958 3528 3011 vobis
3580 2958 3885 3012 mulieribus
3930 2960 4108 3012 subsi-

2544 3048 2632 3102 dio
2670 3063 2787 3102 esse
2828 3062 2930 3101 non
2957 3049 3204 3117 potestis,
3230 3047 3321 3101 sed
3354 3048 3467 3101 aliis
3496 3047 3774 3117 indigetis?
3793 3048 3921 3102 Nam
3969 3049 4110 3103 sicut

2546 3142 2625 3193 vir
2646 3142 2755 3192 viro
2774 3182 2789 3207 ,
2810 3139 2879 3193 ita
2908 3138 3095 3193 mulier
3116 3139 3325 3194 mulieri
3350 3139 3677 3194 commodius
3706 3149 3760 3194 et
3786 3140 3979 3194 rectius
4006 3141 4109 3193 uti-

2545 3246 2648 3299 que
2664 3230 2976 3284 cohabitarit
2995 3248 3008 3283 :
3030 3230 3238 3300 quando
3257 3240 3433 3285 autem
3451 3238 3504 3285 et
3527 3231 3650 3284 viris
3666 3230 3733 3284 ad
3758 3232 4109 3286 ministerium

2546 3323 2932 3377 commodiores
2968 3324 3095 3377 estis
3119 3323 3283 3377 multo
3314 3324 3480 3392 magis
3507 3322 3655 3376 vobis
3698 3322 3843 3391 ipsis.
3874 3323 3952 3376 Ad
3979 3324 4106 3390 quid

2545 3416 2719 3479 enim,
2751 3430 2965 3483 quaeso,
2996 3414 3290 3468 necessaria
3337 3424 3393 3468 et
3419 3414 3561 3467 utilis
3584 3414 3681 3467 viri
3731 3416 3989 3468 societas?
4015 3426 4109 3468 aut

2544 3509 2700 3577 quale
2749 3509 2835 3561 ille
2866 3508 3073 3562 mulieri
3102 3507 3367 3561 exhibebit
3396 3508 3743 3561 ministerium
3764 3550 3781 3571 ,
3808 3508 3944 3576 quod
4000 3526 4106 3560 non

2544 3599 2708 3669 poSsit
2731 3600 2933 3653 mulieri
2954 3599 3173 3654 mulier?
3191 3615 3312 3651 num
3340 3599 3493 3652 telam
3518 3608 3687 3652 tecum
3713 3609 3884 3654 texere
3902 3600 3977 3653 vel
4002 3609 4108 3652 tra-

2546 3705 2684 3743 mam
2708 3706 2833 3745 uere
2848 3707 2965 3744 cum
2988 3691 3213 3744 stamine
3230 3691 3316 3745 ille
3335 3690 3499 3759 magis
3520 3691 3709 3759 poterit
3725 3708 3873 3760 quant
3894 3694 4110 3746 mulier?

2546 3798 2611 3835 an
2643 3797 2745 3835 non
2771 3790 2953 3835 contra
2980 3796 3037 3834 se
3065 3796 3148 3834 res
3177 3780 3373 3834 habet?
3398 3779 3490 3834 llle
3515 3782 3655 3835 enim
3683 3783 3883 3835 etiamsi
3912 3783 4101 3847 vellet,

2545 3891 2654 3929 non
2685 3876 2863 3943 utique
2891 3875 3049 3928 sciret
3068 3915 3082 3937 ,
3113 3874 3209 3926 nisi
3237 3872 3370 3927 forte
3399 3888 3536 3927 nunc
3559 3873 3606 3927 id
3630 3873 3768 3942 ipsos
3788 3875 4101 3930 docueritis:

2547 3968 2740 4037 quippe
2769 3967 3003 4019 mulieris
3048 3965 3211 4019 solius
3259 3964 3360 4019 hoc
3394 3979 3526 4034 opus
3548 3973 3646 4019 est.
3668 3965 3768 4020 Sed
3797 3978 3993 4021 vestem
4025 3968 4102 4019 la-

2548 4076 2704 4122 vare,
2739 4060 2908 4128 ignem
2939 4058 3226 4112 accendere
3249 4099 3263 4123 ,
3294 4066 3346 4113 et
3368 4058 3524 4111 ollam
3543 4056 3901 4112 fervefacere?
3928 4058 4101 4112 Etiam

2551 4152 2665 4205 lure
2694 4165 2795 4203 non
2839 4149 3008 4200 utiuus
3029 4189 3044 4213 ,
3073 4147 3166 4201 sed
3197 4148 3383 4202 melius
3410 4164 3565 4217 quam
3587 4150 3665 4203 vir
3690 4150 3873 4203 mulier
3892 4151 4108 4204 efﬁcere

2551 4250 2741 4310 potest.
2790 4238 3067 4307 Quomodo
3116 4238 3270 4307 igitur
3314 4239 3453 4291 utilis
3494 4240 3594 4303 vir,
3643 4239 3727 4294 dic
3772 4240 3989 4309 quwso?
4038 4256 4107 4294 an

2552 4334 2760 4404 quando
2793 4332 3022 4386 vendere
3062 4340 3152 4383 aut
3180 4346 3357 4385 emere
3386 4334 3626 4401 oportet?
3655 4333 3760 4387 Sed
3808 4348 3976 4403 neque
4025 4332 4112 4386 hic

2550 4425 2737 4479 mulier
2779 4424 2917 4477 valet
2963 4423 3138 4475 minus
3184 4436 3339 4490 quam
3386 4424 3484 4489 vir,
3531 4433 3585 4478 et
3630 4424 3905 4479 testabitur
3930 4426 4113 4493 utique

2550 4517 2756 4581 forum,
2785 4525 2837 4570 et
2855 4529 3040 4568 onmes
3068 4521 3324 4583 quotquot
3360 4522 3666 4570 vestimenta
3693 4532 3869 4570 emere
3893 4517 4107 4581 volunt,

2552 4625 2579 4663 a
2605 4607 2912 4663 mulieribus
2942 4606 3249 4674 plerumque
3273 4616 3468 4661 emunt.
3486 4607 3635 4674 Quod
3656 4609 3699 4662 si
3724 4617 3873 4678 turpe
3895 4608 4113 4676 virgini-

2553 4703 2650 4755 hus
2681 4702 2729 4753 in
2764 4700 2876 4751 foro
2900 4708 3039 4751 stare
3071 4696 3120 4749 in
3150 4699 3480 4753 commerciis
3500 4740 3514 4764 ,
3548 4700 3681 4753 sicut
3720 4710 3773 4755 et
3813 4710 3962 4767 turpe
3989 4708 4108 4759 est.

2551 4805 2748 4862 quanto
2779 4790 2943 4858 magis
2980 4788 3279 4842 cohabitare
3323 4790 3437 4843 viro
3468 4791 3708 4859 turpius?
3743 4791 4112 4845 Verumtamen

2552 4894 2606 4939 et
2633 4884 2731 4935 hoc
2757 4882 2929 4933 minus
2956 4894 3109 4947 quam
3142 4880 3263 4933 illud
3282 4880 3509 4951 eﬁugere
3534 4891 3725 4952 potest.
3753 4882 3881 4936 Nam
3900 4880 4013 4934 hrcc
4032 4881 4113 4934 vel

2554 4974 2743 5043 puellm
2770 4987 2886 5041 quae
2911 4972 3190 5036 ministrat,
3210 4972 3291 5026 vel
3321 4975 3508 5027 vetulis
3533 4990 3653 5043 qua:
3678 4974 3743 5026 ad
3770 4974 3882 5025 lucc
3909 4970 4113 5024 idonea:

2554 5072 2695 5127 sunt,
2720 5061 2910 5115 rectius
2926 5060 3292 5115 commiserim:
3312 5064 3447 5117 unde
3469 5065 3637 5132 palam
3656 5073 3737 5117 est
3751 5062 3861 5115 haec
3886 5071 4116 5131 praetex-

2553 5164 2639 5208 tus
2659 5164 2709 5207 ct
2730 5150 2917 5219 eﬁ‘ugia
2937 5165 3053 5203 esse
3080 5164 3141 5205 ac
3170 5161 3464 5222 tegumenta
3494 5152 3829 5207 inﬁrmitatis.
3847 5151 4021 5218 Qualis
4039 5152 4119 5203 in-

2555 5244 2821 5297 ﬁrmitatis
2858 5242 3190 5295 velamenta?
3220 5246 3405 5313 inquit.
3432 5244 3561 5298 Nam
3607 5244 3652 5298 si
3693 5242 4115 5307 conettpiscerem

2555 5337 2725 5390 virum
2759 5344 2813 5388 et
2839 5334 3043 5401 nuptias
3091 5344 3144 5387 et
3186 5334 3235 5388 id
3269 5350 3435 5406 genus
3459 5336 3579 5388 vita:
3602 5376 3615 5397 ,
3638 5332 3756 5403 quis
3782 5332 4120 5400 prohiberet?

2556 5446 2729 5483 annon
2775 5425 2983 5479 adesset
3034 5424 3249 5480 libertas
3290 5437 3346 5481 ut
3388 5428 3486 5481 hoc
3512 5426 3773 5484 facerem,
3800 5436 3903 5489 quo
3948 5438 4119 5493 neque

2558 5520 2916 5576 offenderetur
2957 5517 3125 5581 Deus,
3157 5533 3326 5589 neque
3366 5518 3477 5588 ipsa
3506 5513 3893 5572 abliominihus
3934 5516 4119 5569 redar-

2559 5614 2784 5685 guercr?
2813 5611 3023 5667 Etenim
3071 5622 3124 5668 et
3161 5629 3259 5682 ego
3307 5612 3407 5666 hoc
3451 5609 3598 5668 dico,
3644 5614 3697 5659 et
3736 5621 3835 5661 non
3885 5617 3988 5662 tam
4032 5619 4120 5663 tua

2560 5720 2717 5776 quam
2771 5720 2885 5759 mea
2936 5715 3057 5759 sunt
3102 5706 3280 5758 verba.
3307 5704 3374 5755 At
3417 5711 3633 5751 necesse
3660 5695 3868 5762 dicere,
3898 5700 3981 5753 ubi
4025 5700 4118 5753 tibi

2560 5799 2659 5852 viri
2688 5814 2812 5853 usus
2843 5807 3114 5868 tantOpere
3154 5790 3516 5849 necessarius;
3544 5788 3625 5842 vel
3663 5804 3782 5845 cum
3826 5802 4123 5846 monstrare

2560 5907 2665 5946 non
2709 5892 2913 5963 possis,
2940 5890 3181 5960 ejiciatur
3206 5886 3249 5936 is
3283 5880 3370 5948 qui
3402 5879 3537 5934 male
3577 5880 3869 5936 cohabitat:
3898 5899 4016 5936 nam
4054 5883 4121 5933 ali

2562 5982 2659 6039 hac
2689 5982 3003 6042 contumelia
3041 5972 3239 6033 absolvi
3276 5972 3427 6026 aliter
3454 5987 3556 6027 non
3598 5983 3765 6045 potes.
3804 5974 3925 6028 lla-c
3978 5990 4122 6027 etntn
