4392 6684
829 577 925 632 εει

829 695 1028 764 ἑτέρως
1056 689 1164 759 γάρ
1192 704 1247 740 σε
1288 685 1664 757 ἀπαλλαγῆναι
1692 686 1792 758 τῆς
1823 683 2033 756 ὑϐρεως
2071 684 2276 754 ταύτης
2309 685 2408 736 οὐκ

829 783 930 832 ἔνι·
972 773 1144 828 ταῦτα
1189 772 1320 840 γάρ,
1362 768 1506 840 άπερ
1538 768 1698 841 ἔφης,
1733 770 1854 840 οὐχὶ
1889 768 1958 821 σά
1994 766 2194 839 μᾶλλον
2234 766 2267 837 ἦ
2301 767 2410 819 τῶν

831 861 971 928 ὑπὲρ
997 856 1097 925 τῆς
1129 855 1228 924 σῆς
1268 854 1656 926 ἀσχημοσύνης
1694 853 2004 921 ἀλγούντων
2049 851 2220 903 ἐστίν.
2261 850 2409 903 Ἔδει

838 945 936 1016 μὲν
977 937 1090 1006 οὖν,
1138 943 1188 993 εί
1216 940 1310 993 καὶ
1355 942 1613 1011 μυριάκις
1658 942 1929 1010 χρήσιμος
1967 934 2035 1008 ἦν
2088 939 2116 1007 ἡ
2168 936 2412 991 διακονία

831 1027 1076 1098 τάνδρὸς,
1136 1027 1258 1098 μηδ’
1298 1025 1471 1088 οὑτως
1516 1025 1686 1094 αὐτὴν
1745 1023 1883 1094 μετά
1927 1022 2197 1092 τοσαύτης
2244 1039 2414 1092 προσ-

837 1113 1014 1167 ίεσθαι
1061 1111 1162 1181 τῆς
1207 1108 1487 1178 λοιδορίας·
1551 1109 1678 1160 ὅταν
1733 1107 1841 1178 γὰρ
1890 1111 1924 1178 ἡ
1957 1107 2050 1160 τοῦ
2088 1107 2224 1159 Θεοῦ
2260 1106 2414 1175 ὑϐρί-

834 1199 998 1269 ζηται
1045 1194 1192 1260 δόξα,
1251 1191 1491 1262 μηδεμία
1539 1190 1712 1256 οὑτως
1758 1191 1898 1244 ἔστω
1938 1192 2212 1262 πρόφασις
2245 1193 2414 1257 ἀναγ-

834 1283 988 1344 καία,
1031 1279 1106 1342 ὡς
1147 1278 1334 1330 πεῖσαι
1363 1274 1616 1328 τοσοῦτον
1645 1277 1813 1330 κακὸν
1850 1278 2121 1347 παριδεῖν.
2165 1279 2275 1330 Καὶ
2306 1276 2412 1346 γάρ

836 1367 885 1415 εἰ
927 1362 1185 1434 μυριάκις
1219 1359 1509 1413 ἀποθανεῖν
1542 1361 1640 1431 τῆς
1667 1362 1880 1432 ἡμέρας
1923 1361 2062 1431 ὑπὲρ
2097 1361 2190 1413 τοῦ
2223 1365 2295 1432 μὴ
2323 1377 2416 1427 γε-

837 1447 1022 1502 νέσθαι
1050 1445 1208 1499 τοῦτο
1236 1441 1547 1515 προῦκειτο,
1584 1445 1722 1515 μετά
1755 1444 1956 1513 πολλῆς
1991 1443 2141 1515 1956]
2185 1445 2289 1496 ἔδει
2318 1443 2416 1512 τῆς

834 1531 1030 1603 ἡδονῆς
1051 1531 1341 1597 ὑπομεῖναι
1366 1526 1545 1592 τοῦτο,
1582 1530 1710 1599 μήτι
1744 1544 1808 1596 γε
1843 1527 2205 1590 ἀναπαύσεως
2232 1527 2416 1579 ’ένεκεν

835 1616 932 1668 καὶ
968 1611 1240 1680 κοσμικῆς
1285 1610 1474 1682 χρείας
1511 1612 1761 1663 τοσοῦτον
1805 1611 2183 1683 παραδραμεῖν
2225 1609 2413 1664 κακόν.

841 1703 1104 1754 Ἀκουσον
1135 1696 1267 1765 γοῦν
1298 1695 1416 1759 πῶς
1447 1696 1578 1748 αὐτὸ
1601 1694 1836 1747 δέδοικεν
1867 1695 1896 1746 ό
1931 1694 2143 1757 Παῦλος
2172 1696 2265 1746 καὶ
2296 1695 2421 1764 τρέ-

841 1800 954 1854 μει,
984 1782 1080 1835 καὶ
1112 1781 1171 1845 ἐξ
1206 1781 1339 1850 ὅσης
1379 1781 1478 1848 τῆς
1511 1778 1854 1848 περιουσίας.
1904 1778 2106 1831 Καλὸν
2152 1779 2260 1848 γάρ
2293 1794 2415 1846 μοι,

837 1867 1021 1938 φησὶν,
1044 1861 1390 1922 ἀποθανεῖν,
1409 1861 1446 1928 ἣ
1471 1861 1536 1914 τὸ
1559 1860 1839 1929 καύχημά
1859 1878 1978 1928 μου
2008 1861 2109 1912 ἵνα
2132 1877 2221 1925 τις
2251 1861 2422 1913 κενώ-

835 1966 939 2017 an.
971 1943 1104 2000 Εἶτα
1137 1948 1341 2007 ἐκεῖνος
1373 1945 1491 2015 μὲν,
1522 1945 1610 1997 ἵνα
1655 1944 1729 2014 μὴ
1761 1942 1970 2010 κενωθῇ
2002 1941 2164 1994 αὑτοῦ
2195 1942 2256 1993 τὸ
2285 1942 2419 1993 καύ-

837 2049 1012 2104 χημα,
1049 2029 1338 2083 ἀποθανεῖν
1370 2028 1571 2080 εἵλετο*
1606 2029 1767 2097 ἡμεῖς
1806 2026 1863 2077 δὲ
1912 2025 1999 2077 ἵνα
2031 2023 2302 2077 σκάνδαλα
2329 2026 2422 2077 ἀν-

838 2117 1068 2186 έλωμεν,
1096 2111 1217 2165 οὐδὲ
1275 2113 1473 2180 μικρᾶς
1518 2107 1970 2181 καταφρονοῦμεν
2019 2107 2294 2173 ἀνέσεως;
2329 2109 2423 2161 καὶ

837 2198 958 2262 πῶς
1009 2195 1350 2267 δυνησόμεθα
1407 2192 1644 2264 σωθῆναί
1696 2207 1857 2256 ποτε;
1918 2191 2112 2244 Καίτοι
2160 2191 2262 2244 οὐκ
2311 2192 2423 2245 ἴσον

838 2283 1007 2343 ἐστὶν,
1034 2280 1155 2334 οὐδὲ
1183 2279 1327 2332 κατὰ
1359 2276 1552 2348 μικρὸν
1581 2275 1769 2344 ὲγγὺς,
1796 2273 2072 2345 ὲγκωμίου
2105 2291 2165 2327 τε
2193 2275 2424 2328 ἀποστε-

843 2365 1074 2436 ρηθῆναι
1101 2362 1194 2414 καὶ
1215 2361 1521 2431 κατηγορία
1551 2361 1886 2429 περιπεσεῖν.
1907 2358 2144 2420 Ἐκεῖνος
2170 2359 2267 2428 μὲν
2290 2357 2419 2429 γὰρ,

840 2451 889 2502 εἰ
937 2449 1032 2501 καὶ
1063 2447 1221 2500 τοῦτο
1245 2445 1482 2512 ἐγένετο,
1511 2443 1611 2495 οὐκ
1645 2443 1710 2496 ἂν
1753 2440 2130 2513 προσέκρουσε
2165 2441 2243 2512 τῷ
2267 2441 2385 2512 Θεῷ
2407 2458 2420 2470 ο

842 2532 1003 2595 αὐτὸς
1037 2530 1146 2603 γὰρ
1167 2527 1317 2598 αὑτῷ
1351 2526 1683 2598 προσέταξεν
1707 2527 1771 2578 ἐκ
1803 2525 1896 2578 τοῦ
1927 2523 2259 2592 Εὑαγγελίου
2289 2525 2417 2595 ζῆν’

842 2616 954 2669 αλλ’
981 2617 1129 2686 ὅμως
1161 2616 1348 2685 ᾑρεῖτο
1384 2611 1582 2680 μᾶλλον
1613 2609 1903 2663 ἀποθανεῖν
1938 2610 1970 2679 ἢ
2006 2609 2066 2662 τὸ
2095 2609 2425 2681 κατόρθωμα

843 2700 1132 2772 προδοῦναι
1156 2716 1171 2729 ·
1221 2699 1384 2768 ἡμεῖς
1432 2695 1490 2748 δὲ
1535 2693 1604 2746 τὰ
1651 2693 2102 2764 προστεταγμένα
2145 2694 2422 2763 πανταχοῦ

843 2784 1218 2855 ταράττοντες,
1270 2780 1362 2832 καὶ
1403 2778 1606 2840 εἰδότες
1631 2777 1714 2829 ὅτι
1749 2777 2013 2846 μεγίστην
2054 2777 2192 2849 ὑπὲρ
2220 2777 2425 2830 τούτων

843 2868 1064 2937 τίσομεν
1090 2866 1269 2935 δίκην,
1300 2862 1422 2915 οὐδὲ
1457 2859 1747 2932 συνηθείας
1784 2861 2014 2930 ἀκαίρου
2072 2863 2166 2915 καλ¹
2212 2862 2426 2932 ψυχρᾶς

846 2949 1116 3020 ὑπεριδεῖν
1148 2945 1485 3017 ἀνεχόμεθα;
1521 2945 1614 2996 καὶ
1643 2943 1726 3005 τίς
1748 2943 1879 3012 ἡμῖν
1907 2943 2059 2996 ἔσται
2097 2943 2422 3015 συγγνώμη;

850 3033 998 3086 Ἔδει
1029 3032 1125 3101 μὲν
1155 3026 1267 3087 οὑν.
1304 3029 1440 3098 ὅπερ
1476 3026 1646 3095 ἔφθην
1675 3022 1870 3089 εἰπὼν,
1905 3028 1954 3079 εί
1984 3027 2079 3080 καὶ
2110 3027 2279 3098 ἄνδρα
2326 3029 2424 3097 μό-

847 3136 936 3171 νον
961 3116 1015 3167 αἱ
1043 3113 1235 3167 πολλαὶ
1258 3111 1365 3165 τῶν
1392 3111 1591 3182 χρειῶν
1616 3108 1936 3180 ἐπεζήτουν,
1961 3109 2196 3182 τοσαύτη
2230 3111 2286 3163 δὲ
2320 3111 2426 3163 ἀπὸ

847 3200 942 3252 τοῦ
973 3198 1293 3270 πράγματος
1327 3196 1568 3248 ἐτίκτετο
1596 3192 1773 3263 ῦϐρις,
1807 3193 2023 3246 ἑλέσθαι
2058 3192 2259 3263 μᾶλλον
2292 3194 2428 3246 ἀπο-

847 3287 1047 3347 θανεῖν,
1075 3281 1108 3352 ἢ
1133 3280 1290 3334 τοῦτο
1326 3278 1616 3348 γενόμενον
1658 3276 1918 3346 περιιδεῖν
1936 3291 1952 3305 ·
1979 3277 2108 3330 ὅταν
2135 3276 2191 3329 δὲ
2219 3277 2314 3330 καὶ
2341 3276 2429 3328 διά

847 3365 1103 3434 γυναικὸς
1128 3361 1488 3433 εὐκολώτερον
1575 3360 1669 3412 καὶ
1697 3361 1895 3430 ῥᾷστον
1921 3360 2098 3414 πάντα
2121 3359 2324 3424 ἀνύειν,
2347 3359 2429 3421 τίς

849 3453 978 3523 ὑμῖν
1005 3450 1153 3502 ἔσται
1174 3445 1472 3516 συγγνώμη
1494 3444 1896 3514 θρυπτομέναις
1924 3442 2087 3505 οὑτω,
2111 3443 2207 3496 καὶ
2231 3445 2312 3506 είς
2331 3441 2429 3512 τὴν

847 3533 1119 3605 ὑμετέραν
1151 3527 1557 3600 ὲνυϐριζούσαις
1585 3525 1891 3597 σωτηρίαν;
1921 3526 2056 3578 Εἰπὲ
2079 3527 2143 3597 δὴ
2175 3527 2430 3596 μοι,δταν

850 3635 932 3670 σοι
984 3615 1154 3670 ταῦτα
1202 3615 1407 3676 ἐκεῖνος
1444 3611 1674 3684 παρέχῃ,
1735 3610 1793 3663 οὑ
1841 3609 2137 3681 παρέξεις·
2167 3611 2289 3663 τινὰ
2337 3611 2431 3664 καὶ

850 3701 989 3774 αὐτὴ
1030 3699 1304 3754 διακονίαν
1350 3693 1532 3766 αὐτῷ;
1569 3694 1737 3748 Παντί
1772 3711 1878 3747 που
1910 3693 2088 3763 δῆλον.
2127 3693 2239 3747 Καὶ
2281 3693 2432 3763 πόσῳ

853 3781 1060 3856 βέλτιον
1086 3785 1222 3853 μήτε
1244 3779 1566 3835 ἀντιδιδόναι
1589 3779 1659 3832 τὰ
1681 3777 1925 3841 τοιαῦτα,
1946 3780 2081 3848 μήτε
2103 3777 2434 3848 ἀντιλαμϐά-

851 3885 984 3930 νειν,
1013 3865 1149 3920 ἀλλὰ
1175 3865 1264 3918 τὸν
1290 3863 1480 3934 καιρὸν
1500 3861 1611 3916 τῶν
1637 3861 1835 3923 πόνων,
1862 3861 1922 3914 ὃν
1951 3861 2031 3924 εἰς
2059 3859 2154 3930 τὴν
2188 3861 2434 3915 ἀνάπαυ-

859 3969 942 4004 σιν
976 3949 1286 4011 ἀναλίσκεις
1319 3946 1551 4010 ὲκείνου,
1577 3945 1766 3998 τοῦτον
1792 3946 1871 4006 είς
1895 3943 1992 4014 τὴν
2023 3944 2224 4014 σαυτῆς
2257 3944 2433 3998 δαπα-

856 4036 974 4106 νᾷν,
1005 4033 1038 4103 ἢ
1063 4031 1416 4104 χαλεπώτερα
1454 4030 1792 4100 πονουμένην
1819 4029 1898 4082 ἔτι
1931 4030 2025 4082 καὶ
2053 4029 2435 4100 καταισχύνειν

855 4118 1050 4188 ἑαυτῆς
1078 4116 1176 4187 τὴν
1213 4115 1515 4185 ὑπόληψιν;
1557 4115 1696 4166 Ἀλλ’
1718 4114 1974 4184 οὐδεμίαν
2003 4112 2152 4183 αὐτῷ
2174 4113 2435 4183 παρέχεις

857 4201 1150 4253 διακονίαν.
1223 4199 1434 4252 Οὐκοῦν
1497 4198 1659 4250 αὐτὸν
1712 4197 1859 4266 αὑτῷ
1912 4197 2089 4250 πάντα
2146 4197 2436 4267 ὑπηρετεῖν

856 4285 1091 4355 ἀνάγκη,
1107 4284 1200 4336 καὶ
1224 4281 1575 4354 στρωννύναι,
1597 4282 1689 4334 καί
1709 4281 1875 4349 έψεῖν,
1895 4280 2116 4352 καὶπῦρ
2135 4280 2435 4343 ἀνακαίειν,

858 4371 952 4422 καὶ
979 4369 1047 4422 τά
1073 4367 1208 4422 ἄλλα
1234 4368 1299 4438 δὴ
1323 4366 1394 4419 τὰ
1428 4365 1654 4420 τοιαῦτα
1689 4368 1882 4418 ποιεῖν.
1916 4364 2103 4418 Ταῦτα
2137 4365 2195 4418 δὲ
2235 4363 2346 4417 οὐδ’
2371 4364 2438 4416 ἂν

859 4452 1076 4523 οἰκέτης
1105 4453 1391 4522 ἀνάσχοιτο
1424 4451 1588 4520 μηδὲν
1623 4449 1772 4521 παρά
1793 4448 1886 4502 τοῦ
1907 4448 2166 4502 δεσπότου
2196 4446 2439 4519 καρπού-

864 4552 1027 4604 μενος
1075 4535 1384 4605 ὑπηρετεῖν.
1404 4533 1541 4586 ’Λλλ’
1573 4527 1727 4596 οὗτος
1763 4533 2014 4602 ἀνέχεται
2054 4533 2252 4592 πάντα,
2281 4531 2434 4601 φησὶ,

860 4619 949 4673 διὰ
981 4620 1071 4673 τὸν
1107 4619 1201 4671 τοῦ
1235 4616 1370 4671 Θεοῦ
1424 4618 1607 4686 φόϐον,
1639 4618 1734 4671 καὶ
1776 4619 1867 4668 τὸν
1909 4617 2264 4686 ἀποκείμενον
2297 4614 2438 4685 ὑπὲρ

861 4707 958 4776 τῆς
987 4703 1260 4767 διακονίας
1288 4701 1494 4773 ταύτης
1519 4701 1726 4772 μισθὸν,
1756 4701 1850 4752 καὶ
1871 4700 2028 4770 χάριν
2052 4698 2255 4750 εἴσεται
2273 4699 2300 4737 b
2323 4699 2440 4749 ἐπι-

865 4788 1217 4859 ταττόμενος,
1250 4786 1386 4858 πρὸς
1419 4786 1479 4839 τὸ
1510 4786 1674 4856 μηδὲν
1706 4781 2047 4852 καρποῦσθαι
2096 4782 2224 4852 παρ’
2258 4781 2438 4851 ἡμῶν.

865 4871 1038 4925 Πόθεν
1081 4867 1174 4923 οὖν
1216 4870 1401 4923 λοιπὸν
1441 4869 1793 4940 ὲμφράξομεν
1819 4867 1886 4920 τά
1919 4866 2025 4920 τῶν
2071 4865 2443 4936 ἀναισχύντων

871 4955 1147 5024 στόματα;
1189 4954 1252 5006 Εἰ
1295 4954 1401 5024 γάρ
1443 4954 1712 5024 τοσαύτην
1758 4951 1906 5021 αὐτῷ
1949 4953 2242 5021 μαρτυρεῖς
2288 4947 2444 5001 εὐλά-

873 5040 1043 5104 (λειαν,
1066 5038 1160 5091 καὶ
1184 5036 1324 5090 οὑτω
1351 5038 1540 5108 τρέμει
1567 5039 1659 5090 καὶ
1681 5037 1884 5090 δέδοικε
1904 5035 1994 5087 τοῦ
2020 5034 2152 5086 Θεοῦ
2175 5033 2244 5087 τὰ
2273 5049 2444 5106 προσ-

867 5122 1140 5192 τάγματα,
1159 5121 1234 5184 ώς
1260 5121 1591 5188 ἀνδραπόδου
1623 5120 1821 5181 παντὸς
1853 5118 2224 5187 εὐτελέστερον
2253 5117 2442 5170 ἑαυτὸν

867 5205 1121 5276 καθορᾷν,
1150 5206 1243 5258 καὶ
1276 5204 1450 5258 πάντα
1477 5202 1802 5273 ὑφίστασθαι
1857 5201 2020 5272 μηδὲν
2065 5201 2444 5271 καρπούμενον

869 5288 1020 5358 παρὰ
1047 5287 1161 5351 σοῦ,
1188 5288 1294 5359 πρὸ
1322 5287 1537 5341 πάντων
1578 5286 1784 5339 τούτων
1828 5285 1927 5354 τῆς
1975 5284 2134 5352 δόξης
2163 5285 2320 5336 αὑτὸν
2353 5286 2444 5338 καὶ

867 5371 968 5440 τῆς
1007 5371 1280 5442 εὐφημίας
1323 5371 1429 5423 ἔδει
1463 5371 1744 5442 φροντίσαι
1771 5368 1865 5421 τοῦ
1895 5366 2029 5420 Θεοῦ
2054 5385 2066 5396 ·
2111 5367 2206 5419 νῦν
2251 5367 2307 5419 δὲ
2345 5369 2445 5420 οὐκ

869 5455 952 5507 ἑτι
995 5454 1097 5522 τῆς
1137 5455 1308 5525 αὐτῆς
1333 5453 1511 5525 ψυχῆς
1543 5453 1675 5524 ὁμοῦ
1709 5448 1813 5506 καῖ’
1837 5451 1979 5506 κατά
2008 5451 2103 5503 τὸν
2126 5451 2289 5503 αὑτὸν
2321 5451 2446 5522 χρό-

866 5556 957 5592 νον
989 5537 1254 5608 τοσαύτην
1285 5537 1456 5591 πειθώ
1489 5555 1549 5591 τε
1578 5538 1674 5591 καὶ
1712 5535 2016 5606 ὑπεροψίαν
2042 5533 2445 5588 ἐπιδείκνυσθαι

867 5621 999 5693 περὶ
1045 5621 1115 5675 τά
1161 5622 1556 5692 προστάγματα
1597 5620 1690 5674 τοῦ
1726 5620 1885 5676 Θεοῦ.
1927 5619 2020 5673 καὶ⁵
2051 5618 2146 5673 νῦν
2180 5618 2277 5688 μὲν
2305 5619 2448 5674 αὐτά

865 5706 1110 5776 τρέμειν,
1133 5703 1226 5758 νῦν
1251 5704 1307 5756 δὲ
1335 5705 1539 5775 μηδένα
1558 5704 1713 5772 λόγον
1738 5703 2004 5756 ποιεῖσθαι
2027 5701 2192 5756 αὐτοῦ
2212 5703 2304 5756 τοῦ
2327 5703 2446 5756 θέν-

866 5805 959 5852 τος
985 5789 1112 5852 τοὺς
1142 5788 1338 5858 νόμους
1374 5787 1748 5858 ὑϐριζομένου.
1772 5787 1844 5840 Τὸ
1879 5786 1977 5856 μὲν
1997 5785 2107 5856 γὰρ
2136 5785 2328 5856 ἡδονῆς
2350 5804 2448 5841 κα-

870 5871 1188 5944 θαρεύοντα,
1210 5873 1305 5926 καὶ
1338 5871 1502 5942 μηδὲν
1530 5871 1669 5935 ὅλως
1697 5870 2033 5943 ἀνθρώπινον
2055 5868 2329 5940 πάσχοντα
2352 5871 2446 5923 κό-

938 6062 1138 6134 {$137.11.
1160 6064 1386 6126 παρέξεις,
1408 6060 1591 6124 absque
1616 6062 1876 6124 negatione
1903 6059 1977 6121 οὐ,
2005 6061 2092 6108 sed
2118 6063 2290 6110 eodem
2317 6056 2444 6107 redit

872 6131 1135 6178 sententia.

939 6188 969 6228 ἃ
990 6186 1136 6238 deil.
1159 6183 1294 6248 χάριν
1312 6185 1554 6241 ἡγήσεταο.

1427 569 1483 625 S.
1522 567 1808 624 JOANNIS
1842 564 2335 623 CIIRYSOSTOMI
2374 564 2692 622 ARCIHEP.
2734 567 3280 625 CONSTANTINOP.

4008 573 4114 607 ινιτ.)

4003 611 4115 630 ..με

2517 682 2765 746 πτεσθαι,
2795 687 2888 738 καὶ
2910 687 3396 759 ταλαιπωρεῖσθαι,
3426 687 3518 738 καὶ
3554 687 3846 740 ταπεινοῦν
3879 688 4115 756 ἑαυτὸν,

2515 769 2608 822 καὶ
2635 770 2746 831 τοῖς
2771 767 2993 830 οίκείοις
3012 771 3234 841 μόχθοις
3255 772 3460 842 ἑτέροις
3488 770 3936 839 παρασκευάζειν
3971 774 4113 826 ἀνά-

2515 869 2734 915 παυσιν,
2769 852 3058 921 φιλοσόφου
3090 856 3293 925 σφόδρα
3310 855 3486 926 ψυχῆς
3527 857 3620 906 καὶ
3668 855 4064 924 ἐπτερωμένης
4091 870 4111 883 ⁸

2511 937 2574 990 τὸ
2606 937 2660 989 δὲ
2689 936 2763 1008 μὴ
2792 936 3032 1008 ὑϐρίζειν
3057 939 3136 1000 εἰς
3162 941 3261 1008 τὴν
3283 939 3376 994 τοῦ
3399 941 3532 994 Θεοῦ
3563 940 3738 1006 δόξαν,
3765 939 3897 1009 μηδὲ
3923 940 4115 992 ταῦτα

2514 1023 2710 1084 ποιεῖν,
2750 1021 2818 1072 δι’
2847 1016 2922 1074 ὧν
2961 1020 3025 1072 ἂν
3049 1019 3469 1095 βλασφημηθείη
3503 1023 3651 1096 [257‘]
3682 1024 3831 1093 παρα
3861 1023 4110 1083 πολλῶν,

2514 1105 2608 1156 καὶ
2649 1105 2756 1157 τῶν
2801 1107 2860 1158 οὐ
2895 1105 3097 1174 σφόδρα
3145 1107 3395 1174 μεγάλων
3441 1110 3628 1162 πολλοὶ
3675 1105 4110 1179 κατωρθώκασι.

2515 1187 2639 1250 Πῶς
2672 1185 2764 1241 οὖν
2800 1206 2882 1242 σοι
2922 1189 3298 1258 πιστεύσομεν,
3323 1190 3406 1242 δτι
3426 1192 3586 1245 τοῦτο
3612 1193 3702 1246 διὰ
3730 1193 3819 1246 τὸν
3845 1192 3984 1244 Θεὸν
4010 1192 4116 1242 καὶ

2514 1270 2607 1324 τὸν
2644 1273 2746 1343 τῆς
2779 1275 3063 1345 ἀσκήσεως
3091 1273 3241 1327 τόνον
3278 1277 3471 1336 ποιεῖς,
3501 1275 3530 1326 ὃ
3567 1277 3807 1344 μεγάλης
3840 1278 3936 1329 καὶ
3972 1293 4114 1328 νεα-

2516 1355 2675 1424 νικῆς
2701 1357 2870 1410 δεῖται
2898 1358 3097 1428 ψυχῆς,
3123 1357 3251 1410 ὅταν
3279 1357 3478 1419 ἐκεῖνο,
3507 1356 3646 1426 ὅπερ
3679 1360 3958 1422 ἐλάττονός
3985 1363 4114 1411 ἐστι

2518 1438 2612 1490 καὶ
2659 1440 2758 1510 τῆς
2801 1441 3090 1511 τυχούσης,
3120 1441 3398 1511 ὑπερορᾷν
3437 1439 3538 1492 οὑκ
3567 1439 3772 1511 ἀνέχῃ;
3813 1444 3934 1495 Οὐδ’
3965 1445 4114 1494 ἀποο

2519 1526 2710 1592 στῆναι
2755 1524 2958 1577 τούτων
3003 1525 3227 1588 ἐθέλεις,
3257 1525 3316 1588 ἐξ
3349 1517 3422 1577 ὧν
3456 1525 3484 1576 6
3507 1522 3641 1584 Θεὸς
3674 1523 3976 1593 ὑϐρίζεται,
4010 1528 4116 1577 καὶ

2516 1607 2578 1656 τὸ
2613 1605 2772 1676 σῶμα
2805 1609 2899 1660 καὶ
2929 1609 3105 1662 πάντα
3138 1607 3400 1678 προδίδως
3435 1607 3574 1676 ὑπὲρ
3607 1604 3712 1657 τῶν
3755 1606 3830 1676 μὴ
3881 1607 4116 1658 δοκούν-

2517 1706 2626 1741 των
2646 1701 2668 1727 ο
2705 1692 2888 1762 αὑτῷ;
2917 1694 3026 1745 Καὶ
3049 1693 3134 1755 τίς
3171 1693 3236 1744 ἂν
3261 1691 3433 1744 ταῦτα
3460 1689 3744 1760 πεισθῆναι
3771 1689 4069 1752 ἀνάσχοιτο
4096 1705 4113 1750 ;

2533 1773 2693 1827 Ἀλλά
2714 1776 2822 1848 γάρ
2849 1780 2948 1831 οὐκ
2973 1772 3090 1831 οἶδα
3112 1777 3230 1834 πῶς
3247 1776 3352 1828 ἀπὸ
3379 1775 3486 1827 τῶν
3516 1773 3798 1844 παρθένων
3819 1773 3958 1843 πρὸς
3978 1773 4118 1832 τοὺς

2519 1859 2902 1923 συνοικοῦντας
2936 1861 3122 1924 αὐταῖς
3149 1858 3340 1927 ἐξέϐην
3359 1876 3373 1888 ο
3409 1857 3490 1910 διὸ
3507 1857 3571 1928 δὴ
3596 1857 3755 1909 πάλιν
3778 1859 3911 1926 πρὸς
3933 1854 4117 1916 αὐτάς

2521 1941 2803 1995 ἐπανιτέον
2835 1945 2986 2014 ἡμῖν.

2589 2114 2650 2162 ε’.
2688 2107 2858 2163 Πόθεν
2876 2106 2969 2164 οῦν
2996 2111 3120 2176 τοῦς
3140 2111 3310 2164 ταῦτα
3337 2109 3773 2182 κατηγοροῦντας
3794 2109 3890 2162 καὶ
3913 2108 4118 2163 συλλο-

2520 2192 2838 2261 γιζομένους
2865 2197 3026 2264 ἡμεῖς
3052 2194 3392 2266 δυνησόμεθα
3421 2199 3605 2248 πεῖσαι
3629 2210 3645 2257 ;
3691 2195 3797 2247 Καὶ
3821 2194 3894 2264 μὴ
3916 2193 4120 2246 πειθὲ-

2524 2273 2760 2336 σθωσαν,
2793 2277 2946 2348 φησί.
2981 2279 3090 2331 Καὶ
3114 2277 3216 2330 ποῦ
3240 2277 3398 2331 τοῦτο
3432 2277 3613 2347 ψυχῆς
3656 2277 3952 2342 εὐλαϐοῦς;
3984 2275 4118 2329 Τῶν

2521 2357 2632 2428 γάρ
2679 2359 2866 2423 κακῶς
2918 2359 3186 2428 λεγόντων
3229 2361 3350 2414 τότε
3400 2360 3505 2430 χρὴ
3553 2363 3934 2432 καταφρονεῖν,
3975 2361 4118 2413 ὅταν

2523 2441 2685 2510 ἡμεῖς
2709 2443 2893 2506 αὐτοῖς
2927 2445 3001 2515 μὴ
3032 2444 3358 2516 παρέχωμεν
3386 2444 3556 2507 λαϐάς
3580 2460 3592 2471 ·
3630 2445 3828 2514 μᾶλλον
3878 2443 3937 2497 δὲ
3982 2444 4118 2497 οὐδὲ

2522 2525 2665 2589 τότε,
2701 2526 2920 2580 ἐπειδάν
2961 2526 3246 2597 δυνώμεθα
3294 2528 3666 2598 ἐπιστομίζειν
3701 2527 3932 2591 αὐτούς·
3975 2528 4121 2580 ὅταν

2522 2608 2580 2662 δὲ
2610 2609 2671 2674 ἐξ
2699 2610 2856 2680 ἡμῶν
2883 2610 3101 2681 γίνηται
3133 2612 3195 2664 τὺ
3223 2613 3349 2677 πᾶν,
3379 2613 3471 2665 ἐπὶ
3507 2612 3607 2682 τὴν
3644 2613 3915 2682 ἡμετέραν
3948 2613 4119 2680 στρέο

2527 2710 2687 2763 φεται
2712 2693 2954 2764 κεφαλὴν
2981 2694 3128 2748 ἅπαν
3152 2694 3213 2746 τὸ
3253 2693 3384 2765 πῦρ.
3413 2695 3576 2746 Οὕτω
3600 2695 3707 2761 γὰρ
3739 2693 4118 2762 ἁμαρτάνοι·-

2524 2794 2646 2844 τες,
2671 2779 2856 2849 φησὶν,
2891 2780 2977 2843 είς
3006 2779 3147 2844 τοὺς
3174 2777 3496 2845 ἀδελφοὺς,
3527 2777 3627 2830 καὶ
3656 2779 3982 2842 τύπτοντες
4000 2780 4120 2830 αὑ-

2525 2860 2646 2915 τῶν
2691 2861 2807 2928 τὴν
2849 2862 3213 2926 συνείδησιν
3249 2859 3657 2927 ἀσθενοῦσαν,
3710 2863 3798 2926 είς
3846 2863 4121 2928 Χριστίν

2525 2944 2906 3013 ἁμαρτάνετε.
2939 2943 3090 3015 ’ᾙδει
3116 2943 3244 3015 γὰρ,
3276 2944 3392 3014 ᾔδει
3443 2943 3651 3014 σαφῶς,
3683 2945 3766 2996 δτι
3811 2945 3910 3000 οὐκ
3945 2945 4120 3014 ἀρκεῖ

2526 3028 2663 3100 πρὸς
2695 3028 2990 3096 ἀπολογίαν
3022 3030 3152 3098 ἡμῖν
3199 3029 3233 3098 ὴ
3277 3027 3384 3081 τῶν
3414 3027 3802 3100 πληττομένων
3826 3029 4115 3090 ἀσθένεια,

2526 3111 2639 3163 ἀλλ’
2669 3111 2801 3165 αὐτὸ
2835 3111 2934 3181 μὲν
2965 3107 3057 3164 οῦν
3083 3111 3239 3164 τοῦτο
3263 3113 3358 3164 καὶ
3393 3112 3628 3182 μάλιστά
3656 3113 3772 3165 ἐστι
3801 3112 3860 3166 τὸ
3885 3113 4118 3165 καταδι-

2528 3193 2692 3258 κάοζον
2717 3196 3040 3265 ἡμᾶς.”οσῳ
3059 3194 3168 3265 γὰρ
3195 3194 3261 3248 ἂν
3290 3193 3684 3266 καθαρεύωμεν
3710 3196 3808 3265 τῆς
3839 3194 4118 3266 πληττοὺ-

2530 3296 2628 3350 σης
2658 3281 2857 3343 αἰτίας,
2888 3278 3124 3349 τοσούτῳ
3155 3278 3348 3332 δίκαιοι
3389 3279 3586 3350 μᾶλλον
3619 3279 3684 3333 ἂν
3708 3279 3898 3349 εἴημεν
3927 3279 4118 3348 φείδε-

2530 3362 2652 3416 σθαι
2678 3362 2776 3433 τῆς
2804 3361 3085 3426 ἀσθενείας
3117 3363 3294 3416 αὐτῶν
3312 3361 3362 3416 δ.
3389 3363 3497 3416 Καὶ
3533 3361 3686 3417 οὔπω
3712 3362 3875 3430 λέγω,
3904 3363 3991 3416 ὃτι
4019 3366 4118 3416 ὲν-

2527 3445 2702 3498 ταῦθα
2730 3445 2849 3498 οὐδὲ
2879 3445 3183 3509 ἀπεικότως
3211 3445 3557 3516 πλήττονται,
3581 3445 3718 3499 ἀλλά
3749 3445 3951 3499 κείσθω
3976 3446 4116 3499 ἀλό-

2527 3545 2639 3597 γως
2665 3529 2863 3592 αὐτοὺς
2892 3529 3182 3598 ὑπομένειν
3213 3529 3400 3582 τοῦτο·
3439 3530 3560 3582 οὐδὲ
3588 3529 3698 3601 γὰρ
3723 3529 3896 3593 οὕτως
3923 3530 4117 3582 αὐτῶν

2528 3612 2788 3683 περιιδεῖν
2844 3614 2974 3682 χρή.
3014 3613 3126 3664 Καὶ
3168 3611 3344 3666 ταῦτα
3382 3613 3672 3684 Ῥωμαίοις
3719 3613 4052 3666 ἐπιστέλλων
4083 3615 4120 3667 ὁ

2527 3695 2738 3758 Παῦλος
2786 3698 2935 3767 ἡμᾶς
2984 3694 3323 3759 ἐπαίδευσεν,
3352 3694 3494 3748 οὑτω
3525 3696 3729 3764 λέγων·
3760 3697 3856 3764 Μὴ
3892 3697 4118 3750 ἕνεκεν

2525 3778 2838 3848 ,ϐρώματος
2869 3779 3132 3833 κατάλυε
3155 3781 3223 3831 τὸ
3253 3779 3431 3848 ἔργον
3461 3780 3569 3834 τοῦ
3605 3780 3772 3834 Θεοῦ.
3806 3781 4004 3833 Καίτοι
4041 3797 4116 3848 γε

2531 3864 2723 3932 ἄλογος
2751 3858 2818 3934 ῆν
2863 3865 2898 3932 ἡ
2936 3862 3138 3933 πληγὴ,
3172 3862 3285 3915 ἀλλ’
3311 3864 3460 3932 ὅμως
3501 3865 3564 3917 οὐ
3606 3864 3684 3934 τῷ
3728 3863 4117 3935 πληττομένῳ,

2531 3948 2670 4002 ἀλλά
2697 3947 2775 4018 τῷ
2798 3946 2897 4018 τὴν
2926 3945 3139 4015 πληγὴν
3169 3945 3425 4014 ἐπάγοντι
3447 3947 3650 4018 ταύτην
3675 3949 4116 4019 ὲπιτιμᾷ.”οπερ

2532 4032 2641 4102 γὰρ
2663 4030 2799 4102 ἔφην
2829 4030 2953 4101 ἤδη,
2981 4029 3140 4084 τοῦτο
3165 4031 3260 4084 καὶ
3290 4031 3384 4085 νῦν
3409 4032 3518 4104 ἐρῶ
3537 4049 3550 4064 ο
3577 4033 3706 4086 ὅταν
3736 4034 3832 4104 μὲν
3856 4033 3966 4100 γὰρ
4008 4034 4116 4102 μέ-

2535 4132 2606 4182 γα
2644 4132 2696 4167 τι
2739 4113 2964 4184 γένηται
3013 4114 3222 4186 κέρδος,
3247 4115 3342 4168 καὶ
3387 4116 3484 4186 τῆς
3535 4115 3749 4188 πληγῆς
3786 4117 3990 4185 μεῖζον,
4025 4116 4119 4168 δεῖ

2533 4197 2642 4250 τῶν
2688 4198 3183 4267 σκανδαλιζομένων
3228 4199 3528 4270 ὑπερορᾷψ
3577 4202 3704 4253 ὅταν
3753 4200 3808 4252 δὲ
3855 4199 4019 4269 μηδὲν

2535 4283 2716 4345 πλέον,
2747 4281 2779 4352 ἦ
2817 4284 2940 4346 τοὺς
2968 4283 3209 4347 ἀσθενεῖς
3236 4283 3684 4343 καταϐάλλεσθαι,
3717 4284 3807 4335 καὶ
3844 4283 4116 4352 μυριάκις

2537 4367 2596 4430 ἐξ
2629 4367 2849 4434 ἀλογίας
2876 4366 3033 4421 τοῦτο
3077 4369 3363 4438 πάσχωσιν
3403 4370 3620 4432 ἐκεῖνοι,
3656 4365 3926 4436 φείδεσθαι
3957 4369 4067 4438 χρή
4095 4386 4109 4395 ·

2538 4451 2660 4504 ἐπεὶ
2701 4453 2794 4503 καὶ
2822 4453 2850 4503 6
2875 4451 3006 4516 Θεὸς
3049 4454 3174 4517 τοὺς
3217 4453 3491 4514 ὠθοῦντας
3534 4453 3629 4504 καὶ
3673 4449 4114 4513 καταϐάλλοντας

2540 4535 2645 4588 ὑπὸ
2681 4536 2777 4605 τὴν
2808 4537 3078 4605 ἀπόφασιν
3109 4538 3229 4605 ἄγει
3253 4536 3352 4605 τῆς
3383 4534 3669 4604 τιμωρίας.
3701 4533 3773 4584 Τὸ
3791 4534 3899 4605 γὰρ
3933 4536 4116 4604 μηδὲν

2540 4617 2884 4688 κερδαίνοντα
2912 4620 3095 4690 ἕτερον
3125 4621 3402 4689 πλήττειν,
3432 4619 3530 4688 τῆς
3568 4617 3801 4688 ἐσχάτης
3841 4621 4117 4689 πονηρίας

2543 4702 2676 4755 ἐστί.
2706 4703 2812 4754 Καὶ
2842 4706 3001 4774 ἡμεῖς
3027 4704 3083 4757 δὲ
3107 4705 3235 4757 ὅταν
3266 4701 3460 4772 ἴδωμέν
3498 4717 3619 4753 τινα
3645 4701 3970 4772 δυσάρεστον
4002 4705 4118 4757 ἀπὸ

2546 4789 2760 4858 μακρᾶς
2809 4787 3119 4860 ἀρρωστίας
3168 4785 3492 4855 γενόμενον,
3535 4785 3660 4848 τοὺς
3705 4786 4119 4857 παροξύνοντας

2543 4872 2702 4924 αὐτὸν
2737 4873 2976 4943 ἀκαίρως
3001 4872 3096 4942 τῆς
3119 4870 3296 4932 οἰκίας
3327 4867 3718 4938 ἀπελαύνομεν,
3731 4871 3824 4923 καὶ
3837 4872 3937 4924 οὐκ
3961 4874 4118 4943 ἀκρι-

2544 4955 2932 5027 ϐολογούμεθα,
2966 4957 3074 5009 εἴτε
3100 4952 3340 5015 δικαίως,
3370 4952 3479 5004 εἴτε
3510 4951 3707 5016 ἀδίκως
3729 4955 3923 5007 ἐκεῖνοι
3953 4955 4119 5008 τοῦτο

2544 5040 2804 5103 ποιοῦσιν,
2832 5039 2968 5092 ἀλλά
3011 5039 3190 5108 πάσης
3220 5035 3414 5098 αὐτοὺς
3444 5034 3734 5104 ἀπολογίας
3766 5038 4115 5100 ἐκϐαλόντες,

2543 5127 2637 5178 καὶ
2682 5124 2878 5195 πολλὴν
2910 5122 3084 5191 τούτῳ
3131 5119 3309 5182 δόντες
3343 5119 3668 5192 συγγνώμην
3694 5121 3782 5175 διὰ
3809 5123 3906 5192 τὴν
3942 5120 4108 5173 ἀσθέ-

2542 5226 2710 5271 νειαν,
2742 5209 2842 5262 κᾶν
2867 5208 3064 5269 ἀδίκως
3087 5203 3760 5278 παροξύνηται,ὲλεοῦμεν.
3783 5207 3840 5258 Εἰ
3863 5206 3918 5258 δὲ
3948 5206 4120 5274 ἡμεῖς

2541 5293 2776 5366 τοσαύτῃ
2807 5292 2900 5345 καὶ
2928 5291 3053 5362 περὶ
3079 5289 3203 5351 τούς
3230 5288 3442 5353 οἰκέτας
3480 5291 3571 5343 καὶ
3597 5293 3724 5361 περὶ
3755 5290 3880 5352 τοῦς
3913 5288 4120 5350 παῖδας

2545 5377 2768 5449 προνοίᾳ
2795 5376 2963 5446 κεχρή
2974 5372 3131 5443 μεθα.
3159 5374 3252 5426 καὶ
3269 5374 3381 5426 υἱὸν
3405 5373 3660 5437 πολλάκις
3685 5371 3906 5425 τοιαῦτα
3931 5370 4041 5441 πλη
4052 5390 4124 5440 μ-

2547 5461 2813 5531 μελοῦντα
2849 5456 3234 5528 μαστιγοῦμεν,
3262 5457 3440 5528 πολλῷ
3469 5458 3667 5530 μᾶλλον
3691 5459 3719 5509 ὁ
3753 5454 3957 5522 ἀγαθὸς
3981 5454 4125 5521 Θεὸς

2544 5546 2639 5598 καὶ
2671 5543 2906 5614 χρηστὸς
2951 5541 3046 5593 καὶ
3088 5540 3332 5612 ἐπιεικὴς
3368 5542 3524 5596 τοῦτο
3565 5541 3873 5612 ἐργάσεται.
3911 5539 3980 5594 Τί
4025 5541 4122 5596 λέ-

2543 5646 2694 5698 γεις;
2730 5625 2962 5694 ἀσθενής
2990 5626 3132 5677 ἐστιν
3166 5627 3194 5678 6
3218 5627 3610 5697 πληττόμενος;
3644 5623 3851 5678 Οὐκοῦν
3872 5626 4122 5695 φειδοῦς,

2544 5709 2852 5780 οὐ.πληγῆς
2885 5711 3032 5761 ἐστιν
3065 5709 3230 5775 ἄξιος.
3261 5711 3562 5782 Τραύματα
3608 5707 3752 5778 ἔχεις
3799 5709 3890 5784 Μὴ
3932 5713 4127 5766 τοίνυν

2544 5792 2947 5863 ἐπιτρίψωμεν,
3001 5793 3112 5846 ἀλλ’
3156 5793 3452 5864 ίασώμεθα.
3481 5791 3803 5846 ’Υποπτεύει
3861 5797 4125 5867 πονηρῶς

2546 5877 2641 5930 καὶ
2680 5874 3005 5945 ἁλογίστως;
3035 5877 3242 5931 Οὐκοῦν
3285 5875 3560 5944 ἀνέλωμεν
3601 5874 3700 5948 τὴν
3739 5879 3997 5948 ὑποψίαν,
4042 5881 4129 5952 μὴ

2617 6113 2638 6176 ς
2667 6111 2814 6176 sam.
2835 6114 2951 6176 ὑπὲρ
3081 6107 3362 6176 δφκρῡντωνι
3385 6106 3568 6176 absque
3601 6114 3682 6176 μήτ

2617 6171 2641 6211 δ
2664 6174 2809 6225 Savil.
2845 6169 3081 6226 ἀσθενείας
3106 6171 3258 6232 ἡμῶν,
3280 6177 3332 6218 el
3349 6169 3472 6222 infra
3489 6169 3643 6224 αὐτῶν
3664 6173 3868 6238 ἀφειδεῖν
3886 6185 4005 6240 χρή,
