4490 6730
377 651 469 705 liii

382 786 497 840 qua:
518 768 760 827 dicebas.
795 781 897 817 non
928 775 1015 817 tua
1058 757 1226 826 magis
1250 762 1404 816 sunt,
1435 766 1587 821 quam
1638 759 1821 801 eorum
1851 740 1939 810 qui

384 836 757 929 turpitudinem
800 868 939 908 tuam
986 850 1185 903 dolent.
1238 844 1520 915 Oportebat
1559 836 1808 908 quidem,
1861 843 1940 885 ta-

386 953 536 1007 metsi
582 949 865 1022 plurimum
910 940 1035 993 utile
1084 946 1258 1001 esset,
1292 936 1386 989 viri
1440 926 1785 986 ministerium
1823 937 1941 977 eum

392 1054 535 1098 tanto
563 1012 801 1095 convicio
829 1047 935 1087 non
956 1028 1261 1083 admittere:
1286 1041 1405 1080 nam
1435 1019 1644 1091 quando
1669 1014 1758 1069 Dei
1780 1012 1944 1083 gloria
1978 1086 1981 1089 _

388 1134 649 1187 dedecore
673 1123 920 1183 afﬁcitur.
956 1118 1131 1175 nullus
1167 1127 1272 1172 tam
1302 1108 1628 1168 neeeSsarius
1648 1120 1764 1160 esse
1801 1110 1946 1172 pote-

392 1226 459 1277 rit
487 1224 768 1290 prmtextus
790 1254 807 1278 ,
828 1222 885 1267 ut
908 1211 1284 1284 persuadeatur
1307 1199 1573 1258 contemni
1612 1206 1808 1251 tantum
1832 1209 1948 1246 nia-

398 1314 523 1364 lttm.
559 1305 853 1373 Quinetiam
883 1304 925 1357 si
965 1303 1155 1357 millies
1196 1298 1250 1352 in
1276 1295 1362 1349 die
1390 1292 1459 1345 sit
1500 1287 1824 1343 moriendum
1844 1324 1859 1347 ,
1884 1297 1949 1336 ne

400 1403 497 1454 hoc
529 1402 649 1462 fiat,
679 1414 798 1453 cum
843 1396 1007 1452 multa
1027 1394 1297 1459 voluptate
1341 1385 1441 1437 hoc
1482 1391 1744 1436 sustinere
1795 1391 1954 1444 opor-

401 1494 538 1545 tebat
559 1532 573 1553 ,
604 1490 768 1544 multo
793 1489 964 1542 minus
988 1483 1178 1553 quietis
1196 1520 1210 1543 ,
1241 1476 1321 1530 vel
1352 1474 1595 1528 mundani
1620 1486 1744 1524 usus
1764 1467 1951 1537 gratia,

402 1588 761 1657 negligendum
787 1592 901 1639 erat
925 1581 1143 1635 malum.
1171 1572 1306 1628 Audi
1333 1572 1488 1641 igitur
1518 1563 1781 1637 quomodo
1823 1560 1956 1627 idip-

400 1698 515 1735 sum
535 1682 705 1736 timuit
722 1676 913 1733 Paulus
927 1682 979 1726 et
994 1668 1224 1731 tremuit,
1242 1675 1457 1734 etquam
1481 1661 1839 1715 vehementer.
1859 1650 1959 1704 Bo-

403 1793 520 1827 num
547 1774 688 1827 enim
728 1768 849 1821 mihi
878 1774 949 1818 est
974 1762 1101 1815 mori
1122 1800 1139 1825 ,
1168 1760 1273 1822 ait,
1306 1773 1455 1824 quam
1483 1752 1695 1824 gloriam
1722 1760 1880 1799 meam
1908 1750 1959 1794 ut

404 1868 515 1937 quis
545 1859 832 1930 evacuet(i.
852 1856 968 1911 Cor.
996 1853 1049 1907 9.
1089 1850 1197 1921 15).
1225 1850 1364 1903 Sane
1390 1846 1494 1907 ille,
1516 1853 1574 1897 ut
1594 1856 1660 1893 ne
1681 1843 1959 1893 evacuaret

405 1970 552 2008 suam
589 1950 846 2020 gloriam,
877 1943 1009 1998 mori
1047 1941 1236 2010 elegit:
1269 1951 1365 1990 nos
1400 1945 1575 1987 autem
1622 1938 1680 1981 ut
1721 1921 1960 1979 scandala

410 2044 689 2104 tollamus,
721 2051 895 2106 neque
921 2048 1139 2103 parvum
1171 2025 1504 2081 commodum
1541 2010 1963 2074 contemnimus?

408 2142 463 2188 et
479 2128 744 2202 quomodo
771 2125 1059 2197 poterimus
1087 2133 1329 2187 umquam
1362 2112 1578 2177 salvari,
1602 2125 1720 2163 cum
1750 2120 1854 2159 non
1899 2104 1967 2156 sit

410 2190 525 2292 par,
555 2233 725 2287 neque
762 2190 976 2270 accedat
1014 2223 1211 2279 prope,
1237 2204 1387 2257 laude
1429 2200 1653 2271 privari,
1681 2204 1735 2251 et
1772 2195 1824 2248 in
1859 2190 1964 2245 cri-

413 2327 532 2366 men
556 2306 822 2363 incidere?
848 2304 943 2359 llle
968 2301 1110 2357 enim
1134 2297 1233 2352 etsi
1264 2295 1361 2347 hoc
1386 2291 1627 2355 fecisset,
1656 2301 1758 2340 non
1797 2281 1969 2336 offen-

413 2404 576 2456 disset
603 2402 801 2454 Deum:
833 2397 945 2465 ipse
974 2406 1200 2459 namque
1221 2388 1269 2442 ei
1294 2387 1634 2439 constituerat
1657 2394 1721 2433 ex
1748 2388 1973 2443 evange-

416 2496 486 2550 lio
506 2495 712 2547 vivere:
740 2499 968 2543 attamen
995 2483 1225 2538 malebat
1249 2477 1408 2541 mori,
1439 2488 1595 2543 quam
1637 2481 1743 2525 tam
1778 2468 1973 2521 bonum

417 2600 547 2655 opus
567 2583 860 2651 relinquere
887 2597 900 2632 :
929 2592 1026 2632 nos
1055 2584 1229 2629 autem
1260 2571 1529 2624 turbantes
1554 2581 1615 2619 ea
1640 2577 1755 2633 quze
1784 2559 1976 2627 ubique

418 2685 539 2729 sunt
562 2674 826 2734 ordinata,
866 2670 987 2723 licet
1010 2668 1237 2720 sciamus
1258 2660 1396 2733 quod
1424 2657 1700 2711 maximam
1733 2662 1975 2723 propter-

430 2781 490 2818 ea
538 2764 713 2817 lnituri
777 2760 942 2813 simus
1000 2770 1245 2827 pcenam,
1318 2763 1486 2820 neque
1548 2741 1977 2800 consuetudinem

421 2855 660 2925 frigidam
701 2863 754 2906 et
793 2850 1209 2919 intempestivam
1248 2842 1446 2912 deSpici
1482 2836 1740 2910 patimur?
1764 2842 1818 2889 et
1861 2846 1978 2901 qua:

423 2923 629 3001 tandem
676 2944 828 2999 nobis
864 2944 963 2997 erit
990 2940 1177 2994 venia?
1206 2934 1492 3005 Oportebat
1540 2931 1711 2999 igitur,
1757 2925 1854 2980 etsi
1904 2923 1980 2976 vi-

425 3052 541 3092 rum
591 3050 750 3088 unum
803 3032 951 3087 multi
999 3043 1127 3083 usus
1168 3026 1615 3095 requirerent,ut
1648 3026 1801 3070 antea
1838 3011 1979 3065 dice-

428 3129 546 3181 bam
567 3166 582 3188 ,
607 3134 745 3177 tanta
772 3135 899 3175 vero
928 3119 1049 3173 inde
1078 3124 1383 3171 nasceretur
1409 3107 1724 3165 contumelia
1749 3145 1764 3169 ,
1786 3103 1981 3172 eligere

426 3228 647 3273 mortem
677 3216 884 3284 potius,
915 3226 1070 3281 quam
1102 3210 1203 3262 hoc
1240 3216 1615 3261 contemnere:
1642 3214 1763 3254 cum
1804 3205 1982 3251 autem

428 3324 523 3378 per
550 3306 825 3360 mulierem
850 3298 1176 3356 commodius
1198 3306 1253 3350 et
1282 3293 1487 3349 facilius
1514 3292 1628 3345 hmc
1652 3287 1826 3344 omnia
1857 3301 1980 3356 per-

429 3400 510 3453 fici
533 3397 762 3467 possint,
789 3409 907 3464 qua:
932 3391 1080 3447 vobis
1112 3390 1212 3443 erit
1246 3387 1397 3442 venia
1426 3385 1503 3439 sic
1527 3383 1752 3439 delicate
1785 3378 1986 3448 agenti-

432 3491 528 3543 bus
551 3530 567 3554 ,
593 3496 646 3542 et
666 3494 846 3540 contra
872 3483 1096 3537 salutem
1113 3488 1341 3533 vestram
1363 3491 1458 3531 vos
1497 3470 1855 3528 fmdantibus?
1883 3469 1976 3523 Dic

433 3585 557 3633 item
602 3577 979 3643 mihi,qnanto
1025 3570 1118 3625 tibi
1158 3568 1271 3622 lith
1323 3566 1411 3620 ille
1453 3564 1696 3623 exhibet,
1735 3573 1910 3613 annon
1965 3557 1983 3589 ί

432 3668 702 3721 exhibebis
751 3664 909 3719 etiam
948 3660 1023 3714 illi
1060 3657 1288 3712 vicissim
1340 3650 1548 3723 aliquod
1596 3644 1986 3705 ministerium?

432 3759 565 3812 Nulli
612 3772 719 3809 non
760 3752 1109 3807 manifestum.
1144 3747 1210 3801 Et
1246 3754 1442 3815 quanto
1464 3742 1657 3796 melius
1698 3755 1800 3793 non
1829 3736 1987 3791 retri-

436 3852 594 3903 buere
644 3849 800 3909 talia,
852 3858 1022 3912 neque
1063 3839 1292 3893 vicissim
1325 3836 1595 3904 accipere,
1640 3830 1733 3885 sed
1783 3840 1989 3899 tempus

434 3943 668 3996 laborum
690 3980 706 4006 ,
734 3936 873 4008 quod
921 3936 975 3991 in
1005 3935 1142 3989 illius
1185 3933 1414 4001 quietem
1470 3925 1728 3997 impendis
1751 3965 1767 3990 ,
1800 3922 1902 3977 hoc
1935 3921 1988 3975 in

438 4042 577 4084 tuam
630 4030 930 4089 insumere,
978 4039 1135 4095 quam
1182 4021 1410 4091 graviter
1465 4018 1786 4071 laborantem
1848 4022 1991 4065 tuam

436 4121 875 4176 existimationem
905 4113 1264 4173 confundere?
1302 4109 1406 4167 Sed
1428 4109 1629 4163 nullum
1656 4107 1753 4175 ipsi
1775 4103 1993 4158 exhibes

440 4210 813 4267 ministerium.
854 4206 993 4275 Ergo
1037 4206 1208 4274 ipsum
1235 4201 1335 4256 sibi
1361 4199 1459 4268 ipsi
1487 4196 1661 4252 omnia
1696 4193 1993 4247 ministrare

442 4302 831 4363 necessarium,
885 4308 938 4352 et
1004 4304 1243 4350 sternere
1289 4293 1485 4355 lectos,
1534 4295 1588 4342 et
1633 4299 1889 4355 coquere,
1942 4290 1997 4335 et

444 4396 615 4464 ignem
637 4391 957 4453 accendere,
988 4398 1041 4441 et
1061 4386 1162 4439 alia
1192 4383 1241 4437 id
1263 4396 1427 4452 genus
1451 4379 1643 4433 facere.
1671 4376 1795 4430 Haec
1829 4386 1995 4440 neque

444 4485 668 4538 famulus
715 4481 874 4536 ferret
915 4479 983 4533 ita
1032 4476 1370 4538 ministrans,
1400 4480 1454 4526 et
1491 4470 1623 4524 nihil
1664 4463 1924 4522 commodi
1964 4478 1994 4515 a

450 4576 666 4631 domino
695 4573 978 4640 accipiens.
1006 4569 1107 4624 Sed
1141 4568 1225 4620 hic
1254 4564 1353 4619 fert
1402 4562 1606 4626 omnia,
1652 4556 1846 4625 inquit.
1878 4568 1996 4622 pro-

446 4679 561 4737 pter
575 4667 813 4719 timorem
834 4662 1037 4717 Domini
1066 4670 1117 4714 et
1141 4657 1421 4727 repositam
1449 4654 1531 4707 hic
1549 4649 1838 4707 ministerio
1856 4663 1996 4701 mer-

444 4758 624 4811 cedem
647 4795 659 4816 .
688 4762 741 4807 et
763 4753 980 4821 gratiam
1013 4749 1222 4801 habebit
1250 4749 1336 4815 qui
1376 4744 1597 4813 imperio
1638 4741 1850 4800 subest,
1880 4752 1999 4790 cum

449 4848 576 4903 nihil
624 4847 695 4900 illi
749 4846 816 4898 sit
860 4842 1098 4896 utilitatis
1134 4856 1199 4894 ex
1237 4838 1409 4892 nobis.
1450 4835 1599 4891 Unde
1632 4834 1787 4903 igitur
1820 4838 2000 4899 postea

450 4938 827 5011 impudentium
870 4933 1232 4988 obturabimus
1284 4928 1415 4984 ora?
1454 4927 1659 4982 Etenim
1714 4925 1757 4979 si
1805 4931 2000 4977 tantam

451 5036 561 5100 ipsa
589 5031 702 5100 ejus
728 5028 936 5081 testaris
981 5026 1224 5092 pietatem
1247 5063 1261 5085 ,
1299 5031 1354 5075 et
1389 5020 1465 5073 sic
1494 5019 1672 5072 tremit
1702 5026 1756 5069 et
1792 5024 2004 5068 veretur

454 5125 544 5181 Dei
576 5119 815 5177 mandata
834 5158 850 5182 ,
881 5125 935 5170 ut
963 5115 1190 5182 seipsnm
1205 5111 1323 5183 plus
1343 5126 1498 5179 quam
1520 5108 1829 5161 vilissimum
1852 5117 2003 5155 man-

452 5217 644 5287 cipium
688 5209 967 5279 chpiciat,
1004 5205 1287 5273 onmiaqne
1337 5201 1431 5255 tibi
1476 5199 1754 5260 exhibeat,
1804 5194 2003 5248 nullum

456 5310 573 5365 inde
600 5304 810 5375 capiens
849 5300 1109 5363 fructum,
1149 5305 1269 5350 ante
1307 5294 1482 5348 omnia
1526 5290 1796 5359 oportebat
1833 5289 2003 5356 ipsum

465 5405 719 5457 rationem
757 5394 949 5451 habere
976 5391 1157 5460 gloria:
1184 5399 1238 5443 et
1264 5387 1479 5442 honoris
1500 5385 1590 5439 Dei
1620 5402 1633 5437 :
1665 5397 1802 5438 nunc
1832 5390 2005 5436 autem

455 5502 655 5547 nonest
682 5488 915 5559 ejusdem
937 5485 1123 5535 anima:
1147 5480 1300 5533 simul
1323 5489 1374 5534 et
1388 5494 1483 5549 per
1504 5477 1640 5532 idem
1671 5487 1876 5547 tempus
1896 5489 2013 5531 tan-

456 5593 561 5637 tum
588 5581 976 5653 obscquentiam
1003 5574 1157 5629 simul
1179 5585 1231 5628 et
1251 5573 1555 5641 despectum
1575 5569 1855 5625 ostendere
1875 5570 2010 5623 circa

459 5675 699 5727 mandata
726 5675 839 5739 Dei,
866 5680 917 5727 et
937 5682 1074 5724 nunc
1090 5664 1299 5735 quidem
1317 5664 1427 5731 ipsa
1452 5672 1704 5727 tremere,
1729 5676 1867 5715 nunc
1881 5675 2005 5711 vero

458 5766 648 5820 Indiam
662 5767 916 5820 rationem
936 5762 1128 5817 habere
1154 5757 1267 5825 ejus
1286 5754 1377 5824 qni
1400 5755 1541 5823 leges
1560 5754 1723 5818 dedit,
1746 5753 1871 5806 dum
1892 5766 2016 5805 con-

458 5854 669 5911 tumelia
687 5854 930 5910 aliicitur.
952 5853 1154 5910 Etenim
1176 5850 1219 5905 si
1234 5864 1292 5904 se
1308 5862 1491 5919 purum
1509 5860 1722 5901 servare
1735 5861 1763 5898 a
1778 5845 2017 5914 volupta-

526 6053 539 6083 ¹
574 6048 732 6112 ὅπη..
757 6047 1033 6112 exhibebit;
1062 6050 1152 6101 sed
1177 6048 1349 6102 eodem
1377 6044 1501 6098 redit
1531 6041 1788 6092 sententia.

893 642 1071 711 QUOD
1109 631 1514 693 REGULARES
1553 625 1823 685 FEMINJE
1866 621 2037 677 VllllS
2072 610 2501 671 COHABITARE
2539 607 2667 663 NON
2711 600 3041 660 DEBEANT.

3498 593 3601 648 52‘!

2041 748 2113 793 te.
2130 731 2319 789 etnihil
2341 726 2552 784 humani
2569 738 2723 794 agere
2737 763 2751 785 ,
2771 721 2999 790 seipsum
3019 714 3314 778 humiliare,
3345 710 3601 775 afﬂigere,

2040 835 2095 882 et
2118 824 2366 879 aerumnis
2390 817 2669 887 subjicere,
2698 812 2913 881 suisque
2932 808 3199 863 laboribus
3218 806 3333 860 aliis
3356 803 3588 872 quietem

2043 930 2231 988 parere
2248 955 2264 979 ,
2292 928 2413 968 vere
2438 908 2589 965 valde
2615 903 2867 977 sapientis
2894 902 3083 955 animae
3107 907 3187 953 est
3226 906 3280 951 et
3320 894 3563 950 sublimis
3586 931 3602 953 .

2046 1024 2175 1066 sane
2215 1006 2433 1076 gloriam
2494 1002 2587 1057 Dei
2631 995 2949 1054 contumelia
2992 1007 3096 1046 non
3145 989 3386 1043 allicere.
3430 998 3602 1054 neque

2049 1101 2165 1154 hzec
2192 1074 2362 1151 facere
2381 1136 2395 1159 ,
2429 1101 2639 1163 propter
2657 1105 2774 1159 quae
2794 1083 3189 1155 biaSpbematur
3215 1094 3243 1131 a
3266 1078 3443 1131 multis
3461 1115 3477 1141 ,
3506 1074 3607 1127 hoc

2051 1188 2202 1246 multi
2236 1202 2334 1241 nec
2355 1184 2506 1238 valde
2535 1181 2708 1249 magni
2736 1178 2870 1231 bene
2904 1185 2959 1230 et
2993 1188 3113 1228 cum
3162 1168 3316 1224 laude
3354 1165 3611 1235 praestite-

2056 1288 2198 1336 runt.
2238 1274 2516 1345 Quomodo
2557 1273 2715 1340 igitur
2742 1268 2833 1322 tibi
2856 1265 3133 1321 credemus
3160 1259 3298 1331 quod
3353 1260 3453 1311 hoc
3489 1270 3613 1323 pro-

2053 1380 2171 1442 pter
2200 1370 2361 1422 Deum
2388 1374 2441 1419 et
2467 1375 2712 1417 asceseos
2739 1357 2965 1411 studium
2992 1354 3170 1417 facias,
3201 1350 3337 1421 quod
3365 1360 3609 1417 magnam

2056 1470 2107 1514 et
2132 1470 2439 1529 generosam
2465 1454 2694 1507 animam
2740 1446 2993 1516 requirit,
3024 1442 3235 1512 quando
3280 1440 3405 1494 illml
3429 1480 3444 1505 ,
3473 1435 3613 1505 quod

2057 1554 2258 1607 scilicet
2300 1551 2473 1603 minus
2501 1554 2581 1600 est
2606 1552 2659 1598 et
2685 1542 2930 1610 vulgare,
2958 1536 3231 1602 despicere
3280 1546 3382 1584 non
3432 1527 3622 1597 potes?

2059 1642 2235 1711 Neque
2277 1640 2531 1693 absistere
2581 1633 2658 1687 vis
2694 1631 2762 1685 ab
2809 1630 2905 1694 iis,
2964 1642 2991 1679 a
3023 1623 3215 1693 quibus
3259 1622 3366 1673 Deo
3406 1616 3626 1670 infertur

2064 1732 2285 1801 injuria,
2340 1738 2394 1782 et
2436 1740 2627 1793 corpus
2676 1730 2729 1775 et
2782 1718 2958 1773 omnia
3008 1713 3189 1785 prodis
3242 1724 3339 1780 pro
3389 1707 3455 1761 iis
3506 1720 3624 1775 qua:

2065 1838 2171 1876 non
2216 1819 2314 1887 ipsi
2349 1812 2678 1885 placent?Et
2712 1811 2795 1863 cui
2848 1809 2960 1860 inec
3002 1801 3301 1873 persuaderi
3348 1796 3632 1869 poterunt?

2065 1909 2168 1965 Sed
2196 1908 2377 1962 nescio
2403 1901 2666 1973 quomodo
2694 1915 2724 1952 a
2753 1895 3042 1965 virginibus
3068 1892 3132 1945 ad
3154 1905 3333 1945 earum
3355 1887 3630 1942 cohabita-

2066 2015 2208 2059 tores
2223 1999 2378 2056 simul
2406 1994 2737 2051 transiverim
2757 2006 2773 2056 ;
2794 1998 3077 2059 propterea
3099 1984 3281 2052 utique
3312 1980 3378 2034 ad
3418 1994 3513 2033 eas
3535 1993 3634 2031 no-

2067 2096 2148 2150 bis
2169 2090 2515 2147 redeundum.

2138 2186 2192 2239 5.
2234 2181 2290 2235 Is
2316 2181 2404 2253 qui
2444 2178 2559 2231 aliis
2584 2171 2886 2239 oﬂ'endiculo
2926 2177 3019 2229 est,
3051 2166 3144 2219 hoc
3179 2164 3292 2233 ipso
3318 2167 3489 2231 peccat
3508 2198 3524 2223 ,
3551 2158 3641 2209 etsi

2069 2294 2170 2331 non
2200 2274 2329 2327 male
2352 2278 2490 2340 agat.
2516 2296 2588 2308 -—
2612 2263 2763 2320 Unde
2792 2262 2948 2330 igitur
2977 2259 3102 2321 illis,
3126 2255 3215 2324 qui
3246 2254 3315 2306 ita
3352 2266 3445 2306 eas
3480 2262 3638 2302 accu-

2075 2375 2193 2422 sant
2232 2373 2285 2419 et
2322 2362 2778 2430 argumentantur,
2820 2366 2917 2404 nos
2959 2345 3249 2417 poterimus
3288 2336 3642 2410 persuadere?

2077 2457 2189 2511 Non
2218 2450 2649 2521 persuadeantur,
2678 2444 2769 2497 ait.
2805 2443 2884 2495 An
2912 2452 3037 2492 vero
3066 2438 3166 2505 pia:
3190 2433 3381 2487 anima:
3401 2433 3501 2483 hoc
3532 2427 3645 2481 fue-

2081 2546 2186 2600 rit?
2212 2544 2359 2598 Tunc
2401 2539 2543 2594 enim
2580 2532 2821 2589 maledici
2849 2525 3171 2599 despiciendi
3214 2530 3358 2585 sunt,
3400 2534 3521 2573 cum
3551 2529 3651 2571 nos

2081 2638 2183 2692 illis
2219 2645 2373 2687 ansas
2407 2644 2510 2683 non
2538 2626 2953 2697 praebuerimus;
2980 2620 3088 2672 imo
3112 2629 3281 2683 neque
3320 2621 3464 2670 tunc.
3491 2623 3653 2677 quan.

2074 2724 2365 2797 'doquidem
2407 2722 2640 2790 ipsorum
2682 2716 2936 2769 obturare
2963 2724 3057 2764 ora
3099 2719 3413 2776 possumus;
3441 2699 3653 2771 quando

2081 2832 2257 2875 autem
2286 2824 2452 2870 totum
2481 2828 2548 2867 ex
2574 2808 2725 2863 nobis
2754 2815 2854 2867 est,
2888 2804 2941 2857 in
2984 2808 3222 2855 nostrum
3248 2795 3468 2849 vertitur
3495 2801 3653 2860 caput

2081 2920 2222 2966 totus
2263 2906 2418 2977 ignis.
2450 2902 2539 2958 Sic
2577 2900 2730 2959 enim,
2762 2895 2856 2958 ait,
2886 2898 3146 2961 peccantes
3182 2888 3236 2939 in
3260 2886 3461 2954 fratres,
3502 2890 3548 2935 et
3573 2882 3653 2933 iu-

2082 3006 2282 3075 ﬁrmam
2308 3001 2530 3068 ipsarum
2568 2988 2920 3047 conscientiam
2949 2981 3297 3054 percutientes,
3314 2978 3368 3030 in
3397 2974 3656 3029 Christum

2083 3064 2298 3169 peccatis
2326 3064 2402 3167 (ι.
2433 3090 2550 3146 Cor.
2590 3088 2644 3142 8.
2674 3085 2786 3153 1‘2).
2815 3079 3029 3135 Sciebat
3065 3074 3232 3137 enim,
3261 3068 3463 3125 sciebat
3486 3064 3658 3118 mani-

2086 3163 2238 3255 feste,
2264 3163 2404 3256 quod
2446 3195 2554 3235 non
2596 3176 2863 3231 sufliceret
2899 3168 2965 3222 ad
2993 3163 3357 3221 defensionem
3398 3166 3652 3220 nostram,

2088 3294 2270 3337 eorum
2285 3254 2386 3347 qui
2416 3270 2753 3327 offenduntur
2783 3260 3080 3322 infirmitas,
3111 3256 3205 3311 sed
3231 3255 3332 3309 hoc
3354 3254 3523 3322 ipsum
3555 3263 3655 3319 po-

2089 3342 2347 3428 tissimum
2398 3373 2481 3421 est
2524 3360 2661 3429 quod
2714 3356 3034 3413 condemnat
3082 3364 3199 3404 nos.
3253 3346 3464 3412 Quanto
3513 3342 3658 3396 enim

2088 3465 2329 3533 puriores
2369 3469 2551 3511 sumus
2594 3467 2624 3505 a
2664 3461 2821 3504 causa
2863 3460 2983 3515 quae
3026 3443 3335 3503 intentatur,
3378 3443 3524 3490 tanto
3559 3445 3660 3488 nos

2089 3531 2290 3625 inquitis
2315 3544 2701 3619 praestabimus,
2740 3539 2784 3592 si
2829 3531 3123 3590 inﬁrmitati
3152 3542 3336 3584 eorum
3362 3537 3663 3594 parcamus.

2090 3610 2411 3699 Etnond-um
2442 3636 2561 3691 dico
2591 3629 2733 3703 quod
2762 3629 2848 3682 hic
2875 3622 3139 3679 immerito
3164 3617 3499 3673 oli‘endantur
3523 3630 3538 3676 ;
3566 3610 3659 3667 sed

2090 3744 2319 3809 ponatur
2344 3728 2483 3800 quod
2510 3726 2708 3794 absque
2733 3721 2935 3775 ratione
2961 3716 3061 3768 hoc
3085 3712 3352 3781 patiantur
3382 3725 3395 3761 :
3426 3721 3545 3760 nam
3568 3718 3667 3758 nec

2092 3797 2171 3882 sic
2216 3797 2542 3893 deSpieiendi
2588 3825 2733 3870 sunt.
2783 3813 2912 3878 Qua:
2960 3803 3215 3863 Romanis
3258 3817 3353 3871 per
3389 3797 3665 3867 epiStolam

2093 3890 2332 3975 scribens
2361 3913 2555 3968 Paulus
2595 3908 2773 3962 docuit
2803 3918 2899 3957 nos
2937 3902 3015 3954 sic
3054 3898 3277 3952 dicens:
3311 3890 3433 3944 Noli
3462 3896 3667 3957 propter

2094 4026 2257 4067 escam
2301 4007 2557 4060 destruere
2600 4014 2728 4069 opus
2770 3994 2865 4047 Dei
2907 3992 3082 4061 (llam.
3131 3987 3218 4040 M.
3257 3984 3371 4051 ΞΟ).
3416 3977 3668 4047 Quamvis

2096 4104 2167 4158 illi
2208 4095 2497 4166 improvide
2538 4099 2689 4146 erant
2724 4084 2932 4147 oﬂ'ensi,
2972 4090 3200 4134 attamen
3251 4089 3356 4127 non
3404 4086 3526 4124 eum
3573 4067 3664 4138 qui

2097 4161 2399 4255 oliendi-tur,
2434 4186 2525 4241 sed
2556 4181 2906 4237 oll'endcntem
2939 4175 3193 4240 increpat.
3225 4168 3353 4221 Nam
3389 4162 3529 4234 quod
3554 4161 3663 4229 jam

2099 4284 2343 4340 videlicet
2384 4278 2621 4333 dicebam
2670 4283 2722 4326 et
2765 4282 2906 4324 nunc
2950 4265 3116 4320 dico:
3149 4257 3370 4328 Quando
3418 4266 3667 4322 magnum

2099 4373 2309 4445 aliquod
2336 4373 2536 4424 lucrmn
2575 4361 2850 4417 obvenerit
2887 4364 2942 4411 et
2963 4354 3111 4424 plaga
3157 4351 3266 4419 ipsa
3309 4346 3495 4414 majus.
3534 4357 3667 4395 con-

2102 4463 2366 4523 temnendi
2395 4469 2515 4514 sunt
2543 4458 2630 4527 qui
2658 4451 2963 4508 scandalum
2992 4445 3257 4515 patiuntur
3286 4457 3299 4492 :
3327 4435 3535 4508 quando
3571 4449 3669 4487 an-

2100 4522 2204 4613 tem
2247 4555 2445 4608 nullunt
2477 4522 2633 4603 fuerit
2672 4542 2919 4611 amplius,
2961 4550 3116 4606 quam
3143 4529 3281 4602 quod
3312 4525 3503 4582 inlirmi
3540 4522 3672 4592 deji-

2101 4653 2329 4708 ciantur.
2360 4642 2564 4700 etiamsi
2594 4639 2781 4693 millies
2813 4650 2873 4687 cx
2900 4624 3247 4698 imprudentia
3279 4620 3378 4674 hoc
3408 4617 3671 4687 patiantur

2104 4744 2200 4803 illi.
2235 4736 2555 4810 parcendum
2601 4733 2678 4785 eis
2713 4728 2850 4785 erit;
2879 4719 3124 4789 quoniam
3155 4725 3209 4770 et
3248 4713 3387 4767 Deus
3427 4724 3543 4773 eos,
3580 4707 3669 4775 qui

2107 4802 2382 4903 impellunt
2412 4829 2461 4881 in
2500 4827 2701 4891 lapsum
2739 4828 2789 4872 et
2816 4813 3084 4882 dejiciunt.
3121 4808 3225 4861 lata
3258 4802 3519 4858 sententia
3548 4814 3669 4866 snp-

2108 4890 2245 4995 plicii
2293 4921 2488 4990 puniet.
2534 4890 2661 4967 Nam
2708 4908 2837 4962 nibil
2877 4906 3144 4958 lucrantes
3181 4897 3340 4951 alium
3378 4890 3671 4949 oﬂ'i'ndere,

2106 5024 2353 5068 extrema:
2394 5005 2607 5060 malitia:
2652 5008 2751 5054 est.
2802 4995 2910 5050 Nos
2961 5001 3140 5046 autem
3185 4988 3396 5057 quando
3434 4981 3672 5035 videmus

2107 5107 2333 5174 aliquem
2379 5098 2669 5168 inquietum
2712 5090 2781 5145 ob
2822 5088 3123 5141 diuturnam
3164 5076 3537 5136 valetudinem,
3582 5085 3675 5123 eos

2108 5199 2196 5269 qui
2224 5197 2367 5249 illum
2396 5189 2735 5251 exacerbant,
2763 5184 2922 5237 domo
2951 5175 3224 5243 abigimus,
3254 5182 3425 5237 neque
3450 5164 3671 5219 multum

2111 5253 2458 5361 disputamus,
2487 5299 2551 5337 an
2580 5280 2719 5352 juste
2748 5274 2828 5327 vel
2866 5270 3055 5338 injuste
3095 5263 3169 5317 illi
3199 5262 3301 5315 hoc
3330 5257 3546 5319 faciant,
3573 5253 3668 5308 sed

2115 5392 2303 5456 negata
2335 5380 2439 5433 illis
2465 5376 2607 5430 omni
2634 5366 2959 5425 defensione,
2985 5370 3039 5412 et
3065 5357 3185 5409 huic
3208 5354 3329 5408 data
3359 5350 3428 5403 ob
3452 5343 3673 5402 infirmi-

2117 5435 2214 5456 -.-ο
2240 5435 2266 5436 _

2117 5490 2275 5535 tatem
2304 5469 2479 5534 venia,
2503 5461 2742 5534 qUamViS
2771 5456 2962 5525 injuste
2990 5446 3353 5507 exacerbctur,
3378 5441 3494 5511 ejus
3518 5435 3676 5490 mise—

2118 5583 2314 5625 remur.
2341 5558 2490 5629 Quod
2516 5556 2559 5609 si
2587 5566 2684 5608 nos
2708 5549 2808 5603 hac
2838 5560 2963 5600 cura
2984 5542 3121 5596 circa
3150 5535 3375 5591 famulos
3401 5540 3455 5587 et
3481 5538 3677 5597 pueros

2118 5620 2439 5720 utinmr,~et
2475 5661 2617 5715 smpe
2666 5641 2831 5697 filium
2875 5638 2945 5691 ita
2986 5640 3291 5704 peccantem
3335 5620 3681 5694 flagellamus,

2121 5750 2284 5807 multo
2322 5743 2488 5812 magis
2515 5740 2684 5793 bonus
2729 5736 2869 5789 Deus
2911 5738 2965 5785 et
3012 5727 3248 5781 clemens
3288 5727 3342 5774 et
3377 5726 3558 5784 aequus
3584 5708 3688 5761 hoc

2123 5801 2297 5897 faciet.
2323 5801 2457 5904 Quid
2481 5828 2653 5887 dicis?
2677 5828 2915 5883 inlirmns
2955 5828 3033 5875 est
3064 5804 3497 5904 quioffenditur}
3526 5801 3688 5904 igitur

2124 5932 2314 6001 dignus
2335 5891 2439 5981 ~est
2482 5922 2566 5978 cui
2612 5926 2879 5991 parcatur,
2928 5925 3032 5966 non
3068 5916 3125 5962 ut
3170 5902 3412 5957 laedatur.
3454 5891 3685 5949 Vulnera

2132 5988 2320 6078 habet?
2340 6018 2415 6075 Ne
2453 5988 2943 6087 igiturvattcramus,
2973 5999 3064 6057 sed
3090 6007 3355 6053 curemus.
3380 5988 3689 6058 Suspicatur
