4490 6732
870 529 973 579 ειτιδ

870 642 1008 695 male
1044 653 1098 698 et
1126 643 1515 714 imprudenter?
1545 646 1705 716 Igitur
1732 650 2032 705 auferamus
2058 653 2431 720 suspicionem.

877 748 983 787 non
1007 750 1288 798 augeamus
1321 755 1332 789 :
1363 738 1416 790 in
1443 736 1707 792 Christum
1741 743 1881 795 enim
1908 753 2089 811 peccat
2114 758 2229 809 qua:
2259 742 2323 795 de
2356 742 2438 795 his

875 827 1163 880 contendit.
1220 829 1303 882 An
1359 846 1465 884 non
1516 832 1664 885 audis
1718 833 1767 886 in
1817 833 1995 887 Veteri
2048 834 2241 887 Mosem
2296 850 2437 903 saepe

874 915 1161 981 dicentem,
1190 914 1327 972 Deus
1354 922 1536 974 zelotes
1560 933 1628 975 est
1658 920 1845 989 (Exod.
1894 921 1984 976 9.0.
2036 923 2125 993 5)?
2167 932 2220 976 et
2249 924 2435 977 iterum

877 1006 1046 1060 Ζειαυὶ
1080 1006 1360 1063 Jerusalem
1398 1010 1576 1082 (Zacli.
1610 1013 1659 1064 1.
1708 1012 1792 1080 14)
1820 1030 1831 1063 :
1866 1014 1915 1066 in
1958 1012 2106 1067 Novo
2133 1030 2259 1067 vero
2302 1015 2439 1067 Pau-

879 1098 987 1151 lum
1028 1102 1363 1165 clamantem,
1413 1102 1653 1157 ﬂmulor
1694 1106 1822 1157 enim
1869 1121 1954 1158 vos
1983 1105 2078 1159 Dei
2126 1109 2443 1161 cernulatione

886 1189 961 1256 (9..
993 1188 1111 1244 Cor.
1141 1193 1224 1244 11.
1246 1191 1322 1260 Ξ).
1358 1192 1486 1251 lloc.
1519 1194 1564 1247 si
1592 1194 1716 1247 nihil
1739 1196 1899 1259 aliud,
1933 1196 2176 1251 suflicere
2192 1197 2437 1263 debebat,

879 1300 945 1337 ne
984 1285 1373 1338 subverteretur
1409 1287 1601 1348 anima,
1634 1288 1790 1340 etiam
1832 1304 1936 1341 non
1966 1289 2114 1342 valde
2148 1288 2355 1342 infirma
2390 1299 2443 1343 et

880 1388 1042 1441 :rgra.
1068 1373 1195 1427 Cum
1223 1376 1363 1430 enim
1400 1393 1484 1432 res
1522 1379 1654 1432 adeo
1691 1380 1756 1431 sit
1782 1381 2048 1444 terribilis,
2081 1380 2248 1433 dulcis
2279 1381 2443 1450 magis

879 1473 979 1527 est,
1010 1480 1165 1534 quam
1196 1468 1464 1520 terribilis.
1509 1468 1803 1536 Numquam
1842 1471 1981 1522 enim
2017 1471 2163 1523 zelus
2203 1481 2303 1535 est,
2336 1487 2442 1525 non

879 1565 1147 1623 przeeunte
1172 1560 1387 1611 caritate
1410 1560 1578 1628 aliqua
1603 1560 1768 1613 ealida
1791 1570 1845 1613 et
1873 1560 2129 1626 fervente,
2164 1562 2231 1614 ita
2265 1572 2318 1614 ut
2345 1561 2444 1615 hoc

876 1649 945 1701 sit
979 1661 1341 1719 argumentum
1368 1651 1691 1705 vehementis
1725 1652 2062 1723 ardentisque
2092 1655 2181 1709 Dei
2209 1654 2444 1708 caritatis

876 1750 930 1793 et
953 1742 1214 1795 amicitiaz.
1247 1741 1358 1795 Non
1393 1744 1534 1797 enim
1570 1744 1778 1799 affectio
1814 1754 1896 1799 est
1928 1747 2070 1799 zelus
2100 1748 2149 1799 in
2180 1748 2307 1813 Deo,
2350 1745 2444 1800 sed

878 1831 1064 1884 volens
1108 1832 1424 1887 innnensum
1468 1850 1703 1889 amorem
1740 1852 1892 1889 suum
1942 1837 2296 1905 interpretari,
2344 1838 2444 1889 hoc

875 1936 1017 1988 sa-pe
1041 1936 1168 1975 usus
1194 1933 1275 1976 est
1306 1924 1537 1978 nomine.
1567 1926 1811 1978 Attamen
1842 1940 1939 1977 nos
1960 1926 2047 1992 qui
2072 1925 2222 1978 valde
2260 1926 2440 1977 insen-

872 2013 970 2064 διιιί
1008 2012 1073 2064 ad
1104 2012 1358 2066 humanas
1387 2014 1677 2067 decidimus
1701 2014 2025 2071 affectiones.
2067 2030 2187 2068 eum
2214 2014 2302 2082 qui
2344 2028 2440 2065 nos

873 2115 1074 2157 unitum
1120 2116 1261 2158 amat
1300 2106 1616 2160 co:itumelia
1660 2106 1936 2172 allicimus,
1989 2121 2081 2160 eos
2123 2115 2297 2159 autem
2345 2107 2435 2175 qui

870 2196 1001 2249 nihil
1028 2197 1179 2250 nobis
1206 2197 1455 2265 prodesse
1478 2207 1697 2266 possunt
1723 2196 1969 2250 omnibus
1996 2196 2167 2250 modis
2193 2194 2434 2249 eolimus.

870 2288 1007 2353 Quid
1040 2289 1181 2341 enim
1229 2290 1343 2354 tibi,
1383 2306 1417 2341 ο
1464 2290 1677 2354 misera,
1732 2298 1932 2342 tantum
1979 2288 2231 2357 prodesse
2272 2297 2442 2355 potest

870 2380 1055 2447 frigida
1088 2381 1202 2436 hzec
1242 2383 1583 2447 cohabitatio,
1625 2398 1742 2436 eum
1776 2391 1919 2436 tanto
1968 2382 2218 2436 thesauro
2258 2392 2307 2435 te
2338 2381 2442 2450 pri-

875 2472 1001 2525 vet?
1034 2473 1189 2538 Vide,
1236 2475 1694 2542 qua:so:dedncit
1730 2485 1779 2528 te
1820 2490 1851 2528 e
1897 2475 2062 2537 etelis,
2109 2473 2346 2527 excludit
2390 2484 2442 2526 te

868 2562 1129 2626 spirittlali
1158 2564 1408 2629 thalamo,
1430 2565 1661 2633 sejungit
1693 2574 1743 2618 te
1767 2580 1795 2616 a
1818 2565 2016 2618 caelesti
2047 2578 2263 2633 sponso,
2294 2573 2442 2631 parat

869 2653 963 2705 tibi
1017 2654 1328 2708 immortalia
1381 2657 1639 2724 supplicia
1695 2666 1748 2710 et
1799 2665 2057 2709 tormenta
2109 2656 2267 2707 finem
2334 2669 2438 2707 non

868 2744 1134 2798 habentia.
1174 2746 1278 2799 Pro
1308 2746 1390 2800 his
1424 2749 1468 2801 si
1497 2748 1688 2801 talenta
1721 2748 1995 2800 innumera
2022 2745 2282 2815 praeberet
2304 2761 2436 2800 con-

868 2837 1159 2891 tubernalis
1188 2847 1330 2903 tuus,
1371 2839 1414 2891 si
1443 2840 1733 2906 promptior
1758 2849 1901 2892 esset
1937 2837 2212 2904 mancipiis
2241 2836 2439 2890 venali-

869 2930 976 2994 tiis,
1006 2930 1049 2982 si
1080 2942 1130 2983 te
1172 2931 1221 2982 in
1251 2930 1435 2999 majori
1478 2932 1677 2985 honore
1706 2940 1759 2984 et
1786 2930 2041 3001 dignitate
2067 2930 2434 2994 constitueret,

866 3035 1024 3087 quam
1063 3021 1131 3073 sit
1153 3022 1329 3087 regina
1355 3038 1369 3072 ε
1401 3037 1465 3074 an
1494 3038 1596 3073 non
1622 3034 1679 3074 ut
1708 3021 2021 3075 damnosum
2048 3030 2103 3074 et
2141 3020 2434 3083 inimicum,

865 3121 919 3162 et
965 3111 1111 3176 plura
1156 3111 1485 3165 auferentem
1523 3126 1680 3178 quam
1715 3111 1947 3173 dantem,
1987 3111 2064 3163 sic
2111 3109 2345 3163 aversari
2388 3117 2443 3162 et

866 3200 990 3253 odio
1019 3200 1212 3255 habere
1238 3203 1551 3269 oporteret?
1583 3202 1899 3269 Proponitur
1928 3201 2020 3254 tibi
2047 3216 2171 3255 cura
2199 3200 2265 3253 de
2289 3199 2443 3253 bonis

865 3294 1185 3356 caelestibus,
1229 3292 1296 3346 de
1336 3308 1500 3360 regno
1542 3292 1736 3356 futuro,
1781 3292 1847 3346 de
1890 3293 1996 3345 vita
2043 3290 2346 3354 immortali,
2375 3290 2442 3343 de

868 3384 1119 3437 ineffabili
1158 3385 1358 3453 gloria;
1390 3394 1443 3438 tu
1475 3399 1602 3438 vero
1630 3384 1838 3453 negotia
1882 3393 2085 3436 terrena
2116 3394 2441 3436 commemo-

867 3490 976 3539 ras,
1013 3476 1232 3529 ethunc
1261 3475 1325 3529 ad
1372 3476 1458 3529 illa
1490 3476 1673 3529 utilem
1704 3476 1869 3527 visum
1909 3475 2038 3529 colis
2068 3474 2217 3542 quasi
2264 3471 2439 3526 domi-

872 3581 1020 3627 num,
1048 3574 1102 3618 et
1129 3582 1231 3617 non
1266 3577 1315 3618 te
1353 3567 1603 3625 occultas,
1644 3580 1812 3632 neque
1849 3581 1968 3616 oras
1995 3574 2051 3617 ut
2084 3574 2134 3616 te
2172 3574 2310 3615 terra
2341 3563 2437 3616 ab-

869 3656 1100 3716 sorbeat,
1136 3666 1189 3706 ut
1215 3656 1291 3707 sic
1318 3656 1437 3710 inde
1466 3657 1691 3723 migres?
1718 3654 1820 3708 Sed
1863 3654 2221 3707 infirmitatem
2251 3654 2439 3706 mulie-

870 3745 979 3797 ill‘iS
1028 3756 1229 3798 natura:
1270 3746 1398 3798 mihi
1448 3747 1709 3814 pt‘mlcxis,
1754 3757 1805 3799 et
1855 3744 2205 3797 humanorum
2253 3760 2439 3796 usuum

871 3836 1337 3903 dispensationem,
1386 3846 1438 3889 et
1470 3838 1700 3905 quietem
1730 3836 2092 3898 domesticam,
2144 3837 2347 3903 fingens
2389 3843 2442 3887 et

869 3941 1191 3993 eouqmnens
1219 3937 1499 3995 praetextus
1528 3929 1614 3994 qui
1649 3944 1750 3980 non
1778 3929 1934 3981 sunt?
1964 3929 2031 3981 At
2057 3942 2229 3995 neque
2250 3928 2326 3981 sic
2346 3941 2440 3979 eos

869 4016 957 4081 qui
986 4032 1078 4068 cor
1106 4016 1297 4070 habent
1328 4018 1491 4070 falles.
1533 4017 1647 4070 Non
1693 4028 1777 4071 est
1818 4019 1979 4081 enim,
2026 4034 2128 4069 non
2159 4027 2241 4071 est
2265 4018 2435 4086 quies,

871 4125 989 4169 tum:
1030 4110 1093 4161 ad
1126 4120 1321 4162 tantam
1355 4110 1729 4177 turpitudinem
1773 4120 1944 4177 cogat.
1984 4110 2170 4163 Mulier
2209 4112 2346 4162 enim
2393 4111 2438 4164 si

869 4197 1114 4263 Vuitlel‘il,
1164 4216 1267 4253 non
1311 4200 1410 4254 sibi
1448 4200 1545 4268 ipsi
1588 4200 1783 4265 solum,
1829 4200 1922 4254 sed
1961 4212 2013 4254 et
2056 4202 2171 4255 aliis
2209 4202 2439 4270 pluribus

870 4289 1095 4345 sufficiet
1120 4292 1182 4343 ad
1220 4292 1567 4344 ministerium
1601 4309 1613 4344 :
1647 4292 1893 4360 quoniam
1934 4308 2052 4345 cum
2079 4294 2145 4344 ab
2186 4294 2333 4345 initio
2360 4295 2439 4345 vir

872 4391 1042 4442 civilia
1073 4386 1278 4456 negotia
1313 4400 1623 4458 susceperit,
1654 4382 1843 4443 tnuiier
1866 4383 2047 4443 sort-Ila
2073 4392 2154 4435 est
2178 4382 2435 4434 domesti-

870 4495 989 4532 eam
1035 4481 1541 4533 administrationem
1586 4492 1637 4535 et
1679 4497 1877 4534 cuiam.
1923 4481 2036 4534 Non
2070 4481 2224 4551 igitur
2250 4481 2441 4549 quietis

873 4572 1061 4640 indiga:
1092 4571 1229 4624 intus
1260 4572 1443 4639 rapitis
1468 4571 1629 4624 viros.
1660 4572 1738 4622 Ad
1769 4572 1892 4639 quid
1924 4572 2083 4638 ergo?
2118 4572 2284 4638 stupri
2326 4587 2443 4637 gra-

873 4664 944 4715 tia
978 4670 1032 4716 ei
1060 4662 1327 4715 libidinis?
1358 4663 1467 4729 ligo
1497 4662 1710 4730 quidem
1745 4677 1847 4713 non
1890 4662 1965 4714 sic
2003 4661 2246 4724 dixerim,
2286 4662 2439 4719 absit,

876 4753 983 4806 imo
1012 4768 1114 4806 non
1140 4753 1326 4807 desino
1358 4753 1638 4821 objurgare
1666 4765 1760 4805 eos
1790 4752 1875 4819 qui
1905 4752 1980 4803 sic
2006 4751 2218 4803 dicunt:
2248 4752 2443 4803 utinam

873 4856 1047 4897 autem
1073 4842 1321 4913 possibile
1348 4852 1489 4897 esset
1526 4843 1575 4897 id
1603 4843 1952 4912 persuadere!
1983 4844 2110 4908 Quis
2150 4858 2275 4909 ergo
2305 4857 2443 4910 pra:-

876 4945 1071 5001 textus,
1113 4951 1233 5004 qua:
1266 4950 1424 4988 causa
1466 4934 1628 4988 efficit
1668 4944 1725 4987 ut
1775 4951 1883 4987 rem
1928 4936 2070 4987 illam
2111 4944 2440 5002 eXpetamns,

879 5028 1085 5095 inquit?
1115 5026 1288 5080 Inanis
1319 5026 1507 5098 gloria:
1541 5040 1709 5079 amor.
1750 5026 1814 5078 Et
1850 5025 2290 5094 quemadmodum
2318 5026 2442 5076 viris

879 5118 1124 5185 voluptas
1150 5118 1332 5170 frivola
1366 5128 1418 5169 et
1454 5118 1678 5181 misera,
1718 5118 1795 5170 sic
1826 5118 1925 5170 illis
1954 5116 2167 5171 honoris
2195 5116 2442 5185 concupi-

878 5211 1078 5265 scentia
1112 5211 1209 5264 hoc
1237 5212 1636 5265 eontuberninm
1669 5211 1935 5265 conciliat.

953 5305 1190 5358 Mulieres
1228 5321 1367 5358 rauce
1393 5300 1565 5368 gloria:
1594 5308 1807 5376 cupidaz.
1839 5336 1910 5346 -—
1931 5305 2059 5360 Nam
2087 5321 2234 5358 vana:
2263 5306 2441 5374 gloria:

875 5399 1124 5467 cupidum
1170 5414 1315 5467 paane
1358 5415 1511 5454 oznue
1549 5401 1822 5452 hominum
1860 5416 2027 5468 genus
2070 5408 2172 5463 est,
2217 5401 2443 5454 maxime

876 5502 1049 5544 autem
1079 5491 1354 5545 muliebre.
1378 5491 1501 5546 Nam
1525 5508 1642 5545 cum
1662 5508 1831 5560 neque
1847 5508 1978 5559 opus
2002 5492 2223 5545 habeant
2246 5492 2437 5560 quiete,

878 5587 1014 5638 sicut
1042 5584 1365 5638 declaratum
1390 5593 1489 5647 est,
1534 5600 1703 5653 neque
1732 5599 1851 5636 cum
1887 5585 2012 5650 ipsis
2048 5601 2157 5636 rem
2190 5583 2435 5647 habeant,

880 5678 1211 5731 manifestum
1236 5676 1374 5743 quod
1403 5676 1500 5729 hoc
1534 5678 1702 5728 solum
1749 5675 2007 5742 reliquum
2040 5684 2121 5729 est
2160 5676 2433 5743 suspicari.

946 5770 993 5822 6.
1037 5771 1295 5835 Quoniam
1340 5768 1491 5835 igitur
1517 5769 1649 5822 hanc
1690 5768 1811 5821 mali
1842 5766 2072 5821 radicem
2118 5768 2433 5833 invenimus,

873 5880 969 5930 age
994 5875 1180 5917 cetera
1205 5878 1310 5917 non
1333 5861 1782 5933 reprehendamus
1807 5878 1821 5925 ;
1850 5860 2227 5915 admoneamus
2255 5874 2433 5915 autem

873 5966 921 6010 ei
950 5956 1379 6024 persuadeamus,
1418 5952 1557 6026 quod
1601 5953 1737 6008 sicut
1776 5954 1875 6009 viri
1902 5954 1989 6022 qui
2025 5954 2326 6010 cohabitant
2354 5956 2429 6007 vi-

1571 534 1626 586 S.
1657 532 1932 590 JOANNIS
1971 534 2438 593 CHRYSOSTUMI
2479 539 2791 595 AliCIIII‘ZP.
2833 540 3362 599 CONSTANTlNOP.

4004 549 4113 603 5‘2"

2543 652 2733 707 dentur
2753 653 2960 722 quidem
2991 656 3259 723 voluptate
3286 657 3406 722 frui,
3431 656 3613 726 majori
3639 667 3811 709 autem
3844 668 4114 713 tormento

2543 748 2838 800 subdnntnr
2868 746 3082 815 (etenim
3111 750 3221 800 sola
3251 766 3376 817 pura
3409 762 3461 804 ct
3499 748 3664 804 solida
3695 751 3960 816 voluptas,
3988 766 4113 818 qua:

2544 851 2637 902 per
2663 838 3130 905 sequestrationem
3153 838 3255 905 est)
3285 856 3298 891 :
3329 841 3404 893 sic
3432 842 3609 911 utique
3632 852 3684 894 et
3711 856 3865 894 causa
3893 841 4112 892 illarum

2546 927 2720 980 habet.
2767 930 2985 984 Videtur
3035 930 3266 999 quidem,
3321 941 3377 983 ut
3419 934 3545 1000 ipsa:
3596 936 3893 1003 epinaiitur,
3939 933 4112 1000 gloria

2545 1020 2715 1087 aliqua
2747 1020 2869 1073 hinc
2896 1032 2948 1074 et
2976 1022 3186 1075 claritas
3212 1024 3392 1083 nasci;
3422 1028 3464 1076 si
3494 1036 3668 1079 autem
3693 1026 3969 1095 diligenter
3994 1025 4116 1093 quis

2546 1112 2872 1179 exquisierit,
2922 1114 3076 1183 plena
3134 1124 3185 1167 et
3232 1112 3423 1165 referta
3477 1123 3559 1166 est
3600 1118 3730 1179 risu,
3780 1117 4112 1173 confusione.

2548 1200 2846 1268 opprobriis
2874 1212 2927 1254 et
2946 1214 3181 1256 extrema
3211 1202 3513 1272 ignominia.
3542 1203 3607 1255 Et
3629 1206 3696 1257 de
3721 1208 3803 1259 his
3828 1208 3966 1262 dicta
3991 1219 4120 1261 sunt

2549 1293 2598 1345 in
2629 1290 2882 1359 principio
2912 1309 3096 1358 pauca,
3124 1295 3362 1347 dicentur
3390 1302 3564 1346 autem
3608 1302 3661 1347 et
3706 1311 3865 1351 nunc.
3898 1300 3981 1353 Sit
4018 1301 4119 1369 ἱεῖς.

2552 1393 2633 1433 tur
2652 1382 2738 1449 qui
2766 1381 3055 1446 eobabitat,
3085 1385 3127 1435 si
3156 1384 3306 1447 velis,
3336 1400 3438 1436 non
3467 1383 3654 1452 aliquis
3682 1384 3800 1435 vilis
3826 1401 3998 1455 neque
4023 1390 4120 1441 ab-

2549 1471 2838 1540 jectus,sed
2862 1473 2951 1541 qui
2983 1474 3200 1525 multam
3228 1476 3276 1527 in
3302 1474 3530 1528 Ecclesia
3558 1473 3861 1543 dignitatem
3892 1476 4113 1539 habeat,

2550 1576 2601 1616 et
2644 1564 2710 1618 ob
2743 1565 2949 1633 generis
2989 1564 3379 1629 claritudinem,
3436 1577 3490 1619 et
3546 1566 3614 1619 ob
3659 1564 4011 1633 eloquentiam
4062 1580 4120 1619 et

2550 1659 2794 1725 pietatem
2825 1655 3147 1708 admirabilis
3178 1658 3246 1708 sit
3272 1658 3539 1720 omnibus,
3571 1659 3739 1725 sitque
3767 1656 4119 1725 undeqnaque

2549 1747 2748 1809 clarus;
2783 1760 2950 1812 neque
2994 1746 3074 1798 vel
3117 1745 3191 1797 sic
3223 1747 3413 1813 poterit
3444 1747 3583 1799 illam
3615 1747 3784 1798 facere
3814 1747 4011 1799 claram
4054 1762 4119 1799 ac

2549 1838 2839 1906 probatam.
2865 1836 3094 1890 Gloriam
3116 1835 3255 1888 enim
3282 1835 3553 1890 habiturus
3574 1838 3825 1905 qupiam
3848 1853 3913 1890 ex
3938 1836 4119 1889 amici-

2548 1927 2614 1979 tia
2643 1944 2765 1995 erga
2793 1928 3043 1994 aliquem,
3069 1925 3207 1978 illius
3235 1928 3454 1994 gloriam
3483 1929 3629 1995 prius
3645 1929 3909 1982 custodire
3933 1929 4118 1993 debet,

2544 2017 2629 2084 qni
2649 2017 2843 2081 praebet
2861 2026 2913 2068 ut
2931 2015 3251 2084 glorificetur
3266 2033 3277 2079 ;
3294 2032 3412 2069 nam
3430 2018 3473 2069 si
3488 2019 3622 2071 illius
3638 2020 3799 2088 gloria
3811 2019 4115 2083 oﬂ'enditur,

2545 2108 2709 2159 multo
2724 2108 2886 2176 magis
2905 2122 3051 2159 suam
3069 2106 3458 2175 ipsiusgloriam
3473 2107 3669 2175 dejicit.
3683 2109 3811 2163 Nam
3826 2113 3960 2164 sicut
3972 2111 4121 2166 fonte

2543 2208 2809 2265 corrupto,
2840 2208 2891 2250 et
2910 2214 3027 2267 qua:
3050 2198 3169 2251 inde
3187 2207 3398 2251 manant
3417 2198 3609 2251 fluenta
3631 2202 3954 2268 corruptioni
3971 2218 4121 2256 com-

2545 2288 2832 2354 munieant,
2861 2298 2914 2342 et
2939 2289 3114 2342 radice
3134 2298 3375 2357 corrupta
3400 2289 3564 2341 multo
3587 2291 3753 2359 magis
3777 2292 3972 2344 fruetus
3992 2308 4120 2346 cor-

2546 2390 2883 2449 rumpentur:
2905 2380 2981 2433 sie
2997 2390 3050 2434 et
3070 2395 3227 2443 nunc,
3248 2380 3293 2432 si
3310 2381 3353 2433 is
3370 2380 3457 2449 qui
3472 2380 3725 2449 virginem
3743 2382 3935 2435 claram
3959 2382 4120 2436 factu-

2545 2487 2633 2523 rus
2660 2482 2739 2524 est
2766 2472 2853 2523 fiat
2881 2472 3133 2525 ridiculus
3166 2473 3234 2525 ob
3275 2471 3738 2538 cohabitationem,
3767 2473 3877 2540 ipsa
3905 2488 4119 2542 qucque

2545 2572 2665 2613 ante
2700 2560 2844 2614 illum
2874 2572 2926 2614 et
2954 2578 3071 2615 cum
3104 2562 3192 2614 illo
3230 2562 3486 2615 ridebitur
3509 2577 3523 2625 ;
3550 2571 3605 2616 et
3638 2563 3683 2616 si
3719 2565 3921 2616 mulieri
3950 2574 4113 2617 antea

2543 2653 2820 2721 Contigerit
2847 2654 3011 2721 gloria
3041 2653 3175 2705 bona
3196 2653 3332 2721 apud
3358 2654 3568 2715 multos,
3594 2668 3710 2707 eam
3735 2665 3907 2707 tamen
3932 2659 4113 2708 statim

2543 2743 2809 2811 ingressus
2851 2744 2937 2797 ille
2980 2745 3137 2797 domo
3182 2744 3384 2812 cjiciet;
3426 2752 3627 2796 tantum
3666 2744 3815 2797 abest
3858 2753 3912 2796 ut
3952 2746 4113 2797 aliam

2541 2847 2719 2885 secum
2746 2832 2933 2886 afferat
2960 2851 2973 2885 :
3006 2850 3066 2887 ac
3096 2833 3216 2886 licet
3243 2833 3401 2886 etiam
3439 2834 3550 2901 ipse
3580 2832 3771 2886 habeat
3797 2833 3952 2887 talem
3980 2835 4064 2887 exi
4083 2863 4108 2874 -

2542 2924 2920 2987 Stimationem,
2954 2924 3092 2978 idem
3134 2925 3209 2977 illi
3250 2925 3539 2994 continget.
3580 2923 3693 2978 Non
3724 2926 3879 2994 igitur
3914 2925 4111 2980 famam

2542 3017 2690 3068 vobis
2716 3016 2905 3069 bonam
2936 3018 3146 3071 adducit
3173 3016 3286 3070 huic
3310 3017 3657 3083 consuetudo,
3679 3018 3770 3070 sed
3793 3032 3907 3070 eam
3934 3016 4113 3071 aufert

2543 3123 2699 3176 quam
2732 3108 3023 3170 habebatis,
3053 3119 3107 3161 et
3134 3108 3322 3160 malam
3356 3109 3572 3176 insuper
3598 3108 3790 3160 confiat
3816 3123 3971 3176 quam
4001 3123 4109 3160 non

2546 3197 2838 3252 habebatis.
2876 3199 2942 3252 Et
2969 3198 3108 3267 quod
3136 3199 3200 3252 de
3228 3197 3426 3252 JUdiL‘is‘
3452 3197 3705 3265 pr0pheta
3738 3197 3883 3256 dicit.
3910 3213 4109 3265 oppor-

2546 3298 2728 3342 tunum
2773 3298 2855 3343 est
2893 3290 3050 3342 etiam
3096 3304 3236 3341 nunc
3283 3288 3479 3342 dicere.
3522 3287 3582 3340 Si
3624 3288 3829 3338 uiolabit
3868 3286 4113 3353 .Ethiops

2545 3381 2722 3449 pellem
2764 3396 2927 3443 suam,
2968 3389 3013 3432 el
3058 3381 3245 3445 pardus
3283 3379 3503 3430 maculas
3537 3393 3654 3429 suus
3694 3376 3819 3446 (Jer.
3868 3377 3945 3429 15.
3990 3377 4111 3444 ‘23),

2542 3472 2699 3525 etiam
2727 3472 2815 3539 qui
2843 3470 3031 3524 talibus
3051 3469 3371 3533 eohabitant,
3396 3468 3650 3519 maculam
3672 3465 3805 3519 hanc
3824 3467 4110 3535 aliquando

2543 3562 2808 3629 deponent
2854 3577 2866 3613 :
2919 3560 2993 3613 sic
3044 3557 3483 3628 quemadmodum
3535 3557 3742 3625 corpori
3791 3556 4105 3619 cauterium,

2544 3654 2815 3705 amborum
2866 3649 3243 3703 existimationi
3296 3649 3545 3711 inuritur,
3589 3656 3641 3700 et
3692 3647 3827 3699 bona
3874 3646 4107 3714 ipsorum

2545 3743 2717 3795 omnia
2753 3740 2993 3794 offuscat.
3020 3740 3121 3793 Sed
3162 3740 3294 3792 forte
3321 3738 3541 3807 gloriam
3569 3745 3755 3806 putant
3784 3736 3882 3790 hoc
3910 3737 4103 3805 ipsum,

2545 3832 2803 3901 imperare
2847 3831 2992 3883 viris.
3039 3832 3107 3882 At
3142 3828 3241 3882 hoc
3279 3836 3360 3880 est
3404 3827 3535 3880 mire
3571 3826 3868 3890 ridiculum,
3908 3836 3959 3878 et
3999 3842 4108 3893 quo

2544 3925 2770 3977 maxime
2797 3922 3085 3991 gloriantur
3112 3922 3239 3975 sol-.1:
3271 3920 3592 3974 meretrices.
3625 3918 3898 3972 Mulierum
3924 3918 4105 3987 utique

2544 4016 2827 4070 liberarum
2857 4024 2912 4069 et
2948 4025 3207 4067 castarum
3246 4012 3347 4065 hoc
3374 4026 3475 4065 non
3504 4010 3679 4076 fuerit,
3708 4011 3759 4063 in
3788 4009 3976 4063 talibus
4013 4027 4105 4063 re-

2546 4109 2682 4161 tibus
2712 4107 2970 4161 delieiari.
3007 4106 3267 4171 Quoniam
3308 4114 3362 4159 et
3396 4104 3519 4159 hinc
3560 4105 3753 4159 iterum
3792 4103 3929 4157 aliud
3957 4105 4107 4172 igno-

2543 4202 2717 4254 minia:
2745 4207 3134 4269 argumentum,
3167 4206 3222 4252 et
3248 4206 3446 4267 quanto
3471 4198 3640 4265 magis
3670 4196 3928 4265 imperant
3954 4197 4103 4261 viris,

2543 4302 2596 4345 et
2620 4291 2858 4360 graviora
2886 4292 3183 4359 injnugunt,
3208 4298 3353 4342 tanto
3379 4287 3544 4356 magis
3564 4288 3762 4355 seipsas
3781 4285 4102 4340 confundunt

2544 4401 2663 4437 eum
2693 4384 2839 4459 ipsis.
2868 4384 2981 4440 Non
3009 4384 3151 4438 enim
3182 4397 3299 4457 qur:
3338 4395 3539 4441 servn‘e
3566 4379 3689 4439 facit
3725 4379 3863 4438 viros
3897 4382 4105 4450 i‘nulier,

2545 4484 2636 4537 sed
2665 4500 2780 4551 qua:
2803 4494 3093 4544 reveretur,
3118 4482 3361 4534 omnibus
3384 4488 3466 4533 est
3485 4476 3768 4531 reverenda
3786 4486 3837 4530 et
3856 4476 4103 4545 gloriosa.

2546 4577 2599 4628 Si
2629 4585 2802 4628 autem
2834 4592 2936 4628 non
2967 4574 3316 4628 sustinuerint
3346 4572 3458 4624 lnec
3486 4578 3664 4623 nostra
3689 4569 3865 4633 verba,
3900 4570 3986 4623 Dei
4016 4570 4101 4623 lex

2548 4667 2828 4720 orelndere
2862 4682 2954 4719 ora
2994 4681 3171 4718 earum
3223 4673 3411 4733 potest,
3458 4662 3533 4714 sic
3571 4661 3751 4715 dicens
3782 4680 3793 4713 :
3826 4662 3902 4714 Ad
3944 4664 4105 4714 virum

2549 4768 2684 4809 tuum
2701 4758 2952 4808 conversio
2982 4768 3083 4813 tua.
3122 4766 3164 4807 et
3186 4755 3290 4822 ipse
3316 4754 3387 4804 tui
3416 4752 3761 4805 dominabitur.
3790 4751 3949 4820 Caput
3975 4753 4107 4804 enim

2550 4848 2769 4898 mulieris
2799 4848 2870 4897 vir
2896 4844 3042 4916 (Cen.
3068 4846 3117 4899 5.
3151 4845 3235 4899 16.
3270 4846 3317 4897 1.
3350 4842 3467 4897 Cor.
3500 4843 3582 4896 11.
3624 4843 3699 4910 5).
3731 4843 3793 4897 Et
3840 4843 4047 4897 aliunde
4072 4859 4107 4896 e

2551 4939 2725 4989 multis
2762 4938 2894 4991 locis
2919 4937 3035 5006 quis
3064 4938 3163 4990 hoc
3190 4936 3421 4989 inveniet
3458 4934 3533 4988 sic
3563 4934 3759 4997 legibus
3792 4946 4022 4998 cautum,
4052 4944 4107 4986 et

2548 5028 2687 5081 hunc
2734 5030 2857 5081 olim
2898 5032 3075 5082 datum
3116 5043 3233 5081 esse
3275 5026 3538 5078 ordinem.
3586 5025 3761 5094 Itaque
3801 5039 3982 5093 magna
4025 5035 4107 5079 est

2548 5120 2775 5184 foeditas,
2806 5122 2847 5173 si
2889 5121 3158 5189 superiora
3200 5121 3325 5172 fiant
3367 5116 3610 5170 inferiora
3634 5158 3647 5179 ,
3677 5127 3830 5184 caput
3858 5117 4106 5169 deorsum

2546 5226 2599 5271 et
2619 5230 2809 5284 corpus
2834 5230 3062 5267 sursum.
3086 5211 3235 5278 Quod
3264 5213 3305 5264 si
3336 5212 3386 5263 in
3410 5210 3604 5278 nuptiis
3627 5210 3723 5263 hoc
3744 5222 3909 5276 turpe,
3943 5207 4108 5259 multo

2546 5306 2712 5375 magis
2738 5307 2789 5359 in
2816 5306 2916 5360 hoc
2936 5305 3227 5366 COHSOI'UO,
3259 5301 3346 5354 ubi
3377 5317 3477 5353 non
3503 5299 3603 5354 hoc
3627 5302 3792 5353 Solum
3821 5313 3976 5367 grave
4003 5305 4105 5359 est,

2546 5400 2681 5472 quod
2704 5400 2771 5454 sit
2791 5396 3138 5465 transgressio
3160 5394 3349 5446 divinae
3372 5392 3516 5460 legis,
3548 5392 3638 5445 sed
3661 5390 3800 5459 quod
3828 5388 4106 5455 pessimam

2546 5506 2598 5549 et
2627 5495 2831 5548 mulieri
2861 5505 2914 5546 et
2940 5492 3009 5544 illi
3040 5489 3223 5543 amarat
3252 5485 3458 5544 famaue.
3485 5486 3609 5543 Nam
3640 5486 3683 5543 si
3706 5480 4007 5535 cohabitare
4028 5492 4108 5533 θδι

2547 5596 2718 5653 turpe,
2748 5584 2914 5636 multo
2946 5583 3109 5650 magis
3130 5582 3515 5636 cohabitantem
3545 5584 3656 5633 viro
3683 5576 3957 5629 dominari.
3990 5575 4104 5628 Non

2545 5680 2685 5733 enim
2718 5678 3060 5745 undequaque
3100 5676 3356 5744 imperare
3402 5674 3610 5728 laudem
3648 5668 3821 5730 habet,
3862 5668 3950 5723 sed
3992 5666 4104 5720 fieri

2544 5782 2713 5841 potest
2753 5782 2810 5823 ut
2846 5766 2933 5839 qui
2975 5769 3259 5837 imperatur
3301 5765 3648 5825 laudabiliter,
3677 5770 3728 5815 et
3765 5763 3849 5832 qui
3881 5762 4106 5828 imperat

2546 5864 2766 5930 turpiter
2792 5872 2927 5931 agat.
2958 5860 3133 5932 Itaque
3171 5863 3213 5913 si
3256 5860 3331 5911 vis
3366 5859 3416 5909 iu
3445 5856 3786 5911 admiralioae
3826 5870 3941 5909 esse
3968 5854 4106 5920 apud

2545 5956 2707 6020 viros,
2743 5955 2869 6009 nihil
2903 5956 2991 6010 tibi
3017 5966 3297 6010 commune
3328 5949 3531 6003 sitcum
3557 5949 3699 6017 ipsis,
3727 5947 3953 6018 procula
3979 5960 4104 5997 (tona

2637 6660 2723 6665 ἠῄ,
3151 6667 3210 6668 ,7,
