  <div class='ocr_page' id='page_1' title='image "/cluster/home/n/w/nwhite01/storage/ocr_20150623/47/hvd.32044025239690/484.png"; bbox 0 0 4392 6742; ppageno 0'>
   <div class='ocr_carea' id='block_1_1' title="bbox 323 583 429 636">
    <p class='ocr_par' dir='ltr' id='par_1_1' title="bbox 323 583 429 636">
     <span class='ocr_line' id='line_1_1' title="bbox 323 583 429 636; baseline 0.019 -2"><span class='ocrx_word' id='word_1_1' title='bbox 323 583 429 636; x_wconf 70' lang='lat'>595</span> 
     </span>
    </p>
   </div>
   <div class='ocr_carea' id='block_1_2' title="bbox 318 690 1888 766">
    <p class='ocr_par' dir='ltr' id='par_1_2' title="bbox 318 690 1888 766">
     <span class='ocr_line' id='line_1_2' title="bbox 318 690 1888 766; baseline -0.004 -17"><span class='ocrx_word' id='word_1_2' title='bbox 318 696 674 765; x_wconf 70' lang='grc' dir='ltr'>ἐπιτείνωμεν</span> <span class='ocrx_word' id='word_1_3' title='bbox 694 711 706 724; x_wconf 79' lang='grc'><strong><em>⁸</em></strong></span> <span class='ocrx_word' id='word_1_4' title='bbox 741 698 820 758; x_wconf 87' lang='grc' dir='ltr'>εἰς</span> <span class='ocrx_word' id='word_1_5' title='bbox 853 698 959 766; x_wconf 74' lang='grc' dir='ltr'>γὰρ</span> <span class='ocrx_word' id='word_1_6' title='bbox 988 692 1220 765; x_wconf 76' lang='grc' dir='ltr'>Χριστὸν</span> <span class='ocrx_word' id='word_1_7' title='bbox 1255 692 1414 745; x_wconf 74' lang='grc' dir='ltr'>αὐτὸν</span> <span class='ocrx_word' id='word_1_8' title='bbox 1465 691 1612 762; x_wconf 68' lang='lat'>[2‘58]</span> <span class='ocrx_word' id='word_1_9' title='bbox 1641 690 1888 759; x_wconf 82' lang='grc' dir='ltr'>ἁμαρτά-</span> 
     </span>
    </p>
   </div>
   <div class='ocr_carea' id='block_1_3' title="bbox 319 772 1890 849">
    <p class='ocr_par' dir='ltr' id='par_1_3' title="bbox 319 772 1890 849">
     <span class='ocr_line' id='line_1_3' title="bbox 319 772 1890 849; baseline -0.007 -16"><span class='ocrx_word' id='word_1_10' title='bbox 319 798 432 843; x_wconf 89' lang='grc' dir='ltr'>νεις</span> <span class='ocrx_word' id='word_1_11' title='bbox 477 781 699 832; x_wconf 90' lang='grc' dir='ltr'>τοιαῦτα</span> <span class='ocrx_word' id='word_1_12' title='bbox 738 778 1212 849; x_wconf 83' lang='grc' dir='ltr'>φιλονεικοῦσα.“Η</span> <span class='ocrx_word' id='word_1_13' title='bbox 1247 777 1344 829; x_wconf 82' lang='grc' dir='ltr'>οὐκ</span> <span class='ocrx_word' id='word_1_14' title='bbox 1391 775 1606 837; x_wconf 76' lang='grc' dir='ltr'>ἀκούεις</span> <span class='ocrx_word' id='word_1_15' title='bbox 1656 772 1890 841; x_wconf 85' lang='grc' dir='ltr'>συνεχῶς</span> 
     </span>
    </p>
   </div>
   <div class='ocr_carea' id='block_1_4' title="bbox 321 857 1891 933">
    <p class='ocr_par' dir='ltr' id='par_1_4' title="bbox 321 857 1891 933">
     <span class='ocr_line' id='line_1_4' title="bbox 321 857 1891 933; baseline -0.005 -18"><span class='ocrx_word' id='word_1_16' title='bbox 321 865 381 915; x_wconf 82' lang='grc' dir='ltr'>ὲν</span> <span class='ocrx_word' id='word_1_17' title='bbox 414 865 509 933; x_wconf 82' lang='grc' dir='ltr'>μὲν</span> <span class='ocrx_word' id='word_1_18' title='bbox 548 866 613 933; x_wconf 83' lang='grc' dir='ltr'>τῇ</span> <span class='ocrx_word' id='word_1_19' title='bbox 653 863 866 929; x_wconf 81' lang='grc' dir='ltr'>Παλαιᾷ</span> <span class='ocrx_word' id='word_1_20' title='bbox 895 859 986 911; x_wconf 86' lang='grc' dir='ltr'>τοῦ</span> <span class='ocrx_word' id='word_1_21' title='bbox 1023 860 1296 923; x_wconf 84' lang='grc' dir='ltr'>Μωύσέως</span> <span class='ocrx_word' id='word_1_22' title='bbox 1334 860 1581 927; x_wconf 88' lang='grc' dir='ltr'>λέγοντος</span> <span class='ocrx_word' id='word_1_23' title='bbox 1619 858 1720 917; x_wconf 86' lang='grc' dir='ltr'>ὃτι,</span> <span class='ocrx_word' id='word_1_24' title='bbox 1751 857 1891 920; x_wconf 79' lang='grc' dir='ltr'>Θεός</span> 
     </span>
    </p>
   </div>
   <div class='ocr_carea' id='block_1_5' title="bbox 319 940 1891 1012">
    <p class='ocr_par' dir='ltr' id='par_1_5' title="bbox 319 940 1891 1012">
     <span class='ocr_line' id='line_1_5' title="bbox 319 940 1891 1012; baseline -0.004 -15"><span class='ocrx_word' id='word_1_25' title='bbox 319 951 451 999; x_wconf 69' lang='grc' dir='ltr'>ἐστι</span> <span class='ocrx_word' id='word_1_26' title='bbox 490 945 786 1012; x_wconf 73' lang='grc' dir='ltr'>ζηλωτήςς</span> <span class='ocrx_word' id='word_1_27' title='bbox 826 943 990 995; x_wconf 86' lang='grc' dir='ltr'>αὐτοῦ</span> <span class='ocrx_word' id='word_1_28' title='bbox 1021 943 1075 996; x_wconf 81' lang='grc' dir='ltr'>δὲ</span> <span class='ocrx_word' id='word_1_29' title='bbox 1105 943 1517 1012; x_wconf 66' lang='grc' dir='ltr'>ὅτι,Ἐζιξλωκα</span> <span class='ocrx_word' id='word_1_30' title='bbox 1547 941 1658 1008; x_wconf 78' lang='grc' dir='ltr'>τὴν</span> <span class='ocrx_word' id='word_1_31' title='bbox 1688 940 1891 1005; x_wconf 81' lang='grc' dir='ltr'>Ἰερου-</span> 
     </span>
    </p>
   </div>
   <div class='ocr_carea' id='block_1_6' title="bbox 320 1019 1891 1098">
    <p class='ocr_par' dir='ltr' id='par_1_6' title="bbox 320 1019 1891 1098">
     <span class='ocr_line' id='line_1_6' title="bbox 320 1019 1891 1098; baseline -0.006 -16"><span class='ocrx_word' id='word_1_32' title='bbox 320 1030 561 1098; x_wconf 58' lang='lat' dir='ltr'>cautim;</span> <span class='ocrx_word' id='word_1_33' title='bbox 596 1032 652 1081; x_wconf 84' lang='grc' dir='ltr'>ὲν</span> <span class='ocrx_word' id='word_1_34' title='bbox 683 1028 739 1079; x_wconf 79' lang='grc' dir='ltr'>δὲ</span> <span class='ocrx_word' id='word_1_35' title='bbox 767 1029 831 1096; x_wconf 85' lang='grc' dir='ltr'>τῇ</span> <span class='ocrx_word' id='word_1_36' title='bbox 858 1029 1030 1098; x_wconf 79' lang='grc' dir='ltr'>Καινῇ</span> <span class='ocrx_word' id='word_1_37' title='bbox 1064 1029 1155 1082; x_wconf 88' lang='grc' dir='ltr'>τοῦ</span> <span class='ocrx_word' id='word_1_38' title='bbox 1186 1029 1398 1081; x_wconf 88' lang='grc' dir='ltr'>Παύλου</span> <span class='ocrx_word' id='word_1_39' title='bbox 1427 1023 1654 1094; x_wconf 87' lang='grc' dir='ltr'>βοῶντος</span> <span class='ocrx_word' id='word_1_40' title='bbox 1675 1040 1688 1052; x_wconf 87' lang='grc'><strong>·</strong></span> <span class='ocrx_word' id='word_1_41' title='bbox 1716 1019 1891 1091; x_wconf 83' lang='grc' dir='ltr'>Ζηλῶ</span> 
     </span>
    </p>
   </div>
   <div class='ocr_carea' id='block_1_7' title="bbox 321 1107 1890 1180">
    <p class='ocr_par' dir='ltr' id='par_1_7' title="bbox 321 1107 1890 1180">
     <span class='ocr_line' id='line_1_7' title="bbox 321 1107 1890 1180; baseline -0.004 -16"><span class='ocrx_word' id='word_1_42' title='bbox 321 1116 432 1180; x_wconf 58' lang='grc' dir='ltr'>γὰρ</span> <span class='ocrx_word' id='word_1_43' title='bbox 464 1112 620 1179; x_wconf 75' lang='grc' dir='ltr'>ὑμᾶς</span> <span class='ocrx_word' id='word_1_44' title='bbox 658 1109 805 1163; x_wconf 85' lang='grc' dir='ltr'>Θεοῦ</span> <span class='ocrx_word' id='word_1_45' title='bbox 835 1110 1009 1179; x_wconf 61' lang='grc' dir='ltr'>ζὸῖλῳ.</span> <span class='ocrx_word' id='word_1_46' title='bbox 1045 1113 1233 1174; x_wconf 90' lang='grc' dir='ltr'>Τοῦτο,</span> <span class='ocrx_word' id='word_1_47' title='bbox 1275 1112 1323 1163; x_wconf 88' lang='grc' dir='ltr'>εί</span> <span class='ocrx_word' id='word_1_48' title='bbox 1369 1109 1463 1162; x_wconf 75' lang='grc' dir='ltr'>καὶ</span> <span class='ocrx_word' id='word_1_49' title='bbox 1501 1109 1663 1179; x_wconf 82' lang='grc' dir='ltr'>μηδὲν</span> <span class='ocrx_word' id='word_1_50' title='bbox 1709 1107 1890 1178; x_wconf 75' lang='grc' dir='ltr'>ἕτερον</span> 
     </span>
    </p>
   </div>
   <div class='ocr_carea' id='block_1_8' title="bbox 321 1189 1890 1267">
    <p class='ocr_par' dir='ltr' id='par_1_8' title="bbox 321 1189 1890 1267">
     <span class='ocr_line' id='line_1_8' title="bbox 321 1189 1890 1267; baseline -0.004 -19"><span class='ocrx_word' id='word_1_51' title='bbox 321 1197 470 1258; x_wconf 78' lang='grc' dir='ltr'>ἄλλο,</span> <span class='ocrx_word' id='word_1_52' title='bbox 506 1193 684 1245; x_wconf 82' lang='grc' dir='ltr'>ἱκανὸν</span> <span class='ocrx_word' id='word_1_53' title='bbox 715 1190 782 1264; x_wconf 75' lang='grc' dir='ltr'>ἦν</span> <span class='ocrx_word' id='word_1_54' title='bbox 812 1196 910 1266; x_wconf 81' lang='grc' dir='ltr'>τὴν</span> <span class='ocrx_word' id='word_1_55' title='bbox 944 1197 1017 1267; x_wconf 80' lang='grc' dir='ltr'>μὴ</span> <span class='ocrx_word' id='word_1_56' title='bbox 1057 1197 1261 1265; x_wconf 81' lang='grc' dir='ltr'>σφόδρα</span> <span class='ocrx_word' id='word_1_57' title='bbox 1291 1191 1551 1245; x_wconf 89' lang='grc' dir='ltr'>νοσοῦσαν</span> <span class='ocrx_word' id='word_1_58' title='bbox 1591 1193 1682 1244; x_wconf 76' lang='grc' dir='ltr'>καὶ</span> <span class='ocrx_word' id='word_1_59' title='bbox 1714 1189 1890 1260; x_wconf 81' lang='grc' dir='ltr'>ἀπηλ-</span> 
     </span>
    </p>
   </div>
   <div class='ocr_carea' id='block_1_9' title="bbox 322 1274 1887 1350">
    <p class='ocr_par' dir='ltr' id='par_1_9' title="bbox 322 1274 1887 1350">
     <span class='ocr_line' id='line_1_9' title="bbox 322 1274 1887 1350; baseline -0.003 -20"><span class='ocrx_word' id='word_1_60' title='bbox 322 1280 567 1346; x_wconf 87' lang='grc' dir='ltr'>γημένην</span> <span class='ocrx_word' id='word_1_61' title='bbox 615 1278 934 1350; x_wconf 68' lang='grc' dir='ltr'>ἐπιστρέψαι</span> <span class='ocrx_word' id='word_1_62' title='bbox 981 1281 1189 1350; x_wconf 69' lang='grc' dir='ltr'>ψυχήνο</span> <span class='ocrx_word' id='word_1_63' title='bbox 1235 1275 1378 1330; x_wconf 75' lang='grc' dir='ltr'>οὑτω</span> <span class='ocrx_word' id='word_1_64' title='bbox 1409 1276 1514 1346; x_wconf 83' lang='grc' dir='ltr'>γὰρ</span> <span class='ocrx_word' id='word_1_65' title='bbox 1555 1275 1779 1344; x_wconf 78' lang='grc' dir='ltr'>φοϐερὸν</span> <span class='ocrx_word' id='word_1_66' title='bbox 1809 1274 1887 1334; x_wconf 85' lang='grc' dir='ltr'>ὃν,</span> 
     </span>
    </p>
   </div>
   <div class='ocr_carea' id='block_1_10' title="bbox 324 1360 1889 1435">
    <p class='ocr_par' dir='ltr' id='par_1_10' title="bbox 324 1360 1889 1435">
     <span class='ocr_line' id='line_1_10' title="bbox 324 1360 1889 1435; baseline 0.007 -23"><span class='ocrx_word' id='word_1_67' title='bbox 324 1364 420 1431; x_wconf 71' lang='grc' dir='ltr'>ή-Ξυ</span> <span class='ocrx_word' id='word_1_68' title='bbox 459 1361 655 1431; x_wconf 85' lang='grc' dir='ltr'>μᾶλλόν</span> <span class='ocrx_word' id='word_1_69' title='bbox 694 1364 860 1426; x_wconf 83' lang='grc' dir='ltr'>ἐστιν,</span> <span class='ocrx_word' id='word_1_70' title='bbox 888 1366 920 1435; x_wconf 85' lang='grc' dir='ltr'>ἢ</span> <span class='ocrx_word' id='word_1_71' title='bbox 957 1363 1205 1433; x_wconf 77' lang='grc' dir='ltr'>φοϐερόν.</span> <span class='ocrx_word' id='word_1_72' title='bbox 1236 1362 1310 1412; x_wconf 90' lang='grc' dir='ltr'>Οὑ</span> <span class='ocrx_word' id='word_1_73' title='bbox 1341 1360 1447 1430; x_wconf 68' lang='grc' dir='ltr'>γὰρ</span> <span class='ocrx_word' id='word_1_74' title='bbox 1473 1361 1536 1414; x_wconf 84' lang='grc' dir='ltr'>ἂν</span> <span class='ocrx_word' id='word_1_75' title='bbox 1569 1360 1724 1429; x_wconf 76' lang='grc' dir='ltr'>ζῆλὸς</span> <span class='ocrx_word' id='word_1_76' title='bbox 1761 1374 1889 1411; x_wconf 80' lang='grc' dir='ltr'>ποτε</span> 
     </span>
    </p>
   </div>
   <div class='ocr_carea' id='block_1_11' title="bbox 323 1441 1892 1516">
    <p class='ocr_par' dir='ltr' id='par_1_11' title="bbox 323 1441 1892 1516">
     <span class='ocr_line' id='line_1_11' title="bbox 323 1441 1892 1516; baseline -0.001 -20"><span class='ocrx_word' id='word_1_77' title='bbox 323 1447 550 1510; x_wconf 76' lang='grc' dir='ltr'>γένοιτο,</span> <span class='ocrx_word' id='word_1_78' title='bbox 581 1446 652 1516; x_wconf 83' lang='grc' dir='ltr'>μὴ</span> <span class='ocrx_word' id='word_1_79' title='bbox 683 1446 888 1516; x_wconf 83' lang='grc' dir='ltr'>θερμῆς</span> <span class='ocrx_word' id='word_1_80' title='bbox 917 1462 1060 1506; x_wconf 90' lang='grc' dir='ltr'>τινος</span> <span class='ocrx_word' id='word_1_81' title='bbox 1101 1446 1192 1496; x_wconf 76' lang='grc' dir='ltr'>καὶ</span> <span class='ocrx_word' id='word_1_82' title='bbox 1231 1445 1454 1513; x_wconf 79' lang='grc' dir='ltr'>ζεούσης</span> <span class='ocrx_word' id='word_1_83' title='bbox 1489 1441 1892 1514; x_wconf 78' lang='grc' dir='ltr'>προύποκειμέ-</span> 
     </span>
    </p>
   </div>
   <div class='ocr_carea' id='block_1_12' title="bbox 323 1523 1884 1598">
    <p class='ocr_par' dir='ltr' id='par_1_12' title="bbox 323 1523 1884 1598">
     <span class='ocr_line' id='line_1_12' title="bbox 323 1523 1884 1598; baseline -0.003 -19"><span class='ocrx_word' id='word_1_84' title='bbox 323 1547 418 1598; x_wconf 78' lang='grc' dir='ltr'>νης</span> <span class='ocrx_word' id='word_1_85' title='bbox 445 1530 661 1598; x_wconf 81' lang='grc' dir='ltr'>ἀγάπης</span> <span class='ocrx_word' id='word_1_86' title='bbox 681 1548 694 1560; x_wconf 88' lang='grc'><strong>·</strong></span> <span class='ocrx_word' id='word_1_87' title='bbox 725 1530 866 1581; x_wconf 80' lang='grc' dir='ltr'>ὥστε</span> <span class='ocrx_word' id='word_1_88' title='bbox 897 1528 1130 1595; x_wconf 82' lang='grc' dir='ltr'>σφοδρᾶς</span> <span class='ocrx_word' id='word_1_89' title='bbox 1176 1528 1269 1580; x_wconf 77' lang='grc' dir='ltr'>καὶ</span> <span class='ocrx_word' id='word_1_90' title='bbox 1315 1527 1713 1598; x_wconf 77' lang='grc' dir='ltr'>πεπυρωμένης</span> <span class='ocrx_word' id='word_1_91' title='bbox 1751 1523 1884 1591; x_wconf 88' lang='grc' dir='ltr'>άγά-</span> 
     </span>
    </p>
   </div>
   <div class='ocr_carea' id='block_1_13' title="bbox 325 1606 1894 1681">
    <p class='ocr_par' dir='ltr' id='par_1_13' title="bbox 325 1606 1894 1681">
     <span class='ocr_line' id='line_1_13' title="bbox 325 1606 1894 1681; baseline -0.003 -20"><span class='ocrx_word' id='word_1_92' title='bbox 325 1629 431 1679; x_wconf 84' lang='grc' dir='ltr'>πης</span> <span class='ocrx_word' id='word_1_93' title='bbox 462 1613 554 1664; x_wconf 88' lang='grc' dir='ltr'>τοῦ</span> <span class='ocrx_word' id='word_1_94' title='bbox 584 1612 716 1664; x_wconf 73' lang='grc' dir='ltr'>Θεοῦ</span> <span class='ocrx_word' id='word_1_95' title='bbox 746 1611 838 1664; x_wconf 75' lang='grc' dir='ltr'>καὶ</span> <span class='ocrx_word' id='word_1_96' title='bbox 869 1610 1049 1677; x_wconf 77' lang='grc' dir='ltr'>φιλίας</span> <span class='ocrx_word' id='word_1_97' title='bbox 1084 1611 1379 1681; x_wconf 87' lang='grc' dir='ltr'>τεκμήριον</span> <span class='ocrx_word' id='word_1_98' title='bbox 1413 1610 1568 1662; x_wconf 80' lang='grc' dir='ltr'>τοῦτό</span> <span class='ocrx_word' id='word_1_99' title='bbox 1605 1611 1771 1660; x_wconf 78' lang='grc' dir='ltr'>ἐστιν.</span> <span class='ocrx_word' id='word_1_100' title='bbox 1798 1606 1894 1658; x_wconf 80' lang='grc' dir='ltr'>Οὐ-</span> 
     </span>
    </p>
   </div>
   <div class='ocr_carea' id='block_1_14' title="bbox 321 1689 1892 1764">
    <p class='ocr_par' dir='ltr' id='par_1_14' title="bbox 321 1689 1892 1764">
     <span class='ocr_line' id='line_1_14' title="bbox 321 1689 1892 1764; baseline -0.003 -19"><span class='ocrx_word' id='word_1_101' title='bbox 321 1694 374 1745; x_wconf 67' lang='grc' dir='ltr'>δὲ</span> <span class='ocrx_word' id='word_1_102' title='bbox 409 1695 516 1764; x_wconf 76' lang='grc' dir='ltr'>γάρ</span> <span class='ocrx_word' id='word_1_103' title='bbox 546 1694 711 1756; x_wconf 83' lang='grc' dir='ltr'>πάθος</span> <span class='ocrx_word' id='word_1_104' title='bbox 742 1695 886 1744; x_wconf 72' lang='grc' dir='ltr'>ἐστὶν</span> <span class='ocrx_word' id='word_1_105' title='bbox 911 1695 939 1744; x_wconf 98' lang='lat'>6</span> <span class='ocrx_word' id='word_1_106' title='bbox 963 1691 1121 1760; x_wconf 75' lang='grc' dir='ltr'>ζῆλος</span> <span class='ocrx_word' id='word_1_107' title='bbox 1151 1693 1242 1745; x_wconf 75' lang='grc' dir='ltr'>ἐπὶ</span> <span class='ocrx_word' id='word_1_108' title='bbox 1267 1693 1421 1753; x_wconf 81' lang='grc' dir='ltr'>Θεοῦ,</span> <span class='ocrx_word' id='word_1_109' title='bbox 1465 1691 1600 1744; x_wconf 83' lang='grc' dir='ltr'>ἀλλά</span> <span class='ocrx_word' id='word_1_110' title='bbox 1627 1693 1726 1750; x_wconf 67' lang='grc' dir='ltr'>τὴν</span> <span class='ocrx_word' id='word_1_111' title='bbox 1751 1689 1892 1756; x_wconf 82' lang='grc' dir='ltr'>ἀφα-</span> 
     </span>
    </p>
   </div>
   <div class='ocr_carea' id='block_1_15' title="bbox 318 1771 1893 1845">
    <p class='ocr_par' dir='ltr' id='par_1_15' title="bbox 318 1771 1893 1845">
     <span class='ocr_line' id='line_1_15' title="bbox 318 1771 1893 1845; baseline -0.003 -18"><span class='ocrx_word' id='word_1_112' title='bbox 318 1794 409 1827; x_wconf 78' lang='grc' dir='ltr'>τον</span> <span class='ocrx_word' id='word_1_113' title='bbox 431 1775 594 1830; x_wconf 84' lang='grc' dir='ltr'>αὑτοῦ</span> <span class='ocrx_word' id='word_1_114' title='bbox 620 1776 995 1845; x_wconf 76' lang='grc' dir='ltr'>φιλοστοργίαν</span> <span class='ocrx_word' id='word_1_115' title='bbox 1013 1775 1342 1844; x_wconf 78' lang='grc' dir='ltr'>ἑρμηνεῦσαι</span> <span class='ocrx_word' id='word_1_116' title='bbox 1368 1771 1893 1845; x_wconf 81' lang='grc' dir='ltr'>βουλόμενος,τούτῳ</span> 
     </span>
    </p>
   </div>
   <div class='ocr_carea' id='block_1_16' title="bbox 321 1857 1892 1928">
    <p class='ocr_par' dir='ltr' id='par_1_16' title="bbox 321 1857 1892 1928">
     <span class='ocr_line' id='line_1_16' title="bbox 321 1857 1892 1928; baseline -0.001 -20"><span class='ocrx_word' id='word_1_117' title='bbox 321 1859 580 1920; x_wconf 83' lang='grc' dir='ltr'>πολλάκις</span> <span class='ocrx_word' id='word_1_118' title='bbox 618 1857 990 1927; x_wconf 77' lang='grc' dir='ltr'>ἀποκέχρηται</span> <span class='ocrx_word' id='word_1_119' title='bbox 1033 1857 1111 1926; x_wconf 84' lang='grc' dir='ltr'>τῷ</span> <span class='ocrx_word' id='word_1_120' title='bbox 1139 1859 1380 1928; x_wconf 82' lang='grc' dir='ltr'>ὀνόματι.</span> <span class='ocrx_word' id='word_1_121' title='bbox 1399 1857 1536 1909; x_wconf 75' lang='grc' dir='ltr'>Ἀλλ’</span> <span class='ocrx_word' id='word_1_122' title='bbox 1562 1857 1709 1925; x_wconf 85' lang='grc' dir='ltr'>ὅμως</span> <span class='ocrx_word' id='word_1_123' title='bbox 1734 1857 1892 1925; x_wconf 80' lang='grc' dir='ltr'>ἡμεῖς</span> 
     </span>
    </p>
   </div>
   <div class='ocr_carea' id='block_1_17' title="bbox 321 1936 1891 2010">
    <p class='ocr_par' dir='ltr' id='par_1_17' title="bbox 321 1936 1891 2010">
     <span class='ocr_line' id='line_1_17' title="bbox 321 1936 1891 2010; baseline -0.003 -18"><span class='ocrx_word' id='word_1_124' title='bbox 321 1944 368 1992; x_wconf 77' lang='grc' dir='ltr'>οἱ</span> <span class='ocrx_word' id='word_1_125' title='bbox 399 1940 600 2010; x_wconf 88' lang='grc' dir='ltr'>σφόδρα</span> <span class='ocrx_word' id='word_1_126' title='bbox 627 1939 939 2008; x_wconf 87' lang='grc' dir='ltr'>ἀναίσθητοι</span> <span class='ocrx_word' id='word_1_127' title='bbox 970 1941 1101 2009; x_wconf 79' lang='grc' dir='ltr'>πρὸς</span> <span class='ocrx_word' id='word_1_128' title='bbox 1144 1940 1238 2003; x_wconf 81' lang='grc' dir='ltr'>τὰς</span> <span class='ocrx_word' id='word_1_129' title='bbox 1271 1941 1615 2010; x_wconf 74' lang='grc' dir='ltr'>ἀνθρωπίνας</span> <span class='ocrx_word' id='word_1_130' title='bbox 1660 1936 1891 1990; x_wconf 89' lang='grc' dir='ltr'>καταπί-</span> 
     </span>
    </p>
   </div>
   <div class='ocr_carea' id='block_1_18' title="bbox 324 2021 1892 2093">
    <p class='ocr_par' dir='ltr' id='par_1_18' title="bbox 324 2021 1892 2093">
     <span class='ocr_line' id='line_1_18' title="bbox 324 2021 1892 2093; baseline -0.001 -18"><span class='ocrx_word' id='word_1_131' title='bbox 324 2041 529 2090; x_wconf 81' lang='grc' dir='ltr'>πτομεν</span> <span class='ocrx_word' id='word_1_132' title='bbox 579 2021 942 2092; x_wconf 77' lang='grc' dir='ltr'>συμπαθείας,</span> <span class='ocrx_word' id='word_1_133' title='bbox 969 2023 1062 2075; x_wconf 71' lang='grc' dir='ltr'>καὶ</span> <span class='ocrx_word' id='word_1_134' title='bbox 1091 2023 1177 2075; x_wconf 89' lang='grc' dir='ltr'>τὸν</span> <span class='ocrx_word' id='word_1_135' title='bbox 1228 2024 1324 2093; x_wconf 82' lang='grc' dir='ltr'>μὲν</span> <span class='ocrx_word' id='word_1_136' title='bbox 1361 2021 1534 2084; x_wconf 76' lang='grc' dir='ltr'>οὕτως</span> <span class='ocrx_word' id='word_1_137' title='bbox 1565 2021 1721 2091; x_wconf 79' lang='grc' dir='ltr'>ἡμῶν</span> <span class='ocrx_word' id='word_1_138' title='bbox 1763 2038 1892 2090; x_wconf 85' lang='grc' dir='ltr'>σφο-</span> 
     </span>
    </p>
   </div>
   <div class='ocr_carea' id='block_1_19' title="bbox 320 2104 1892 2176">
    <p class='ocr_par' dir='ltr' id='par_1_19' title="bbox 320 2104 1892 2176">
     <span class='ocr_line' id='line_1_19' title="bbox 320 2104 1892 2176; baseline -0.001 -17"><span class='ocrx_word' id='word_1_139' title='bbox 320 2107 464 2176; x_wconf 78' lang='grc' dir='ltr'>δρῶς</span> <span class='ocrx_word' id='word_1_140' title='bbox 485 2105 695 2175; x_wconf 84' lang='grc' dir='ltr'>ἐρῶντα</span> <span class='ocrx_word' id='word_1_141' title='bbox 718 2105 1137 2176; x_wconf 79' lang='grc' dir='ltr'>καθυϐρίζομεν,</span> <span class='ocrx_word' id='word_1_142' title='bbox 1165 2108 1290 2168; x_wconf 82' lang='grc' dir='ltr'>τοὺς</span> <span class='ocrx_word' id='word_1_143' title='bbox 1310 2105 1364 2158; x_wconf 77' lang='grc' dir='ltr'>δὲ</span> <span class='ocrx_word' id='word_1_144' title='bbox 1391 2106 1540 2158; x_wconf 81' lang='grc' dir='ltr'>οὐδὲν</span> <span class='ocrx_word' id='word_1_145' title='bbox 1564 2104 1892 2174; x_wconf 75' lang='grc' dir='ltr'>δυναμένους</span> 
     </span>
    </p>
   </div>
   <div class='ocr_carea' id='block_1_20' title="bbox 321 2182 1892 2261">
    <p class='ocr_par' dir='ltr' id='par_1_20' title="bbox 321 2182 1892 2261">
     <span class='ocr_line' id='line_1_20' title="bbox 321 2182 1892 2261; baseline -0.001 -20"><span class='ocrx_word' id='word_1_146' title='bbox 321 2191 602 2259; x_wconf 61' lang='grc' dir='ltr'>ὠφελῆσαι</span> <span class='ocrx_word' id='word_1_147' title='bbox 633 2192 795 2243; x_wconf 77' lang='grc' dir='ltr'>παντὶ</span> <span class='ocrx_word' id='word_1_148' title='bbox 825 2191 1010 2259; x_wconf 85' lang='grc' dir='ltr'>τρόπῳ</span> <span class='ocrx_word' id='word_1_149' title='bbox 1044 2190 1440 2261; x_wconf 89' lang='grc' dir='ltr'>θεραπεύομεν.</span> <span class='ocrx_word' id='word_1_150' title='bbox 1477 2190 1540 2241; x_wconf 91' lang='grc' dir='ltr'>Τί</span> <span class='ocrx_word' id='word_1_151' title='bbox 1578 2189 1686 2260; x_wconf 88' lang='grc' dir='ltr'>γάρ</span> <span class='ocrx_word' id='word_1_152' title='bbox 1729 2205 1807 2252; x_wconf 90' lang='grc' dir='ltr'>σε,</span> <span class='ocrx_word' id='word_1_153' title='bbox 1847 2182 1892 2240; x_wconf 82' lang='grc' dir='ltr'>ὧ</span> 
     </span>
    </p>
   </div>
   <div class='ocr_carea' id='block_1_21' title="bbox 321 2271 1889 2345">
    <p class='ocr_par' dir='ltr' id='par_1_21' title="bbox 321 2271 1889 2345">
     <span class='ocr_line' id='line_1_21' title="bbox 321 2271 1889 2345; baseline -0.002 -19"><span class='ocrx_word' id='word_1_154' title='bbox 321 2275 652 2345; x_wconf 86' lang='grc' dir='ltr'>ταλαίπωρε.</span> <span class='ocrx_word' id='word_1_155' title='bbox 675 2273 927 2326; x_wconf 88' lang='grc' dir='ltr'>τοσοῦτον</span> <span class='ocrx_word' id='word_1_156' title='bbox 958 2274 1146 2344; x_wconf 80' lang='grc' dir='ltr'>ὀνῆσαι</span> <span class='ocrx_word' id='word_1_157' title='bbox 1172 2273 1460 2343; x_wconf 84' lang='grc' dir='ltr'>δυνήσεται</span> <span class='ocrx_word' id='word_1_158' title='bbox 1485 2275 1517 2343; x_wconf 86' lang='grc' dir='ltr'>ἡ</span> <span class='ocrx_word' id='word_1_159' title='bbox 1546 2273 1728 2342; x_wconf 75' lang='grc' dir='ltr'>ψυχρά</span> <span class='ocrx_word' id='word_1_160' title='bbox 1754 2271 1889 2342; x_wconf 83' lang='grc' dir='ltr'>αῦτη</span> 
     </span>
    </p>
   </div>
   <div class='ocr_carea' id='block_1_22' title="bbox 325 2355 1888 2427">
    <p class='ocr_par' dir='ltr' id='par_1_22' title="bbox 325 2355 1888 2427">
     <span class='ocr_line' id='line_1_22' title="bbox 325 2355 1888 2427; baseline -0.001 -19"><span class='ocrx_word' id='word_1_161' title='bbox 325 2358 651 2426; x_wconf 80' lang='grc' dir='ltr'>συνοίκησις,</span> <span class='ocrx_word' id='word_1_162' title='bbox 674 2358 813 2410; x_wconf 84' lang='grc' dir='ltr'>ὅσων</span> <span class='ocrx_word' id='word_1_163' title='bbox 845 2357 1094 2411; x_wconf 76' lang='grc' dir='ltr'>ἐκϐάλλει</span> <span class='ocrx_word' id='word_1_164' title='bbox 1125 2375 1185 2410; x_wconf 91' lang='grc' dir='ltr'>σε</span> <span class='ocrx_word' id='word_1_165' title='bbox 1221 2355 1540 2427; x_wconf 88' lang='grc' dir='ltr'>θησαυρῶν;</span> <span class='ocrx_word' id='word_1_166' title='bbox 1576 2358 1774 2408; x_wconf 79' lang='grc' dir='ltr'>Σκόπει</span> <span class='ocrx_word' id='word_1_167' title='bbox 1802 2355 1888 2407; x_wconf 74' lang='grc' dir='ltr'>δέ’</span> 
     </span>
    </p>
   </div>
   <div class='ocr_carea' id='block_1_23' title="bbox 322 2437 1893 2511">
    <p class='ocr_par' dir='ltr' id='par_1_23' title="bbox 322 2437 1893 2511">
     <span class='ocr_line' id='line_1_23' title="bbox 322 2437 1893 2511; baseline -0.001 -19"><span class='ocrx_word' id='word_1_168' title='bbox 322 2441 565 2506; x_wconf 76' lang='grc' dir='ltr'>Κατάγει</span> <span class='ocrx_word' id='word_1_169' title='bbox 599 2457 656 2491; x_wconf 88' lang='grc' dir='ltr'>σε</span> <span class='ocrx_word' id='word_1_170' title='bbox 692 2442 755 2492; x_wconf 81' lang='grc' dir='ltr'>ἐκ</span> <span class='ocrx_word' id='word_1_171' title='bbox 787 2440 894 2492; x_wconf 87' lang='grc' dir='ltr'>τῶν</span> <span class='ocrx_word' id='word_1_172' title='bbox 921 2439 1182 2511; x_wconf 75' lang='grc' dir='ltr'>οὐρανῶν,</span> <span class='ocrx_word' id='word_1_173' title='bbox 1217 2438 1308 2491; x_wconf 90' lang='grc' dir='ltr'>τοῦ</span> <span class='ocrx_word' id='word_1_174' title='bbox 1341 2438 1624 2507; x_wconf 81' lang='grc' dir='ltr'>νυμφῶνος</span> <span class='ocrx_word' id='word_1_175' title='bbox 1654 2437 1893 2491; x_wconf 88' lang='grc' dir='ltr'>ἀπελαύ-</span> 
     </span>
    </p>
   </div>
   <div class='ocr_carea' id='block_1_24' title="bbox 321 2519 1890 2593">
    <p class='ocr_par' dir='ltr' id='par_1_24' title="bbox 321 2519 1890 2593">
     <span class='ocr_line' id='line_1_24' title="bbox 321 2519 1890 2593; baseline 0 -21"><span class='ocrx_word' id='word_1_176' title='bbox 321 2539 402 2572; x_wconf 80' lang='grc' dir='ltr'>νει</span> <span class='ocrx_word' id='word_1_177' title='bbox 444 2521 537 2574; x_wconf 88' lang='grc' dir='ltr'>τοῦ</span> <span class='ocrx_word' id='word_1_178' title='bbox 589 2521 980 2592; x_wconf 76' lang='grc' dir='ltr'>πνευματικοῦ,</span> <span class='ocrx_word' id='word_1_179' title='bbox 1013 2521 1358 2590; x_wconf 77' lang='grc' dir='ltr'>διαζεύγνυσί</span> <span class='ocrx_word' id='word_1_180' title='bbox 1404 2537 1461 2572; x_wconf 88' lang='grc' dir='ltr'>σε</span> <span class='ocrx_word' id='word_1_181' title='bbox 1508 2519 1600 2572; x_wconf 92' lang='grc' dir='ltr'>τοῦ</span> <span class='ocrx_word' id='word_1_182' title='bbox 1642 2520 1890 2593; x_wconf 90' lang='grc' dir='ltr'>οὐρανίου</span> 
     </span>
    </p>
   </div>
   <div class='ocr_carea' id='block_1_25' title="bbox 322 2607 1894 2677">
    <p class='ocr_par' dir='ltr' id='par_1_25' title="bbox 322 2607 1894 2677">
     <span class='ocr_line' id='line_1_25' title="bbox 322 2607 1894 2677; baseline -0.003 -17"><span class='ocrx_word' id='word_1_183' title='bbox 322 2625 384 2658; x_wconf 87' lang='grc' dir='ltr'>νυ</span> <span class='ocrx_word' id='word_1_184' title='bbox 395 2607 580 2674; x_wconf 84' lang='grc' dir='ltr'>μφίου,</span> <span class='ocrx_word' id='word_1_185' title='bbox 616 2607 867 2676; x_wconf 78' lang='grc' dir='ltr'>προξενεῖ</span> <span class='ocrx_word' id='word_1_186' title='bbox 887 2607 983 2677; x_wconf 84' lang='grc' dir='ltr'>τὴν</span> <span class='ocrx_word' id='word_1_187' title='bbox 1009 2607 1273 2660; x_wconf 83' lang='grc' dir='ltr'>ἀθάνατον</span> <span class='ocrx_word' id='word_1_188' title='bbox 1305 2609 1542 2671; x_wconf 79' lang='grc' dir='ltr'>κόλασιν,</span> <span class='ocrx_word' id='word_1_189' title='bbox 1567 2607 1634 2658; x_wconf 84' lang='grc' dir='ltr'>τὰ</span> <span class='ocrx_word' id='word_1_190' title='bbox 1673 2607 1894 2674; x_wconf 76' lang='grc' dir='ltr'>βασανιο</span> 
     </span>
    </p>
   </div>
   <div class='ocr_carea' id='block_1_26' title="bbox 323 2688 1893 2760">
    <p class='ocr_par' dir='ltr' id='par_1_26' title="bbox 323 2688 1893 2760">
     <span class='ocr_line' id='line_1_26' title="bbox 323 2688 1893 2760; baseline 0 -20"><span class='ocrx_word' id='word_1_191' title='bbox 323 2691 520 2759; x_wconf 77' lang='grc' dir='ltr'>στήρια</span> <span class='ocrx_word' id='word_1_192' title='bbox 547 2688 613 2740; x_wconf 79' lang='grc' dir='ltr'>τά</span> <span class='ocrx_word' id='word_1_193' title='bbox 635 2688 788 2751; x_wconf 82' lang='grc' dir='ltr'>τέλος</span> <span class='ocrx_word' id='word_1_194' title='bbox 810 2690 910 2742; x_wconf 89' lang='grc' dir='ltr'>οὐκ</span> <span class='ocrx_word' id='word_1_195' title='bbox 943 2689 1152 2760; x_wconf 80' lang='grc' dir='ltr'>ἔχοντα.</span> <span class='ocrx_word' id='word_1_196' title='bbox 1195 2693 1338 2744; x_wconf 78' lang='grc' dir='ltr'>Ἀντὶ</span> <span class='ocrx_word' id='word_1_197' title='bbox 1361 2692 1584 2752; x_wconf 90' lang='grc' dir='ltr'>τούτων,</span> <span class='ocrx_word' id='word_1_198' title='bbox 1615 2692 1662 2742; x_wconf 84' lang='grc' dir='ltr'>εἰ</span> <span class='ocrx_word' id='word_1_199' title='bbox 1703 2689 1770 2741; x_wconf 75' lang='grc' dir='ltr'>τὰ</span> <span class='ocrx_word' id='word_1_200' title='bbox 1805 2688 1893 2758; x_wconf 87' lang='grc' dir='ltr'>μέ-</span> 
     </span>
    </p>
   </div>
   <div class='ocr_carea' id='block_1_27' title="bbox 321 2770 1890 2843">
    <p class='ocr_par' dir='ltr' id='par_1_27' title="bbox 321 2770 1890 2843">
     <span class='ocr_line' id='line_1_27' title="bbox 321 2770 1890 2843; baseline -0.002 -19"><span class='ocrx_word' id='word_1_201' title='bbox 321 2771 488 2825; x_wconf 79' lang='grc' dir='ltr'>ταλλα</span> <span class='ocrx_word' id='word_1_202' title='bbox 535 2773 757 2842; x_wconf 83' lang='grc' dir='ltr'>χρυσίου</span> <span class='ocrx_word' id='word_1_203' title='bbox 805 2775 1062 2843; x_wconf 84' lang='grc' dir='ltr'>παρεῖχεν</span> <span class='ocrx_word' id='word_1_204' title='bbox 1105 2774 1134 2825; x_wconf 88' lang='grc' dir='ltr'>ὁ</span> <span class='ocrx_word' id='word_1_205' title='bbox 1183 2775 1443 2827; x_wconf 90' lang='grc' dir='ltr'>συνοικῶν</span> <span class='ocrx_word' id='word_1_206' title='bbox 1487 2773 1674 2842; x_wconf 88' lang='grc' dir='ltr'>μυρία,</span> <span class='ocrx_word' id='word_1_207' title='bbox 1709 2774 1758 2823; x_wconf 85' lang='grc' dir='ltr'>εἰ</span> <span class='ocrx_word' id='word_1_208' title='bbox 1782 2770 1890 2822; x_wconf 88' lang='grc' dir='ltr'>τῶν</span> 
     </span>
    </p>
   </div>
   <div class='ocr_carea' id='block_1_28' title="bbox 320 2855 1890 2926">
    <p class='ocr_par' dir='ltr' id='par_1_28' title="bbox 320 2855 1890 2926">
     <span class='ocr_line' id='line_1_28' title="bbox 320 2855 1890 2926; baseline -0.001 -20"><span class='ocrx_word' id='word_1_209' title='bbox 320 2857 722 2925; x_wconf 73' lang='grc' dir='ltr'>ἀργυρωνήτων</span> <span class='ocrx_word' id='word_1_210' title='bbox 772 2872 852 2908; x_wconf 91' lang='grc' dir='ltr'>σοι</span> <span class='ocrx_word' id='word_1_211' title='bbox 905 2856 1104 2926; x_wconf 83' lang='grc' dir='ltr'>μᾶλλον</span> <span class='ocrx_word' id='word_1_212' title='bbox 1148 2857 1400 2911; x_wconf 84' lang='grc' dir='ltr'>ὑπέκειτο</span> <span class='ocrx_word' id='word_1_213' title='bbox 1436 2856 1802 2926; x_wconf 75' lang='grc' dir='ltr'>ἀνδραπόδων,</span> <span class='ocrx_word' id='word_1_214' title='bbox 1841 2855 1890 2906; x_wconf 85' lang='grc' dir='ltr'>εί</span> 
     </span>
    </p>
   </div>
   <div class='ocr_carea' id='block_1_29' title="bbox 317 2938 1890 3012">
    <p class='ocr_par' dir='ltr' id='par_1_29' title="bbox 317 2938 1890 3012">
     <span class='ocr_line' id='line_1_29' title="bbox 317 2938 1890 3012; baseline 0.001 -22"><span class='ocrx_word' id='word_1_215' title='bbox 317 2941 420 3003; x_wconf 71' lang='grc' dir='ltr'>τῆς</span> <span class='ocrx_word' id='word_1_216' title='bbox 451 2938 712 3007; x_wconf 82' lang='grc' dir='ltr'>βασιλίδος</span> <span class='ocrx_word' id='word_1_217' title='bbox 737 2940 904 3008; x_wconf 81' lang='grc' dir='ltr'>αὐτῆς</span> <span class='ocrx_word' id='word_1_218' title='bbox 937 2941 993 2992; x_wconf 84' lang='grc' dir='ltr'>ὲν</span> <span class='ocrx_word' id='word_1_219' title='bbox 1018 2940 1221 2994; x_wconf 88' lang='grc' dir='ltr'>πλείονί</span> <span class='ocrx_word' id='word_1_220' title='bbox 1257 2959 1311 2994; x_wconf 89' lang='grc' dir='ltr'>σε</span> <span class='ocrx_word' id='word_1_221' title='bbox 1345 2943 1438 2995; x_wconf 78' lang='grc' dir='ltr'>καὶ</span> <span class='ocrx_word' id='word_1_222' title='bbox 1471 2944 1600 3012; x_wconf 79' lang='grc' dir='ltr'>τιμῇ</span> <span class='ocrx_word' id='word_1_223' title='bbox 1626 2942 1720 2994; x_wconf 77' lang='grc' dir='ltr'>καὶ</span> <span class='ocrx_word' id='word_1_224' title='bbox 1762 2943 1890 2993; x_wconf 89' lang='grc' dir='ltr'>ἀνα-</span> 
     </span>
    </p>
   </div>
   <div class='ocr_carea' id='block_1_30' title="bbox 322 3021 1888 3095">
    <p class='ocr_par' dir='ltr' id='par_1_30' title="bbox 322 3021 1888 3095">
     <span class='ocr_line' id='line_1_30' title="bbox 322 3021 1888 3095; baseline 0.001 -21"><span class='ocrx_word' id='word_1_225' title='bbox 322 3021 522 3074; x_wconf 81' lang='grc' dir='ltr'>παύσει</span> <span class='ocrx_word' id='word_1_226' title='bbox 551 3023 800 3092; x_wconf 81' lang='grc' dir='ltr'>καθίστη,</span> <span class='ocrx_word' id='word_1_227' title='bbox 833 3021 940 3093; x_wconf 86' lang='grc' dir='ltr'>ἆρα</span> <span class='ocrx_word' id='word_1_228' title='bbox 966 3025 1063 3093; x_wconf 89' lang='grc' dir='ltr'>οὐχ</span> <span class='ocrx_word' id='word_1_229' title='bbox 1093 3025 1168 3086; x_wconf 86' lang='grc' dir='ltr'>ὡς</span> <span class='ocrx_word' id='word_1_230' title='bbox 1197 3024 1450 3094; x_wconf 88' lang='grc' dir='ltr'>λυμεῶνα</span> <span class='ocrx_word' id='word_1_231' title='bbox 1471 3027 1563 3078; x_wconf 77' lang='grc' dir='ltr'>καὶ</span> <span class='ocrx_word' id='word_1_232' title='bbox 1585 3025 1774 3095; x_wconf 79' lang='grc' dir='ltr'>ἐχθρὸν</span> <span class='ocrx_word' id='word_1_233' title='bbox 1796 3024 1888 3076; x_wconf 76' lang='grc' dir='ltr'>καὶ</span> 
     </span>
    </p>
   </div>
   <div class='ocr_carea' id='block_1_31' title="bbox 324 3105 1890 3179">
    <p class='ocr_par' dir='ltr' id='par_1_31' title="bbox 324 3105 1890 3179">
     <span class='ocr_line' id='line_1_31' title="bbox 324 3105 1890 3179; baseline 0.001 -22"><span class='ocrx_word' id='word_1_234' title='bbox 324 3105 546 3174; x_wconf 83' lang='grc' dir='ltr'>μείζονα</span> <span class='ocrx_word' id='word_1_235' title='bbox 593 3107 989 3179; x_wconf 78' lang='grc' dir='ltr'>ἀφαιρούμενον</span> <span class='ocrx_word' id='word_1_236' title='bbox 1038 3107 1070 3177; x_wconf 81' lang='grc' dir='ltr'>ἢ</span> <span class='ocrx_word' id='word_1_237' title='bbox 1117 3107 1348 3169; x_wconf 85' lang='grc' dir='ltr'>διδόντα,</span> <span class='ocrx_word' id='word_1_238' title='bbox 1392 3109 1532 3162; x_wconf 73' lang='grc' dir='ltr'>οὕτω</span> <span class='ocrx_word' id='word_1_239' title='bbox 1583 3111 1756 3177; x_wconf 85' lang='grc' dir='ltr'>μισεῖν</span> <span class='ocrx_word' id='word_1_240' title='bbox 1798 3107 1890 3160; x_wconf 76' lang='grc' dir='ltr'>καὶ</span> 
     </span>
    </p>
   </div>
   <div class='ocr_carea' id='block_1_32' title="bbox 320 3191 1890 3262">
    <p class='ocr_par' dir='ltr' id='par_1_32' title="bbox 320 3191 1890 3262">
     <span class='ocr_line' id='line_1_32' title="bbox 320 3191 1890 3262; baseline -0.001 -19"><span class='ocrx_word' id='word_1_241' title='bbox 320 3191 756 3262; x_wconf 73' lang='grc' dir='ltr'>ἀποστρέφεσθαι</span> <span class='ocrx_word' id='word_1_242' title='bbox 784 3191 925 3255; x_wconf 72' lang='grc' dir='ltr'>ἔδεις</span> <span class='ocrx_word' id='word_1_243' title='bbox 958 3193 1092 3261; x_wconf 71' lang='grc' dir='ltr'>Περὶ</span> <span class='ocrx_word' id='word_1_244' title='bbox 1120 3194 1228 3245; x_wconf 86' lang='grc' dir='ltr'>τῶν</span> <span class='ocrx_word' id='word_1_245' title='bbox 1259 3195 1315 3245; x_wconf 82' lang='grc' dir='ltr'>ὲν</span> <span class='ocrx_word' id='word_1_246' title='bbox 1345 3195 1456 3254; x_wconf 89' lang='grc' dir='ltr'>τοῖς</span> <span class='ocrx_word' id='word_1_247' title='bbox 1489 3193 1735 3262; x_wconf 77' lang='grc' dir='ltr'>οὐρανοῖς</span> <span class='ocrx_word' id='word_1_248' title='bbox 1755 3193 1890 3257; x_wconf 88' lang='grc' dir='ltr'>ἀγα-</span> 
     </span>
    </p>
   </div>
   <div class='ocr_carea' id='block_1_33' title="bbox 321 3273 1888 3346">
    <p class='ocr_par' dir='ltr' id='par_1_33' title="bbox 321 3273 1888 3346">
     <span class='ocr_line' id='line_1_33' title="bbox 321 3273 1888 3346; baseline -0.001 -21"><span class='ocrx_word' id='word_1_249' title='bbox 321 3273 431 3325; x_wconf 85' lang='grc' dir='ltr'>θῶν</span> <span class='ocrx_word' id='word_1_250' title='bbox 467 3275 496 3325; x_wconf 84' lang='grc' dir='ltr'><strong>ὁ</strong></span> <span class='ocrx_word' id='word_1_251' title='bbox 526 3275 680 3342; x_wconf 80' lang='grc' dir='ltr'>λόγος</span> <span class='ocrx_word' id='word_1_252' title='bbox 722 3291 800 3326; x_wconf 91' lang='grc' dir='ltr'>σοι</span> <span class='ocrx_word' id='word_1_253' title='bbox 831 3277 1136 3345; x_wconf 87' lang='grc' dir='ltr'>πρόκειται,</span> <span class='ocrx_word' id='word_1_254' title='bbox 1165 3277 1293 3345; x_wconf 69' lang='grc' dir='ltr'>περὶ</span> <span class='ocrx_word' id='word_1_255' title='bbox 1318 3275 1413 3346; x_wconf 85' lang='grc' dir='ltr'>τῆς</span> <span class='ocrx_word' id='word_1_256' title='bbox 1442 3277 1556 3328; x_wconf 73' lang='grc' dir='ltr'>ἐκεῖ</span> <span class='ocrx_word' id='word_1_257' title='bbox 1593 3274 1888 3343; x_wconf 78' lang='grc' dir='ltr'>βασιλείας,</span> 
     </span>
    </p>
   </div>
   <div class='ocr_carea' id='block_1_34' title="bbox 322 3357 1887 3429">
    <p class='ocr_par' dir='ltr' id='par_1_34' title="bbox 322 3357 1887 3429">
     <span class='ocr_line' id='line_1_34' title="bbox 322 3357 1887 3429; baseline 0.01 -20"><span class='ocrx_word' id='word_1_258' title='bbox 322 3360 450 3428; x_wconf 78' lang='grc' dir='ltr'>περὶ</span> <span class='ocrx_word' id='word_1_259' title='bbox 485 3362 580 3428; x_wconf 77' lang='grc' dir='ltr'>τῆς</span> <span class='ocrx_word' id='word_1_260' title='bbox 606 3358 873 3412; x_wconf 84' lang='grc' dir='ltr'>ἀθανάτου</span> <span class='ocrx_word' id='word_1_261' title='bbox 905 3358 1070 3426; x_wconf 78' lang='grc' dir='ltr'>ζωῆς,</span> <span class='ocrx_word' id='word_1_262' title='bbox 1101 3359 1347 3428; x_wconf 74' lang='grc' dir='ltr'>περὶτῆς</span> <span class='ocrx_word' id='word_1_263' title='bbox 1375 3359 1686 3429; x_wconf 74' lang='grc' dir='ltr'>ἀπορρήτου</span> <span class='ocrx_word' id='word_1_264' title='bbox 1711 3357 1887 3424; x_wconf 61' lang='grc' dir='ltr'>δόξης</span> 
     </span>
    </p>
   </div>
   <div class='ocr_carea' id='block_1_35' title="bbox 324 3439 1890 3510">
    <p class='ocr_par' dir='ltr' id='par_1_35' title="bbox 324 3439 1890 3510">
     <span class='ocr_line' id='line_1_35' title="bbox 324 3439 1890 3510; baseline -0.001 -18"><span class='ocrx_word' id='word_1_265' title='bbox 324 3443 387 3492; x_wconf 84' lang='grc' dir='ltr'>σύ</span> <span class='ocrx_word' id='word_1_266' title='bbox 437 3439 491 3491; x_wconf 77' lang='grc' dir='ltr'>δὲ</span> <span class='ocrx_word' id='word_1_267' title='bbox 537 3442 736 3508; x_wconf 77' lang='grc' dir='ltr'>γηΐνων</span> <span class='ocrx_word' id='word_1_268' title='bbox 771 3440 1132 3510; x_wconf 80' lang='grc' dir='ltr'>μνημονεύεις</span> <span class='ocrx_word' id='word_1_269' title='bbox 1162 3441 1523 3510; x_wconf 86' lang='grc' dir='ltr'>πραγμάτων,</span> <span class='ocrx_word' id='word_1_270' title='bbox 1551 3441 1644 3492; x_wconf 74' lang='grc' dir='ltr'>καὶ</span> <span class='ocrx_word' id='word_1_271' title='bbox 1693 3439 1782 3492; x_wconf 84' lang='grc' dir='ltr'>τὸν</span> <span class='ocrx_word' id='word_1_272' title='bbox 1831 3441 1890 3491; x_wconf 86' lang='grc' dir='ltr'>ἐν</span> 
     </span>
    </p>
   </div>
   <div class='ocr_carea' id='block_1_36' title="bbox 320 3518 1888 3594">
    <p class='ocr_par' dir='ltr' id='par_1_36' title="bbox 320 3518 1888 3594">
     <span class='ocr_line' id='line_1_36' title="bbox 320 3518 1888 3594; baseline 0.001 -21"><span class='ocrx_word' id='word_1_273' title='bbox 320 3524 548 3585; x_wconf 79' lang='grc' dir='ltr'>ἐκείνοις</span> <span class='ocrx_word' id='word_1_274' title='bbox 596 3524 857 3594; x_wconf 85' lang='grc' dir='ltr'>χρήσιμον</span> <span class='ocrx_word' id='word_1_275' title='bbox 901 3518 1037 3576; x_wconf 81' lang='grc' dir='ltr'>εἶναι</span> <span class='ocrx_word' id='word_1_276' title='bbox 1064 3523 1322 3576; x_wconf 84' lang='grc' dir='ltr'>δοκοῦντα</span> <span class='ocrx_word' id='word_1_277' title='bbox 1353 3522 1674 3594; x_wconf 87' lang='grc' dir='ltr'>θεραπεύεις</span> <span class='ocrx_word' id='word_1_278' title='bbox 1702 3522 1888 3594; x_wconf 82' lang='grc' dir='ltr'>ὥσπερ</span> 
     </span>
    </p>
   </div>
   <div class='ocr_carea' id='block_1_37' title="bbox 319 3605 1887 3678">
    <p class='ocr_par' dir='ltr' id='par_1_37' title="bbox 319 3605 1887 3678">
     <span class='ocr_line' id='line_1_37' title="bbox 319 3605 1887 3678; baseline 0.001 -22"><span class='ocrx_word' id='word_1_279' title='bbox 319 3606 600 3676; x_wconf 80' lang='grc' dir='ltr'>δεσπότην,</span> <span class='ocrx_word' id='word_1_280' title='bbox 631 3607 724 3658; x_wconf 79' lang='grc' dir='ltr'>καὶ</span> <span class='ocrx_word' id='word_1_281' title='bbox 766 3607 827 3658; x_wconf 89' lang='grc' dir='ltr'>οὐ</span> <span class='ocrx_word' id='word_1_282' title='bbox 861 3607 1121 3676; x_wconf 78' lang='grc' dir='ltr'>καταδυῃ,</span> <span class='ocrx_word' id='word_1_283' title='bbox 1152 3607 1272 3660; x_wconf 81' lang='grc' dir='ltr'>οὐδὲ</span> <span class='ocrx_word' id='word_1_284' title='bbox 1310 3605 1444 3678; x_wconf 85' lang='grc' dir='ltr'>εὐχῃ</span> <span class='ocrx_word' id='word_1_285' title='bbox 1492 3606 1771 3676; x_wconf 78' lang='grc' dir='ltr'>διαστῆναι</span> <span class='ocrx_word' id='word_1_286' title='bbox 1806 3623 1887 3658; x_wconf 89' lang='grc' dir='ltr'>σοι</span> 
     </span>
    </p>
   </div>
   <div class='ocr_carea' id='block_1_38' title="bbox 318 3688 1887 3758">
    <p class='ocr_par' dir='ltr' id='par_1_38' title="bbox 318 3688 1887 3758">
     <span class='ocr_line' id='line_1_38' title="bbox 318 3688 1887 3758; baseline 0.001 -18"><span class='ocrx_word' id='word_1_287' title='bbox 318 3691 418 3756; x_wconf 77' lang='grc' dir='ltr'>την</span> <span class='ocrx_word' id='word_1_288' title='bbox 457 3689 580 3758; x_wconf 79' lang='grc' dir='ltr'>γῆν,</span> <span class='ocrx_word' id='word_1_289' title='bbox 616 3691 709 3741; x_wconf 77' lang='grc' dir='ltr'>καὶ</span> <span class='ocrx_word' id='word_1_290' title='bbox 752 3688 922 3752; x_wconf 79' lang='grc' dir='ltr'>οὕτως</span> <span class='ocrx_word' id='word_1_291' title='bbox 969 3691 1178 3743; x_wconf 77' lang='grc' dir='ltr'>ἐνθένδε</span> <span class='ocrx_word' id='word_1_292' title='bbox 1217 3690 1504 3754; x_wconf 74' lang='grc' dir='ltr'>ἀπελθεῖν;</span> <span class='ocrx_word' id='word_1_293' title='bbox 1560 3690 1698 3744; x_wconf 84' lang='grc' dir='ltr'>Ἀλλ’</span> <span class='ocrx_word' id='word_1_294' title='bbox 1725 3689 1887 3742; x_wconf 89' lang='grc' dir='ltr'>ἀσθέ-</span> 
     </span>
    </p>
   </div>
   <div class='ocr_carea' id='block_1_39' title="bbox 320 3772 1888 3845">
    <p class='ocr_par' dir='ltr' id='par_1_39' title="bbox 320 3772 1888 3845">
     <span class='ocr_line' id='line_1_39' title="bbox 320 3772 1888 3845; baseline 0.003 -23"><span class='ocrx_word' id='word_1_295' title='bbox 320 3772 470 3824; x_wconf 89' lang='grc' dir='ltr'>νειάν</span> <span class='ocrx_word' id='word_1_296' title='bbox 510 3789 599 3841; x_wconf 88' lang='grc' dir='ltr'>μοι</span> <span class='ocrx_word' id='word_1_297' title='bbox 645 3772 919 3843; x_wconf 82' lang='grc' dir='ltr'>προὸἀλλῃ</span> <span class='ocrx_word' id='word_1_298' title='bbox 954 3774 1269 3841; x_wconf 84' lang='grc' dir='ltr'>γυναικείας</span> <span class='ocrx_word' id='word_1_299' title='bbox 1299 3773 1532 3843; x_wconf 87' lang='grc' dir='ltr'>φύσεως,</span> <span class='ocrx_word' id='word_1_300' title='bbox 1567 3775 1659 3827; x_wconf 82' lang='grc' dir='ltr'>καὶ</span> <span class='ocrx_word' id='word_1_301' title='bbox 1693 3773 1888 3845; x_wconf 89' lang='grc' dir='ltr'>χρειῶν</span> 
     </span>
    </p>
   </div>
   <div class='ocr_carea' id='block_1_40' title="bbox 319 3852 1887 3927">
    <p class='ocr_par' dir='ltr' id='par_1_40' title="bbox 319 3852 1887 3927">
     <span class='ocr_line' id='line_1_40' title="bbox 319 3852 1887 3927; baseline 0.004 -23"><span class='ocrx_word' id='word_1_302' title='bbox 319 3852 674 3922; x_wconf 87' lang='grc' dir='ltr'>ἀνθρωπίνων</span> <span class='ocrx_word' id='word_1_303' title='bbox 700 3856 1030 3925; x_wconf 86' lang='grc' dir='ltr'>οἰκονομίαν,</span> <span class='ocrx_word' id='word_1_304' title='bbox 1053 3857 1146 3909; x_wconf 78' lang='grc' dir='ltr'>καὶ</span> <span class='ocrx_word' id='word_1_305' title='bbox 1169 3857 1472 3909; x_wconf 79' lang='grc' dir='ltr'>ἀνάπαυσιν</span> <span class='ocrx_word' id='word_1_306' title='bbox 1500 3856 1596 3927; x_wconf 84' lang='grc' dir='ltr'>τὴν</span> <span class='ocrx_word' id='word_1_307' title='bbox 1624 3855 1765 3910; x_wconf 84' lang='grc' dir='ltr'>κατὰ</span> <span class='ocrx_word' id='word_1_308' title='bbox 1791 3855 1887 3926; x_wconf 77' lang='grc' dir='ltr'>τὴν</span> 
     </span>
    </p>
   </div>
   <div class='ocr_carea' id='block_1_41' title="bbox 317 3936 1889 4010">
    <p class='ocr_par' dir='ltr' id='par_1_41' title="bbox 317 3936 1889 4010">
     <span class='ocr_line' id='line_1_41' title="bbox 317 3936 1889 4010; baseline 0.004 -24"><span class='ocrx_word' id='word_1_309' title='bbox 317 3937 514 3996; x_wconf 77' lang='grc' dir='ltr'>οἰκίαν,</span> <span class='ocrx_word' id='word_1_310' title='bbox 548 3936 853 3990; x_wconf 87' lang='grc' dir='ltr'>πλάττουσα</span> <span class='ocrx_word' id='word_1_311' title='bbox 879 3943 971 3990; x_wconf 77' lang='grc' dir='ltr'>καὶ</span> <span class='ocrx_word' id='word_1_312' title='bbox 995 3940 1302 3993; x_wconf 86' lang='grc' dir='ltr'>συντιθεῖσα</span> <span class='ocrx_word' id='word_1_313' title='bbox 1325 3939 1419 4001; x_wconf 75' lang='grc' dir='ltr'>τάς</span> <span class='ocrx_word' id='word_1_314' title='bbox 1446 3940 1544 3993; x_wconf 88' lang='grc' dir='ltr'>οὐκ</span> <span class='ocrx_word' id='word_1_315' title='bbox 1568 3939 1734 4003; x_wconf 79' lang='grc' dir='ltr'>οὐσας</span> <span class='ocrx_word' id='word_1_316' title='bbox 1758 3958 1889 4010; x_wconf 90' lang='grc' dir='ltr'>προ-</span> 
     </span>
    </p>
   </div>
   <div class='ocr_carea' id='block_1_42' title="bbox 321 4019 1886 4096">
    <p class='ocr_par' dir='ltr' id='par_1_42' title="bbox 321 4019 1886 4096">
     <span class='ocr_line' id='line_1_42' title="bbox 321 4019 1886 4096; baseline 0.005 -26"><span class='ocrx_word' id='word_1_317' title='bbox 321 4019 531 4086; x_wconf 78' lang='grc' dir='ltr'>φάσεις.</span> <span class='ocrx_word' id='word_1_318' title='bbox 551 4021 684 4071; x_wconf 84' lang='grc' dir='ltr'>Ἀλλ’</span> <span class='ocrx_word' id='word_1_319' title='bbox 709 4021 818 4074; x_wconf 86' lang='grc' dir='ltr'>οὐδ’</span> <span class='ocrx_word' id='word_1_320' title='bbox 846 4022 1018 4085; x_wconf 84' lang='grc' dir='ltr'>οὑτως</span> <span class='ocrx_word' id='word_1_321' title='bbox 1046 4023 1230 4096; x_wconf 83' lang='grc' dir='ltr'>λήσεις</span> <span class='ocrx_word' id='word_1_322' title='bbox 1255 4030 1378 4092; x_wconf 78' lang='grc' dir='ltr'>τοὺς</span> <span class='ocrx_word' id='word_1_323' title='bbox 1404 4028 1526 4080; x_wconf 82' lang='grc' dir='ltr'>νοῦν</span> <span class='ocrx_word' id='word_1_324' title='bbox 1556 4029 1794 4096; x_wconf 76' lang='grc' dir='ltr'>ἔχοντας.</span> <span class='ocrx_word' id='word_1_325' title='bbox 1814 4026 1886 4079; x_wconf 86' lang='grc' dir='ltr'>Οὐ</span> 
     </span>
    </p>
   </div>
   <div class='ocr_carea' id='block_1_43' title="bbox 319 4103 1889 4182">
    <p class='ocr_par' dir='ltr' id='par_1_43' title="bbox 319 4103 1889 4182">
     <span class='ocr_line' id='line_1_43' title="bbox 319 4103 1889 4182; baseline 0.005 -28"><span class='ocrx_word' id='word_1_326' title='bbox 319 4103 428 4172; x_wconf 87' lang='grc' dir='ltr'>γάρ</span> <span class='ocrx_word' id='word_1_327' title='bbox 461 4105 629 4168; x_wconf 78' lang='grc' dir='ltr'>ἐστιν,</span> <span class='ocrx_word' id='word_1_328' title='bbox 657 4106 756 4157; x_wconf 91' lang='grc' dir='ltr'>οὐκ</span> <span class='ocrx_word' id='word_1_329' title='bbox 783 4106 928 4159; x_wconf 78' lang='grc' dir='ltr'>ἔστιν</span> <span class='ocrx_word' id='word_1_330' title='bbox 970 4109 1275 4174; x_wconf 87' lang='grc' dir='ltr'>ἀνάπαυσις</span> <span class='ocrx_word' id='word_1_331' title='bbox 1323 4114 1356 4182; x_wconf 84' lang='grc' dir='ltr'>ή</span> <span class='ocrx_word' id='word_1_332' title='bbox 1403 4108 1889 4178; x_wconf 80' lang='grc' dir='ltr'>καταναγκάζουσα</span> 
     </span>
    </p>
   </div>
   <div class='ocr_carea' id='block_1_44' title="bbox 319 4187 1888 4263">
    <p class='ocr_par' dir='ltr' id='par_1_44' title="bbox 319 4187 1888 4263">
     <span class='ocr_line' id='line_1_44' title="bbox 319 4187 1888 4263; baseline 0.004 -25"><span class='ocrx_word' id='word_1_333' title='bbox 319 4187 556 4240; x_wconf 84' lang='grc' dir='ltr'>τοσαῦτα</span> <span class='ocrx_word' id='word_1_334' title='bbox 600 4190 947 4257; x_wconf 82' lang='grc' dir='ltr'>ἀσχημονεῖν.</span> <span class='ocrx_word' id='word_1_335' title='bbox 997 4191 1140 4262; x_wconf 84' lang='grc' dir='ltr'>Γυνὴ</span> <span class='ocrx_word' id='word_1_336' title='bbox 1193 4193 1319 4263; x_wconf 89' lang='grc' dir='ltr'>γάρ,</span> <span class='ocrx_word' id='word_1_337' title='bbox 1356 4197 1404 4246; x_wconf 86' lang='grc' dir='ltr'>εί</span> <span class='ocrx_word' id='word_1_338' title='bbox 1457 4193 1763 4263; x_wconf 86' lang='grc' dir='ltr'>βουληθείη,</span> <span class='ocrx_word' id='word_1_339' title='bbox 1791 4193 1888 4262; x_wconf 86' lang='grc' dir='ltr'>οὐχ</span> 
     </span>
    </p>
   </div>
   <div class='ocr_carea' id='block_1_45' title="bbox 320 4271 1886 4346">
    <p class='ocr_par' dir='ltr' id='par_1_45' title="bbox 320 4271 1886 4346">
     <span class='ocr_line' id='line_1_45' title="bbox 320 4271 1886 4346; baseline 0.004 -24"><span class='ocrx_word' id='word_1_340' title='bbox 320 4272 485 4340; x_wconf 79' lang='grc' dir='ltr'>ἑαυτῇ</span> <span class='ocrx_word' id='word_1_341' title='bbox 522 4271 700 4339; x_wconf 91' lang='grc' dir='ltr'>μόνον,</span> <span class='ocrx_word' id='word_1_342' title='bbox 730 4272 862 4325; x_wconf 87' lang='grc' dir='ltr'>ἀλλά</span> <span class='ocrx_word' id='word_1_343' title='bbox 914 4274 1008 4326; x_wconf 76' lang='grc' dir='ltr'>καὶ</span> <span class='ocrx_word' id='word_1_344' title='bbox 1055 4275 1262 4345; x_wconf 78' lang='grc' dir='ltr'>ἑτέροις</span> <span class='ocrx_word' id='word_1_345' title='bbox 1295 4276 1514 4346; x_wconf 86' lang='grc' dir='ltr'>ἀρκέσει</span> <span class='ocrx_word' id='word_1_346' title='bbox 1545 4277 1782 4329; x_wconf 82' lang='grc' dir='ltr'>πλείοσιν</span> <span class='ocrx_word' id='word_1_347' title='bbox 1809 4279 1886 4338; x_wconf 85' lang='grc' dir='ltr'>εἰς</span> 
     </span>
    </p>
   </div>
   <div class='ocr_carea' id='block_1_46' title="bbox 319 4352 1886 4428">
    <p class='ocr_par' dir='ltr' id='par_1_46' title="bbox 319 4352 1886 4428">
     <span class='ocr_line' id='line_1_46' title="bbox 319 4352 1886 4428; baseline 0.004 -25"><span class='ocrx_word' id='word_1_348' title='bbox 319 4352 591 4405; x_wconf 82' lang='grc' dir='ltr'>δακονίαν</span> <span class='ocrx_word' id='word_1_349' title='bbox 611 4370 626 4383; x_wconf 80' lang='lat'><strong>&#39;</strong></span> <span class='ocrx_word' id='word_1_350' title='bbox 656 4355 776 4406; x_wconf 75' lang='grc' dir='ltr'>ἐπεὶ</span> <span class='ocrx_word' id='word_1_351' title='bbox 804 4359 900 4408; x_wconf 80' lang='grc' dir='ltr'>καὶ</span> <span class='ocrx_word' id='word_1_352' title='bbox 921 4355 980 4420; x_wconf 80' lang='grc' dir='ltr'>ἐξ</span> <span class='ocrx_word' id='word_1_353' title='bbox 1000 4357 1176 4427; x_wconf 80' lang='grc' dir='ltr'>ἀρχῆς</span> <span class='ocrx_word' id='word_1_354' title='bbox 1199 4357 1292 4410; x_wconf 88' lang='grc' dir='ltr'>τοῦ</span> <span class='ocrx_word' id='word_1_355' title='bbox 1323 4357 1511 4428; x_wconf 79' lang='grc' dir='ltr'>ἀνδρὸς</span> <span class='ocrx_word' id='word_1_356' title='bbox 1542 4359 1609 4410; x_wconf 83' lang='grc' dir='ltr'>τά</span> <span class='ocrx_word' id='word_1_357' title='bbox 1637 4357 1886 4410; x_wconf 73' lang='grc' dir='ltr'>πολιτικά</span> 
     </span>
    </p>
   </div>
   <div class='ocr_carea' id='block_1_47' title="bbox 322 4436 1887 4513">
    <p class='ocr_par' dir='ltr' id='par_1_47' title="bbox 322 4436 1887 4513">
     <span class='ocr_line' id='line_1_47' title="bbox 322 4436 1887 4513; baseline 0.003 -26"><span class='ocrx_word' id='word_1_358' title='bbox 322 4436 619 4506; x_wconf 85' lang='grc' dir='ltr'>πράγματα</span> <span class='ocrx_word' id='word_1_359' title='bbox 654 4438 926 4507; x_wconf 82' lang='grc' dir='ltr'>λαχόντος,</span> <span class='ocrx_word' id='word_1_360' title='bbox 957 4440 1016 4492; x_wconf 86' lang='grc' dir='ltr'>τὸ</span> <span class='ocrx_word' id='word_1_361' title='bbox 1059 4442 1324 4512; x_wconf 76' lang='grc' dir='ltr'>οἰκουρεῖν</span> <span class='ocrx_word' id='word_1_362' title='bbox 1367 4442 1503 4513; x_wconf 80' lang='grc' dir='ltr'>αὐτὴ</span> <span class='ocrx_word' id='word_1_363' title='bbox 1545 4443 1639 4494; x_wconf 74' lang='grc' dir='ltr'>καὶ</span> <span class='ocrx_word' id='word_1_364' title='bbox 1684 4445 1887 4494; x_wconf 79' lang='grc' dir='ltr'>οἰκονο-</span> 
     </span>
    </p>
   </div>
   <div class='ocr_carea' id='block_1_48' title="bbox 325 4519 1888 4595">
    <p class='ocr_par' dir='ltr' id='par_1_48' title="bbox 325 4519 1888 4595">
     <span class='ocr_line' id='line_1_48' title="bbox 325 4519 1888 4595; baseline 0.004 -25"><span class='ocrx_word' id='word_1_365' title='bbox 325 4521 441 4587; x_wconf 87' lang='grc' dir='ltr'>μεῖν</span> <span class='ocrx_word' id='word_1_366' title='bbox 460 4521 527 4570; x_wconf 75' lang='grc' dir='ltr'>τά</span> <span class='ocrx_word' id='word_1_367' title='bbox 552 4519 695 4573; x_wconf 80' lang='grc' dir='ltr'>ἔνδον</span> <span class='ocrx_word' id='word_1_368' title='bbox 716 4523 929 4575; x_wconf 71' lang='grc' dir='ltr'>ἅπαντα</span> <span class='ocrx_word' id='word_1_369' title='bbox 950 4524 1316 4595; x_wconf 69' lang='grc' dir='ltr'>ἐκληρώσατο.</span> <span class='ocrx_word' id='word_1_370' title='bbox 1337 4527 1410 4578; x_wconf 87' lang='grc' dir='ltr'>Οὐ</span> <span class='ocrx_word' id='word_1_371' title='bbox 1441 4527 1616 4579; x_wconf 85' lang='grc' dir='ltr'>τοίνυν</span> <span class='ocrx_word' id='word_1_372' title='bbox 1644 4525 1888 4578; x_wconf 87' lang='grc' dir='ltr'>ἀναπαύ-</span> 
     </span>
    </p>
   </div>
   <div class='ocr_carea' id='block_1_49' title="bbox 321 4603 1887 4679">
    <p class='ocr_par' dir='ltr' id='par_1_49' title="bbox 321 4603 1887 4679">
     <span class='ocr_line' id='line_1_49' title="bbox 321 4603 1887 4679; baseline 0.005 -27"><span class='ocrx_word' id='word_1_373' title='bbox 321 4618 458 4662; x_wconf 81' lang='grc' dir='ltr'>σεως</span> <span class='ocrx_word' id='word_1_374' title='bbox 504 4603 754 4670; x_wconf 85' lang='grc' dir='ltr'>δεόμεναι</span> <span class='ocrx_word' id='word_1_375' title='bbox 806 4605 995 4658; x_wconf 85' lang='grc' dir='ltr'>’έλκετε</span> <span class='ocrx_word' id='word_1_376' title='bbox 1041 4610 1167 4671; x_wconf 79' lang='grc' dir='ltr'>τοὺς</span> <span class='ocrx_word' id='word_1_377' title='bbox 1212 4608 1407 4679; x_wconf 80' lang='grc' dir='ltr'>ἄνδρας</span> <span class='ocrx_word' id='word_1_378' title='bbox 1440 4609 1782 4663; x_wconf 78' lang='grc' dir='ltr'>ἕνδον.Ἀλλά</span> <span class='ocrx_word' id='word_1_379' title='bbox 1811 4609 1887 4679; x_wconf 76' lang='grc' dir='ltr'>τίς</span> 
     </span>
    </p>
   </div>
   <div class='ocr_carea' id='block_1_50' title="bbox 321 4684 1888 4762">
    <p class='ocr_par' dir='ltr' id='par_1_50' title="bbox 321 4684 1888 4762">
     <span class='ocr_line' id='line_1_50' title="bbox 321 4684 1888 4762; baseline 0.007 -27"><span class='ocrx_word' id='word_1_380' title='bbox 321 4684 486 4753; x_wconf 81' lang='grc' dir='ltr'>φησί’</span> <span class='ocrx_word' id='word_1_381' title='bbox 524 4688 777 4756; x_wconf 86' lang='grc' dir='ltr'>πορνείας</span> <span class='ocrx_word' id='word_1_382' title='bbox 803 4689 986 4742; x_wconf 74' lang='grc' dir='ltr'>ἕνεκεν</span> <span class='ocrx_word' id='word_1_383' title='bbox 1016 4692 1108 4744; x_wconf 73' lang='grc' dir='ltr'>καὶ</span> <span class='ocrx_word' id='word_1_384' title='bbox 1146 4692 1459 4760; x_wconf 76' lang='grc' dir='ltr'>ἀσελγείαςς</span> <span class='ocrx_word' id='word_1_385' title='bbox 1499 4693 1639 4760; x_wconf 82' lang='grc' dir='ltr'>Ἐγὼ</span> <span class='ocrx_word' id='word_1_386' title='bbox 1671 4695 1767 4762; x_wconf 84' lang='grc' dir='ltr'>μὲν</span> <span class='ocrx_word' id='word_1_387' title='bbox 1789 4694 1888 4746; x_wconf 84' lang='grc' dir='ltr'>οὐκ</span> 
     </span>
    </p>
   </div>
   <div class='ocr_carea' id='block_1_51' title="bbox 319 4765 1886 4842">
    <p class='ocr_par' dir='ltr' id='par_1_51' title="bbox 319 4765 1886 4842">
     <span class='ocr_line' id='line_1_51' title="bbox 319 4765 1886 4842; baseline 0.004 -22"><span class='ocrx_word' id='word_1_388' title='bbox 319 4766 384 4820; x_wconf 85' lang='grc' dir='ltr'>ἂν</span> <span class='ocrx_word' id='word_1_389' title='bbox 409 4765 616 4837; x_wconf 83' lang='grc' dir='ltr'>εἴποιμι</span> <span class='ocrx_word' id='word_1_390' title='bbox 649 4769 824 4829; x_wconf 88' lang='grc' dir='ltr'>τοῦτο,</span> <span class='ocrx_word' id='word_1_391' title='bbox 865 4773 938 4840; x_wconf 80' lang='grc' dir='ltr'>μὴ</span> <span class='ocrx_word' id='word_1_392' title='bbox 967 4773 1193 4840; x_wconf 74' lang='grc' dir='ltr'>γένοιτοί</span> <span class='ocrx_word' id='word_1_393' title='bbox 1225 4776 1358 4829; x_wconf 88' lang='grc' dir='ltr'>ἀλλά</span> <span class='ocrx_word' id='word_1_394' title='bbox 1385 4777 1476 4828; x_wconf 74' lang='grc' dir='ltr'>καὶ</span> <span class='ocrx_word' id='word_1_395' title='bbox 1504 4779 1614 4838; x_wconf 90' lang='grc' dir='ltr'>τοῖς</span> <span class='ocrx_word' id='word_1_396' title='bbox 1642 4777 1886 4842; x_wconf 86' lang='grc' dir='ltr'>λέγουσιν</span> 
     </span>
    </p>
   </div>
   <div class='ocr_carea' id='block_1_52' title="bbox 321 4851 1882 4926">
    <p class='ocr_par' dir='ltr' id='par_1_52' title="bbox 321 4851 1882 4926">
     <span class='ocr_line' id='line_1_52' title="bbox 321 4851 1882 4926; baseline 0.004 -25"><span class='ocrx_word' id='word_1_397' title='bbox 321 4851 586 4920; x_wconf 79' lang='grc' dir='ltr'>ἐπιτιμῶν</span> <span class='ocrx_word' id='word_1_398' title='bbox 605 4853 663 4903; x_wconf 87' lang='grc' dir='ltr'>οὐ</span> <span class='ocrx_word' id='word_1_399' title='bbox 694 4852 968 4923; x_wconf 86' lang='grc' dir='ltr'>παύομαι·</span> <span class='ocrx_word' id='word_1_400' title='bbox 998 4856 1109 4909; x_wconf 79' lang='grc' dir='ltr'>εἴθε</span> <span class='ocrx_word' id='word_1_401' title='bbox 1137 4858 1190 4910; x_wconf 86' lang='grc' dir='ltr'>δὲ</span> <span class='ocrx_word' id='word_1_402' title='bbox 1216 4861 1306 4911; x_wconf 76' lang='grc' dir='ltr'>καὶ</span> <span class='ocrx_word' id='word_1_403' title='bbox 1339 4863 1519 4911; x_wconf 87' lang='grc' dir='ltr'>πεῖσαι</span> <span class='ocrx_word' id='word_1_404' title='bbox 1547 4859 1766 4912; x_wconf 76' lang='grc' dir='ltr'>δυνατὸν</span> <span class='ocrx_word' id='word_1_405' title='bbox 1796 4854 1882 4926; x_wconf 85' lang='grc' dir='ltr'>ἦν.</span> 
     </span>
    </p>
   </div>
   <div class='ocr_carea' id='block_1_53' title="bbox 323 4929 1888 5012">
    <p class='ocr_par' dir='ltr' id='par_1_53' title="bbox 323 4929 1888 5012">
     <span class='ocr_line' id='line_1_53' title="bbox 323 4929 1888 5012; baseline 0.003 -25"><span class='ocrx_word' id='word_1_406' title='bbox 323 4931 416 4994; x_wconf 83' lang='grc' dir='ltr'>Τίς</span> <span class='ocrx_word' id='word_1_407' title='bbox 442 4929 533 4985; x_wconf 81' lang='grc' dir='ltr'>οῦν</span> <span class='ocrx_word' id='word_1_408' title='bbox 564 4935 708 4985; x_wconf 72' lang='grc' dir='ltr'>ἐστιν</span> <span class='ocrx_word' id='word_1_409' title='bbox 737 4936 768 5004; x_wconf 80' lang='grc' dir='ltr'>ἡ</span> <span class='ocrx_word' id='word_1_410' title='bbox 805 4937 1074 5004; x_wconf 78' lang='grc' dir='ltr'>πρόφασις</span> <span class='ocrx_word' id='word_1_411' title='bbox 1102 4941 1136 5008; x_wconf 81' lang='grc' dir='ltr'>ἡ</span> <span class='ocrx_word' id='word_1_412' title='bbox 1159 4942 1402 4994; x_wconf 78' lang='grc' dir='ltr'>ποθεινὸν</span> <span class='ocrx_word' id='word_1_413' title='bbox 1431 4944 1558 5012; x_wconf 76' lang='grc' dir='ltr'>ἡμῖν</span> <span class='ocrx_word' id='word_1_414' title='bbox 1579 4941 1636 4992; x_wconf 81' lang='grc' dir='ltr'>τὸ</span> <span class='ocrx_word' id='word_1_415' title='bbox 1662 4944 1888 5010; x_wconf 72' lang='grc' dir='ltr'>πρᾶγμα</span> 
     </span>
    </p>
   </div>
   <div class='ocr_carea' id='block_1_54' title="bbox 323 5015 1888 5094">
    <p class='ocr_par' dir='ltr' id='par_1_54' title="bbox 323 5015 1888 5094">
     <span class='ocr_line' id='line_1_54' title="bbox 323 5015 1888 5094; baseline -0.005 -26"><span class='ocrx_word' id='word_1_416' title='bbox 323 5015 578 5079; x_wconf 87' lang='grc' dir='ltr'>ποιοῦσα;</span> <span class='ocrx_word' id='word_1_417' title='bbox 615 5016 766 5085; x_wconf 86' lang='grc' dir='ltr'>φησί.</span> <span class='ocrx_word' id='word_1_418' title='bbox 799 5018 1116 5085; x_wconf 80' lang='grc' dir='ltr'>Κενοδοξίας</span> <span class='ocrx_word' id='word_1_419' title='bbox 1161 5023 1321 5094; x_wconf 77' lang='grc' dir='ltr'>ἔρως,</span> <span class='ocrx_word' id='word_1_420' title='bbox 1359 5027 1466 5079; x_wconf 70' lang='grc' dir='ltr'>Καὶ</span> <span class='ocrx_word' id='word_1_421' title='bbox 1505 5025 1751 5093; x_wconf 72' lang='grc' dir='ltr'>καθάπερ</span> <span class='ocrx_word' id='word_1_422' title='bbox 1794 5023 1888 5074; x_wconf 77' lang='grc' dir='ltr'>ἀν-</span> 
     </span>
    </p>
   </div>
   <div class='ocr_carea' id='block_1_55' title="bbox 322 5100 1889 5178">
    <p class='ocr_par' dir='ltr' id='par_1_55' title="bbox 322 5100 1889 5178">
     <span class='ocr_line' id='line_1_55' title="bbox 322 5100 1889 5178; baseline 0.004 -26"><span class='ocrx_word' id='word_1_423' title='bbox 322 5100 506 5170; x_wconf 82' lang='grc' dir='ltr'>δράσιν</span> <span class='ocrx_word' id='word_1_424' title='bbox 537 5101 694 5170; x_wconf 78' lang='grc' dir='ltr'>ἡδονή</span> <span class='ocrx_word' id='word_1_425' title='bbox 726 5100 909 5171; x_wconf 70' lang='grc' dir='ltr'>ψυχρά</span> <span class='ocrx_word' id='word_1_426' title='bbox 947 5105 1042 5156; x_wconf 76' lang='grc' dir='ltr'>καὶ</span> <span class='ocrx_word' id='word_1_427' title='bbox 1080 5106 1446 5178; x_wconf 83' lang='grc' dir='ltr'>ταλαίπωρος,</span> <span class='ocrx_word' id='word_1_428' title='bbox 1475 5109 1612 5161; x_wconf 70' lang='grc' dir='ltr'>οὕτω</span> <span class='ocrx_word' id='word_1_429' title='bbox 1642 5108 1731 5159; x_wconf 77' lang='grc' dir='ltr'>καὶ</span> <span class='ocrx_word' id='word_1_430' title='bbox 1759 5107 1889 5159; x_wconf 86' lang='grc' dir='ltr'>ταύ-</span> 
     </span>
    </p>
   </div>
   <div class='ocr_carea' id='block_1_56' title="bbox 324 5185 1891 5264">
    <p class='ocr_par' dir='ltr' id='par_1_56' title="bbox 324 5185 1891 5264">
     <span class='ocr_line' id='line_1_56' title="bbox 324 5185 1891 5264; baseline 0.003 -26"><span class='ocrx_word' id='word_1_431' title='bbox 324 5203 444 5247; x_wconf 88' lang='grc' dir='ltr'>ταις</span> <span class='ocrx_word' id='word_1_432' title='bbox 466 5185 772 5255; x_wconf 82' lang='grc' dir='ltr'>φιλοτιμίας</span> <span class='ocrx_word' id='word_1_433' title='bbox 796 5186 1060 5257; x_wconf 79' lang='grc' dir='ltr'>ὲπιθυμία</span> <span class='ocrx_word' id='word_1_434' title='bbox 1095 5188 1192 5258; x_wconf 82' lang='grc' dir='ltr'>τὴν</span> <span class='ocrx_word' id='word_1_435' title='bbox 1215 5193 1547 5264; x_wconf 84' lang='grc' dir='ltr'>ὁμοσκηνίαν</span> <span class='ocrx_word' id='word_1_436' title='bbox 1573 5192 1771 5261; x_wconf 84' lang='grc' dir='ltr'>ταύτην</span> <span class='ocrx_word' id='word_1_437' title='bbox 1801 5193 1891 5262; x_wconf 80' lang='grc' dir='ltr'>έρ-</span> 
     </span>
    </p>
   </div>
   <div class='ocr_carea' id='block_1_57' title="bbox 325 5280 566 5337">
    <p class='ocr_par' dir='ltr' id='par_1_57' title="bbox 325 5280 566 5337">
     <span class='ocr_line' id='line_1_57' title="bbox 325 5280 566 5337; baseline 0 -15"><span class='ocrx_word' id='word_1_438' title='bbox 325 5280 566 5337; x_wconf 66' lang='grc' dir='ltr'>γαςεται.</span> 
     </span>
    </p>
   </div>
   <div class='ocr_carea' id='block_1_58' title="bbox 395 5372 1890 5448">
    <p class='ocr_par' dir='ltr' id='par_1_58' title="bbox 395 5372 1890 5448">
     <span class='ocr_line' id='line_1_58' title="bbox 395 5372 1890 5448; baseline 0.002 -22"><span class='ocrx_word' id='word_1_439' title='bbox 395 5372 678 5438; x_wconf 81' lang='grc' dir='ltr'>Κενόδοξον</span> <span class='ocrx_word' id='word_1_440' title='bbox 718 5373 812 5443; x_wconf 88' lang='grc' dir='ltr'>μὲν</span> <span class='ocrx_word' id='word_1_441' title='bbox 853 5373 1018 5434; x_wconf 81' lang='grc' dir='ltr'>ἀπαν,</span> <span class='ocrx_word' id='word_1_442' title='bbox 1049 5376 1126 5438; x_wconf 82' lang='grc' dir='ltr'>ὡς</span> <span class='ocrx_word' id='word_1_443' title='bbox 1149 5379 1343 5441; x_wconf 79' lang='grc' dir='ltr'>εἰπεῖν,</span> <span class='ocrx_word' id='word_1_444' title='bbox 1374 5380 1436 5434; x_wconf 81' lang='grc' dir='ltr'>τὸ</span> <span class='ocrx_word' id='word_1_445' title='bbox 1464 5379 1570 5433; x_wconf 87' lang='grc' dir='ltr'>τῶν</span> <span class='ocrx_word' id='word_1_446' title='bbox 1592 5376 1890 5448; x_wconf 77' lang='grc' dir='ltr'>ἀνθρώπιον</span> 
     </span>
    </p>
   </div>
   <div class='ocr_carea' id='block_1_59' title="bbox 327 5456 1894 5535">
    <p class='ocr_par' dir='ltr' id='par_1_59' title="bbox 327 5456 1894 5535">
     <span class='ocr_line' id='line_1_59' title="bbox 327 5456 1894 5535; baseline 0.006 -30"><span class='ocrx_word' id='word_1_447' title='bbox 327 5456 498 5520; x_wconf 90' lang='grc' dir='ltr'>γένος,</span> <span class='ocrx_word' id='word_1_448' title='bbox 533 5458 760 5527; x_wconf 88' lang='grc' dir='ltr'>μάλιστα</span> <span class='ocrx_word' id='word_1_449' title='bbox 786 5457 842 5510; x_wconf 82' lang='grc' dir='ltr'>δὲ</span> <span class='ocrx_word' id='word_1_450' title='bbox 869 5457 929 5510; x_wconf 83' lang='grc' dir='ltr'>τὸ</span> <span class='ocrx_word' id='word_1_451' title='bbox 960 5464 1288 5526; x_wconf 76' lang='grc' dir='ltr'>γυναικεῖονο</span> <span class='ocrx_word' id='word_1_452' title='bbox 1309 5464 1437 5517; x_wconf 84' lang='grc' dir='ltr'>ὅταν</span> <span class='ocrx_word' id='word_1_453' title='bbox 1461 5466 1566 5535; x_wconf 73' lang='grc' dir='ltr'>γὰρ</span> <span class='ocrx_word' id='word_1_454' title='bbox 1594 5466 1728 5533; x_wconf 86' lang='grc' dir='ltr'>μήτε</span> <span class='ocrx_word' id='word_1_455' title='bbox 1763 5465 1894 5514; x_wconf 85' lang='grc' dir='ltr'>ἀνα-</span> 
     </span>
    </p>
   </div>
   <div class='ocr_carea' id='block_1_60' title="bbox 325 5540 1890 5618">
    <p class='ocr_par' dir='ltr' id='par_1_60' title="bbox 325 5540 1890 5618">
     <span class='ocr_line' id='line_1_60' title="bbox 325 5540 1890 5618; baseline 0.008 -31"><span class='ocrx_word' id='word_1_456' title='bbox 325 5540 574 5605; x_wconf 83' lang='grc' dir='ltr'>παύσεως</span> <span class='ocrx_word' id='word_1_457' title='bbox 623 5542 864 5604; x_wconf 85' lang='grc' dir='ltr'>δέωνται,</span> <span class='ocrx_word' id='word_1_458' title='bbox 895 5542 1143 5612; x_wconf 86' lang='grc' dir='ltr'>καθάπερ</span> <span class='ocrx_word' id='word_1_459' title='bbox 1185 5547 1580 5611; x_wconf 85' lang='grc' dir='ltr'>ἀποδέδεικται,</span> <span class='ocrx_word' id='word_1_460' title='bbox 1616 5549 1749 5618; x_wconf 90' lang='grc' dir='ltr'>μήτε</span> <span class='ocrx_word' id='word_1_461' title='bbox 1774 5547 1890 5599; x_wconf 89' lang='grc' dir='ltr'>δια-</span> 
     </span>
    </p>
   </div>
   <div class='ocr_carea' id='block_1_61' title="bbox 328 5619 1890 5696">
    <p class='ocr_par' dir='ltr' id='par_1_61' title="bbox 328 5619 1890 5696">
     <span class='ocr_line' id='line_1_61' title="bbox 328 5619 1890 5696; baseline 0.008 -27"><span class='ocrx_word' id='word_1_462' title='bbox 328 5619 650 5689; x_wconf 78' lang='grc' dir='ltr'>φθείρωνται</span> <span class='ocrx_word' id='word_1_463' title='bbox 698 5627 810 5696; x_wconf 85' lang='grc' dir='ltr'>μετ’</span> <span class='ocrx_word' id='word_1_464' title='bbox 842 5624 1037 5689; x_wconf 80' lang='grc' dir='ltr'>αὐτῶν,</span> <span class='ocrx_word' id='word_1_465' title='bbox 1071 5625 1290 5696; x_wconf 73' lang='grc' dir='ltr'>εὔδηλον</span> <span class='ocrx_word' id='word_1_466' title='bbox 1334 5631 1414 5682; x_wconf 82' lang='grc' dir='ltr'>ὅτι</span> <span class='ocrx_word' id='word_1_467' title='bbox 1449 5630 1603 5684; x_wconf 89' lang='grc' dir='ltr'>τοῦτο</span> <span class='ocrx_word' id='word_1_468' title='bbox 1649 5630 1890 5684; x_wconf 88' lang='grc' dir='ltr'>λείπεται</span> 
     </span>
    </p>
   </div>
   <div class='ocr_carea' id='block_1_62' title="bbox 327 5701 861 5778">
    <p class='ocr_par' dir='ltr' id='par_1_62' title="bbox 327 5701 861 5778">
     <span class='ocr_line' id='line_1_62' title="bbox 327 5701 861 5778; baseline 0.026 -28"><span class='ocrx_word' id='word_1_469' title='bbox 327 5701 651 5758; x_wconf 83' lang='grc' dir='ltr'>ὑποπτεύειν</span> <span class='ocrx_word' id='word_1_470' title='bbox 682 5710 861 5778; x_wconf 87' lang='grc' dir='ltr'>μόνον.</span> 
     </span>
    </p>
   </div>
   <div class='ocr_carea' id='block_1_63' title="bbox 400 5828 1891 5916">
    <p class='ocr_par' dir='ltr' id='par_1_63' title="bbox 400 5828 1891 5916">
     <span class='ocr_line' id='line_1_63' title="bbox 400 5828 1891 5916; baseline 0.013 -38"><span class='ocrx_word' id='word_1_471' title='bbox 400 5833 474 5891; x_wconf 78' lang='grc' dir='ltr'>ς’.</span> <span class='ocrx_word' id='word_1_472' title='bbox 509 5828 659 5884; x_wconf 74' lang='grc' dir='ltr'>Ἐπεὶ</span> <span class='ocrx_word' id='word_1_473' title='bbox 673 5831 766 5888; x_wconf 77' lang='grc' dir='ltr'>οὐν</span> <span class='ocrx_word' id='word_1_474' title='bbox 781 5838 950 5910; x_wconf 78' lang='grc' dir='ltr'>αὐτὴν</span> <span class='ocrx_word' id='word_1_475' title='bbox 965 5837 1057 5892; x_wconf 86' lang='grc' dir='ltr'>τοῦ</span> <span class='ocrx_word' id='word_1_476' title='bbox 1085 5837 1252 5892; x_wconf 89' lang='grc' dir='ltr'>κακοῦ</span> <span class='ocrx_word' id='word_1_477' title='bbox 1277 5839 1375 5909; x_wconf 74' lang='grc' dir='ltr'>τὴν</span> <span class='ocrx_word' id='word_1_478' title='bbox 1390 5840 1544 5909; x_wconf 80' lang='grc' dir='ltr'>ῥίζαν</span> <span class='ocrx_word' id='word_1_479' title='bbox 1557 5843 1891 5916; x_wconf 86' lang='grc' dir='ltr'>εὑρήκαμεν,</span> 
     </span>
    </p>
   </div>
   <div class='ocr_carea' id='block_1_64' title="bbox 326 5910 1896 5995">
    <p class='ocr_par' dir='ltr' id='par_1_64' title="bbox 326 5910 1896 5995">
     <span class='ocr_line' id='line_1_64' title="bbox 326 5910 1896 5995; baseline 0.015 -36"><span class='ocrx_word' id='word_1_480' title='bbox 326 5910 458 5995; x_wconf 70' lang='grc' dir='ltr'>φέρε</span> <span class='ocrx_word' id='word_1_481' title='bbox 491 5911 675 5966; x_wconf 78' lang='grc' dir='ltr'>λοιπὸν</span> <span class='ocrx_word' id='word_1_482' title='bbox 718 5919 780 5971; x_wconf 75' lang='grc' dir='ltr'>τὸ</span> <span class='ocrx_word' id='word_1_483' title='bbox 824 5924 1078 5990; x_wconf 74' lang='grc' dir='ltr'>ἐγκαλεῖν</span> <span class='ocrx_word' id='word_1_484' title='bbox 1121 5923 1366 5994; x_wconf 79' lang='grc' dir='ltr'>ἀφέντες,</span> <span class='ocrx_word' id='word_1_485' title='bbox 1397 5910 1752 5995; x_wconf 77' lang='grc' dir='ltr'>παραινῶμεν</span> <span class='ocrx_word' id='word_1_486' title='bbox 1774 5910 1896 5981; x_wconf 34' lang='grc' dir='ltr'>*καὶ</span> 
     </span>
    </p>
   </div>
   <div class='ocr_carea' id='block_1_65' title="bbox 325 5991 1894 6079">
    <p class='ocr_par' dir='ltr' id='par_1_65' title="bbox 325 5991 1894 6079">
     <span class='ocr_line' id='line_1_65' title="bbox 325 5991 1894 6079; baseline 0.012 -33"><span class='ocrx_word' id='word_1_487' title='bbox 325 5991 475 6063; x_wconf 67' lang='grc' dir='ltr'>ξεδεη</span> <span class='ocrx_word' id='word_1_488' title='bbox 513 5997 806 6068; x_wconf 85' lang='grc' dir='ltr'>πείθωμεν,</span> <span class='ocrx_word' id='word_1_489' title='bbox 839 6005 919 6057; x_wconf 79' lang='grc' dir='ltr'>ὅτι</span> <span class='ocrx_word' id='word_1_490' title='bbox 957 6009 1205 6079; x_wconf 87' lang='grc' dir='ltr'>καθάπερ</span> <span class='ocrx_word' id='word_1_491' title='bbox 1233 6008 1337 6061; x_wconf 84' lang='grc' dir='ltr'>τῶν</span> <span class='ocrx_word' id='word_1_492' title='bbox 1376 6007 1583 6079; x_wconf 82' lang='grc' dir='ltr'>ἀνδρῶν</span> <span class='ocrx_word' id='word_1_493' title='bbox 1627 6011 1674 6062; x_wconf 81' lang='grc' dir='ltr'>οἱ</span> <span class='ocrx_word' id='word_1_494' title='bbox 1720 6029 1894 6065; x_wconf 88' lang='grc' dir='ltr'>συνοι-</span> 
     </span>
    </p>
   </div>
   <div class='ocr_carea' id='block_1_66' title="bbox 324 6076 1886 6166">
    <p class='ocr_par' dir='ltr' id='par_1_66' title="bbox 324 6076 1886 6166">
     <span class='ocr_line' id='line_1_66' title="bbox 324 6076 1886 6166; baseline 0.015 -41"><span class='ocrx_word' id='word_1_495' title='bbox 324 6076 544 6166; x_wconf 65' lang='grc' dir='ltr'>κοῦντες</span> <span class='ocrx_word' id='word_1_496' title='bbox 600 6082 789 6145; x_wconf 82' lang='grc' dir='ltr'>αὐταῖς</span> <span class='ocrx_word' id='word_1_497' title='bbox 856 6085 1070 6142; x_wconf 89' lang='grc' dir='ltr'>δοκοῦσι</span> <span class='ocrx_word' id='word_1_498' title='bbox 1127 6093 1224 6161; x_wconf 77' lang='grc' dir='ltr'>μὲν</span> <span class='ocrx_word' id='word_1_499' title='bbox 1274 6092 1457 6163; x_wconf 76' lang='grc' dir='ltr'>ἡδονὴν</span> <span class='ocrx_word' id='word_1_500' title='bbox 1511 6093 1886 6163; x_wconf 82' lang='grc' dir='ltr'>καρποῦσθαι,</span> 
     </span>
    </p>
   </div>
   <div class='ocr_carea' id='block_1_67' title="bbox 557 6163 595 6179">
    <p class='ocr_par' dir='ltr' id='par_1_67' title="bbox 557 6163 595 6179">
     <span class='ocr_line' id='line_1_67' title="bbox 557 6163 595 6179; baseline 0 0"><span class='ocrx_word' id='word_1_501' title='bbox 557 6163 595 6179; x_wconf 63' lang='grc' dir='ltr'>ιιι</span> 
     </span>
    </p>
   </div>
   <div class='ocr_carea' id='block_1_68' title="bbox 326 6166 1883 6247">
    <p class='ocr_par' dir='ltr' id='par_1_68' title="bbox 326 6166 1883 6247">
     <span class='ocr_line' id='line_1_68' title="bbox 326 6166 1883 6247; baseline 0.015 -38"><span class='ocrx_word' id='word_1_502' title='bbox 326 6166 526 6215; x_wconf 53' lang='grc' dir='ltr'>πλείονι</span> <span class='ocrx_word' id='word_1_503' title='bbox 555 6166 606 6217; x_wconf 70' lang='grc' dir='ltr'>δὲ</span> <span class='ocrx_word' id='word_1_504' title='bbox 639 6166 1039 6234; x_wconf 54' lang='grc' dir='ltr'>περιϐάλλονται</span> <span class='ocrx_word' id='word_1_505' title='bbox 1071 6173 1286 6244; x_wconf 69' lang='grc' dir='ltr'>βασάνῳ</span> <span class='ocrx_word' id='word_1_506' title='bbox 1317 6175 1427 6231; x_wconf 61' lang='grc' dir='ltr'>(καί</span> <span class='ocrx_word' id='word_1_507' title='bbox 1457 6175 1561 6246; x_wconf 68' lang='grc' dir='ltr'>γὰρ</span> <span class='ocrx_word' id='word_1_508' title='bbox 1585 6178 1764 6244; x_wconf 73' lang='grc' dir='ltr'>ἐκείνη</span> <span class='ocrx_word' id='word_1_509' title='bbox 1795 6181 1883 6247; x_wconf 75' lang='grc' dir='ltr'>μό-</span> 
     </span>
    </p>
   </div>
   <div class='ocr_carea' id='block_1_69' title="bbox 844 576 2578 651">
    <p class='ocr_par' dir='ltr' id='par_1_69' title="bbox 844 576 2578 651">
     <span class='ocr_line' id='line_1_69' title="bbox 844 576 2578 651; baseline -0.01 -10"><span class='ocrx_word' id='word_1_510' title='bbox 844 583 1029 651; x_wconf 80' lang='lat' dir='ltr'>QUOD</span> <span class='ocrx_word' id='word_1_511' title='bbox 1065 578 1477 635; x_wconf 65' lang='grc' dir='ltr'>ῐιεσυωιιιίε</span> <span class='ocrx_word' id='word_1_512' title='bbox 1515 577 1788 632; x_wconf 71' lang='grc' dir='ltr'>Ι·’ἷίλῙΙΝΑΞ</span> <span class='ocrx_word' id='word_1_513' title='bbox 1829 577 2012 632; x_wconf 74' lang='lat' dir='ltr'><strong>mus</strong></span> <span class='ocrx_word' id='word_1_514' title='bbox 2049 576 2486 632; x_wconf 68' lang='lat' dir='ltr'>COHABITARE</span> <span class='ocrx_word' id='word_1_515' title='bbox 2524 579 2578 633; x_wconf 53' lang='grc' dir='ltr'>Ν</span> 
     </span>
    </p>
   </div>
   <div class='ocr_carea' id='block_1_70' title="bbox 1833 576 3567 651">
    <p class='ocr_par' dir='ltr' id='par_1_70' title="bbox 1833 576 3567 640">
     <span class='ocr_line' id='line_1_70' title="bbox 1833 576 3567 640; baseline 0.002 -11"><span class='ocrx_word' id='word_1_516' title='bbox 1833 577 2012 632; x_wconf 66' lang='grc' dir='ltr'>ῊΒΙΒ</span> <span class='ocrx_word' id='word_1_517' title='bbox 2049 576 2486 632; x_wconf 68' lang='lat' dir='ltr'>COHABITARE</span> <span class='ocrx_word' id='word_1_518' title='bbox 2524 579 2660 634; x_wconf 73' lang='lat' dir='ltr'>NON</span> <span class='ocrx_word' id='word_1_519' title='bbox 2703 581 3034 638; x_wconf 72' lang='lat' dir='ltr'>DEBEANT.</span> <span class='ocrx_word' id='word_1_520' title='bbox 3461 584 3567 640; x_wconf 67' lang='grc' dir='ltr'>διε</span> 
     </span>
    </p>
   </div>
   <div class='ocr_carea' id='block_1_71' title="bbox 1994 689 3568 769">
    <p class='ocr_par' dir='ltr' id='par_1_71' title="bbox 1994 689 3568 769">
     <span class='ocr_line' id='line_1_71' title="bbox 1994 689 3568 769; baseline 0.008 -27"><span class='ocrx_word' id='word_1_521' title='bbox 1994 705 2059 758; x_wconf 87' lang='grc' dir='ltr'>νη</span> <span class='ocrx_word' id='word_1_522' title='bbox 2093 689 2308 761; x_wconf 92' lang='grc' dir='ltr'>καθαρά</span> <span class='ocrx_word' id='word_1_523' title='bbox 2349 691 2544 760; x_wconf 87' lang='grc' dir='ltr'>γένοιτ’</span> <span class='ocrx_word' id='word_1_524' title='bbox 2576 692 2640 746; x_wconf 85' lang='grc' dir='ltr'>ἂν</span> <span class='ocrx_word' id='word_1_525' title='bbox 2669 694 2833 766; x_wconf 82' lang='grc' dir='ltr'>ήδονὴ</span> <span class='ocrx_word' id='word_1_526' title='bbox 2876 697 2970 750; x_wconf 74' lang='grc' dir='ltr'>καὶ</span> <span class='ocrx_word' id='word_1_527' title='bbox 3008 696 3254 766; x_wconf 89' lang='grc' dir='ltr'>μόνιμος,</span> <span class='ocrx_word' id='word_1_528' title='bbox 3285 696 3317 768; x_wconf 86' lang='grc' dir='ltr'>ή</span> <span class='ocrx_word' id='word_1_529' title='bbox 3343 697 3433 751; x_wconf 85' lang='grc' dir='ltr'>τοῦ</span> <span class='ocrx_word' id='word_1_530' title='bbox 3464 717 3568 769; x_wconf 87' lang='grc' dir='ltr'>χω-</span> 
     </span>
    </p>
   </div>
   <div class='ocr_carea' id='block_1_72' title="bbox 1993 772 3567 850">
    <p class='ocr_par' dir='ltr' id='par_1_72' title="bbox 1993 772 3567 850">
     <span class='ocr_line' id='line_1_72' title="bbox 1993 772 3567 850; baseline 0.008 -27"><span class='ocrx_word' id='word_1_531' title='bbox 1993 772 2188 843; x_wconf 85' lang='grc' dir='ltr'>ρισμοῦ</span> <span class='ocrx_word' id='word_1_532' title='bbox 2209 783 2248 841; x_wconf 82' lang='lat'><strong>),</strong></span> <span class='ocrx_word' id='word_1_533' title='bbox 2276 775 2416 827; x_wconf 83' lang='grc' dir='ltr'>οῦτω</span> <span class='ocrx_word' id='word_1_534' title='bbox 2457 775 2520 846; x_wconf 83' lang='grc' dir='ltr'>δὴ</span> <span class='ocrx_word' id='word_1_535' title='bbox 2563 778 2656 830; x_wconf 64' lang='grc' dir='ltr'>κα)⁵</span> <span class='ocrx_word' id='word_1_536' title='bbox 2681 778 2926 841; x_wconf 90' lang='grc' dir='ltr'>ταύταις.</span> <span class='ocrx_word' id='word_1_537' title='bbox 2959 781 3116 832; x_wconf 83' lang='grc' dir='ltr'>Δοκεῖ</span> <span class='ocrx_word' id='word_1_538' title='bbox 3152 780 3271 850; x_wconf 82' lang='grc' dir='ltr'>μὲν,</span> <span class='ocrx_word' id='word_1_539' title='bbox 3298 781 3374 843; x_wconf 86' lang='grc' dir='ltr'>ὡς</span> <span class='ocrx_word' id='word_1_540' title='bbox 3406 776 3567 836; x_wconf 70' lang='grc' dir='ltr'>αὗται</span> 
     </span>
    </p>
   </div>
   <div class='ocr_carea' id='block_1_73' title="bbox 1992 855 3567 933">
    <p class='ocr_par' dir='ltr' id='par_1_73' title="bbox 1992 855 3567 933">
     <span class='ocr_line' id='line_1_73' title="bbox 1992 855 3567 933; baseline 0.006 -25"><span class='ocrx_word' id='word_1_541' title='bbox 1992 855 2284 925; x_wconf 81' lang='grc' dir='ltr'>νομίζουσι,</span> <span class='ocrx_word' id='word_1_542' title='bbox 2317 856 2443 921; x_wconf 85' lang='grc' dir='ltr'>δόξα</span> <span class='ocrx_word' id='word_1_543' title='bbox 2474 876 2555 921; x_wconf 91' lang='grc' dir='ltr'>τις</span> <span class='ocrx_word' id='word_1_544' title='bbox 2583 859 2831 914; x_wconf 73' lang='grc' dir='ltr'>ἐντεῦθεν</span> <span class='ocrx_word' id='word_1_545' title='bbox 2877 861 2972 913; x_wconf 75' lang='grc' dir='ltr'>καὶ</span> <span class='ocrx_word' id='word_1_546' title='bbox 3022 864 3346 933; x_wconf 87' lang='grc' dir='ltr'>περιφάνεια</span> <span class='ocrx_word' id='word_1_547' title='bbox 3387 865 3567 919; x_wconf 87' lang='grc' dir='ltr'>τίκτε-</span> 
     </span>
    </p>
   </div>
   <div class='ocr_carea' id='block_1_74' title="bbox 1993 939 3534 1014">
    <p class='ocr_par' dir='ltr' id='par_1_74' title="bbox 1993 939 3534 1014">
     <span class='ocr_line' id='line_1_74' title="bbox 1993 939 3534 1014; baseline 0.006 -22"><span class='ocrx_word' id='word_1_548' title='bbox 1993 939 2148 992; x_wconf 84' lang='grc' dir='ltr'>σθαι·</span> <span class='ocrx_word' id='word_1_549' title='bbox 2185 942 2309 994; x_wconf 77' lang='grc' dir='ltr'>εἰδὲ</span> <span class='ocrx_word' id='word_1_550' title='bbox 2334 941 2574 1012; x_wconf 79' lang='grc' dir='ltr'>ἀκριϐῶς</span> <span class='ocrx_word' id='word_1_551' title='bbox 2614 961 2697 1007; x_wconf 90' lang='grc' dir='ltr'>τις</span> <span class='ocrx_word' id='word_1_552' title='bbox 2741 945 3034 1010; x_wconf 81' lang='grc' dir='ltr'>ἐξετάσειε,</span> <span class='ocrx_word' id='word_1_553' title='bbox 3063 947 3294 1014; x_wconf 82' lang='grc' dir='ltr'>γέλωτος</span> <span class='ocrx_word' id='word_1_554' title='bbox 3337 949 3431 1000; x_wconf 70' lang='grc' dir='ltr'>καὶ</span> <span class='ocrx_word' id='word_1_555' title='bbox 3478 953 3534 1002; x_wconf 82' lang='grc' dir='ltr'>αἰ</span> 
     </span>
    </p>
   </div>
   <div class='ocr_carea' id='block_1_75' title="bbox 1985 1023 3567 1100">
    <p class='ocr_par' dir='ltr' id='par_1_75' title="bbox 1985 1023 3567 1100">
     <span class='ocr_line' id='line_1_75' title="bbox 1985 1023 3567 1100; baseline 0.009 -27"><span class='ocrx_word' id='word_1_556' title='bbox 1985 1023 2193 1093; x_wconf 76' lang='grc' dir='ltr'>,σχύνης</span> <span class='ocrx_word' id='word_1_557' title='bbox 2215 1026 2306 1078; x_wconf 77' lang='grc' dir='ltr'>καὶ</span> <span class='ocrx_word' id='word_1_558' title='bbox 2336 1025 2552 1079; x_wconf 83' lang='grc' dir='ltr'>ὀνειδῶν</span> <span class='ocrx_word' id='word_1_559' title='bbox 2582 1028 2675 1080; x_wconf 74' lang='grc' dir='ltr'>καὶ</span> <span class='ocrx_word' id='word_1_560' title='bbox 2699 1029 2797 1099; x_wconf 85' lang='grc' dir='ltr'>τῆς</span> <span class='ocrx_word' id='word_1_561' title='bbox 2825 1029 3059 1100; x_wconf 85' lang='grc' dir='ltr'>ἐσχάτης</span> <span class='ocrx_word' id='word_1_562' title='bbox 3088 1031 3420 1100; x_wconf 78' lang='grc' dir='ltr'>ἐμπίπλαται</span> <span class='ocrx_word' id='word_1_563' title='bbox 3446 1034 3567 1087; x_wconf 86' lang='grc' dir='ltr'>ἀδο-</span> 
     </span>
    </p>
   </div>
   <div class='ocr_carea' id='block_1_76' title="bbox 1995 1107 3570 1188">
    <p class='ocr_par' dir='ltr' id='par_1_76' title="bbox 1995 1107 3570 1188">
     <span class='ocr_line' id='line_1_76' title="bbox 1995 1107 3570 1188; baseline 0.008 -30"><span class='ocrx_word' id='word_1_564' title='bbox 1995 1107 2131 1171; x_wconf 87' lang='grc' dir='ltr'>ξίας.</span> <span class='ocrx_word' id='word_1_565' title='bbox 2167 1109 2273 1161; x_wconf 79' lang='grc' dir='ltr'>Καὶ</span> <span class='ocrx_word' id='word_1_566' title='bbox 2303 1110 2442 1183; x_wconf 82' lang='grc' dir='ltr'>ὑπὲρ</span> <span class='ocrx_word' id='word_1_567' title='bbox 2479 1109 2681 1163; x_wconf 91' lang='grc' dir='ltr'>τούτων</span> <span class='ocrx_word' id='word_1_568' title='bbox 2715 1111 2927 1183; x_wconf 79' lang='grc' dir='ltr'>εἴρηται</span> <span class='ocrx_word' id='word_1_569' title='bbox 2963 1114 3064 1184; x_wconf 88' lang='grc' dir='ltr'>μὲν</span> <span class='ocrx_word' id='word_1_570' title='bbox 3092 1115 3222 1184; x_wconf 85' lang='grc' dir='ltr'>ήμίν</span> <span class='ocrx_word' id='word_1_571' title='bbox 3260 1117 3354 1167; x_wconf 78' lang='grc' dir='ltr'>καὶ</span> <span class='ocrx_word' id='word_1_572' title='bbox 3388 1119 3444 1169; x_wconf 84' lang='grc' dir='ltr'>ἐν</span> <span class='ocrx_word' id='word_1_573' title='bbox 3474 1119 3570 1188; x_wconf 92' lang='grc' dir='ltr'>ἀρ-</span> 
     </span>
    </p>
   </div>
   <div class='ocr_carea' id='block_1_77' title="bbox 1992 1188 3566 1268">
    <p class='ocr_par' dir='ltr' id='par_1_77' title="bbox 1992 1188 3566 1268">
     <span class='ocr_line' id='line_1_77' title="bbox 1992 1188 3566 1268; baseline -0.003 -22"><span class='ocrx_word' id='word_1_574' title='bbox 1992 1193 2060 1260; x_wconf 82' lang='grc' dir='ltr'>χῇ</span> <span class='ocrx_word' id='word_1_575' title='bbox 2089 1188 2314 1261; x_wconf 83' lang='grc' dir='ltr'>βραχέα,</span> <span class='ocrx_word' id='word_1_576' title='bbox 2341 1193 2618 1264; x_wconf 86' lang='grc' dir='ltr'>εἰρήσεται</span> <span class='ocrx_word' id='word_1_577' title='bbox 2650 1193 2704 1245; x_wconf 80' lang='grc' dir='ltr'>δὲ</span> <span class='ocrx_word' id='word_1_578' title='bbox 2740 1195 2834 1246; x_wconf 78' lang='grc' dir='ltr'>καὶ</span> <span class='ocrx_word' id='word_1_579' title='bbox 2862 1195 3168 1248; x_wconf 86' lang='grc' dir='ltr'>νῦν.’Έστω</span> <span class='ocrx_word' id='word_1_580' title='bbox 3199 1198 3308 1268; x_wconf 79' lang='grc' dir='ltr'>γὰρ</span> <span class='ocrx_word' id='word_1_581' title='bbox 3334 1199 3362 1250; x_wconf 82' lang='lat'>6</span> <span class='ocrx_word' id='word_1_582' title='bbox 3393 1216 3566 1268; x_wconf 60' lang='grc' dir='ltr'>ᾳυνοι-</span> 
     </span>
    </p>
   </div>
   <div class='ocr_carea' id='block_1_78' title="bbox 1994 1265 3570 1355">
    <p class='ocr_par' dir='ltr' id='par_1_78' title="bbox 1994 1265 3570 1355">
     <span class='ocr_line' id='line_1_78' title="bbox 1994 1265 3570 1355; baseline 0.006 -28"><span class='ocrx_word' id='word_1_583' title='bbox 1994 1274 2124 1337; x_wconf 81' lang='grc' dir='ltr'>κῶν,</span> <span class='ocrx_word' id='word_1_584' title='bbox 2155 1277 2202 1327; x_wconf 85' lang='grc' dir='ltr'>εί</span> <span class='ocrx_word' id='word_1_585' title='bbox 2243 1275 2439 1345; x_wconf 88' lang='grc' dir='ltr'>βούλει,</span> <span class='ocrx_word' id='word_1_586' title='bbox 2473 1276 2546 1347; x_wconf 82' lang='grc' dir='ltr'>μὴ</span> <span class='ocrx_word' id='word_1_587' title='bbox 2578 1276 2686 1328; x_wconf 90' lang='grc' dir='ltr'>τῶν</span> <span class='ocrx_word' id='word_1_588' title='bbox 2718 1277 2946 1329; x_wconf 80' lang='grc' dir='ltr'>εὐτελῶν</span> <span class='ocrx_word' id='word_1_589' title='bbox 2972 1296 3074 1342; x_wconf 81' lang='grc' dir='ltr'>τις,</span> <span class='ocrx_word' id='word_1_590' title='bbox 3106 1281 3241 1351; x_wconf 77' lang='grc' dir='ltr'>μηδὲ</span> <span class='ocrx_word' id='word_1_591' title='bbox 3263 1281 3370 1335; x_wconf 86' lang='grc' dir='ltr'>τῶν</span> <span class='ocrx_word' id='word_1_592' title='bbox 3391 1265 3570 1355; x_wconf 71' lang='grc' dir='ltr'>ἀπερ-</span> 
     </span>
    </p>
   </div>
   <div class='ocr_carea' id='block_1_79' title="bbox 1996 1359 3567 1436">
    <p class='ocr_par' dir='ltr' id='par_1_79' title="bbox 1996 1359 3567 1436">
     <span class='ocr_line' id='line_1_79' title="bbox 1996 1359 3567 1436; baseline 0.006 -27"><span class='ocrx_word' id='word_1_593' title='bbox 1996 1359 2293 1428; x_wconf 76' lang='grc' dir='ltr'>ριμμένων,</span> <span class='ocrx_word' id='word_1_594' title='bbox 2320 1360 2454 1413; x_wconf 82' lang='grc' dir='ltr'>ἀλλά</span> <span class='ocrx_word' id='word_1_595' title='bbox 2496 1359 2606 1411; x_wconf 83' lang='grc' dir='ltr'>τῶν</span> <span class='ocrx_word' id='word_1_596' title='bbox 2661 1359 2859 1430; x_wconf 80' lang='grc' dir='ltr'>πολλὴν</span> <span class='ocrx_word' id='word_1_597' title='bbox 2903 1362 2959 1412; x_wconf 83' lang='grc' dir='ltr'>ἐν</span> <span class='ocrx_word' id='word_1_598' title='bbox 3004 1362 3295 1434; x_wconf 73' lang='grc' dir='ltr'>Ἐκκλησία</span> <span class='ocrx_word' id='word_1_599' title='bbox 3339 1366 3567 1436; x_wconf 88' lang='grc' dir='ltr'>δύναμιν</span> 
     </span>
    </p>
   </div>
   <div class='ocr_carea' id='block_1_80' title="bbox 1993 1442 3570 1515">
    <p class='ocr_par' dir='ltr' id='par_1_80' title="bbox 1993 1442 3570 1515">
     <span class='ocr_line' id='line_1_80' title="bbox 1993 1442 3570 1515; baseline 0.009 -26"><span class='ocrx_word' id='word_1_600' title='bbox 1993 1442 2241 1511; x_wconf 81' lang='grc' dir='ltr'>ἐχόντων,</span> <span class='ocrx_word' id='word_1_601' title='bbox 2277 1447 2369 1496; x_wconf 74' lang='grc' dir='ltr'>καὶ</span> <span class='ocrx_word' id='word_1_602' title='bbox 2405 1445 2497 1496; x_wconf 78' lang='grc' dir='ltr'>ἐπὶ</span> <span class='ocrx_word' id='word_1_603' title='bbox 2529 1445 2716 1512; x_wconf 87' lang='grc' dir='ltr'>γένους</span> <span class='ocrx_word' id='word_1_604' title='bbox 2744 1444 2800 1496; x_wconf 80' lang='grc' dir='ltr'>δὲ</span> <span class='ocrx_word' id='word_1_605' title='bbox 2831 1444 3192 1515; x_wconf 86' lang='grc' dir='ltr'>λαμπρότητι,</span> <span class='ocrx_word' id='word_1_606' title='bbox 3223 1451 3316 1500; x_wconf 73' lang='grc' dir='ltr'>καὶ</span> <span class='ocrx_word' id='word_1_607' title='bbox 3354 1450 3444 1503; x_wconf 79' lang='grc' dir='ltr'>ἐπὶ</span> <span class='ocrx_word' id='word_1_608' title='bbox 3483 1450 3570 1502; x_wconf 88' lang='grc' dir='ltr'>λό-</span> 
     </span>
    </p>
   </div>
   <div class='ocr_carea' id='block_1_81' title="bbox 1993 1526 3566 1599">
    <p class='ocr_par' dir='ltr' id='par_1_81' title="bbox 1993 1526 3566 1599">
     <span class='ocr_line' id='line_1_81' title="bbox 1993 1526 3566 1599; baseline 0.006 -23"><span class='ocrx_word' id='word_1_609' title='bbox 1993 1543 2103 1592; x_wconf 90' lang='grc' dir='ltr'>γων</span> <span class='ocrx_word' id='word_1_610' title='bbox 2142 1526 2385 1597; x_wconf 88' lang='grc' dir='ltr'>δυνάμει,</span> <span class='ocrx_word' id='word_1_611' title='bbox 2425 1529 2516 1581; x_wconf 70' lang='grc' dir='ltr'>καὶ</span> <span class='ocrx_word' id='word_1_612' title='bbox 2551 1528 2808 1598; x_wconf 71' lang='grc' dir='ltr'>εὐλαϐείᾳ</span> <span class='ocrx_word' id='word_1_613' title='bbox 2837 1527 3200 1597; x_wconf 80' lang='grc' dir='ltr'>θαυμαζέσθω</span> <span class='ocrx_word' id='word_1_614' title='bbox 3233 1531 3382 1599; x_wconf 83' lang='grc' dir='ltr'>παρὰ</span> <span class='ocrx_word' id='word_1_615' title='bbox 3412 1534 3566 1598; x_wconf 81' lang='grc' dir='ltr'>πᾶσι,</span> 
     </span>
    </p>
   </div>
   <div class='ocr_carea' id='block_1_82' title="bbox 1994 1611 3568 1684">
    <p class='ocr_par' dir='ltr' id='par_1_82' title="bbox 1994 1611 3568 1684">
     <span class='ocr_line' id='line_1_82' title="bbox 1994 1611 3568 1684; baseline 0.006 -24"><span class='ocrx_word' id='word_1_616' title='bbox 1994 1612 2088 1661; x_wconf 61' lang='grc' dir='ltr'>καλ⁵</span> <span class='ocrx_word' id='word_1_617' title='bbox 2119 1612 2455 1679; x_wconf 85' lang='grc' dir='ltr'>πανταχόθεν</span> <span class='ocrx_word' id='word_1_618' title='bbox 2480 1611 2618 1664; x_wconf 76' lang='grc' dir='ltr'>ἔστω</span> <span class='ocrx_word' id='word_1_619' title='bbox 2651 1611 2899 1683; x_wconf 86' lang='grc' dir='ltr'>λαμπρός</span> <span class='ocrx_word' id='word_1_620' title='bbox 2919 1630 2932 1643; x_wconf 87' lang='grc'><strong>·</strong></span> <span class='ocrx_word' id='word_1_621' title='bbox 2968 1612 3090 1664; x_wconf 84' lang='grc' dir='ltr'>οὐδὲ</span> <span class='ocrx_word' id='word_1_622' title='bbox 3118 1612 3259 1665; x_wconf 82' lang='grc' dir='ltr'>οὓτω</span> <span class='ocrx_word' id='word_1_623' title='bbox 3284 1613 3568 1684; x_wconf 89' lang='grc' dir='ltr'>δυνήσεται</span> 
     </span>
    </p>
   </div>
   <div class='ocr_carea' id='block_1_83' title="bbox 1993 1692 3572 1770">
    <p class='ocr_par' dir='ltr' id='par_1_83' title="bbox 1993 1692 3572 1770">
     <span class='ocr_line' id='line_1_83' title="bbox 1993 1692 3572 1770; baseline 0.006 -29"><span class='ocrx_word' id='word_1_624' title='bbox 1993 1692 2194 1761; x_wconf 90' lang='grc' dir='ltr'>ταύτην</span> <span class='ocrx_word' id='word_1_625' title='bbox 2229 1693 2451 1761; x_wconf 80' lang='grc' dir='ltr'>ποιῆσαι</span> <span class='ocrx_word' id='word_1_626' title='bbox 2499 1695 2771 1764; x_wconf 80' lang='grc' dir='ltr'>περιφανῆ</span> <span class='ocrx_word' id='word_1_627' title='bbox 2823 1695 2915 1747; x_wconf 74' lang='grc' dir='ltr'>καὶ</span> <span class='ocrx_word' id='word_1_628' title='bbox 2965 1696 3272 1765; x_wconf 82' lang='grc' dir='ltr'>εὐδόκιμον.</span> <span class='ocrx_word' id='word_1_629' title='bbox 3310 1698 3412 1750; x_wconf 88' lang='grc' dir='ltr'>Τὸν</span> <span class='ocrx_word' id='word_1_630' title='bbox 3462 1700 3572 1770; x_wconf 81' lang='grc' dir='ltr'>γάρ</span> 
     </span>
    </p>
   </div>
   <div class='ocr_carea' id='block_1_84' title="bbox 1999 1773 3570 1851">
    <p class='ocr_par' dir='ltr' id='par_1_84' title="bbox 1999 1773 3570 1851">
     <span class='ocr_line' id='line_1_84' title="bbox 1999 1773 3570 1851; baseline 0.008 -27"><span class='ocrx_word' id='word_1_631' title='bbox 1999 1773 2257 1842; x_wconf 84' lang='grc' dir='ltr'>μέλλοντα</span> <span class='ocrx_word' id='word_1_632' title='bbox 2280 1775 2620 1844; x_wconf 70' lang='grc' dir='ltr'>καρποῦσθαι</span> <span class='ocrx_word' id='word_1_633' title='bbox 2644 1776 2797 1838; x_wconf 80' lang='grc' dir='ltr'>δόξαν</span> <span class='ocrx_word' id='word_1_634' title='bbox 2829 1779 2892 1829; x_wconf 81' lang='grc' dir='ltr'>ὲκ</span> <span class='ocrx_word' id='word_1_635' title='bbox 2926 1780 3024 1848; x_wconf 80' lang='grc' dir='ltr'>τῆς</span> <span class='ocrx_word' id='word_1_636' title='bbox 3051 1779 3185 1851; x_wconf 90' lang='grc' dir='ltr'>πρός</span> <span class='ocrx_word' id='word_1_637' title='bbox 3216 1797 3337 1834; x_wconf 86' lang='grc' dir='ltr'>τινα</span> <span class='ocrx_word' id='word_1_638' title='bbox 3367 1782 3570 1850; x_wconf 74' lang='grc' dir='ltr'>φιλίας,</span> 
     </span>
    </p>
   </div>
   <div class='ocr_carea' id='block_1_85' title="bbox 1994 1857 3572 1935">
    <p class='ocr_par' dir='ltr' id='par_1_85' title="bbox 1994 1857 3572 1935">
     <span class='ocr_line' id='line_1_85' title="bbox 1994 1857 3572 1935; baseline 0.007 -27"><span class='ocrx_word' id='word_1_639' title='bbox 1994 1857 2090 1928; x_wconf 78' lang='grc' dir='ltr'>τὴν</span> <span class='ocrx_word' id='word_1_640' title='bbox 2123 1858 2330 1910; x_wconf 85' lang='grc' dir='ltr'>ἐκείνου</span> <span class='ocrx_word' id='word_1_641' title='bbox 2365 1859 2522 1922; x_wconf 81' lang='grc' dir='ltr'>δόξαν</span> <span class='ocrx_word' id='word_1_642' title='bbox 2567 1860 2830 1928; x_wconf 88' lang='grc' dir='ltr'>πρότερον</span> <span class='ocrx_word' id='word_1_643' title='bbox 2861 1861 3144 1927; x_wconf 88' lang='grc' dir='ltr'>φυλάττειν</span> <span class='ocrx_word' id='word_1_644' title='bbox 3180 1863 3262 1916; x_wconf 90' lang='grc' dir='ltr'>δεῖ</span> <span class='ocrx_word' id='word_1_645' title='bbox 3291 1866 3382 1917; x_wconf 90' lang='grc' dir='ltr'>τοῦ</span> <span class='ocrx_word' id='word_1_646' title='bbox 3431 1884 3572 1935; x_wconf 90' lang='grc' dir='ltr'>παρ-</span> 
     </span>
    </p>
   </div>
   <div class='ocr_carea' id='block_1_86' title="bbox 1993 1941 3570 2016">
    <p class='ocr_par' dir='ltr' id='par_1_86' title="bbox 1993 1941 3570 2016">
     <span class='ocr_line' id='line_1_86' title="bbox 1993 1941 3570 2016; baseline 0.004 -22"><span class='ocrx_word' id='word_1_647' title='bbox 1993 1941 2207 2012; x_wconf 86' lang='grc' dir='ltr'>έχοντος</span> <span class='ocrx_word' id='word_1_648' title='bbox 2250 1943 2311 1994; x_wconf 88' lang='grc' dir='ltr'>τὸ</span> <span class='ocrx_word' id='word_1_649' title='bbox 2361 1942 2708 2007; x_wconf 77' lang='grc' dir='ltr'>δοξάζεσθαι⁹</span> <span class='ocrx_word' id='word_1_650' title='bbox 2746 1942 2821 2000; x_wconf 79' lang='grc' dir='ltr'>ὡς</span> <span class='ocrx_word' id='word_1_651' title='bbox 2869 1942 2981 2011; x_wconf 84' lang='grc' dir='ltr'>εἴγε</span> <span class='ocrx_word' id='word_1_652' title='bbox 3025 1944 3196 2016; x_wconf 83' lang='grc' dir='ltr'>ταύτῃ</span> <span class='ocrx_word' id='word_1_653' title='bbox 3247 1947 3570 2015; x_wconf 86' lang='grc' dir='ltr'>λυμήναιτο,</span> 
     </span>
    </p>
   </div>
   <div class='ocr_carea' id='block_1_87' title="bbox 1993 2025 3575 2104">
    <p class='ocr_par' dir='ltr' id='par_1_87' title="bbox 1993 2025 3575 2104">
     <span class='ocr_line' id='line_1_87' title="bbox 1993 2025 3575 2104; baseline 0.004 -26"><span class='ocrx_word' id='word_1_654' title='bbox 1993 2025 2171 2096; x_wconf 87' lang='grc' dir='ltr'>πολλῷ</span> <span class='ocrx_word' id='word_1_655' title='bbox 2199 2027 2397 2097; x_wconf 78' lang='grc' dir='ltr'>μᾶλλον</span> <span class='ocrx_word' id='word_1_656' title='bbox 2431 2026 2496 2080; x_wconf 85' lang='grc' dir='ltr'>ἂν</span> <span class='ocrx_word' id='word_1_657' title='bbox 2527 2027 2623 2096; x_wconf 81' lang='grc' dir='ltr'>τήν</span> <span class='ocrx_word' id='word_1_658' title='bbox 2653 2025 2846 2079; x_wconf 80' lang='grc' dir='ltr'>ἑαυτοῦ</span> <span class='ocrx_word' id='word_1_659' title='bbox 2881 2027 3196 2084; x_wconf 79' lang='grc' dir='ltr'>καταϐάλοι.</span> <span class='ocrx_word' id='word_1_660' title='bbox 3218 2029 3428 2103; x_wconf 82' lang='grc' dir='ltr'>’Ὥσπερ</span> <span class='ocrx_word' id='word_1_661' title='bbox 3463 2031 3575 2104; x_wconf 84' lang='grc' dir='ltr'>γὰρ</span> 
     </span>
    </p>
   </div>
   <div class='ocr_carea' id='block_1_88' title="bbox 1993 2110 3576 2184">
    <p class='ocr_par' dir='ltr' id='par_1_88' title="bbox 1993 2110 3576 2184">
     <span class='ocr_line' id='line_1_88' title="bbox 1993 2110 3576 2184; baseline 0.006 -23"><span class='ocrx_word' id='word_1_662' title='bbox 1993 2110 2173 2180; x_wconf 81' lang='grc' dir='ltr'>πηγῆς</span> <span class='ocrx_word' id='word_1_663' title='bbox 2200 2111 2648 2181; x_wconf 84' lang='grc' dir='ltr'>διαφθειρομένης</span> <span class='ocrx_word' id='word_1_664' title='bbox 2697 2111 2790 2164; x_wconf 78' lang='grc' dir='ltr'>καὶ</span> <span class='ocrx_word' id='word_1_665' title='bbox 2833 2111 2899 2164; x_wconf 73' lang='grc' dir='ltr'>τὰ</span> <span class='ocrx_word' id='word_1_666' title='bbox 2944 2114 3286 2184; x_wconf 87' lang='grc' dir='ltr'>προχεόμενα</span> <span class='ocrx_word' id='word_1_667' title='bbox 3327 2120 3576 2170; x_wconf 89' lang='grc' dir='ltr'>κοινωνεῖ</span> 
     </span>
    </p>
   </div>
   <div class='ocr_carea' id='block_1_89' title="bbox 1991 2191 3574 2270">
    <p class='ocr_par' dir='ltr' id='par_1_89' title="bbox 1991 2191 3574 2270">
     <span class='ocr_line' id='line_1_89' title="bbox 1991 2191 3574 2270; baseline 0.005 -27"><span class='ocrx_word' id='word_1_668' title='bbox 1991 2192 2205 2260; x_wconf 87' lang='grc' dir='ltr'>νάματα</span> <span class='ocrx_word' id='word_1_669' title='bbox 2243 2192 2336 2245; x_wconf 91' lang='grc' dir='ltr'>τοῦ</span> <span class='ocrx_word' id='word_1_670' title='bbox 2381 2191 2678 2262; x_wconf 85' lang='grc' dir='ltr'>μολυσμοῦ,</span> <span class='ocrx_word' id='word_1_671' title='bbox 2720 2193 2814 2245; x_wconf 76' lang='grc' dir='ltr'>καὶ</span> <span class='ocrx_word' id='word_1_672' title='bbox 2849 2193 3004 2265; x_wconf 76' lang='grc' dir='ltr'>ῥίζης</span> <span class='ocrx_word' id='word_1_673' title='bbox 3037 2197 3351 2268; x_wconf 87' lang='grc' dir='ltr'>σηπομένης</span> <span class='ocrx_word' id='word_1_674' title='bbox 3393 2199 3574 2270; x_wconf 87' lang='grc' dir='ltr'>πολλῷ</span> 
     </span>
    </p>
   </div>
   <div class='ocr_carea' id='block_1_90' title="bbox 1995 2273 3573 2346">
    <p class='ocr_par' dir='ltr' id='par_1_90' title="bbox 1995 2273 3573 2346">
     <span class='ocr_line' id='line_1_90' title="bbox 1995 2273 3573 2346; baseline 0.005 -20"><span class='ocrx_word' id='word_1_675' title='bbox 1995 2273 2192 2342; x_wconf 83' lang='grc' dir='ltr'>μᾶλλον</span> <span class='ocrx_word' id='word_1_676' title='bbox 2234 2277 2261 2327; x_wconf 90' lang='grc' dir='ltr'>ὁ</span> <span class='ocrx_word' id='word_1_677' title='bbox 2302 2277 2512 2346; x_wconf 84' lang='grc' dir='ltr'>καρπὸς</span> <span class='ocrx_word' id='word_1_678' title='bbox 2541 2273 2698 2327; x_wconf 85' lang='grc' dir='ltr'>τοῦτο</span> <span class='ocrx_word' id='word_1_679' title='bbox 2725 2276 2972 2327; x_wconf 88' lang='grc' dir='ltr'>πείσεται</span> <span class='ocrx_word' id='word_1_680' title='bbox 2993 2291 3007 2304; x_wconf 90' lang='grc'><strong>·</strong></span> <span class='ocrx_word' id='word_1_681' title='bbox 3037 2276 3181 2330; x_wconf 81' lang='grc' dir='ltr'>οὑτω</span> <span class='ocrx_word' id='word_1_682' title='bbox 3203 2280 3297 2332; x_wconf 75' lang='grc' dir='ltr'>καὶ</span> <span class='ocrx_word' id='word_1_683' title='bbox 3325 2279 3440 2340; x_wconf 88' lang='grc' dir='ltr'>νῦν,</span> <span class='ocrx_word' id='word_1_684' title='bbox 3477 2281 3573 2334; x_wconf 87' lang='grc' dir='ltr'>τοῦ</span> 
     </span>
    </p>
   </div>
   <div class='ocr_carea' id='block_1_91' title="bbox 1997 2356 3575 2432">
    <p class='ocr_par' dir='ltr' id='par_1_91' title="bbox 1997 2356 3575 2432">
     <span class='ocr_line' id='line_1_91' title="bbox 1997 2356 3575 2432; baseline 0.006 -25"><span class='ocrx_word' id='word_1_685' title='bbox 1997 2356 2277 2426; x_wconf 86' lang='grc' dir='ltr'>μέλλοντος</span> <span class='ocrx_word' id='word_1_686' title='bbox 2304 2356 2402 2428; x_wconf 85' lang='grc' dir='ltr'>τὴν</span> <span class='ocrx_word' id='word_1_687' title='bbox 2430 2357 2701 2428; x_wconf 86' lang='grc' dir='ltr'>παρθένον</span> <span class='ocrx_word' id='word_1_688' title='bbox 2739 2357 3012 2410; x_wconf 87' lang='grc' dir='ltr'>δεικνύναι</span> <span class='ocrx_word' id='word_1_689' title='bbox 3041 2358 3321 2430; x_wconf 84' lang='grc' dir='ltr'>λαμπρὰν,</span> <span class='ocrx_word' id='word_1_690' title='bbox 3348 2364 3575 2432; x_wconf 85' lang='grc' dir='ltr'>γενομέ-</span> 
     </span>
    </p>
   </div>
   <div class='ocr_carea' id='block_1_92' title="bbox 1993 2439 3579 2516">
    <p class='ocr_par' dir='ltr' id='par_1_92' title="bbox 1993 2439 3579 2516">
     <span class='ocr_line' id='line_1_92' title="bbox 1993 2439 3579 2516; baseline 0.002 -26"><span class='ocrx_word' id='word_1_691' title='bbox 1993 2456 2084 2490; x_wconf 91' lang='grc' dir='ltr'>νου</span> <span class='ocrx_word' id='word_1_692' title='bbox 2135 2439 2535 2506; x_wconf 88' lang='grc' dir='ltr'>καταγελάστου</span> <span class='ocrx_word' id='word_1_693' title='bbox 2585 2439 2673 2492; x_wconf 70' lang='grc' dir='ltr'>διά</span> <span class='ocrx_word' id='word_1_694' title='bbox 2722 2440 2822 2511; x_wconf 82' lang='grc' dir='ltr'>τῆς</span> <span class='ocrx_word' id='word_1_695' title='bbox 2872 2443 3253 2511; x_wconf 82' lang='grc' dir='ltr'>συνοικήσεως,</span> <span class='ocrx_word' id='word_1_696' title='bbox 3289 2445 3428 2514; x_wconf 84' lang='grc' dir='ltr'>αὐτὴ</span> <span class='ocrx_word' id='word_1_697' title='bbox 3470 2447 3579 2516; x_wconf 79' lang='grc' dir='ltr'>πρὸ</span> 
     </span>
    </p>
   </div>
   <div class='ocr_carea' id='block_1_93' title="bbox 1995 2522 3574 2601">
    <p class='ocr_par' dir='ltr' id='par_1_93' title="bbox 1995 2522 3574 2601">
     <span class='ocr_line' id='line_1_93' title="bbox 1995 2522 3574 2601; baseline 0.004 -27"><span class='ocrx_word' id='word_1_698' title='bbox 1995 2523 2202 2574; x_wconf 82' lang='grc' dir='ltr'>ἐκείνου</span> <span class='ocrx_word' id='word_1_699' title='bbox 2227 2522 2342 2591; x_wconf 85' lang='grc' dir='ltr'>μετ’</span> <span class='ocrx_word' id='word_1_700' title='bbox 2359 2523 2564 2576; x_wconf 79' lang='grc' dir='ltr'>ἐκείνου</span> <span class='ocrx_word' id='word_1_701' title='bbox 2590 2525 2907 2594; x_wconf 84' lang='grc' dir='ltr'>κοινωνήσει</span> <span class='ocrx_word' id='word_1_702' title='bbox 2932 2524 3026 2577; x_wconf 91' lang='grc' dir='ltr'>τοῦ</span> <span class='ocrx_word' id='word_1_703' title='bbox 3043 2524 3300 2592; x_wconf 87' lang='grc' dir='ltr'>γέλωτος·</span> <span class='ocrx_word' id='word_1_704' title='bbox 3319 2527 3421 2580; x_wconf 74' lang='grc' dir='ltr'>κᾶν</span> <span class='ocrx_word' id='word_1_705' title='bbox 3437 2528 3574 2601; x_wconf 80' lang='grc' dir='ltr'>τύχῃ</span> 
     </span>
    </p>
   </div>
   <div class='ocr_carea' id='block_1_94' title="bbox 1992 2606 3576 2683">
    <p class='ocr_par' dir='ltr' id='par_1_94' title="bbox 1992 2606 3576 2683">
     <span class='ocr_line' id='line_1_94' title="bbox 1992 2606 3576 2683; baseline 0.006 -27"><span class='ocrx_word' id='word_1_706' title='bbox 1992 2622 2076 2667; x_wconf 91' lang='grc' dir='ltr'>τις</span> <span class='ocrx_word' id='word_1_707' title='bbox 2100 2608 2166 2674; x_wconf 83' lang='grc' dir='ltr'>τῇ</span> <span class='ocrx_word' id='word_1_708' title='bbox 2196 2607 2415 2672; x_wconf 70' lang='grc' dir='ltr'>γυναικὶ</span> <span class='ocrx_word' id='word_1_709' title='bbox 2458 2606 2668 2677; x_wconf 83' lang='grc' dir='ltr'>χρηστή</span> <span class='ocrx_word' id='word_1_710' title='bbox 2701 2607 2851 2677; x_wconf 88' lang='grc' dir='ltr'>παρά</span> <span class='ocrx_word' id='word_1_711' title='bbox 2903 2609 3116 2672; x_wconf 91' lang='grc' dir='ltr'>πολλοῖς</span> <span class='ocrx_word' id='word_1_712' title='bbox 3146 2612 3576 2683; x_wconf 81' lang='grc' dir='ltr'>προϋπάρχουσα</span> 
     </span>
    </p>
   </div>
   <div class='ocr_carea' id='block_1_95' title="bbox 1993 2686 3572 2762">
    <p class='ocr_par' dir='ltr' id='par_1_95' title="bbox 1993 2686 3572 2762">
     <span class='ocr_line' id='line_1_95' title="bbox 1993 2686 3572 2762; baseline 0.005 -22"><span class='ocrx_word' id='word_1_713' title='bbox 1993 2686 2139 2751; x_wconf 82' lang='grc' dir='ltr'>δόξα,</span> <span class='ocrx_word' id='word_1_714' title='bbox 2155 2689 2249 2740; x_wconf 72' lang='grc' dir='ltr'>καὶ</span> <span class='ocrx_word' id='word_1_715' title='bbox 2266 2687 2469 2758; x_wconf 86' lang='grc' dir='ltr'>ταύτην</span> <span class='ocrx_word' id='word_1_716' title='bbox 2488 2689 2742 2741; x_wconf 73' lang='grc' dir='ltr'>εἰσελθὼν</span> <span class='ocrx_word' id='word_1_717' title='bbox 2760 2693 2964 2754; x_wconf 76' lang='grc' dir='ltr'>ἐκεῖνος</span> <span class='ocrx_word' id='word_1_718' title='bbox 2980 2691 3238 2744; x_wconf 88' lang='grc' dir='ltr'>ἀπελάσει</span> <span class='ocrx_word' id='word_1_719' title='bbox 3262 2695 3356 2762; x_wconf 82' lang='grc' dir='ltr'>τῆς</span> <span class='ocrx_word' id='word_1_720' title='bbox 3374 2695 3572 2760; x_wconf 90' lang='grc' dir='ltr'>οίκίας,</span> 
     </span>
    </p>
   </div>
   <div class='ocr_carea' id='block_1_96' title="bbox 1993 2771 3576 2849">
    <p class='ocr_par' dir='ltr' id='par_1_96' title="bbox 1993 2771 3576 2849">
     <span class='ocr_line' id='line_1_96' title="bbox 1993 2771 3576 2849; baseline 0.006 -27"><span class='ocrx_word' id='word_1_721' title='bbox 1993 2771 2246 2824; x_wconf 90' lang='grc' dir='ltr'>τοσοῦτον</span> <span class='ocrx_word' id='word_1_722' title='bbox 2295 2771 2488 2842; x_wconf 87' lang='grc' dir='ltr'>ἀπέχει</span> <span class='ocrx_word' id='word_1_723' title='bbox 2541 2773 2633 2826; x_wconf 77' lang='grc' dir='ltr'>καὶ</span> <span class='ocrx_word' id='word_1_724' title='bbox 2696 2773 2888 2843; x_wconf 81' lang='grc' dir='ltr'>ἑτέραν</span> <span class='ocrx_word' id='word_1_725' title='bbox 2922 2773 3235 2845; x_wconf 89' lang='grc' dir='ltr'>προσθεῖναι</span> <span class='ocrx_word' id='word_1_726' title='bbox 3276 2779 3434 2849; x_wconf 83' lang='grc' dir='ltr'>αὐτῇ·</span> <span class='ocrx_word' id='word_1_727' title='bbox 3470 2781 3576 2832; x_wconf 74' lang='grc' dir='ltr'>κᾶν</span> 
     </span>
    </p>
   </div>
   <div class='ocr_carea' id='block_1_97' title="bbox 1993 2853 3576 2927">
    <p class='ocr_par' dir='ltr' id='par_1_97' title="bbox 1993 2853 3576 2927">
     <span class='ocr_line' id='line_1_97' title="bbox 1993 2853 3576 2927; baseline 0.004 -21"><span class='ocrx_word' id='word_1_728' title='bbox 1993 2853 2154 2916; x_wconf 86' lang='grc' dir='ltr'>αὐτὸς</span> <span class='ocrx_word' id='word_1_729' title='bbox 2179 2853 2276 2927; x_wconf 79' lang='grc' dir='ltr'>ἔχῃ</span> <span class='ocrx_word' id='word_1_730' title='bbox 2301 2855 2460 2908; x_wconf 90' lang='grc' dir='ltr'>πάλιν</span> <span class='ocrx_word' id='word_1_731' title='bbox 2483 2855 2738 2927; x_wconf 87' lang='grc' dir='ltr'>τοιαύτην</span> <span class='ocrx_word' id='word_1_732' title='bbox 2772 2855 3058 2926; x_wconf 77' lang='grc' dir='ltr'>ὑπόληψιν,</span> <span class='ocrx_word' id='word_1_733' title='bbox 3093 2856 3248 2910; x_wconf 91' lang='grc' dir='ltr'>τοῦτο</span> <span class='ocrx_word' id='word_1_734' title='bbox 3285 2861 3376 2913; x_wconf 78' lang='grc' dir='ltr'>καὶ</span> <span class='ocrx_word' id='word_1_735' title='bbox 3414 2862 3576 2925; x_wconf 80' lang='grc' dir='ltr'>αὐτὸς</span> 
     </span>
    </p>
   </div>
   <div class='ocr_carea' id='block_1_98' title="bbox 1991 2937 3575 3014">
    <p class='ocr_par' dir='ltr' id='par_1_98' title="bbox 1991 2937 3575 3014">
     <span class='ocr_line' id='line_1_98' title="bbox 1991 2937 3575 3014; baseline 0.006 -27"><span class='ocrx_word' id='word_1_736' title='bbox 1991 2937 2256 2989; x_wconf 89' lang='grc' dir='ltr'>πείσεται.</span> <span class='ocrx_word' id='word_1_737' title='bbox 2291 2939 2404 2990; x_wconf 87' lang='grc' dir='ltr'>Οὐκ</span> <span class='ocrx_word' id='word_1_738' title='bbox 2438 2937 2546 3007; x_wconf 79' lang='grc' dir='ltr'>ἄρα</span> <span class='ocrx_word' id='word_1_739' title='bbox 2577 2938 2734 3003; x_wconf 79' lang='grc' dir='ltr'>δόξαν</span> <span class='ocrx_word' id='word_1_740' title='bbox 2779 2939 2904 3008; x_wconf 84' lang='grc' dir='ltr'>ὑμῖν</span> <span class='ocrx_word' id='word_1_741' title='bbox 2949 2940 3190 3010; x_wconf 82' lang='grc' dir='ltr'>χρηστὴν</span> <span class='ocrx_word' id='word_1_742' title='bbox 3223 2943 3575 3014; x_wconf 85' lang='grc' dir='ltr'>προστίθησιν</span> 
     </span>
    </p>
   </div>
   <div class='ocr_carea' id='block_1_99' title="bbox 1989 3019 3576 3097">
    <p class='ocr_par' dir='ltr' id='par_1_99' title="bbox 1989 3019 3576 3097">
     <span class='ocr_line' id='line_1_99' title="bbox 1989 3019 3576 3097; baseline 0.006 -25"><span class='ocrx_word' id='word_1_743' title='bbox 1989 3019 2124 3088; x_wconf 77' lang='grc' dir='ltr'>αὕτη</span> <span class='ocrx_word' id='word_1_744' title='bbox 2162 3022 2193 3090; x_wconf 85' lang='grc' dir='ltr'><strong>ἡ</strong></span> <span class='ocrx_word' id='word_1_745' title='bbox 2231 3021 2483 3074; x_wconf 89' lang='grc' dir='ltr'>κοινωνία</span> <span class='ocrx_word' id='word_1_746' title='bbox 2510 3022 2611 3090; x_wconf 80' lang='grc' dir='ltr'>τῆς</span> <span class='ocrx_word' id='word_1_747' title='bbox 2645 3022 3025 3093; x_wconf 88' lang='grc' dir='ltr'>συνοικήσεως,</span> <span class='ocrx_word' id='word_1_748' title='bbox 3061 3023 3196 3076; x_wconf 90' lang='grc' dir='ltr'>ἀλλά</span> <span class='ocrx_word' id='word_1_749' title='bbox 3232 3027 3323 3077; x_wconf 71' lang='grc' dir='ltr'>καὶ</span> <span class='ocrx_word' id='word_1_750' title='bbox 3353 3026 3449 3097; x_wconf 80' lang='grc' dir='ltr'>τὴν</span> <span class='ocrx_word' id='word_1_751' title='bbox 3482 3025 3576 3081; x_wconf 87' lang='grc' dir='ltr'>οῦ-</span> 
     </span>
    </p>
   </div>
   <div class='ocr_carea' id='block_1_100' title="bbox 1991 3101 3576 3182">
    <p class='ocr_par' dir='ltr' id='par_1_100' title="bbox 1991 3101 3576 3182">
     <span class='ocr_line' id='line_1_100' title="bbox 1991 3101 3576 3182; baseline 0.006 -28"><span class='ocrx_word' id='word_1_752' title='bbox 1991 3119 2089 3156; x_wconf 92' lang='grc' dir='ltr'>σαν</span> <span class='ocrx_word' id='word_1_753' title='bbox 2123 3104 2353 3173; x_wconf 90' lang='grc' dir='ltr'>ἀναιρεῖ,</span> <span class='ocrx_word' id='word_1_754' title='bbox 2389 3105 2482 3158; x_wconf 66' lang='grc' dir='ltr'>καὶ</span> <span class='ocrx_word' id='word_1_755' title='bbox 2509 3105 2605 3175; x_wconf 76' lang='grc' dir='ltr'>τὴν</span> <span class='ocrx_word' id='word_1_756' title='bbox 2632 3105 2730 3157; x_wconf 85' lang='grc' dir='ltr'>οὐκ</span> <span class='ocrx_word' id='word_1_757' title='bbox 2758 3101 2924 3158; x_wconf 73' lang='grc' dir='ltr'>οὖσαν</span> <span class='ocrx_word' id='word_1_758' title='bbox 2968 3107 3164 3173; x_wconf 76' lang='grc' dir='ltr'>ἐπάγει</span> <span class='ocrx_word' id='word_1_759' title='bbox 3207 3108 3305 3178; x_wconf 81' lang='grc' dir='ltr'>τὴν</span> <span class='ocrx_word' id='word_1_760' title='bbox 3333 3111 3576 3182; x_wconf 81' lang='grc' dir='ltr'>πονηρὰν</span> 
     </span>
    </p>
   </div>
   <div class='ocr_carea' id='block_1_101' title="bbox 1991 3187 3575 3264">
    <p class='ocr_par' dir='ltr' id='par_1_101' title="bbox 1991 3187 3575 3264">
     <span class='ocr_line' id='line_1_101' title="bbox 1991 3187 3575 3264; baseline 0.005 -25"><span class='ocrx_word' id='word_1_761' title='bbox 1991 3187 2342 3256; x_wconf 88' lang='grc' dir='ltr'>ἀμφοτέροις.</span> <span class='ocrx_word' id='word_1_762' title='bbox 2389 3188 2500 3241; x_wconf 71' lang='grc' dir='ltr'>Καὶ</span> <span class='ocrx_word' id='word_1_763' title='bbox 2542 3187 2571 3240; x_wconf 85' lang='grc' dir='ltr'><strong>ὃ</strong></span> <span class='ocrx_word' id='word_1_764' title='bbox 2619 3189 2746 3261; x_wconf 73' lang='grc' dir='ltr'>περὶ</span> <span class='ocrx_word' id='word_1_765' title='bbox 2779 3188 2886 3240; x_wconf 87' lang='grc' dir='ltr'>τῶν</span> <span class='ocrx_word' id='word_1_766' title='bbox 2927 3189 3196 3243; x_wconf 80' lang='grc' dir='ltr'>Ἰουδαίων</span> <span class='ocrx_word' id='word_1_767' title='bbox 3229 3194 3256 3244; x_wconf 90' lang='lat'>6</span> <span class='ocrx_word' id='word_1_768' title='bbox 3291 3196 3575 3264; x_wconf 87' lang='grc' dir='ltr'>προφήτης</span> 
     </span>
    </p>
   </div>
   <div class='ocr_carea' id='block_1_102' title="bbox 1993 3266 3578 3344">
    <p class='ocr_par' dir='ltr' id='par_1_102' title="bbox 1993 3266 3578 3344">
     <span class='ocr_line' id='line_1_102' title="bbox 1993 3266 3578 3344; baseline 0.006 -23"><span class='ocrx_word' id='word_1_769' title='bbox 1993 3266 2161 3332; x_wconf 77' lang='grc' dir='ltr'>εἶπεν,</span> <span class='ocrx_word' id='word_1_770' title='bbox 2196 3269 2450 3340; x_wconf 82' lang='grc' dir='ltr'>εὐκαιρον</span> <span class='ocrx_word' id='word_1_771' title='bbox 2490 3269 2585 3322; x_wconf 88' lang='grc' dir='ltr'>νῦν</span> <span class='ocrx_word' id='word_1_772' title='bbox 2629 3272 2824 3322; x_wconf 79' lang='grc' dir='ltr'>εἰπεῖν’</span> <span class='ocrx_word' id='word_1_773' title='bbox 2869 3273 2938 3323; x_wconf 83' lang='lat' dir='ltr'><em>El</em></span> <span class='ocrx_word' id='word_1_774' title='bbox 2981 3270 3308 3336; x_wconf 79' lang='grc' dir='ltr'>ἀλλάξεται</span> <span class='ocrx_word' id='word_1_775' title='bbox 3355 3277 3578 3344; x_wconf 73' lang='grc' dir='ltr'>Αἰθίοψ</span> 
     </span>
    </p>
   </div>
   <div class='ocr_carea' id='block_1_103' title="bbox 1993 3351 3576 3423">
    <p class='ocr_par' dir='ltr' id='par_1_103' title="bbox 1993 3351 3576 3423">
     <span class='ocr_line' id='line_1_103' title="bbox 1993 3351 3576 3423; baseline 0.006 -21"><span class='ocrx_word' id='word_1_776' title='bbox 1993 3353 2056 3402; x_wconf 81' lang='grc' dir='ltr'>τὸ</span> <span class='ocrx_word' id='word_1_777' title='bbox 2090 3351 2274 3419; x_wconf 82' lang='grc' dir='ltr'>δέρμα</span> <span class='ocrx_word' id='word_1_778' title='bbox 2295 3351 2502 3417; x_wconf 82' lang='grc' dir='ltr'>αὐτοῦ,</span> <span class='ocrx_word' id='word_1_779' title='bbox 2530 3352 2627 3408; x_wconf 69' lang='grc' dir='ltr'>κα)</span> <span class='ocrx_word' id='word_1_780' title='bbox 2655 3351 2950 3418; x_wconf 76' lang='grc' dir='ltr'>πάρδαλις</span> <span class='ocrx_word' id='word_1_781' title='bbox 2980 3353 3053 3406; x_wconf 84' lang='grc' dir='ltr'>τὰ</span> <span class='ocrx_word' id='word_1_782' title='bbox 3083 3357 3445 3423; x_wconf 68' lang='grc' dir='ltr'>ποικίλματα</span> <span class='ocrx_word' id='word_1_783' title='bbox 3467 3362 3576 3412; x_wconf 58' lang='lat' dir='ltr'>ai)-</span> 
     </span>
    </p>
   </div>
   <div class='ocr_carea' id='block_1_104' title="bbox 1989 3433 3574 3512">
    <p class='ocr_par' dir='ltr' id='par_1_104' title="bbox 1989 3433 3574 3512">
     <span class='ocr_line' id='line_1_104' title="bbox 1989 3433 3574 3512; baseline 0.005 -27"><span class='ocrx_word' id='word_1_784' title='bbox 1989 3433 2119 3500; x_wconf 83' lang='grc' dir='ltr'>τῆς,</span> <span class='ocrx_word' id='word_1_785' title='bbox 2157 3433 2251 3485; x_wconf 74' lang='grc' dir='ltr'>καὶ</span> <span class='ocrx_word' id='word_1_786' title='bbox 2275 3435 2323 3486; x_wconf 91' lang='grc' dir='ltr'>οί</span> <span class='ocrx_word' id='word_1_787' title='bbox 2350 3433 2576 3497; x_wconf 87' lang='grc' dir='ltr'>ταύταις</span> <span class='ocrx_word' id='word_1_788' title='bbox 2614 3433 2986 3498; x_wconf 75' lang='grc' dir='ltr'>συνοικοῦντες</span> <span class='ocrx_word' id='word_1_789' title='bbox 3009 3435 3107 3506; x_wconf 80' lang='grc' dir='ltr'>τὴν</span> <span class='ocrx_word' id='word_1_790' title='bbox 3144 3437 3334 3508; x_wconf 85' lang='grc' dir='ltr'>κηλῖδα</span> <span class='ocrx_word' id='word_1_791' title='bbox 3367 3439 3574 3512; x_wconf 71' lang='grc' dir='ltr'>ἀποθήα</span> 
     </span>
    </p>
   </div>
   <div class='ocr_carea' id='block_1_105' title="bbox 1991 3516 3574 3593">
    <p class='ocr_par' dir='ltr' id='par_1_105' title="bbox 1991 3516 3574 3593">
     <span class='ocr_line' id='line_1_105' title="bbox 1991 3516 3574 3593; baseline 0.006 -26"><span class='ocrx_word' id='word_1_792' title='bbox 1991 3516 2172 3568; x_wconf 89' lang='grc' dir='ltr'>σονταί</span> <span class='ocrx_word' id='word_1_793' title='bbox 2202 3535 2331 3570; x_wconf 91' lang='grc' dir='ltr'>ποτε</span> <span class='ocrx_word' id='word_1_794' title='bbox 2362 3517 2584 3588; x_wconf 85' lang='grc' dir='ltr'>ταύτην·</span> <span class='ocrx_word' id='word_1_795' title='bbox 2611 3516 2773 3579; x_wconf 79' lang='grc' dir='ltr'>οὕτω,</span> <span class='ocrx_word' id='word_1_796' title='bbox 2811 3517 3064 3589; x_wconf 86' lang='grc' dir='ltr'>καθάπερ</span> <span class='ocrx_word' id='word_1_797' title='bbox 3096 3536 3178 3583; x_wconf 89' lang='grc' dir='ltr'>τις</span> <span class='ocrx_word' id='word_1_798' title='bbox 3222 3523 3433 3593; x_wconf 80' lang='grc' dir='ltr'>καυτὴρ</span> <span class='ocrx_word' id='word_1_799' title='bbox 3466 3525 3574 3577; x_wconf 82' lang='grc' dir='ltr'>σώ-</span> 
     </span>
    </p>
   </div>
   <div class='ocr_carea' id='block_1_106' title="bbox 1992 3600 3575 3671">
    <p class='ocr_par' dir='ltr' id='par_1_106' title="bbox 1992 3600 3575 3671">
     <span class='ocr_line' id='line_1_106' title="bbox 1992 3600 3575 3671; baseline 0.006 -21"><span class='ocrx_word' id='word_1_800' title='bbox 1992 3615 2141 3668; x_wconf 88' lang='grc' dir='ltr'>ματι,</span> <span class='ocrx_word' id='word_1_801' title='bbox 2169 3602 2287 3663; x_wconf 90' lang='grc' dir='ltr'>ταῖς</span> <span class='ocrx_word' id='word_1_802' title='bbox 2315 3600 2638 3670; x_wconf 86' lang='grc' dir='ltr'>ἀμφοτέρων</span> <span class='ocrx_word' id='word_1_803' title='bbox 2664 3600 2996 3671; x_wconf 73' lang='grc' dir='ltr'>ὑπολήψεσιν</span> <span class='ocrx_word' id='word_1_804' title='bbox 3038 3603 3316 3670; x_wconf 80' lang='grc' dir='ltr'>ὲγκαίεται</span> <span class='ocrx_word' id='word_1_805' title='bbox 3360 3607 3575 3660; x_wconf 75' lang='grc' dir='ltr'>ἐπισκοο</span> 
     </span>
    </p>
   </div>
   <div class='ocr_carea' id='block_1_107' title="bbox 1987 3681 3573 3756">
    <p class='ocr_par' dir='ltr' id='par_1_107' title="bbox 1987 3681 3573 3756">
     <span class='ocr_line' id='line_1_107' title="bbox 1987 3681 3573 3756; baseline 0.008 -23"><span class='ocrx_word' id='word_1_806' title='bbox 1987 3681 2154 3735; x_wconf 88' lang='grc' dir='ltr'>τοῦσα</span> <span class='ocrx_word' id='word_1_807' title='bbox 2205 3685 2370 3736; x_wconf 82' lang='grc' dir='ltr'>πᾶσιν</span> <span class='ocrx_word' id='word_1_808' title='bbox 2425 3684 2603 3737; x_wconf 89' lang='grc' dir='ltr'>αὐτῶν</span> <span class='ocrx_word' id='word_1_809' title='bbox 2646 3687 2759 3748; x_wconf 91' lang='grc' dir='ltr'>τοῖς</span> <span class='ocrx_word' id='word_1_810' title='bbox 2805 3685 3009 3748; x_wconf 89' lang='grc' dir='ltr'>καλοῖς.</span> <span class='ocrx_word' id='word_1_811' title='bbox 3068 3687 3206 3738; x_wconf 83' lang='grc' dir='ltr'>Ἀλλ’</span> <span class='ocrx_word' id='word_1_812' title='bbox 3241 3688 3368 3752; x_wconf 72' lang='grc' dir='ltr'>ἴσως</span> <span class='ocrx_word' id='word_1_813' title='bbox 3417 3689 3573 3756; x_wconf 81' lang='grc' dir='ltr'>δόξαν</span> 
     </span>
    </p>
   </div>
   <div class='ocr_carea' id='block_1_108' title="bbox 1988 3765 3568 3844">
    <p class='ocr_par' dir='ltr' id='par_1_108' title="bbox 1988 3765 3568 3844">
     <span class='ocr_line' id='line_1_108' title="bbox 1988 3765 3568 3844; baseline 0.008 -30"><span class='ocrx_word' id='word_1_814' title='bbox 1988 3765 2245 3833; x_wconf 81' lang='grc' dir='ltr'>ἡγοῦνται</span> <span class='ocrx_word' id='word_1_815' title='bbox 2281 3766 2413 3819; x_wconf 85' lang='grc' dir='ltr'>αὐτὸ</span> <span class='ocrx_word' id='word_1_816' title='bbox 2451 3766 2607 3820; x_wconf 89' lang='grc' dir='ltr'>τοῦτο</span> <span class='ocrx_word' id='word_1_817' title='bbox 2656 3769 2715 3820; x_wconf 88' lang='grc' dir='ltr'>τὸ</span> <span class='ocrx_word' id='word_1_818' title='bbox 2759 3769 3160 3839; x_wconf 87' lang='grc' dir='ltr'>κεκρατηκέναι</span> <span class='ocrx_word' id='word_1_819' title='bbox 3201 3771 3305 3822; x_wconf 84' lang='grc' dir='ltr'>τῶν</span> <span class='ocrx_word' id='word_1_820' title='bbox 3340 3772 3568 3844; x_wconf 86' lang='grc' dir='ltr'>ἀνδρῶν.</span> 
     </span>
    </p>
   </div>
   <div class='ocr_carea' id='block_1_109' title="bbox 2000 3839 3570 3920">
    <p class='ocr_par' dir='ltr' id='par_1_109' title="bbox 2000 3839 3570 3920">
     <span class='ocr_line' id='line_1_109' title="bbox 2000 3839 3570 3920; baseline 0.007 -24"><span class='ocrx_word' id='word_1_821' title='bbox 2000 3845 2139 3897; x_wconf 78' lang='grc' dir='ltr'>Ἀλλ’</span> <span class='ocrx_word' id='word_1_822' title='bbox 2167 3839 2324 3910; x_wconf 72' lang='grc' dir='ltr'>οὗτός</span> <span class='ocrx_word' id='word_1_823' title='bbox 2352 3849 2498 3901; x_wconf 81' lang='grc' dir='ltr'>ἐστιν</span> <span class='ocrx_word' id='word_1_824' title='bbox 2539 3851 2567 3902; x_wconf 90' lang='lat'>6</span> <span class='ocrx_word' id='word_1_825' title='bbox 2607 3849 2772 3912; x_wconf 79' lang='grc' dir='ltr'>πολὺς</span> <span class='ocrx_word' id='word_1_826' title='bbox 2803 3851 2996 3917; x_wconf 86' lang='grc' dir='ltr'>γέλως,</span> <span class='ocrx_word' id='word_1_827' title='bbox 3028 3852 3121 3904; x_wconf 73' lang='grc' dir='ltr'>καὶ</span> <span class='ocrx_word' id='word_1_828' title='bbox 3165 3845 3208 3918; x_wconf 82' lang='grc' dir='ltr'>ᾧ</span> <span class='ocrx_word' id='word_1_829' title='bbox 3241 3839 3473 3920; x_wconf 82' lang='grc' dir='ltr'>μάλιστα</span> <span class='ocrx_word' id='word_1_830' title='bbox 3513 3859 3570 3907; x_wconf 86' lang='grc' dir='ltr'>αί</span> 
     </span>
    </p>
   </div>
   <div class='ocr_carea' id='block_1_110' title="bbox 1987 3927 3570 4005">
    <p class='ocr_par' dir='ltr' id='par_1_110' title="bbox 1987 3927 3570 4005">
     <span class='ocr_line' id='line_1_110' title="bbox 1987 3927 3570 4005; baseline 0.005 -25"><span class='ocrx_word' id='word_1_831' title='bbox 1987 3927 2386 3999; x_wconf 79' lang='grc' dir='ltr'>ἑταιριζόμεναι</span> <span class='ocrx_word' id='word_1_832' title='bbox 2414 3931 2910 3998; x_wconf 77' lang='grc' dir='ltr'>ὲγκαλλωπίζονται</span> <span class='ocrx_word' id='word_1_833' title='bbox 2943 3934 3121 4002; x_wconf 89' lang='grc' dir='ltr'>μόναι.</span> <span class='ocrx_word' id='word_1_834' title='bbox 3153 3935 3286 3987; x_wconf 83' lang='grc' dir='ltr'>Οὐδὲ</span> <span class='ocrx_word' id='word_1_835' title='bbox 3324 3936 3434 4005; x_wconf 73' lang='grc' dir='ltr'>γάρ</span> <span class='ocrx_word' id='word_1_836' title='bbox 3467 3954 3570 4005; x_wconf 87' lang='grc' dir='ltr'>γυ-</span> 
     </span>
    </p>
   </div>
   <div class='ocr_carea' id='block_1_111' title="bbox 1988 4011 3573 4089">
    <p class='ocr_par' dir='ltr' id='par_1_111' title="bbox 1988 4011 3573 4089">
     <span class='ocr_line' id='line_1_111' title="bbox 1988 4011 3573 4089; baseline 0.004 -26"><span class='ocrx_word' id='word_1_837' title='bbox 1988 4011 2187 4065; x_wconf 86' lang='grc' dir='ltr'>ναικῶν</span> <span class='ocrx_word' id='word_1_838' title='bbox 2221 4012 2518 4083; x_wconf 83' lang='grc' dir='ltr'>ἐλευθέρων</span> <span class='ocrx_word' id='word_1_839' title='bbox 2537 4014 2658 4066; x_wconf 84' lang='grc' dir='ltr'>οὐδὲ</span> <span class='ocrx_word' id='word_1_840' title='bbox 2691 4015 2981 4083; x_wconf 83' lang='grc' dir='ltr'>σωφρόνων</span> <span class='ocrx_word' id='word_1_841' title='bbox 3009 4015 3070 4067; x_wconf 85' lang='grc' dir='ltr'>τὸ</span> <span class='ocrx_word' id='word_1_842' title='bbox 3095 4015 3304 4078; x_wconf 88' lang='grc' dir='ltr'>τούτοις</span> <span class='ocrx_word' id='word_1_843' title='bbox 3335 4018 3573 4089; x_wconf 71' lang='grc' dir='ltr'>ἐναϐρύ-</span> 
     </span>
    </p>
   </div>
   <div class='ocr_carea' id='block_1_112' title="bbox 1989 4094 3572 4172">
    <p class='ocr_par' dir='ltr' id='par_1_112' title="bbox 1989 4094 3572 4172">
     <span class='ocr_line' id='line_1_112' title="bbox 1989 4094 3572 4172; baseline 0.006 -27"><span class='ocrx_word' id='word_1_844' title='bbox 1989 4094 2174 4146; x_wconf 85' lang='grc' dir='ltr'>νεσθαι</span> <span class='ocrx_word' id='word_1_845' title='bbox 2219 4097 2331 4158; x_wconf 89' lang='grc' dir='ltr'>τοῖς</span> <span class='ocrx_word' id='word_1_846' title='bbox 2372 4095 2629 4158; x_wconf 86' lang='grc' dir='ltr'>δικτύοις.</span> <span class='ocrx_word' id='word_1_847' title='bbox 2683 4097 2836 4150; x_wconf 74' lang='grc' dir='ltr'>Ἐπεὶ</span> <span class='ocrx_word' id='word_1_848' title='bbox 2889 4098 2985 4152; x_wconf 64' lang='grc' dir='ltr'>καλ⁸</span> <span class='ocrx_word' id='word_1_849' title='bbox 3031 4097 3167 4168; x_wconf 76' lang='grc' dir='ltr'>αῦτη</span> <span class='ocrx_word' id='word_1_850' title='bbox 3207 4099 3367 4152; x_wconf 89' lang='grc' dir='ltr'>πάλιν</span> <span class='ocrx_word' id='word_1_851' title='bbox 3410 4102 3572 4172; x_wconf 76' lang='grc' dir='ltr'>ἑτέρα</span> 
     </span>
    </p>
   </div>
   <div class='ocr_carea' id='block_1_113' title="bbox 1989 4177 3571 4252">
    <p class='ocr_par' dir='ltr' id='par_1_113' title="bbox 1989 4177 3571 4252">
     <span class='ocr_line' id='line_1_113' title="bbox 1989 4177 3571 4252; baseline 0.006 -23"><span class='ocrx_word' id='word_1_852' title='bbox 1989 4177 2214 4247; x_wconf 90' lang='grc' dir='ltr'>ἀτιμίας</span> <span class='ocrx_word' id='word_1_853' title='bbox 2262 4179 2534 4241; x_wconf 83' lang='grc' dir='ltr'>ὑπόθεσις,</span> <span class='ocrx_word' id='word_1_854' title='bbox 2578 4180 2669 4232; x_wconf 76' lang='grc' dir='ltr'>καὶ</span> <span class='ocrx_word' id='word_1_855' title='bbox 2702 4181 2921 4251; x_wconf 79' lang='grc' dir='ltr'>ὅσῳπερ</span> <span class='ocrx_word' id='word_1_856' title='bbox 2957 4181 3022 4234; x_wconf 84' lang='grc' dir='ltr'>ἂν</span> <span class='ocrx_word' id='word_1_857' title='bbox 3050 4183 3290 4252; x_wconf 85' lang='grc' dir='ltr'>κρατῶσι</span> <span class='ocrx_word' id='word_1_858' title='bbox 3329 4184 3438 4236; x_wconf 90' lang='grc' dir='ltr'>τῶν</span> <span class='ocrx_word' id='word_1_859' title='bbox 3478 4187 3571 4238; x_wconf 89' lang='grc' dir='ltr'>ἀν-</span> 
     </span>
    </p>
   </div>
   <div class='ocr_carea' id='block_1_114' title="bbox 1988 4259 3570 4336">
    <p class='ocr_par' dir='ltr' id='par_1_114' title="bbox 1988 4259 3570 4336">
     <span class='ocr_line' id='line_1_114' title="bbox 1988 4259 3570 4336; baseline 0.007 -26"><span class='ocrx_word' id='word_1_860' title='bbox 1988 4259 2147 4330; x_wconf 88' lang='grc' dir='ltr'>δρῶν,</span> <span class='ocrx_word' id='word_1_861' title='bbox 2180 4261 2270 4312; x_wconf 84' lang='grc' dir='ltr'>καὶ</span> <span class='ocrx_word' id='word_1_862' title='bbox 2301 4261 2654 4332; x_wconf 83' lang='grc' dir='ltr'>χαλεπώτερα</span> <span class='ocrx_word' id='word_1_863' title='bbox 2698 4266 3050 4329; x_wconf 85' lang='grc' dir='ltr'>ὲπιτάττωσι,</span> <span class='ocrx_word' id='word_1_864' title='bbox 3097 4265 3333 4336; x_wconf 87' lang='grc' dir='ltr'>τοσούτῳ</span> <span class='ocrx_word' id='word_1_865' title='bbox 3369 4267 3570 4334; x_wconf 82' lang='grc' dir='ltr'>μᾶλλον</span> 
     </span>
    </p>
   </div>
   <div class='ocr_carea' id='block_1_115' title="bbox 1987 4343 3569 4421">
    <p class='ocr_par' dir='ltr' id='par_1_115' title="bbox 1987 4343 3569 4421">
     <span class='ocr_line' id='line_1_115' title="bbox 1987 4343 3569 4421; baseline 0.007 -27"><span class='ocrx_word' id='word_1_866' title='bbox 1987 4343 2185 4404; x_wconf 75' lang='grc' dir='ltr'>ἑαυτάς</span> <span class='ocrx_word' id='word_1_867' title='bbox 2208 4345 2625 4414; x_wconf 86' lang='grc' dir='ltr'>καταισχύνουσι</span> <span class='ocrx_word' id='word_1_868' title='bbox 2658 4347 2775 4415; x_wconf 86' lang='grc' dir='ltr'>μετ’</span> <span class='ocrx_word' id='word_1_869' title='bbox 2809 4347 3052 4402; x_wconf 81' lang='grc' dir='ltr'>ἐκείνων.</span> <span class='ocrx_word' id='word_1_870' title='bbox 3085 4349 3219 4400; x_wconf 86' lang='grc' dir='ltr'>Οὐδὲ</span> <span class='ocrx_word' id='word_1_871' title='bbox 3245 4349 3351 4420; x_wconf 78' lang='grc' dir='ltr'>γάρ</span> <span class='ocrx_word' id='word_1_872' title='bbox 3385 4353 3419 4421; x_wconf 84' lang='grc' dir='ltr'>ή</span> <span class='ocrx_word' id='word_1_873' title='bbox 3447 4351 3569 4404; x_wconf 81' lang='grc' dir='ltr'>δου-</span> 
     </span>
    </p>
   </div>
   <div class='ocr_carea' id='block_1_116' title="bbox 1986 4425 3565 4506">
    <p class='ocr_par' dir='ltr' id='par_1_116' title="bbox 1986 4425 3565 4506">
     <span class='ocr_line' id='line_1_116' title="bbox 1986 4425 3565 4506; baseline 0.006 -29"><span class='ocrx_word' id='word_1_874' title='bbox 1986 4425 2216 4497; x_wconf 83' lang='grc' dir='ltr'>λουμένη</span> <span class='ocrx_word' id='word_1_875' title='bbox 2258 4429 2384 4490; x_wconf 77' lang='grc' dir='ltr'>τοὺς</span> <span class='ocrx_word' id='word_1_876' title='bbox 2431 4428 2627 4498; x_wconf 82' lang='grc' dir='ltr'>ἄνδρας</span> <span class='ocrx_word' id='word_1_877' title='bbox 2659 4429 2818 4500; x_wconf 80' lang='grc' dir='ltr'>γυνὴ.</span> <span class='ocrx_word' id='word_1_878' title='bbox 2866 4429 3034 4500; x_wconf 76' lang='grc' dir='ltr'>ἀλλ’ἢ</span> <span class='ocrx_word' id='word_1_879' title='bbox 3070 4430 3380 4504; x_wconf 78' lang='grc' dir='ltr'>αἰδουμένη,</span> <span class='ocrx_word' id='word_1_880' title='bbox 3425 4433 3565 4506; x_wconf 84' lang='grc' dir='ltr'>αῦτη</span> 
     </span>
    </p>
   </div>
   <div class='ocr_carea' id='block_1_117' title="bbox 1986 4509 3569 4581">
    <p class='ocr_par' dir='ltr' id='par_1_117' title="bbox 1986 4509 3569 4581">
     <span class='ocr_line' id='line_1_117' title="bbox 1986 4509 3569 4581; baseline 0.006 -22"><span class='ocrx_word' id='word_1_881' title='bbox 1986 4509 2151 4560; x_wconf 80' lang='grc' dir='ltr'>πᾶσίν</span> <span class='ocrx_word' id='word_1_882' title='bbox 2180 4511 2324 4562; x_wconf 80' lang='grc' dir='ltr'>ἐστιν</span> <span class='ocrx_word' id='word_1_883' title='bbox 2350 4509 2626 4581; x_wconf 87' lang='grc' dir='ltr'>αίδέσιμός</span> <span class='ocrx_word' id='word_1_884' title='bbox 2657 4529 2717 4564; x_wconf 89' lang='grc' dir='ltr'>τε</span> <span class='ocrx_word' id='word_1_885' title='bbox 2744 4513 2838 4565; x_wconf 58' lang='grc' dir='ltr'>καὶ⁵</span> <span class='ocrx_word' id='word_1_886' title='bbox 2859 4512 3119 4577; x_wconf 83' lang='grc' dir='ltr'>ἐπίδοξος.</span> <span class='ocrx_word' id='word_1_887' title='bbox 3157 4514 3218 4567; x_wconf 76' lang='lat' dir='ltr'>El</span> <span class='ocrx_word' id='word_1_888' title='bbox 3251 4514 3307 4566; x_wconf 88' lang='grc' dir='ltr'>δὲ</span> <span class='ocrx_word' id='word_1_889' title='bbox 3340 4517 3438 4568; x_wconf 89' lang='grc' dir='ltr'>οὐκ</span> <span class='ocrx_word' id='word_1_890' title='bbox 3473 4519 3569 4570; x_wconf 92' lang='grc' dir='ltr'>ἀν-</span> 
     </span>
    </p>
   </div>
   <div class='ocr_carea' id='block_1_118' title="bbox 1988 4590 3570 4666">
    <p class='ocr_par' dir='ltr' id='par_1_118' title="bbox 1988 4590 3570 4666">
     <span class='ocr_line' id='line_1_118' title="bbox 1988 4590 3570 4666; baseline 0.008 -25"><span class='ocrx_word' id='word_1_891' title='bbox 1988 4590 2194 4659; x_wconf 89' lang='grc' dir='ltr'>έχοιντο</span> <span class='ocrx_word' id='word_1_892' title='bbox 2226 4593 2334 4646; x_wconf 87' lang='grc' dir='ltr'>τῶν</span> <span class='ocrx_word' id='word_1_893' title='bbox 2375 4595 2634 4664; x_wconf 75' lang='grc' dir='ltr'>ῥημάτων</span> <span class='ocrx_word' id='word_1_894' title='bbox 2659 4595 2766 4647; x_wconf 88' lang='grc' dir='ltr'>τῶν</span> <span class='ocrx_word' id='word_1_895' title='bbox 2794 4596 3099 4666; x_wconf 86' lang='grc' dir='ltr'>ἡμετέρων,</span> <span class='ocrx_word' id='word_1_896' title='bbox 3131 4598 3159 4647; x_wconf 94' lang='lat'>6</span> <span class='ocrx_word' id='word_1_897' title='bbox 3200 4595 3294 4648; x_wconf 89' lang='grc' dir='ltr'>τοῦ</span> <span class='ocrx_word' id='word_1_898' title='bbox 3319 4597 3452 4651; x_wconf 85' lang='grc' dir='ltr'>Θεοῦ</span> <span class='ocrx_word' id='word_1_899' title='bbox 3482 4600 3570 4652; x_wconf 90' lang='grc' dir='ltr'>νό-</span> 
     </span>
    </p>
   </div>
   <div class='ocr_carea' id='block_1_119' title="bbox 1991 4677 3561 4751">
    <p class='ocr_par' dir='ltr' id='par_1_119' title="bbox 1991 4677 3561 4751">
     <span class='ocr_line' id='line_1_119' title="bbox 1991 4677 3561 4751; baseline 0.004 -24"><span class='ocrx_word' id='word_1_900' title='bbox 1991 4692 2089 4744; x_wconf 88' lang='grc' dir='ltr'>μος</span> <span class='ocrx_word' id='word_1_901' title='bbox 2140 4677 2310 4741; x_wconf 74' lang='grc' dir='ltr'>αὐτάς</span> <span class='ocrx_word' id='word_1_902' title='bbox 2360 4679 2705 4749; x_wconf 80' lang='grc' dir='ltr'>ἐπιστομίσαι</span> <span class='ocrx_word' id='word_1_903' title='bbox 2767 4681 3069 4751; x_wconf 87' lang='grc' dir='ltr'>δυνήσεται,</span> <span class='ocrx_word' id='word_1_904' title='bbox 3132 4679 3302 4747; x_wconf 89' lang='grc' dir='ltr'>λέγων</span> <span class='ocrx_word' id='word_1_905' title='bbox 3354 4681 3561 4747; x_wconf 73' lang='grc' dir='ltr'>οὕτως’</span> 
     </span>
    </p>
   </div>
   <div class='ocr_carea' id='block_1_120' title="bbox 1986 4757 3566 4832">
    <p class='ocr_par' dir='ltr' id='par_1_120' title="bbox 1986 4757 3566 4832">
     <span class='ocr_line' id='line_1_120' title="bbox 1986 4757 3566 4832; baseline 0.008 -24"><span class='ocrx_word' id='word_1_906' title='bbox 1986 4757 2144 4823; x_wconf 71' lang='grc' dir='ltr'>Πρὸς</span> <span class='ocrx_word' id='word_1_907' title='bbox 2169 4762 2272 4811; x_wconf 72' lang='grc' dir='ltr'>τὸν</span> <span class='ocrx_word' id='word_1_908' title='bbox 2298 4760 2485 4828; x_wconf 72' lang='grc' dir='ltr'>ἇνὸρα</span> <span class='ocrx_word' id='word_1_909' title='bbox 2519 4778 2634 4814; x_wconf 83' lang='grc' dir='ltr'>σου</span> <span class='ocrx_word' id='word_1_910' title='bbox 2666 4763 2702 4828; x_wconf 77' lang='grc' dir='ltr'>ἡ</span> <span class='ocrx_word' id='word_1_911' title='bbox 2725 4761 3074 4830; x_wconf 61' lang='grc' dir='ltr'>ἀποστροφή</span> <span class='ocrx_word' id='word_1_912' title='bbox 3099 4778 3234 4826; x_wconf 85' lang='grc' dir='ltr'>σου,</span> <span class='ocrx_word' id='word_1_913' title='bbox 3258 4764 3353 4817; x_wconf 76' lang='grc' dir='ltr'>καὶ</span> <span class='ocrx_word' id='word_1_914' title='bbox 3382 4767 3566 4832; x_wconf 85' lang='grc' dir='ltr'>αὐτός</span> 
     </span>
    </p>
   </div>
   <div class='ocr_carea' id='block_1_121' title="bbox 1988 4844 3565 4915">
    <p class='ocr_par' dir='ltr' id='par_1_121' title="bbox 1988 4844 3565 4915">
     <span class='ocr_line' id='line_1_121' title="bbox 1988 4844 3565 4915; baseline 0.007 -24"><span class='ocrx_word' id='word_1_915' title='bbox 1988 4856 2102 4892; x_wconf 76' lang='grc' dir='ltr'>σου</span> <span class='ocrx_word' id='word_1_916' title='bbox 2133 4844 2452 4908; x_wconf 61' lang='grc' dir='ltr'>κιυοιεύσειο</span> <span class='ocrx_word' id='word_1_917' title='bbox 2483 4845 2714 4911; x_wconf 60' lang='grc' dir='ltr'>κεφαλὴ</span> <span class='ocrx_word' id='word_1_918' title='bbox 2738 4845 2846 4912; x_wconf 77' lang='grc' dir='ltr'>γὰρ</span> <span class='ocrx_word' id='word_1_919' title='bbox 2870 4844 3156 4913; x_wconf 72' lang='grc' dir='ltr'>γυναικὸς</span> <span class='ocrx_word' id='word_1_920' title='bbox 3189 4850 3221 4900; x_wconf 83' lang='grc' dir='ltr'>ό</span> <span class='ocrx_word' id='word_1_921' title='bbox 3253 4848 3426 4915; x_wconf 78' lang='grc' dir='ltr'>ἁνήρ.</span> <span class='ocrx_word' id='word_1_922' title='bbox 3454 4850 3565 4902; x_wconf 77' lang='grc' dir='ltr'>Καὶ</span> 
     </span>
    </p>
   </div>
   <div class='ocr_carea' id='block_1_122' title="bbox 1989 4924 3564 4998">
    <p class='ocr_par' dir='ltr' id='par_1_122' title="bbox 1989 4924 3564 4998">
     <span class='ocr_line' id='line_1_122' title="bbox 1989 4924 3564 4998; baseline 0.006 -22"><span class='ocrx_word' id='word_1_923' title='bbox 1989 4926 2249 4996; x_wconf 78' lang='grc' dir='ltr'>ἑτέρωθεν</span> <span class='ocrx_word' id='word_1_924' title='bbox 2281 4926 2336 4977; x_wconf 82' lang='grc' dir='ltr'>δὲ</span> <span class='ocrx_word' id='word_1_925' title='bbox 2377 4924 2524 4995; x_wconf 73' lang='grc' dir='ltr'>εὖροι</span> <span class='ocrx_word' id='word_1_926' title='bbox 2552 4944 2635 4988; x_wconf 89' lang='grc' dir='ltr'>τις</span> <span class='ocrx_word' id='word_1_927' title='bbox 2663 4928 2728 4980; x_wconf 85' lang='grc' dir='ltr'>ἂν</span> <span class='ocrx_word' id='word_1_928' title='bbox 2757 4928 3084 4998; x_wconf 84' lang='grc' dir='ltr'>πολλαχόθεν</span> <span class='ocrx_word' id='word_1_929' title='bbox 3115 4930 3274 4984; x_wconf 90' lang='grc' dir='ltr'>τοῦτο</span> <span class='ocrx_word' id='word_1_930' title='bbox 3309 4931 3452 4985; x_wconf 76' lang='grc' dir='ltr'>οὕτω</span> <span class='ocrx_word' id='word_1_931' title='bbox 3478 4949 3564 4985; x_wconf 85' lang='grc' dir='ltr'>νε-</span> 
     </span>
    </p>
   </div>
   <div class='ocr_carea' id='block_1_123' title="bbox 1988 5009 3558 5084">
    <p class='ocr_par' dir='ltr' id='par_1_123' title="bbox 1988 5009 3558 5084">
     <span class='ocr_line' id='line_1_123' title="bbox 1988 5009 3558 5084; baseline 0.006 -25"><span class='ocrx_word' id='word_1_932' title='bbox 1988 5009 2329 5079; x_wconf 78' lang='grc' dir='ltr'>νομισμένον,</span> <span class='ocrx_word' id='word_1_933' title='bbox 2390 5011 2484 5062; x_wconf 69' lang='grc' dir='ltr'>κα)⁸</span> <span class='ocrx_word' id='word_1_934' title='bbox 2531 5011 2732 5082; x_wconf 89' lang='grc' dir='ltr'>ταύτην</span> <span class='ocrx_word' id='word_1_935' title='bbox 2783 5013 2987 5066; x_wconf 84' lang='grc' dir='ltr'>ἀνωθεν</span> <span class='ocrx_word' id='word_1_936' title='bbox 3026 5010 3191 5068; x_wconf 80' lang='grc' dir='ltr'>οὖσαν</span> <span class='ocrx_word' id='word_1_937' title='bbox 3244 5016 3343 5084; x_wconf 82' lang='grc' dir='ltr'>τὴν</span> <span class='ocrx_word' id='word_1_938' title='bbox 3387 5015 3558 5080; x_wconf 82' lang='grc' dir='ltr'>τάξιν.</span> 
     </span>
    </p>
   </div>
   <div class='ocr_carea' id='block_1_124' title="bbox 1991 5093 3561 5169">
    <p class='ocr_par' dir='ltr' id='par_1_124' title="bbox 1991 5093 3561 5169">
     <span class='ocr_line' id='line_1_124' title="bbox 1991 5093 3561 5169; baseline 0.005 -25"><span class='ocrx_word' id='word_1_939' title='bbox 1991 5094 2150 5144; x_wconf 83' lang='grc' dir='ltr'>Ὥστε</span> <span class='ocrx_word' id='word_1_940' title='bbox 2182 5093 2534 5164; x_wconf 84' lang='grc' dir='ltr'>ἀσχημοσύνη</span> <span class='ocrx_word' id='word_1_941' title='bbox 2572 5095 2804 5166; x_wconf 87' lang='grc' dir='ltr'>μεγάλη,</span> <span class='ocrx_word' id='word_1_942' title='bbox 2831 5096 2958 5149; x_wconf 82' lang='grc' dir='ltr'>ὅταν</span> <span class='ocrx_word' id='word_1_943' title='bbox 2993 5096 3060 5149; x_wconf 76' lang='grc' dir='ltr'>τά</span> <span class='ocrx_word' id='word_1_944' title='bbox 3084 5099 3194 5151; x_wconf 83' lang='grc' dir='ltr'>ἀνω</span> <span class='ocrx_word' id='word_1_945' title='bbox 3223 5099 3368 5151; x_wconf 88' lang='grc' dir='ltr'>κάτω</span> <span class='ocrx_word' id='word_1_946' title='bbox 3397 5099 3561 5169; x_wconf 88' lang='grc' dir='ltr'>γένη-</span> 
     </span>
    </p>
   </div>
   <div class='ocr_carea' id='block_1_125' title="bbox 1989 5175 3560 5250">
    <p class='ocr_par' dir='ltr' id='par_1_125' title="bbox 1989 5175 3560 5250">
     <span class='ocr_line' id='line_1_125' title="bbox 1989 5175 3560 5250; baseline 0.004 -22"><span class='ocrx_word' id='word_1_947' title='bbox 1989 5194 2098 5238; x_wconf 91' lang='grc' dir='ltr'>ται,</span> <span class='ocrx_word' id='word_1_948' title='bbox 2128 5175 2278 5228; x_wconf 87' lang='grc' dir='ltr'>κάτω</span> <span class='ocrx_word' id='word_1_949' title='bbox 2313 5176 2410 5247; x_wconf 82' lang='grc' dir='ltr'>μὲν</span> <span class='ocrx_word' id='word_1_950' title='bbox 2502 5178 2730 5248; x_wconf 77' lang='grc' dir='ltr'>κεφαλὴ,</span> <span class='ocrx_word' id='word_1_951' title='bbox 2763 5178 2822 5231; x_wconf 84' lang='grc' dir='ltr'>τὸ</span> <span class='ocrx_word' id='word_1_952' title='bbox 2851 5179 2906 5231; x_wconf 82' lang='grc' dir='ltr'>δὲ</span> <span class='ocrx_word' id='word_1_953' title='bbox 2937 5179 3093 5250; x_wconf 88' lang='grc' dir='ltr'>σῶμα</span> <span class='ocrx_word' id='word_1_954' title='bbox 3122 5182 3250 5235; x_wconf 82' lang='grc' dir='ltr'>ἀνω.</span> <span class='ocrx_word' id='word_1_955' title='bbox 3286 5182 3347 5234; x_wconf 86' lang='grc' dir='ltr'><strong>Εἰ</strong></span> <span class='ocrx_word' id='word_1_956' title='bbox 3378 5182 3434 5235; x_wconf 81' lang='grc' dir='ltr'>δὲ</span> <span class='ocrx_word' id='word_1_957' title='bbox 3469 5182 3560 5234; x_wconf 75' lang='grc' dir='ltr'>ἐπὶ</span> 
     </span>
    </p>
   </div>
   <div class='ocr_carea' id='block_1_126' title="bbox 1989 5259 3562 5334">
    <p class='ocr_par' dir='ltr' id='par_1_126' title="bbox 1989 5259 3562 5334">
     <span class='ocr_line' id='line_1_126' title="bbox 1989 5259 3562 5334; baseline 0.013 -26"><span class='ocrx_word' id='word_1_958' title='bbox 1989 5259 2165 5329; x_wconf 82' lang='grc' dir='ltr'>γάμου</span> <span class='ocrx_word' id='word_1_959' title='bbox 2193 5259 2349 5313; x_wconf 88' lang='grc' dir='ltr'>τοῦτο</span> <span class='ocrx_word' id='word_1_960' title='bbox 2386 5262 2629 5333; x_wconf 74' lang='grc' dir='ltr'>αἰσχρὸν,</span> <span class='ocrx_word' id='word_1_961' title='bbox 2669 5261 2845 5332; x_wconf 86' lang='grc' dir='ltr'>πολλῷ</span> <span class='ocrx_word' id='word_1_962' title='bbox 2874 5263 3070 5332; x_wconf 81' lang='grc' dir='ltr'>μᾶλλον</span> <span class='ocrx_word' id='word_1_963' title='bbox 3109 5263 3427 5334; x_wconf 64' lang='grc' dir='ltr'>ἐπίσταύτης</span> <span class='ocrx_word' id='word_1_964' title='bbox 3463 5265 3562 5332; x_wconf 86' lang='grc' dir='ltr'>τῆς</span> 
     </span>
    </p>
   </div>
   <div class='ocr_carea' id='block_1_127' title="bbox 1993 5341 3562 5414">
    <p class='ocr_par' dir='ltr' id='par_1_127' title="bbox 1993 5341 3562 5414">
     <span class='ocr_line' id='line_1_127' title="bbox 1993 5341 3562 5414; baseline 0.005 -21"><span class='ocrx_word' id='word_1_965' title='bbox 1993 5341 2272 5411; x_wconf 77' lang='grc' dir='ltr'>συζυγίας,</span> <span class='ocrx_word' id='word_1_966' title='bbox 2298 5344 2425 5397; x_wconf 77' lang='grc' dir='ltr'>ἔνθα</span> <span class='ocrx_word' id='word_1_967' title='bbox 2451 5346 2511 5397; x_wconf 92' lang='grc' dir='ltr'>οὐ</span> <span class='ocrx_word' id='word_1_968' title='bbox 2538 5344 2692 5398; x_wconf 86' lang='grc' dir='ltr'>τοῦτο</span> <span class='ocrx_word' id='word_1_969' title='bbox 2722 5344 2881 5414; x_wconf 87' lang='grc' dir='ltr'>μόνον</span> <span class='ocrx_word' id='word_1_970' title='bbox 2916 5347 3032 5398; x_wconf 73' lang='grc' dir='ltr'>ἐστὶ</span> <span class='ocrx_word' id='word_1_971' title='bbox 3053 5347 3114 5400; x_wconf 81' lang='grc' dir='ltr'>τὸ</span> <span class='ocrx_word' id='word_1_972' title='bbox 3140 5347 3332 5412; x_wconf 82' lang='grc' dir='ltr'>δεινὸν,</span> <span class='ocrx_word' id='word_1_973' title='bbox 3365 5349 3446 5401; x_wconf 82' lang='grc' dir='ltr'>δτι</span> <span class='ocrx_word' id='word_1_974' title='bbox 3477 5350 3562 5402; x_wconf 82' lang='grc' dir='ltr'>νό-</span> 
     </span>
    </p>
   </div>
   <div class='ocr_carea' id='block_1_128' title="bbox 1996 5427 3563 5499">
    <p class='ocr_par' dir='ltr' id='par_1_128' title="bbox 1996 5427 3563 5499">
     <span class='ocr_line' id='line_1_128' title="bbox 1996 5427 3563 5499; baseline 0.002 -18"><span class='ocrx_word' id='word_1_975' title='bbox 1996 5446 2095 5498; x_wconf 90' lang='grc' dir='ltr'>μου</span> <span class='ocrx_word' id='word_1_976' title='bbox 2121 5427 2429 5499; x_wconf 81' lang='grc' dir='ltr'>παράὸασίς</span> <span class='ocrx_word' id='word_1_977' title='bbox 2462 5431 2574 5480; x_wconf 80' lang='grc' dir='ltr'>ἐστι</span> <span class='ocrx_word' id='word_1_978' title='bbox 2602 5428 2662 5480; x_wconf 75' lang='grc' dir='ltr'>τὸ</span> <span class='ocrx_word' id='word_1_979' title='bbox 2689 5428 2970 5498; x_wconf 83' lang='grc' dir='ltr'>γινόμενον</span> <span class='ocrx_word' id='word_1_980' title='bbox 2998 5429 3161 5494; x_wconf 90' lang='grc' dir='ltr'>θείου,</span> <span class='ocrx_word' id='word_1_981' title='bbox 3194 5430 3309 5484; x_wconf 82' lang='grc' dir='ltr'>ἀλλ’</span> <span class='ocrx_word' id='word_1_982' title='bbox 3351 5431 3432 5484; x_wconf 83' lang='grc' dir='ltr'>ὅτι</span> <span class='ocrx_word' id='word_1_983' title='bbox 3465 5448 3563 5484; x_wconf 85' lang='grc' dir='ltr'>πο-</span> 
     </span>
    </p>
   </div>
   <div class='ocr_carea' id='block_1_129' title="bbox 1992 5510 3564 5587">
    <p class='ocr_par' dir='ltr' id='par_1_129' title="bbox 1992 5510 3564 5587">
     <span class='ocr_line' id='line_1_129' title="bbox 1992 5510 3564 5587; baseline 0.003 -23"><span class='ocrx_word' id='word_1_984' title='bbox 1992 5513 2288 5584; x_wconf 87' lang='grc' dir='ltr'>νηροτέραν</span> <span class='ocrx_word' id='word_1_985' title='bbox 2315 5512 2406 5565; x_wconf 77' lang='grc' dir='ltr'>καὶ</span> <span class='ocrx_word' id='word_1_986' title='bbox 2430 5511 2605 5581; x_wconf 78' lang='grc' dir='ltr'>ἐαυτῷ</span> <span class='ocrx_word' id='word_1_987' title='bbox 2641 5510 2788 5582; x_wconf 67' lang='grc'>[260]</span> <span class='ocrx_word' id='word_1_988' title='bbox 2820 5514 2914 5565; x_wconf 75' lang='grc' dir='ltr'>καὶ</span> <span class='ocrx_word' id='word_1_989' title='bbox 2941 5516 3006 5584; x_wconf 79' lang='grc' dir='ltr'>τῇ</span> <span class='ocrx_word' id='word_1_990' title='bbox 3034 5516 3252 5580; x_wconf 79' lang='grc' dir='ltr'>γυναικὶ</span> <span class='ocrx_word' id='word_1_991' title='bbox 3284 5515 3564 5587; x_wconf 86' lang='grc' dir='ltr'>περιτίθη-</span> 
     </span>
    </p>
   </div>
   <div class='ocr_carea' id='block_1_130' title="bbox 1994 5594 3564 5668">
    <p class='ocr_par' dir='ltr' id='par_1_130' title="bbox 1994 5594 3564 5668">
     <span class='ocr_line' id='line_1_130' title="bbox 1994 5594 3564 5668; baseline 0.002 -22"><span class='ocrx_word' id='word_1_992' title='bbox 1994 5612 2044 5647; x_wconf 91' lang='grc' dir='ltr'>σι</span> <span class='ocrx_word' id='word_1_993' title='bbox 2074 5595 2247 5659; x_wconf 80' lang='grc' dir='ltr'>δόξαν.</span> <span class='ocrx_word' id='word_1_994' title='bbox 2277 5595 2337 5646; x_wconf 72' lang='lat' dir='ltr'>El</span> <span class='ocrx_word' id='word_1_995' title='bbox 2373 5595 2480 5665; x_wconf 82' lang='grc' dir='ltr'>γὰρ</span> <span class='ocrx_word' id='word_1_996' title='bbox 2503 5594 2563 5646; x_wconf 82' lang='grc' dir='ltr'>τὸ</span> <span class='ocrx_word' id='word_1_997' title='bbox 2587 5597 2854 5648; x_wconf 87' lang='grc' dir='ltr'>συνοικεῖν</span> <span class='ocrx_word' id='word_1_998' title='bbox 2882 5595 3126 5668; x_wconf 81' lang='grc' dir='ltr'>αἰσχρὸν,</span> <span class='ocrx_word' id='word_1_999' title='bbox 3163 5598 3340 5668; x_wconf 84' lang='grc' dir='ltr'>πολλῷ</span> <span class='ocrx_word' id='word_1_1000' title='bbox 3365 5599 3564 5668; x_wconf 84' lang='grc' dir='ltr'>μᾶλλον</span> 
     </span>
    </p>
   </div>
   <div class='ocr_carea' id='block_1_131' title="bbox 1991 5676 3566 5754">
    <p class='ocr_par' dir='ltr' id='par_1_131' title="bbox 1991 5676 3566 5754">
     <span class='ocr_line' id='line_1_131' title="bbox 1991 5676 3566 5754; baseline 0.003 -25"><span class='ocrx_word' id='word_1_1001' title='bbox 1991 5677 2052 5730; x_wconf 84' lang='grc' dir='ltr'>τὸ</span> <span class='ocrx_word' id='word_1_1002' title='bbox 2099 5676 2442 5730; x_wconf 80' lang='grc' dir='ltr'>συνοικοῦσαν</span> <span class='ocrx_word' id='word_1_1003' title='bbox 2478 5676 2814 5732; x_wconf 87' lang='grc' dir='ltr'>δουλοῦσθαι·</span> <span class='ocrx_word' id='word_1_1004' title='bbox 2864 5681 2985 5733; x_wconf 79' lang='grc' dir='ltr'>οὐδὲ⁹</span> <span class='ocrx_word' id='word_1_1005' title='bbox 3031 5681 3136 5754; x_wconf 80' lang='grc' dir='ltr'>γὰρ</span> <span class='ocrx_word' id='word_1_1006' title='bbox 3186 5681 3458 5751; x_wconf 89' lang='grc' dir='ltr'>πανταχοῦ</span> <span class='ocrx_word' id='word_1_1007' title='bbox 3503 5680 3566 5734; x_wconf 72' lang='grc' dir='ltr'>τὸ</span> 
     </span>
    </p>
   </div>
   <div class='ocr_carea' id='block_1_132' title="bbox 1992 5759 3565 5835">
    <p class='ocr_par' dir='ltr' id='par_1_132' title="bbox 1992 5759 3565 5835">
     <span class='ocr_line' id='line_1_132' title="bbox 1992 5759 3565 5835; baseline 0.002 -23"><span class='ocrx_word' id='word_1_1008' title='bbox 1992 5762 2212 5831; x_wconf 84' lang='grc' dir='ltr'>κρατεῖν</span> <span class='ocrx_word' id='word_1_1009' title='bbox 2269 5759 2488 5812; x_wconf 77' lang='grc' dir='ltr'>ἔπαινον</span> <span class='ocrx_word' id='word_1_1010' title='bbox 2524 5761 2700 5833; x_wconf 87' lang='grc' dir='ltr'>φέρει,</span> <span class='ocrx_word' id='word_1_1011' title='bbox 2741 5763 2856 5816; x_wconf 82' lang='grc' dir='ltr'>ἀλλ’</span> <span class='ocrx_word' id='word_1_1012' title='bbox 2884 5763 2998 5818; x_wconf 76' lang='grc' dir='ltr'>ἔστι</span> <span class='ocrx_word' id='word_1_1013' title='bbox 3026 5765 3120 5818; x_wconf 75' lang='grc' dir='ltr'>καὶ</span> <span class='ocrx_word' id='word_1_1014' title='bbox 3155 5764 3230 5834; x_wconf 80' lang='grc' dir='ltr'>μὴ</span> <span class='ocrx_word' id='word_1_1015' title='bbox 3263 5763 3565 5835; x_wconf 82' lang='grc' dir='ltr'>κρατοῦντα</span> 
     </span>
    </p>
   </div>
   <div class='ocr_carea' id='block_1_133' title="bbox 1993 5845 3562 5920">
    <p class='ocr_par' dir='ltr' id='par_1_133' title="bbox 1993 5845 3562 5920">
     <span class='ocr_line' id='line_1_133' title="bbox 1993 5845 3562 5920; baseline 0.004 -23"><span class='ocrx_word' id='word_1_1016' title='bbox 1993 5845 2315 5914; x_wconf 88' lang='grc' dir='ltr'>εὐδοκιμεῖν,</span> <span class='ocrx_word' id='word_1_1017' title='bbox 2387 5845 2479 5899; x_wconf 75' lang='grc' dir='ltr'>καὶ</span> <span class='ocrx_word' id='word_1_1018' title='bbox 2530 5845 2838 5916; x_wconf 88' lang='grc' dir='ltr'>κρατοῦντα</span> <span class='ocrx_word' id='word_1_1019' title='bbox 2896 5849 3242 5920; x_wconf 87' lang='grc' dir='ltr'>ἀσχημονεῖν.</span> <span class='ocrx_word' id='word_1_1020' title='bbox 3286 5848 3471 5912; x_wconf 84' lang='grc' dir='ltr'>Ὥστε,</span> <span class='ocrx_word' id='word_1_1021' title='bbox 3513 5852 3562 5903; x_wconf 87' lang='grc' dir='ltr'>εί</span> 
     </span>
    </p>
   </div>
   <div class='ocr_carea' id='block_1_134' title="bbox 1997 5927 3564 6002">
    <p class='ocr_par' dir='ltr' id='par_1_134' title="bbox 1997 5927 3564 6002">
     <span class='ocr_line' id='line_1_134' title="bbox 1997 5927 3564 6002; baseline 0.001 -21"><span class='ocrx_word' id='word_1_1022' title='bbox 1997 5927 2172 5998; x_wconf 85' lang='grc' dir='ltr'>βούλει</span> <span class='ocrx_word' id='word_1_1023' title='bbox 2195 5927 2566 5999; x_wconf 77' lang='grc' dir='ltr'>θαυμάζεσθαι</span> <span class='ocrx_word' id='word_1_1024' title='bbox 2604 5931 2753 6001; x_wconf 89' lang='grc' dir='ltr'>παρά</span> <span class='ocrx_word' id='word_1_1025' title='bbox 2791 5931 3038 6002; x_wconf 88' lang='grc' dir='ltr'>ἀνδράσι,</span> <span class='ocrx_word' id='word_1_1026' title='bbox 3073 5930 3238 6002; x_wconf 88' lang='grc' dir='ltr'>μηδέν</span> <span class='ocrx_word' id='word_1_1027' title='bbox 3265 5947 3348 5984; x_wconf 90' lang='grc' dir='ltr'>σοι</span> <span class='ocrx_word' id='word_1_1028' title='bbox 3390 5932 3564 5986; x_wconf 77' lang='grc' dir='ltr'>κοινὸν</span> 
     </span>
    </p>
   </div>
   <div class='ocr_carea' id='block_1_135' title="bbox 2000 6010 3566 6084">
    <p class='ocr_par' dir='ltr' id='par_1_135' title="bbox 2000 6010 3566 6084">
     <span class='ocr_line' id='line_1_135' title="bbox 2000 6010 3566 6084; baseline 0.001 -20"><span class='ocrx_word' id='word_1_1029' title='bbox 2000 6013 2138 6065; x_wconf 73' lang='grc' dir='ltr'>ἔστω</span> <span class='ocrx_word' id='word_1_1030' title='bbox 2161 6011 2298 6081; x_wconf 77' lang='grc' dir='ltr'>πρὸς</span> <span class='ocrx_word' id='word_1_1031' title='bbox 2319 6010 2533 6075; x_wconf 85' lang='grc' dir='ltr'>αὐτούς·</span> <span class='ocrx_word' id='word_1_1032' title='bbox 2567 6012 2757 6084; x_wconf 79' lang='grc' dir='ltr'>πόρῥω</span> <span class='ocrx_word' id='word_1_1033' title='bbox 2786 6015 2880 6067; x_wconf 75' lang='grc' dir='ltr'>καὶ</span> <span class='ocrx_word' id='word_1_1034' title='bbox 2917 6013 3216 6081; x_wconf 87' lang='grc' dir='ltr'>συνουσίας,</span> <span class='ocrx_word' id='word_1_1035' title='bbox 3250 6015 3345 6069; x_wconf 72' lang='grc' dir='ltr'>καὶ</span> <span class='ocrx_word' id='word_1_1036' title='bbox 3370 6015 3566 6084; x_wconf 63' lang='grc' dir='ltr'>ὄφεως,</span> 
     </span>
    </p>
   </div>
   <div class='ocr_carea' id='block_1_136' title="bbox 1997 6095 3570 6166">
    <p class='ocr_par' dir='ltr' id='par_1_136' title="bbox 1997 6095 3570 6166">
     <span class='ocr_line' id='line_1_136' title="bbox 1997 6095 3570 6166; baseline 0 -17"><span class='ocrx_word' id='word_1_1037' title='bbox 1997 6097 2089 6150; x_wconf 75' lang='grc' dir='ltr'>καὶ</span> <span class='ocrx_word' id='word_1_1038' title='bbox 2120 6095 2479 6164; x_wconf 82' lang='grc' dir='ltr'>συνοικήσεως</span> <span class='ocrx_word' id='word_1_1039' title='bbox 2512 6095 2664 6163; x_wconf 89' lang='grc' dir='ltr'>γίνου</span> <span class='ocrx_word' id='word_1_1040' title='bbox 2690 6097 2790 6164; x_wconf 80' lang='grc' dir='ltr'>τῆς</span> <span class='ocrx_word' id='word_1_1041' title='bbox 2821 6096 3060 6152; x_wconf 80' lang='grc' dir='ltr'>ἐκείνων.</span> <span class='ocrx_word' id='word_1_1042' title='bbox 3085 6098 3218 6151; x_wconf 83' lang='grc' dir='ltr'>Τότε</span> <span class='ocrx_word' id='word_1_1043' title='bbox 3245 6114 3303 6150; x_wconf 90' lang='grc' dir='ltr'>σε</span> <span class='ocrx_word' id='word_1_1044' title='bbox 3337 6098 3432 6150; x_wconf 77' lang='grc' dir='ltr'>καὶ</span> <span class='ocrx_word' id='word_1_1045' title='bbox 3471 6115 3570 6166; x_wconf 84' lang='grc' dir='ltr'>γυ-</span> 
     </span>
    </p>
   </div>
   <div class='ocr_carea' id='block_1_137' title="bbox 1996 6178 3569 6256">
    <p class='ocr_par' dir='ltr' id='par_1_137' title="bbox 1996 6178 3569 6256">
     <span class='ocr_line' id='line_1_137' title="bbox 1996 6178 3569 6256; baseline 0.003 -22"><span class='ocrx_word' id='word_1_1046' title='bbox 1996 6183 2175 6244; x_wconf 85' lang='grc' dir='ltr'>ναῖκες</span> <span class='ocrx_word' id='word_1_1047' title='bbox 2209 6178 2664 6251; x_wconf 74' lang='grc' dir='ltr'>ἐκπλαγήσονται,</span> <span class='ocrx_word' id='word_1_1048' title='bbox 2691 6183 2782 6236; x_wconf 71' lang='grc' dir='ltr'>καὶ</span> <span class='ocrx_word' id='word_1_1049' title='bbox 2807 6181 2996 6255; x_wconf 74' lang='grc' dir='ltr'>ἄνδρες</span> <span class='ocrx_word' id='word_1_1050' title='bbox 3031 6183 3397 6256; x_wconf 81' lang='grc' dir='ltr'>θαυμάσονται</span> <span class='ocrx_word' id='word_1_1051' title='bbox 3436 6185 3569 6238; x_wconf 81' lang='grc' dir='ltr'>πάν-</span> 
     </span>
    </p>
   </div>
  </div>
