4490 6752
422 621 529 678 5‘23

420 756 604 811 gressu
632 747 684 793 et
711 744 925 805 aspectu
956 742 1007 784 et
1037 725 1424 780 cohabitatione
1454 724 1658 777 illorum
1686 730 1802 775 esto
1831 738 1844 773 :
1871 730 1995 775 tunc

424 810 474 886 te
502 840 555 885 et
582 830 829 883 mulieres
859 825 1255 887 obstupesceut,
1293 826 1346 871 et
1370 816 1468 869 viri
1497 828 1682 867 omnes
1717 811 1873 863 simul
1899 810 1995 864 ad-

425 924 775 982 mirabuntur,
816 922 998 983 utpote
1037 910 1291 978 virginem
1332 921 1529 978 sponso
1568 903 1827 958 indivulse
1861 902 1995 955 assi-

422 1018 633 1071 dentem
672 1013 745 1080 (ι.
778 1006 896 1061 Cor.
937 1005 989 1058 7.
1021 1002 1110 1075 '55)
1144 1021 1155 1055 :
1190 1011 1313 1056 tunc
1354 1015 1457 1054 non
1489 996 1760 1051 domestici
1801 994 1994 1061 solum,

422 1107 517 1162 sed
554 1114 607 1158 et
631 1100 856 1171 gentiles
880 1106 933 1151 ct
957 1096 1144 1158 Judtci,
1176 1105 1231 1150 et
1259 1107 1419 1146 omne
1450 1091 1720 1143 hominum
1756 1087 1999 1157 probabit

421 1213 589 1267 genus
623 1214 634 1247 :
659 1202 817 1262 atque
842 1190 973 1246 adeo
994 1191 1037 1245 si
1061 1190 1282 1261 gloriam
1315 1198 1483 1249 amas,
1515 1183 1649 1236 hanc
1678 1181 1809 1235 vade
1834 1181 1994 1242 viam,

423 1304 526 1342 non
548 1287 704 1339 aliam
729 1302 743 1339 :
778 1294 899 1338 tunc
926 1292 976 1337 te
1002 1297 1108 1336 non
1130 1282 1239 1348 jam
1274 1278 1413 1331 illius
1442 1275 1522 1329 vel
1546 1274 1686 1328 illius
1710 1272 1994 1333 vocabunt,

422 1378 515 1432 sed
558 1376 749 1431 Christi
782 1394 796 1429 :
829 1376 951 1428 huic
994 1383 1171 1426 autem
1212 1378 1431 1421 ornatus
1473 1367 1605 1421 alius
1642 1381 1738 1436 par
1775 1379 1803 1417 a
1850 1362 1997 1417 nullo

423 1471 515 1523 tibi
550 1471 669 1523 erit.
699 1472 777 1522 An
809 1482 936 1521 vero
964 1465 1151 1532 exigua
1192 1471 1333 1523 sunt,
1366 1476 1565 1529 quaeso,
1611 1474 1730 1528 qua:
1765 1454 1998 1526 quotidie

422 1572 681 1615 canuntur
712 1568 768 1614 et
802 1560 854 1612 iii
885 1558 1020 1620 foro,
1053 1564 1107 1608 et
1135 1554 1185 1607 in
1225 1553 1488 1616 domibus,
1518 1560 1571 1604 ct
1600 1551 1650 1603 in
1678 1549 1795 1601 aliis
1816 1547 1999 1600 civita-

422 1654 595 1705 tibus?
629 1650 808 1705 Puella
834 1647 1020 1701 isthinc
1051 1643 1276 1697 formosa
1304 1643 1455 1695 valde
1495 1652 1548 1696 et
1588 1640 1920 1702 adolescens,
1953 1638 1997 1689 si

421 1744 693 1799 voluisset.
726 1739 922 1793 multos
965 1745 1214 1804 patronos
1258 1735 1358 1788 sibi
1389 1732 1676 1787 conciliare
1713 1728 1994 1797 potuisset,

421 1836 515 1888 sed
561 1833 728 1886 noluit
779 1848 793 1883 :
839 1831 946 1883 imo
994 1830 1175 1882 maluit
1220 1827 1417 1896 qumvis
1468 1822 1732 1876 sustinere
1768 1834 1830 1873 ac
1866 1818 1995 1888 pati,

421 1941 577 1993 quant
604 1923 797 1977 Christi
830 1936 1067 1975 amorem
1100 1920 1421 1988 relinquere,
1450 1924 1503 1968 et
1532 1912 1789 1967 castitatis
1810 1910 1996 1965 ﬂorem

421 2017 728 2069 obscurare.
780 2013 933 2066 Beata
981 2020 1034 2065 et
1082 2011 1163 2063 bis
1203 2018 1255 2062 et
1296 2018 1374 2059 ter
1420 2014 1473 2058 et
1514 2004 1727 2072 smpius.
1777 2001 1997 2067 Quantis

422 2109 625 2161 fruetur
652 2104 821 2169 bonis,
846 2103 1053 2172 qualem
1080 2100 1305 2169 accipiet
1334 2111 1608 2161 coronant,
1636 2104 1830 2165 quanta
1856 2108 1996 2147 mer-

422 2199 553 2252 cede
602 2195 904 2258 donabitur,
951 2208 1069 2262 qua:
1116 2205 1236 2245 cum
1288 2189 1415 2258 ipsis
1462 2187 1783 2255 incorporeis
1829 2192 1998 2239 certat

426 2284 747 2341 Virtutibus?
774 2285 896 2339 Hice
925 2292 978 2337 et
1018 2282 1141 2336 talia
1170 2280 1237 2334 de
1268 2278 1367 2332 hac
1397 2292 1583 2331 omnes
1611 2276 1819 2341 dicent,
1851 2283 1905 2328 et
1930 2272 1995 2326 ad

421 2377 808 2433 aimnlationem
861 2374 971 2427 suis
1027 2371 1237 2425 liliabus
1292 2375 1625 2438 proponent;
1681 2374 1736 2419 et
1780 2362 1825 2417 si
1878 2363 1997 2433 quis

420 2471 707 2524 admonere
734 2466 956 2520 honeste
981 2464 1275 2527 viventem;
1306 2469 1360 2514 et
1386 2460 1432 2514 si
1461 2460 1579 2527 quis
1606 2466 1908 2526 corruptam
1931 2454 1995 2509 ad

424 2558 734 2611 modestiam
761 2553 1019 2610 reducere
1046 2552 1289 2612 voluerit,
1324 2548 1438 2603 hmc
1473 2549 1547 2603 illi
1590 2548 1781 2602 iterum
1812 2560 1997 2601 omnes

421 2647 660 2701 enromia
700 2646 750 2700 in
792 2644 1025 2699 medium
1072 2641 1242 2697 ferent
1274 2660 1286 2695 :
1316 2656 1419 2694 non
1459 2639 1544 2693 hic
1581 2648 1758 2692 autem
1797 2637 1992 2701 solum,

419 2740 513 2793 sed
542 2747 596 2791 et
622 2739 828 2807 quoties
848 2735 914 2790 de
942 2734 1241 2804 virginitate
1263 2732 1351 2785 ﬁat
1380 2745 1555 2785 sermo
1585 2749 1597 2783 :
1622 2738 1676 2784 ct
1703 2729 1778 2782 sic
1808 2742 1997 2781 omnes

422 2829 731 2893 laudabunt,
763 2843 867 2881 non
896 2828 1067 2880 solum
1092 2825 1181 2894 qui
1209 2834 1353 2879 caste
1374 2823 1573 2885 vivunt,
1604 2820 1698 2874 sed
1728 2828 1779 2872 et
1806 2819 1880 2873 illi
1906 2816 1994 2887 qui

419 2924 671 2978 studuere
702 2929 757 2975 et
790 2920 964 2974 omnia
1008 2918 1246 2973 fecerunt
1279 2925 1335 2970 ut
1364 2916 1528 2984 ipsam
1564 2913 1897 2976 obtinerent,
1928 2925 1991 2963 ac

419 3013 609 3068 deinde
637 3011 922 3079 contempti
952 3019 1005 3064 et
1031 3007 1265 3078 despecti
1295 3007 1526 3060 fuerunt.
1558 3005 1727 3073 Atque
1748 3004 1844 3057 ista
1874 3004 1989 3073 qui-

419 3104 539 3157 dem
570 3111 733 3169 tanta,
755 3112 808 3157 et
832 3102 999 3155 multo
1026 3100 1225 3169 majore
1253 3113 1410 3169 quam
1438 3096 1636 3150 dictum
1660 3106 1762 3160 est,
1791 3094 1993 3149 fruetur

418 3196 582 3267 gloria
613 3214 625 3247 :
655 3211 773 3264 qua:
815 3210 942 3247 vero
980 3191 1345 3247 cohabitantes
1394 3190 1576 3255 habet,
1615 3188 1793 3241 omnia
1834 3200 1991 3242 secus

418 3286 635 3355 reperit.
677 3285 743 3339 Et
776 3285 948 3354 primo
982 3283 1192 3353 quidem
1232 3280 1445 3351 quando
1486 3280 1553 3333 ab
1591 3278 1853 3347 aliquibus
1895 3280 1994 3333 im-

419 3377 562 3446 puris
602 3384 878 3431 accusatur
907 3375 1201 3445 virginitas,
1233 3373 1301 3428 de
1341 3373 1578 3442 utrisque
1619 3371 1843 3427 habetur
1882 3388 1994 3427 me-

418 3468 584 3520 moria
614 3468 663 3519 in
697 3466 886 3521 talibus
915 3464 1294 3528 conventibus;
1332 3463 1423 3518 sed
1461 3464 1546 3516 illa
1574 3463 1785 3531 quidem
1822 3463 1992 3532 aperit

417 3574 508 3611 ora
554 3556 959 3616 defensantium,
1011 3556 1107 3608 ista
1157 3563 1331 3608 autem
1373 3554 1756 3607 accusantium.
1800 3552 1987 3607 Postea

416 3647 625 3716 quando
663 3646 854 3716 corrigi
895 3645 1123 3714 aliquam
1154 3655 1207 3699 et
1248 3645 1593 3712 compositam
1626 3643 1774 3697 reddi
1810 3643 1984 3708 decet,

417 3738 531 3791 hac
553 3736 762 3806 quidem
791 3745 847 3788 ut
867 3734 1207 3805 pharmacum
1229 3734 1544 3801 astringens,
1567 3742 1619 3785 et
1646 3731 1784 3801 quod
1812 3742 1989 3801 putre-

415 3827 593 3882 dinem
636 3826 895 3895 repellere
935 3832 1107 3895 potest
1147 3825 1199 3877 in
1226 3822 1460 3877 medium
1487 3821 1726 3886 alfertur,
1755 3831 1809 3876 et
1850 3837 1987 3892 pra:-

413 3921 647 3989 eeptoris
682 3935 745 3973 os
785 3928 939 3973 ornat
969 3936 981 3972 :
1014 3918 1103 3972 illa
1129 3925 1305 3971 autem
1343 3930 1463 3970 cum
1493 3913 1712 3970 confusa
1738 3923 1861 3981 stat,
1905 3926 1986 3968 ta-

414 4011 569 4066 metsi
615 4026 718 4064 non
763 4010 923 4076 adsit,
969 4010 1292 4064 erubescens
1332 4015 1386 4062 et
1428 4006 1722 4077 pudefacta.
1762 4006 1986 4061 Necesse

413 4106 553 4160 enim
579 4114 660 4156 cst
689 4114 742 4157 ut
768 4086 1332 4173 occasione'eujusque
1361 4103 1522 4172 lapsae
1550 4101 1663 4155 huic
1690 4110 1985 4164 accusetur,

412 4204 469 4251 et
509 4196 697 4248 itermn
738 4195 1117 4259 confundatur;
1155 4202 1208 4249 et
1244 4194 1333 4249 ubi
1372 4194 1441 4250 de
1477 4210 1537 4248 re
1567 4194 1665 4249 hac
1692 4209 1869 4249 sermo
1909 4198 1983 4259 tit,

413 4289 546 4341 sicut
570 4288 654 4340 iila
683 4287 858 4355 beata,
887 4287 956 4342 ita
982 4288 1077 4341 ista
1110 4287 1299 4342 misera
1328 4295 1381 4342 ct
1402 4287 1726 4354 calamitosa,
1755 4298 1808 4343 et
1833 4288 1985 4358 quiil-

415 4381 496 4435 vis
539 4383 712 4435 simile
756 4382 1020 4437 audietur.
1060 4382 1127 4437 Et
1164 4384 1299 4438 sicut
1340 4382 1480 4436 illam
1523 4397 1628 4436 non
1676 4383 1765 4452 qui
1808 4384 1986 4438 vident

413 4472 608 4538 Solum,
638 4470 731 4526 sed
759 4481 814 4527 et
841 4473 929 4542 qui
960 4474 1219 4543 ignorant,
1247 4483 1302 4527 et
1329 4472 1472 4526 nullo
1499 4472 1757 4527 beneficio
1786 4472 1981 4541 affecti,

412 4564 683 4619 celebrant
708 4574 757 4619 et
792 4565 1006 4620 laudant
1039 4584 1051 4621 :
1083 4566 1153 4619 ita
1177 4575 1231 4619 et
1260 4566 1396 4619 hanc
1422 4576 1679 4636 quotquot
1704 4567 1786 4621 vel
1812 4568 1983 4622 sciunt

412 4654 494 4708 vel
523 4654 765 4723 ignorant
791 4656 977 4726 ipsam,
1007 4667 1061 4712 et
1086 4657 1173 4727 qui
1203 4657 1333 4711 nihil
1355 4657 1477 4711 mali
1500 4658 1565 4710 ab
1590 4671 1651 4712 ea
1671 4667 1795 4713 sunt
1816 4660 1976 4729 passi,

410 4745 650 4816 afﬂigunt
671 4756 724 4801 et
750 4748 1113 4804 criminantur.
1141 4749 1273 4804 Nam
1303 4750 1335 4803 ii
1362 4749 1448 4820 qui
1477 4758 1620 4803 recte
1645 4749 1845 4813 vivunt,
1874 4764 1981 4804 non

411 4851 442 4889 a
474 4836 611 4889 notis
650 4836 843 4902 solum,
886 4840 979 4893 sed
1012 4851 1066 4894 et
1103 4841 1171 4895 ab
1210 4839 1417 4910 ignotis,
1462 4839 1568 4893 imo
1608 4837 1675 4893 ab
1716 4839 1842 4907 ipsis
1883 4839 1984 4893 iiii-

414 4926 564 4979 micis
592 4926 870 4980 laudantur
897 4938 951 4982 et
988 4928 1321 4985 admirationi
1349 4938 1505 4985 sunt:
1529 4930 1615 4999 qui
1656 4937 1829 4983 autem
1860 4944 1982 4984 cor-

412 5017 551 5086 rupti
590 5026 645 5071 et
689 5017 933 5086 improbi,
967 5028 1022 5073 et
1058 5020 1124 5074 ab
1166 5021 1351 5077 amicis
1390 5020 1706 5092 affliguntur.
1748 5019 1815 5074 Et
1852 5036 1980 5076 vero

409 5113 605 5166 divina:
644 5110 746 5166 hoc
770 5112 1113 5181 providentiae
1140 5129 1275 5183 Opus
1300 5124 1401 5181 est,
1424 5113 1562 5185 quod
1599 5122 1792 5166 tantam
1828 5114 1980 5169 nobis

410 5220 532 5259 eum
590 5204 864 5259 virtutibus
916 5209 1281 5274 cognationem
1311 5248 1327 5273 ,
1381 5217 1435 5263 et
1486 5215 1679 5261 tantam
1728 5205 1976 5260 vitiorum

412 5296 852 5351 abominationem
892 5295 1106 5363 indidit;
1143 5307 1200 5351 ιιι
1239 5298 1325 5353 illa
1354 5299 1563 5369 quidem
1596 5296 1829 5351 omnium
1864 5297 1977 5351 cal-

413 5391 534 5446 culo
558 5389 825 5459 probetur,
861 5398 1022 5444 ettam
1051 5405 1255 5457 eorum,
1291 5392 1381 5462 qui
1416 5392 1555 5446 illam
1600 5404 1701 5444 non
1745 5388 1978 5455 adeunt;

415 5484 614 5538 malitia
677 5495 804 5538 vero
866 5482 1252 5540 condemnetur
1311 5494 1366 5541 et
1432 5485 1501 5540 ab
1558 5482 1622 5539 iis
1682 5481 1771 5552 qui
1837 5482 1980 5536 illam

417 5588 752 5645 aversantur,
793 5583 846 5632 et
887 5575 955 5630 ab
985 5576 1048 5629 iis
1086 5578 1177 5646 qui
1217 5578 1358 5632 illam
1401 5586 1793 5634 consectantur.
1834 5574 1983 5632 Unde

413 5669 638 5737 clarum,
678 5670 818 5743 quod
862 5670 1077 5741 ignavas
1119 5670 1238 5723 illas
1281 5686 1387 5725 non
1429 5672 1539 5726 noti
1577 5672 1769 5738 solum,
1805 5668 1899 5726 sed
1930 5678 1985 5725 et

415 5761 579 5827 ignoti
605 5775 935 5833 aversantur,
965 5773 1020 5820 et
1054 5764 1289 5819 maxime
1319 5766 1555 5820 omnium
1585 5768 1620 5821 ii
1647 5768 1737 5839 qui
1763 5765 1982 5823 cohabi-

415 5862 550 5905 tant.
580 5852 712 5909 Nam
751 5861 850 5913 etsi
880 5874 940 5915 se
975 5857 1153 5914 dicant
1181 5855 1337 5913 valde
1356 5872 1454 5913 vos
1479 5858 1700 5929 diligere
1724 5870 1780 5916 et
1810 5859 1983 5914 admi-

418 5941 546 6005 rari,
588 5944 687 5998 etsi
722 5950 945 6015 gratiam
990 5950 1216 6006 habeant
1245 5964 1340 6021 pro
1376 5950 1475 6005 hac
1504 5952 1772 6020 voluptate
1807 5962 1862 6007 et
1887 5965 1984 6022 pro

418 6033 572 6091 donis
598 6037 805 6108 vestris,
836 6048 1070 6101 attamen
1097 6042 1221 6102 odio
1249 6043 1439 6101 iterum
1468 6043 1615 6100 eritis
1638 6045 1980 6101 conscientiis

958 613 1141 681 QUOD
1180 608 1587 663 RICCULXRi-ZS
1626 603 1906 661 ΓΕΜιΝᾸΞ
1950 602 2126 656 ViRIS
2161 601 2597 657 COIIABITARE
2636 603 2731 659 ΝΟ

1373 608 1587 662 ιΑΙιῑ-ῖό
1626 603 1906 661 ΓΕΜιΝᾸΞ
1950 602 2126 656 ViRIS
2161 601 2597 657 COllABiTMiE
2636 602 2770 659 NON
2814 603 3146 659 DEBEANT.

3578 607 3681 665 59.τῖ

2103 734 2308 782 eorum,
2350 719 2434 772 tibi
2466 734 2646 787 parum
2684 720 3022 789 rcsipneriut,
3060 733 3112 773 et
3160 720 3531 787 intrllexuint,
3571 740 3676 793 quo

2102 810 2290 881 laqueo
2330 811 2525 866 fuerint
2562 811 2722 880 capti.
2750 810 2973 863 Tantum
3004 824 3084 865 est
3114 815 3344 882 nequitia
3378 814 3592 876 maium,
3622 826 3675 868 ut

2102 900 2157 963 ii,
2213 917 2345 970 quos
2388 901 2617 954 maxime
2668 901 2905 955 omnium
2955 902 3148 965 colitis,
3199 918 3291 955 vos
3345 905 3676 971 ιιιιιξςείιιιιιιιι

2100 992 2499 1046 condemnaturi
2521 992 2647 1058 sint,
2666 994 2914 1061 quoniam
2932 1002 2985 1045 et
3003 992 3227 1046 maxime
3249 996 3481 1046 omnium
3502 1006 3676 1047 vestra

2101 1083 2273 1137 sciunt
2299 1084 2349 1136 iu
2380 1083 2705 1152 penitissima
2731 1085 2968 1150 admiSsi,
2994 1094 3049 1138 et
3073 1094 3273 1138 secreta
3302 1097 3471 1139 vestra
3498 1089 3674 1140 omnia

2101 1171 2393 1227 dilIamant.
2445 1172 2513 1227 Et
2557 1174 2697 1241 quod
2744 1174 2955 1228 oderint
3000 1176 3122 1228 hinc
3165 1176 3498 1229 manifestum
3537 1190 3618 1231 est
3661 1197 3675 1232 :

2102 1264 2295 1330 smpius
2325 1265 2608 1318 voluerunt
2646 1263 2713 1317 ab
2740 1263 2838 1317 hac
2878 1266 3055 1319 scabie
3081 1277 3134 1319 et
3174 1267 3276 1319 hoc
3312 1267 3503 1322 morbo
3530 1272 3676 1336 gravi

2102 1351 2335 1418 liberari,
2364 1354 2584 1423 impedit
2617 1369 2744 1407 vero
2778 1357 3125 1421 consuetudo,
3164 1366 3219 1411 et
3248 1358 3490 1428 voluptas
3528 1375 3676 1426 quze-

2101 1442 2220 1496 dam
2250 1460 2366 1513 quae
2398 1448 2570 1500 inesse
2602 1445 2838 1510 videtur;
2866 1448 3295 1516 quandoquidem
3333 1461 3386 1504 ct
3427 1452 3512 1505 illa
3545 1452 3677 1504 libo.

2100 1539 2205 1589 rari
2230 1537 2540 1605 aegritudine
2560 1547 2745 1608 optant
2768 1540 3004 1608 quidem,
3028 1556 3252 1609 eamque
3271 1557 3458 1597 omnes
3478 1544 3567 1613 qui
3593 1544 3624 1596 il
3649 1562 3678 1598 ει

2100 1626 2342 1681 laborant
2366 1630 2612 1694 oderunt;
2643 1640 2697 1683 at
2721 1630 3056 1683 delectantur
3082 1640 3257 1684 tamen
3285 1632 3409 1685 dum
3440 1650 3500 1686 ea
3528 1635 3677 1687 Ialm—

2101 1726 2240 1779 rant,
2282 1727 2338 1771 ut
2367 1719 2418 1772 in
2462 1720 2563 1772 hoc
2596 1736 2723 1773 casn
2757 1722 3037 1791 contingit.
3070 1721 3202 1780 Nam
3233 1724 3357 1775 licet
3383 1725 3501 1793 quis
3528 1726 3681 1780 valde

2104 1810 2268 1863 miser
2292 1821 2345 1864 et
2370 1811 2709 1865 calamitosus
2745 1814 2832 1876 sit,
2862 1832 2965 1866 non
3006 1826 3084 1868 est
3118 1825 3291 1869 tamen
3324 1817 3395 1870 ita
3425 1817 3679 1885 despera-

2104 1909 2207 1963 tus,
2240 1916 2335 1955 nec
2368 1902 2434 1953 ita
2463 1917 2613 1955 suam
2639 1903 2786 1971 cupit
2814 1904 3073 1973 inquinari
3101 1908 3318 1972 gloriam
3337 1949 3351 1971 ,
3385 1917 3440 1961 ut
3471 1911 3588 1962 velit
3623 1912 3676 1962 in

2103 1991 2427 2062 turpitudine
2453 1997 2651 2060 vivere,
2683 2004 2737 2049 et
2774 1996 2827 2050 in
2866 2012 2962 2051 ore
2988 1999 3227 2051 omnium
3258 2001 3480 2062 versari,
3512 2004 3678 2055 maio-

2098 2081 2255 2137 dictis
2282 2083 2498 2150 incessi,
2518 2085 2701 2149 rideri,
2736 2087 3038 2155 cpprobriis
3064 2090 3297 2152 onerari,
3322 2100 3377 2143 et
3403 2102 3681 2159 spectacu-

2098 2174 2207 2228 lum
2236 2189 2354 2229 esse
2384 2176 2436 2229 in
2466 2176 2584 2230 foro
2610 2193 2915 2242 commune,
2944 2181 3292 2249 omniumque
3323 2182 3503 2250 digitis
3532 2198 3682 2236 mnu—

2098 2268 2257 2321 strari
2315 2283 2410 2336 per
2464 2269 2828 2338 ignominiam.
2884 2271 3172 2326 Enimvero
3223 2289 3329 2327 non
3385 2290 3545 2343 parva
3600 2277 3683 2330 liis

2100 2358 2386 2413 insuavitas
2440 2360 2510 2414 ab
2562 2362 2865 2429 hujusmodi
2914 2364 3217 2432 suspicione
3262 2367 3513 2432 nascitur,
3563 2384 3682 2436 qua:

2099 2453 2475 2507 conscientiam
2514 2455 2725 2510 assidue
2753 2455 3007 2524 exagitat,
3044 2465 3099 2511 et
3137 2457 3281 2511 omni
3308 2474 3492 2514 verme
3529 2470 3680 2514 tena-

2099 2538 2215 2594 cius
2262 2552 2493 2597 mentem
2539 2544 2681 2598 intus
2730 2544 3058 2614 depascitur.
3106 2546 3163 2601 Si
3209 2557 3385 2603 autem
3431 2550 3518 2604 ubi
3569 2550 3683 2605 haec

2099 2632 2237 2701 apud
2260 2634 2499 2689 [nomines
2526 2638 2764 2705 sequitur
2794 2636 3028 2702 infamia,
3054 2640 3176 2693 licet
3199 2640 3329 2693 nihil
3357 2641 3526 2709 palam
3559 2659 3681 2711 prn-

2100 2722 2292 2791 ferant,
2323 2723 2415 2778 sed
2445 2724 2581 2777 intra
2612 2741 2671 2779 se
2712 2728 2880 2780 solum
2921 2727 3253 2796 improbent,
3291 2740 3467 2786 tantus
3509 2736 3683 2788 oritur

2099 2814 2255 2868 dolor
2288 2832 2301 2868 :
2330 2830 2450 2869 cum
2480 2814 2546 2869 ad
2586 2816 2773 2885 injuria
2800 2817 3046 2871 aﬂ'ectum
3086 2834 3339 2887 sponsum
3375 2824 3668 2889 proﬁcisce-

2096 2920 2238 2970 mur,
2265 2920 2386 2959 cum
2408 2906 2614 2959 occulta
2648 2908 2697 2959 in
2728 2908 2959 2961 medium
2991 2908 3342 2975 adducentur,
3375 2913 3586 2981 quando
3617 2925 3671 2967 et

2094 2997 2255 3051 corda
2282 2998 2677 3064 revelabuntur,
2710 3008 2762 3054 et
2792 3015 2990 3063 sermo,
3018 3012 3072 3055 et
3111 3003 3299 3071 ligura,
3328 3012 3386 3057 et
3420 3004 3591 3068 visus,
3624 3017 3677 3060 et

2093 3088 2350 3158 cogitatio
2388 3088 2630 3159 (transeo
2673 3092 2817 3144 enim
2864 3108 2983 3160 qua:
3014 3091 3098 3146 his
3129 3093 3385 3164 turpiora)
3417 3112 3431 3149 :
3466 3097 3677 3165 quando

2096 3181 2255 3251 igitur
2282 3182 2461 3236 omnia
2481 3183 2793 3252 simpliciter
2819 3185 2872 3237 in
2895 3185 3025 3239 orbe
3053 3194 3165 3238 toto
3188 3186 3323 3239 nuda
3346 3189 3677 3256 apparebunt

2095 3281 2151 3327 et
2175 3282 2377 3342 aperta,
2401 3283 2650 3343 quantam
2673 3276 3050 3330 sustinebimus
3078 3276 3444 3345 ignominiam,
3475 3290 3527 3333 et
3547 3296 3676 3347 sup-

2093 3362 2330 3433 plicium,
2370 3374 2426 3417 et
2463 3364 2787 3418 vindictam?
2820 3366 2972 3420 Tunc
3009 3368 3151 3419 enim
3194 3367 3237 3419 si
3275 3383 3378 3421 non
3423 3385 3483 3423 se
3521 3370 3674 3425 sistat

2092 3451 2295 3523 fulgens
2320 3454 2600 3509 virtutibus
2621 3457 2819 3519 anima,
2844 3466 2901 3510 ut
2925 3456 3080 3511 decet
3110 3457 3411 3526 hujusmodi
3434 3460 3669 3529 junctam

2091 3557 2306 3612 sponso;
2330 3545 2374 3599 si
2398 3561 2501 3599 non
2532 3547 2675 3599 omni
2699 3548 2834 3608 labe,
2863 3550 3062 3602 macula
3078 3561 3271 3620 etrnga
3296 3552 3364 3605 sit
3387 3570 3532 3621 pura,
3554 3571 3671 3623 per-

2092 3637 2187 3690 ibit
2226 3645 2281 3691 et
2327 3649 2563 3693 extrema
2606 3639 2759 3693 feret.
2819 3642 2967 3708 Quod
3009 3644 3051 3695 si
3097 3645 3426 3712 quantalibet
3467 3652 3669 3702 macula

2092 3728 2287 3797 ejicere
2329 3730 2469 3783 illam
2516 3740 2708 3801 potest,
2741 3733 2953 3801 quando
2983 3735 3159 3788 multa:
3204 3736 3391 3791 sordes
3428 3748 3574 3805 sunt,
3618 3750 3669 3793 rt

2092 3830 2269 3877 tantus
2308 3822 2487 3888 fmtor,
2536 3833 2589 3878 et
2631 3824 2858 3893 plurima
2906 3825 3102 3896 ubique
3151 3828 3347 3891 ulcera,
3390 3831 3511 3898 quis
3551 3848 3667 3886 eam

2088 3922 2238 3967 eruet
2257 3928 2288 3968 e
2312 3914 2573 3984 supplicio
2599 3926 2653 3970 et
2673 3917 2757 3971 illa
2786 3918 2978 3986 parua?
2999 3918 3129 3972 Nam
3152 3921 3194 3973 si
3218 3920 3303 3975 hic
3325 3922 3395 3975 ita
3420 3922 3668 3993 despecta

2090 4012 2143 4059 et
2172 4005 2402 4060 insuavis
2427 4007 2541 4075 ejus
2563 4016 2645 4062 est
2670 4009 2794 4073 vita,
2824 4018 2883 4063 ut
2902 4026 3090 4065 omnes
3116 4027 3232 4066 eam
3255 4026 3587 4081 aversentur,
3615 4027 3669 4070 et

2089 4100 2243 4154 amici
2273 4107 2328 4154 et
2352 4100 2573 4166 inimici,
2604 4102 2873 4172 quomodo
2905 4103 3098 4171 poterit
3126 4104 3191 4157 ad
3223 4105 3367 4175 regia
3396 4114 3665 4159 transcen-

2090 4190 2217 4245 dere
2244 4193 2522 4258 vestihnla,
2563 4203 2708 4247 tanta
2739 4193 2831 4248 luti
2866 4194 3105 4250 foeditate
3134 4196 3333 4250 oblita?
3360 4198 3472 4252 Non
3516 4200 3665 4255 vides

2090 4282 2231 4351 qttod
2271 4283 2323 4336 in
2362 4283 2523 4337 domo
2554 4285 2650 4338 viri
2689 4287 2877 4354 privati
2923 4298 2977 4341 et
3007 4288 3126 4341 vilis
3169 4304 3327 4343 nemo
3355 4290 3517 4346 ferret
3543 4308 3665 4362 por-

2088 4388 2205 4426 cum
2233 4373 2343 4426 luto
2371 4373 2661 4428 volutatum
2703 4376 2842 4429 intus
2872 4376 3099 4443 admitti,
3133 4378 3227 4432 sed
3271 4380 3415 4434 illum
3446 4382 3667 4451 abigunt

2086 4473 2142 4518 et
2167 4474 2552 4534 persequuntur
2575 4481 2781 4532 omnes,
2810 4477 2859 4522 et
2881 4468 3072 4537 januas
3098 4469 3374 4537 claudunt,
3404 4481 3457 4526 et
3482 4473 3666 4543 fugant

2088 4558 2305 4627 procul?
2333 4558 2389 4614 Si
2416 4569 2593 4614 autem
2622 4559 2834 4615 brutum
2868 4562 3097 4625 animal,
3128 4564 3181 4617 in
3214 4564 3328 4619 luto
3356 4566 3661 4632 educatum,

2086 4666 2191 4705 non
2238 4650 2415 4707 ferunt
2464 4652 2705 4708 homines
2748 4654 2886 4708 intus
2924 4657 3098 4726 excipi
3141 4672 3261 4711 cum
3303 4657 3391 4711 tali
3431 4661 3659 4726 macula,

2087 4744 2356 4813 quomodo
2385 4745 2436 4798 in
2464 4744 2694 4799 cmlestia
2718 4746 3084 4812 tabernacula,
3114 4748 3202 4802 ubi
3242 4757 3386 4802 tanta
3426 4750 3658 4816 claritas,

2088 4837 2175 4892 ubi
2226 4839 2401 4891 omnia
2448 4837 2662 4907 fulgida,
2708 4838 2792 4891 ubi
2844 4838 2931 4892 lux
2986 4840 3280 4907 inaccessa,
3324 4841 3413 4897 ubi
3459 4843 3661 4914 fulgure

2088 4932 2231 4986 omni
2262 4931 2564 5001 fulgidinres
2593 4940 2876 4985 occurrent
2903 4932 3156 5003 virgines,
3200 4935 3395 5004 poterit
3428 4936 3547 5005 quis
3583 4938 3660 4992 sic

2085 5023 2452 5093 eoinquinatns
2495 5021 2732 5092 ingredi?
2759 5024 2889 5089 Qua:
2929 5039 3035 5079 non
3078 5023 3345 5079 habebant
3382 5027 3582 5092 oleum,
3627 5043 3655 5081 a

2087 5114 2321 5169 thalamo
2346 5113 2574 5168 exclusa:
2605 5122 2749 5179 sunt,
2776 5123 2832 5169 et
2857 5114 3125 5185 quomodo
3150 5130 3243 5169 vos
3275 5116 3431 5187 adyta
3462 5117 3548 5171 illa
3582 5118 3661 5171 in-

2086 5207 2231 5274 gredi
2288 5206 2649 5275 exspectatis?
2697 5207 2903 5261 Etenim
2953 5208 3117 5263 multo
3163 5207 3264 5262 hoc
3308 5210 3399 5264 illo
3446 5212 3662 5281 gravius

2088 5308 2359 5371 peccatum
2389 5308 2491 5355 est.
2531 5299 2643 5353 Non
2672 5301 2814 5353 enim
2842 5310 2924 5354 est
2954 5316 3068 5369 par,
3107 5303 3440 5370 corporalem
3481 5304 3658 5357 cilium

2088 5409 2194 5447 non
2226 5393 2515 5461 impertire,
2539 5403 2589 5446 et
2612 5392 2800 5445 multas
2826 5391 3048 5461 perdere
3068 5392 3290 5449 animas.
3321 5393 3428 5447 Illic
3447 5396 3661 5464 quidem

2091 5502 2347 5557 pauperes
2388 5486 2529 5540 nulla
2561 5487 2611 5540 in
2643 5503 2699 5541 re
2728 5486 3017 5541 affecerant
3053 5488 3265 5557 injuria,
3296 5488 3388 5543 sed
3419 5489 3539 5558 quia
3569 5505 3662 5542 sua

2092 5581 2197 5635 illis
2220 5596 2323 5634 non
2355 5580 2636 5648 impartitze
2666 5589 2809 5647 sunt,
2837 5596 3009 5653 neque
3046 5598 3231 5638 eorum
3262 5584 3491 5647 impiam
3520 5582 3663 5637 leva-

2086 5679 2296 5737 verunt,
2339 5670 2453 5725 htrc
2491 5686 2661 5741 passa:
2700 5681 2821 5727 sunt
2852 5690 2865 5725 :
2896 5682 2949 5727 tu
2985 5684 3163 5728 autem
3202 5673 3389 5741 injuria
3416 5671 3661 5727 at'fecisti.

2088 5774 2143 5818 et
2162 5763 2430 5833 expulisti.
2446 5772 2501 5817 et
2524 5778 2628 5818 non
2646 5764 2815 5819 solum
2840 5780 2943 5819 non
2968 5764 3230 5835 profuisti,
3253 5764 3346 5820 sed
3367 5774 3420 5819 et
3436 5764 3665 5819 maxime

2088 5856 2338 5910 nocuisti.
2364 5854 2515 5921 Quod
2539 5854 2583 5908 si
2609 5871 2726 5925 qua:
2752 5856 2886 5911 nihil
2914 5855 3242 5927 profuerunt,
3274 5865 3474 5909 tantam
3502 5854 3667 5910 dede-

2089 5958 2214 6003 runt
2237 5962 2471 6019 pinnam,
2494 5950 2792 6019 praesertim
2820 5949 3119 6019 virginitate
3139 5948 3344 6003 sincera
3375 5956 3661 6001 manente:

2090 6057 2209 6115 qua:
2252 6057 2357 6098 non
2400 6042 2572 6098 solum
2614 6042 2824 6098 inutiles
2864 6041 3001 6111 aliis,
3033 6038 3126 6098 sed
3163 6049 3217 6097 et
3264 6040 3547 6110 plurimum
3593 6039 3660 6091 si-
