4490 6752
849 524 949 577 5η

851 640 1035 706 biipsis
1066 646 1377 698 nocuerunt,
1401 650 1608 689 necnon
1636 637 2108 689 contubernalibus
2127 647 2179 688 et
2208 639 2293 700 iis,
2324 638 2415 705 qui

848 728 1183 784 mandalizati
1211 736 1353 788 sunt,
1377 737 1430 780 et
1460 744 1570 797 pne
1600 730 1846 781 (minibus
1876 744 2065 781 nomen
2092 732 2270 794 spoi.si
2295 744 2421 781 con-

849 830 1059 874 tumctta
1096 818 1413 883 aﬂ'eceruut,
1452 818 1662 887 qual'em
1710 821 2047 871 sustinebunt
2092 820 2421 872 cruciatum?

849 914 929 963 Au
970 910 1186 963 nescitis
1215 912 1427 979 qualem
1462 926 1572 963 rem
1603 926 1886 976 agngSszc,
1922 911 1971 962 iu
2002 927 2159 978 quem
2197 928 2419 981 agonem

847 1004 1120 1055 instructa:
1154 1006 1319 1054 estis?
1353 1019 1508 1071 qualn
1548 1003 1712 1069 pur-lii
1752 1014 1957 1071 partem
1992 1007 2229 1057 sortite?
2273 1007 2419 1074 Apud

847 1096 1023 1162 ipsum
1052 1094 1175 1148 belli
1198 1095 1405 1153 ducem,
1434 1094 1539 1145 imo
1564 1093 1703 1160 apud
1728 1096 1899 1161 ipsum
1928 1095 2178 1149 habitatis
2205 1113 2418 1163 regem,

848 1194 901 1237 et
944 1185 1200 1236 militatis.
1240 1182 1392 1235 SlCUt
1429 1183 1588 1249 igitur
1624 1186 1674 1236 in
1718 1184 1870 1237 bellis
1910 1201 2013 1238 non
2048 1202 2208 1238 unum
2252 1188 2421 1240 locum

848 1276 1109 1328 exercitus
1135 1276 1308 1327 omnis
1337 1284 1578 1341 occupat,
1604 1276 1695 1327 sed
1719 1278 1808 1329 alii
1835 1291 2033 1329 cornua
2056 1280 2301 1346 agminis,
2331 1280 2421 1332 alii

849 1365 1102 1429 medium,
1124 1364 1213 1416 alii
1238 1374 1529 1432 postrema,
1545 1366 1634 1417 alii
1660 1364 1889 1419 frontem
1913 1368 2185 1435 phalangis
2206 1379 2418 1431 ornant,

846 1456 934 1507 alii
958 1463 1135 1508 autem
1163 1456 1251 1509 ubi
1271 1472 1362 1508 rex
1378 1464 1653 1524 comparet
1671 1456 1862 1523 ubique
1887 1472 2005 1509 cum
2035 1458 2148 1524 ipso
2165 1470 2423 1527 apparent

847 1563 911 1601 ac
938 1562 1061 1600 cum
1090 1547 1208 1615 ipso
1235 1558 1455 1601 currunt
1487 1563 1500 1597 :
1533 1547 1610 1599 sic
1652 1562 1861 1615 quoque
1902 1549 2163 1615 virginum
2204 1552 2419 1614 chorus,

848 1640 892 1692 si
924 1654 1047 1693 vere
1076 1639 1332 1707 virginum
1362 1640 1559 1692 chorus
1590 1640 1680 1701 sit,
1711 1640 1915 1693 nullum
1946 1642 2129 1699 alium.
2161 1644 2258 1694 uisi
2285 1644 2424 1696 hunc

847 1730 1088 1783 ordinem
1114 1732 1336 1783 sortitus
1366 1738 1467 1783 est.
1509 1729 1625 1784 Non
1663 1732 1740 1784 sic
1768 1732 1804 1785 ii
1838 1735 1926 1801 qui
1957 1749 2144 1787 aureas
2172 1745 2319 1803 togas
2344 1735 2424 1787 in-

846 1820 977 1883 duti,
1006 1830 1059 1873 et
1079 1822 1230 1889 equis
1250 1836 1383 1875 auro
1405 1824 1608 1875 ornatis
1635 1825 1792 1886 vecti,
1822 1835 1875 1878 et
1906 1842 2065 1877 aurea
2094 1829 2423 1894 gemmisque

846 1912 1091 1967 distincta
1128 1914 1357 1967 ferentes
1392 1925 1564 1979 scuta,
1603 1918 1742 1983 regis
1773 1920 2109 1981 pra-sentiam
2148 1918 2421 1971 declarare

844 2005 1060 2069 debent,
1086 2015 1144 2058 ut
1171 2007 1317 2073 virgo
1340 2005 1557 2058 Christi.
1580 2006 1711 2058 Nam
1742 2008 1811 2059 illi
1839 2008 2053 2075 quidem
2080 2011 2218 2076 apud
2249 2011 2418 2077 ipsum

844 2111 1057 2148 currum
1087 2097 1287 2164 regium
1311 2108 1621 2162 versantur;
1650 2098 1796 2167 virgo
1817 2110 1992 2153 autem
2016 2102 2189 2169 regius
2209 2118 2420 2170 quoque

844 2201 1033 2239 currus
1060 2188 1138 2253 lit,
1161 2188 1299 2241 sicut
1326 2187 1632 2253 Cberubim,
1660 2190 1703 2241 si
1733 2190 1860 2253 vult,
1888 2200 1943 2244 et
1961 2191 2134 2244 adstat
2160 2193 2255 2261 ipsi
2284 2194 2422 2246 sicut

843 2277 1146 2346 Seraphim.

915 2369 968 2421 7.
1000 2366 1142 2421 Vera:
1154 2369 1358 2437 virginis
1379 2370 1797 2440 morem—Igitur
1808 2387 1926 2425 eum
1946 2374 1996 2425 in
2015 2374 2283 2442 publicum
2302 2391 2423 2443 pro-

842 2459 939 2523 dit,
971 2469 1178 2527 oportet
1215 2462 1389 2513 omnis
1420 2462 1766 2531 phil050phi:e
1808 2467 2078 2532 specimen
2114 2483 2222 2536 pne
2258 2485 2317 2524 se
2342 2468 2422 2524 fe-

846 2562 947 2614 rat,
972 2560 1025 2603 et
1046 2565 1233 2604 omnes
1254 2552 1305 2603 in
1336 2562 1608 2619 stuporem
1629 2564 1930 2619 convertat,
1954 2558 2090 2611 sicut
2119 2560 2337 2619 angelus
2374 2561 2420 2615 si

843 2658 982 2696 nunc
1009 2658 1040 2696 e
1075 2643 1207 2697 cado
1233 2642 1582 2699 descenderet
1606 2685 1623 2711 ,
1649 2657 1701 2699 et
1728 2647 1863 2699 sicut
1900 2663 1965 2700 ex
2002 2647 2274 2702 cherubim
2319 2651 2415 2702 ali-

839 2738 956 2804 quis
992 2736 1037 2788 si
1083 2738 1135 2789 in
1177 2736 1337 2790 terris
1381 2748 1696 2805 appareret,
1742 2754 1929 2792 omnes
1978 2739 2218 2794 homines
2265 2742 2315 2793 in
2361 2756 2419 2795 se

843 2834 1182 2880 converteret
1203 2842 1217 2877 :
1237 2827 1314 2879 sic
1340 2836 1394 2879 et
1418 2828 1671 2896 virginem
1700 2842 1886 2883 omnes
1907 2830 1994 2898 qui
2024 2830 2225 2895 vident,
2253 2830 2419 2884 addu-

842 2930 966 2969 cere
991 2916 1043 2968 in
1072 2914 1477 2969 admirationem
1503 2926 1556 2970 et
1603 2927 1873 2986 stuporem
1920 2934 2030 2973 sua:
2056 2922 2417 2975 sanctimoniae

842 3018 1077 3075 Oportet.
1096 3006 1229 3061 Nam
1256 3008 1299 3061 si
1314 3007 1439 3060 dum
1462 3010 1677 3072 incedit,
1698 3012 1847 3078 quasi
1872 3026 1965 3079 per
1997 3020 2265 3066 desertum
2292 3026 2415 3079 eat;

842 3098 1057 3167 quando
1085 3110 1261 3152 autem
1290 3099 1443 3154 sedet
1470 3101 1523 3153 in
1553 3102 1778 3156 ecclesia
1797 3143 1813 3167 ,
1840 3105 2251 3171 profundissimo
2288 3122 2409 3160 cum

845 3189 1091 3253 silentio;
1135 3190 1321 3243 oculus
1350 3192 1467 3257 ejus
1505 3191 1707 3244 nullum
1739 3193 1913 3247 videat
1945 3198 2374 3261 praetereuntium
2400 3239 2415 3261 ,

844 3295 948 3331 non
968 3279 1247 3332 mulierum
1269 3321 1283 3343 ,
1311 3296 1414 3333 non
1442 3280 1673 3334 virorum
1698 3322 1714 3347 ,
1743 3284 1835 3337 sed
1877 3286 2048 3338 solum
2078 3302 2332 3355 sponsum
2362 3300 2419 3341 ut

841 3380 1158 3439 praesentem
1184 3380 1236 3424 et
1265 3373 1607 3440 conspicuum
1642 3393 1655 3427 :
1682 3376 1979 3430 concedens
2016 3390 2189 3431 autem
2224 3379 2413 3433 iterum

838 3460 890 3512 in
920 3460 1163 3525 domum,
1189 3461 1239 3515 ei
1262 3462 1313 3514 in
1342 3464 1583 3530 precibus
1607 3465 1848 3532 loquatur
1865 3506 1881 3531 ,
1909 3477 1961 3520 et
1985 3467 2099 3535 ejus
2123 3470 2284 3522 solius
2309 3485 2412 3522 vo-

842 3566 958 3605 cem
1006 3567 1102 3621 per
1145 3552 1447 3621 Scripturas
1490 3555 1712 3608 audiat:
1744 3557 1884 3611 domi
1924 3574 2050 3613 vero
2097 3576 2215 3613 eum
2257 3578 2414 3629 quem

842 3640 1110 3695 desiderat
1130 3652 1184 3696 et
1209 3653 1354 3697 amat
1376 3682 1391 3706 ,
1422 3645 1591 3699 solum
1620 3647 1811 3716 cogitet
1835 3688 1850 3711 ,
1868 3651 1941 3704 sit
1967 3652 2115 3719 quasi
2141 3654 2414 3721 peregrina

842 3742 895 3784 et
924 3731 1156 3798 advena,
1186 3736 1467 3804 omniaque
1492 3736 1647 3789 faciat
1671 3740 1820 3807 quasi
1854 3755 1938 3793 res
1967 3754 2255 3806 prmsentes
2285 3746 2414 3797 nihil

836 3822 904 3877 ad
931 3838 1047 3877 eam
1087 3825 1411 3893 pertineant;
1438 3835 1491 3880 et
1516 3844 1622 3881 non
1651 3830 1820 3882 solum
1864 3833 2217 3886 masculorum
2249 3834 2415 3903 fugiat

839 3924 1083 3982 aspectus
1103 3955 1120 3981 ,
1146 3914 1238 3969 sed
1282 3925 1338 3970 et
1374 3931 1695 3974 conventum
1726 3923 2060 3977 saecularium
2087 3926 2367 3980 mulierum
2395 3968 2410 3992 ,

841 4014 1089 4072 tantaque
1115 4009 1325 4075 corpori
1373 4011 1701 4079 suppeditet,
1742 4028 1937 4083 quanta
1967 4031 2185 4072 necesse
2210 4028 2291 4071 est
2312 4060 2326 4083 ,
2358 4029 2412 4073 et

846 4099 1091 4151 universa
1123 4098 1174 4151 in
1214 4101 1405 4154 anima:
1432 4103 1656 4157 salutem
1688 4104 1956 4171 impendat
1986 4125 1998 4159 :
2029 4109 2147 4177 quis
2179 4126 2282 4162 non
2316 4111 2411 4164 ad-

837 4189 1091 4255 miretur,
1125 4190 1240 4257 quis
1276 4206 1380 4243 non
1423 4192 1795 4263 Obstupescat,
1848 4197 1897 4249 in
1949 4199 2188 4252 muliebri
2221 4211 2403 4254 natura

835 4283 996 4336 vitam
1027 4283 1313 4353 angelicam
1337 4284 1583 4340 intuens?
1602 4289 1719 4356 quis
1747 4300 1921 4342 autem
1951 4290 2110 4344 homo
2130 4294 2405 4358 accedere,

836 4374 956 4443 quis
977 4383 1192 4443 tangere
1221 4376 1413 4429 audeat
1440 4386 1546 4429 tam
1573 4377 1880 4445 ﬂagrantem
1916 4385 2181 4436 animam?
2210 4385 2409 4452 Eapm—

837 4475 954 4531 pter
983 4480 1168 4519 omnes
1194 4466 1404 4535 quidem
1426 4467 1493 4520 ab
1524 4483 1585 4521 ea
1628 4469 1963 4524 ahstinebunt
1988 4514 2002 4537 ,
2033 4484 2085 4526 et
2130 4484 2322 4544 sponte
2353 4487 2407 4530 et

839 4555 1024 4619 inviti;
1067 4571 1252 4611 omnes
1296 4558 1422 4611 item
1455 4558 1507 4612 in
1555 4568 1823 4628 stuporem
1871 4572 2177 4628 vertentur,
2227 4577 2409 4634 utpote

841 4662 1024 4698 aurutn
1048 4646 1253 4715 fulgens
1278 4658 1330 4702 et
1350 4650 1569 4719 ignitum
1590 4650 1845 4706 videntes.
1864 4652 1990 4705 Nam
2010 4664 2062 4708 et
2082 4657 2193 4708 auri
2217 4667 2405 4711 natura

836 4734 993 4789 habet
1018 4752 1112 4805 per
1130 4752 1187 4791 se
1211 4740 1430 4793 multum
1453 4740 1693 4810 fulgoris;
1718 4758 1835 4796 cum
1858 4756 2032 4799 autem
2066 4759 2120 4801 et
2142 4748 2313 4816 ignem
2355 4750 2404 4802 in

833 4839 893 4878 se
933 4835 1107 4892 tenet,
1136 4829 1321 4896 majori
1354 4832 1609 4886 miraculo
1636 4844 1718 4888 est
1743 4845 1794 4889 et
1822 4838 2124 4891 terribilior.
2162 4838 2312 4907 Quod
2359 4839 2405 4893 si

836 4913 935 4969 hoc
966 4916 1016 4968 in
1045 4932 1287 4985 corpore,
1318 4922 1529 4989 quando
1557 4924 1693 4978 idem
1723 4926 1773 4979 in
1801 4929 1972 4981 anima
2004 4931 2263 5000 contingit
2304 4946 2403 4984 au-

835 5021 945 5073 rea,
978 5023 1083 5063 non
1116 5020 1239 5065 tunc
1265 5011 1568 5069 hominibus
1596 5017 1765 5069 solum
1784 5059 1796 5078 ,
1828 5021 1920 5073 sed
1950 5032 2003 5075 et
2030 5023 2235 5091 angelis
2261 5021 2402 5077 desi-

835 5095 1067 5153 derabile
1114 5105 1216 5155 erit
1247 5102 1345 5157 hoc
1393 5108 1771 5173 spectaculum.
1801 5110 1972 5175 Quare
1998 5128 2124 5184 ergo
2166 5117 2399 5169 vestibus

834 5188 1053 5255 teipsam
1081 5208 1241 5245 ornas
1260 5234 1275 5259 ,
1304 5210 1421 5262 qua:
1451 5198 1517 5249 ab
1546 5198 1639 5251 hac
1659 5199 1868 5254 ﬂamma
1904 5212 2102 5257 tantum
2126 5206 2286 5260 habes
2306 5224 2396 5261 or-

832 5280 1053 5333 natum?
1078 5280 1284 5336 Etenim
1312 5297 1486 5340 vestes
1515 5304 1618 5341 non
1641 5299 1764 5344 sunt
1791 5292 1926 5346 data:
1952 5304 2007 5348 ut
2027 5296 2102 5348 eis
2124 5314 2394 5364 ornemur,

824 5367 918 5421 sed
943 5378 997 5422 ut
1019 5374 1269 5430 nuditatis
1294 5375 1584 5433 fteditatem
1611 5383 1934 5438 occoltemus
1955 5429 1969 5451 ,
2001 5404 2102 5439 non
2134 5399 2187 5441 ut
2208 5391 2396 5445 talibus

825 5460 1125 5528 induamur,
1144 5483 1261 5535 qum
1290 5485 1385 5523 nos
1416 5473 1599 5541 majori
1626 5477 1956 5543 turpitudini,
1979 5495 2134 5548 quam
2164 5484 2274 5551 ipsa
2295 5501 2394 5536 nu-

822 5552 956 5607 ditas
977 5596 992 5622 ,
1022 5573 1291 5627 exponam.
1346 5562 1543 5619 Idcirco
1570 5576 1620 5619 et
1648 5567 1813 5622 Adam
1844 5571 2012 5625 induit
2059 5574 2193 5627 Deus
2219 5586 2393 5630 vestes

820 5646 1067 5713 pelliccas
1091 5648 1240 5719 (Gen.
1266 5654 1315 5707 5.
1336 5654 1427 5721 il)
1447 5698 1460 5719 ,
1486 5657 1727 5714 similiter
1748 5671 1800 5715 et
1816 5662 1929 5730 ejus
1948 5680 2163 5717 uxorem
2181 5682 2195 5731 ;
2215 5682 2393 5735 quam-

822 5740 896 5791 vis
939 5741 981 5794 si
1013 5744 1299 5811 voluisset,
1335 5748 1567 5817 pulchris
1604 5768 1721 5806 eum
1755 5757 2011 5823 potuisset
2050 5758 2269 5815 induere
2303 5777 2394 5814 ve-

822 5831 1016 5896 stibus;
1067 5837 1158 5889 sed
1206 5840 1358 5893 nobis
1398 5843 1686 5908 antiquitus
1725 5855 1779 5900 et
1823 5863 1914 5914 per
1960 5848 2076 5903 illas
2122 5852 2387 5917 ostendit,

808 5924 950 5979 amid
975 5942 1079 5983 non
1104 5932 1169 5983 sit
1195 5948 1426 6000 pt‘atsens
1452 5945 1655 6006 tempus
1677 5938 1983 5997 deliciarum
2009 5984 2024 5998 .
2048 5944 2137 6001 sed
2160 5946 2388 6014 gmnilus

1583 521 1638 575 S.
1678 521 1953 575 JUANNiS
1978 522 2453 578 CllliYaUSTOLil
2485 526 2805 579 Miillllﬁi’.
2839 529 3372 591 (IONSTANTDOP.

3998 545 4101 597 3213

2528 652 2583 691 et
2610 645 2871 707 planctus.
2902 643 3055 710 Quod
3086 649 3128 700 si
3168 652 3466 717 ignon‘iinim
3490 662 3570 705 est
3612 664 3663 706 ct
3695 656 4034 711 condemnati
4072 691 4100 703 ο

2528 732 2610 782 nis
2634 775 2648 792 ,
2678 742 2729 785 et
2753 749 2817 785 ex
2845 745 3063 800 peccato
3090 743 3232 793 venit
3264 754 3319 795 ttt
3347 747 3539 798 amictu
3570 745 3801 813 indigeas
3819 790 3834 809 ,
3860 751 3985 816 quid
4018 767 4102 800 rm

2528 825 2842 888 prehension
2867 842 2892 877 s
2936 829 3210 881 materiam
3259 838 3463 902 auges?
3502 853 3569 892 an
3609 855 3712 891 non
3762 842 3890 891 satis
3916 858 4099 892 casum

2526 923 2768 967 nostrum
2798 917 2989 971 indicat
3008 959 3023 979 ,
3047 919 3187 985 quod
3211 926 3450 979 vesubns
3469 932 3752 997 egeamus?
3775 947 3869 984 cur
3893 934 4099 985 criirezi

2525 1009 2851 1070 exaggeras?
2878 1024 2973 1061 cur
3002 1009 3283 1077 indigentia
3311 1018 3572 1083 ampliore
3592 1026 3975 1076 accusationem
4007 1044 4102 1075 au-

2524 1096 2660 1159 ges?
2706 1096 2997 1163 Oportebat
3042 1104 3180 1153 enim
3211 1102 3409 1168 cjulare
3453 1118 3507 1157 et
3531 1125 3743 1175 gemere
3768 1157 3782 1177 ,
3820 1126 3872 1168 et
3904 1131 4101 1183 corpus

2528 1183 2696 1247 ipsum
2723 1190 3014 1255 castigare,
3043 1192 3328 1245 secundum
3358 1193 3577 1249 Paulum
3607 1202 3682 1266 (Ι.
3712 1205 3830 1259 Cor.
3868 1210 3921 1261 9.
3954 1209 4047 1269 ΞΤ)
4084 1228 4098 1261 :

2527 1289 2622 1326 nos
2668 1286 2847 1329 autem
2890 1283 3173 1349 sedemus,
3214 1295 3266 1339 et
3306 1287 3595 1341 velamenta
3628 1296 3911 1352 artiﬁciose
3965 1320 4099 1355 con-

2529 1374 2787 1430 texeutes,
2812 1370 2949 1424 sicut
2974 1375 3015 1425 si
3042 1378 3159 1443 quis
3181 1388 3412 1433 tumores
3430 1381 3565 1434 circa
3588 1384 3770 1437 oculos
3804 1388 4002 1444 habens
4038 1412 4101 1447 ea

2527 1468 2744 1526 Cogatur
2765 1461 3013 1517 obvelare
3032 1508 3047 1530 ,
3079 1476 3131 1519 et
3174 1468 3289 1523 hmc
3312 1471 3484 1525 adhuc
3512 1474 3803 1527 velamenta
3846 1496 4096 1535 exornet.

2528 1547 2808 1617 Propterea
2837 1551 3017 1606 Helias
3044 1598 3058 1617 ,
3087 1572 3367 1625 propterea
3410 1563 3638 1617 Joannes
3664 1567 3957 1634 simplicem
4000 1573 4098 1623 ha-

2528 1638 2711 1693 bcntes
2750 1644 2999 1696 amictum
3029 1658 3083 1699 et
3128 1651 3377 1715 pelliceas
3418 1656 3621 1709 tunicas
3645 1698 3659 1721 ,
3688 1667 3743 1710 et
3785 1661 4020 1714 vestibus
4066 1680 4097 1713 e

2528 1732 2646 1798 pilis
2676 1732 2862 1795 induti,
2892 1737 3212 1792 anhelabant
3238 1754 3289 1794 et
3315 1749 3755 1815 concupiscebant
3782 1751 4095 1804 indumenta

2528 1823 2935 1890 incorruptionis
2963 1830 3221 1895 accipere.
3253 1832 3329 1885 Tu
3358 1847 3534 1889 autent
3576 1842 3809 1893 scenicas
3840 1844 4096 1895 IllUllt‘rtN

2525 1914 2783 1976 prmi-ollis
2824 1919 3044 1968 vcstimn
3084 1920 3428 1989 curiositate,
3475 1928 3664 1993 quibus
3715 1932 3929 1984 insidias
3958 1935 4093 1984 aiio-

2524 2000 2843 2057 lescentibus
2888 2007 3299 2075 elegantioribus
3322 2030 3497 2081 pares.
3522 2017 3633 2070 Non
3665 2023 3741 2073 sic
3768 2032 3817 2074 te
3856 2024 3998 2075 indui
4045 2037 4099 2076 et

2522 2093 2697 2143 ornari
2731 2094 2837 2145 Vult
2858 2110 3110 2162 sponsus.
3140 2099 3229 2151 scd
3258 2102 3307 2152 in
3336 2104 3509 2155 anima
3540 2115 3624 2158 tua
3646 2126 3857 2163 omnem
3884 2117 4095 2179 reposi-

2526 2189 2629 2231 tam
2657 2199 2803 2235 suam
2830 2200 2949 2238 esse
2974 2186 3189 2253 gloriam
3209 2191 3367 2257 jussit
3388 2209 3401 2256 ;
3425 2203 3478 2245 tu
3500 2206 3671 2249 autem
3691 2200 3830 2251 illam
3854 2204 4097 2271 negligie,

2524 2288 2585 2325 ac
2625 2273 2791 2327 lutum
2820 2292 2881 2329 ac
2908 2280 3140 2334 cinerem
3186 2284 3331 2337 varie
3354 2284 3575 2339 decoras
3596 2331 3611 2353 ,
3644 2299 3696 2342 et
3724 2304 3991 2347 amatores
4017 2297 4099 2347 in-

2533 2365 2871 2420 continentes
2899 2368 3053 2423 iliicis
3072 2414 3086 2433 ,
3117 2384 3171 2426 et
3196 2375 3460 2430 adulteros
3490 2376 3617 2432 facis
3640 2396 3770 2449 pene
3799 2398 3985 2437 omnes
4006 2389 4099 2452 qui

2529 2460 2579 2506 te
2604 2455 2797 2507 vident.
2828 2459 2888 2510 lit
2909 2461 3046 2526 quod
3080 2465 3297 2518 tnultunt
3332 2466 3454 2521 hinc
3478 2470 3645 2537 ignem
3672 2486 3925 2541 congeras
3946 2517 3961 2539 ,
3995 2493 4097 2529 nec

2527 2551 2577 2597 te
2611 2556 2733 2611 puto
2763 2548 2964 2603 inlicias
3007 2554 3120 2615 ire;
3152 2558 3290 2623 quod
3336 2570 3514 2613 autem
3546 2561 3664 2616 inde
3706 2565 3989 2633 ignominia
4042 2581 4100 2621 ct

2526 2637 2715 2701 probra
2744 2653 3064 2707 sequantur,
3099 2645 3146 2695 id
3192 2662 3254 2699 ex
3304 2652 3626 2705 amatoribus
3657 2655 3758 2707 tuis
3784 2658 4089 2712 ostendam.

2526 2723 2655 2777 Nam
2683 2742 2801 2779 cum
2828 2744 2887 2781 ea
2918 2746 3033 2798 qua:
3061 2734 3291 2788 animam
3321 2749 3504 2804 ornat,
3541 2741 3701 2796 Deum
3728 2760 3838 2797 suae
3858 2748 4098 2813 pulchri-

2526 2816 2721 2869 tudinis
2752 2817 2943 2873 habeat
2970 2835 3283 2889 amatorem,
3311 2837 3366 2881 tu
3389 2845 3515 2884 vero
3546 2831 3789 2889 homines
3809 2878 3824 2902 ,
3854 2838 3961 2890 imo
3988 2856 4095 2893 non

2522 2903 2762 2961 homines
2782 2949 2798 2973 ,
2821 2910 2913 2963 sed
2946 2927 3134 2979 parens
3162 2925 3216 2968 et
3252 2933 3410 2972 canes
3430 2961 3445 2983 ,
3474 2933 3526 2975 et
3556 2923 3600 2975 si
3640 2925 3765 2992 quid
3812 2930 3980 2996 magis
4011 2946 4099 2982 ρει

2520 2998 2739 3049 rationis
2769 3016 2959 3069 expers
2994 3020 3006 3054 :
3040 3005 3160 3073 quis
3202 3007 3273 3060 ita
3317 3018 3399 3062 est
3436 3012 3720 3081 insipiens,
3761 3028 3817 3069 ut
3857 3027 3907 3071 te
3931 3034 4095 3071 orna-

2521 3088 2708 3141 tiorem
2740 3091 2839 3144 illis
2868 3104 3014 3160 putet
3040 3136 3054 3158 ,
3079 3114 3301 3161 quarum
3332 3103 3596 3159 desiderio
3624 3107 3763 3160 Deus
3786 3108 3995 3163 ducitur
4024 3116 4095 3165 ob

2522 3179 2785 3236 internam
2821 3183 3245 3243 formositatem?
3275 3196 3446 3261 Atque
3481 3197 3614 3251 adeo
3637 3240 3650 3260 ,
3683 3211 3879 3267 quanto
3911 3208 4093 3256 curin-

2523 3272 2663 3324 sitati
2698 3274 2811 3341 plus
2861 3291 3017 3331 vacas
3042 3320 3057 3343 ,
3108 3290 3253 3334 tanto
3295 3285 3696 3341 abominabilior
3733 3292 3865 3344 facta
3911 3308 3968 3345 es
4000 3314 4011 3344 :
4040 3306 4095 3348 et

2523 3361 2686 3415 Deum
2712 3366 2923 3433 quidem
2950 3382 2978 3419 a
3014 3378 3063 3422 te
3098 3374 3293 3426 avertis
3317 3416 3330 3437 ,
3363 3376 3458 3428 hos
3505 3388 3678 3432 autem
3724 3381 3899 3443 illicis,
3935 3384 4090 3436 bini--

2517 3470 2621 3524 que
2648 3465 2795 3512 tanto
2838 3461 3005 3530 magis
3052 3462 3185 3517 [mila
3216 3480 3278 3518 ac
3324 3468 3488 3532 turpis
3524 3486 3768 3538 appares.
3801 3472 3930 3527 Nam
3960 3493 4094 3544 quo.

2518 3546 2677 3600 modo
2702 3564 2807 3601 non
2843 3552 3011 3619 turpis
3032 3595 3046 3617 ,
3070 3555 3113 3606 si
3162 3555 3325 3609 Deum
3352 3557 3564 3613 allicere
3594 3577 3695 3615 non
3725 3566 3904 3631 potes?
3936 3566 4089 3630 Quod

2519 3637 2561 3687 si
2607 3654 2723 3705 qua:
2752 3656 2809 3693 se
2838 3653 3031 3708 ornat,
3077 3644 3209 3698 adeo
3259 3647 3493 3715 ingrata;
3533 3666 3649 3719 qum
3698 3654 4088 3711 cobabitantem

2520 3728 2711 3795 habet,
2744 3735 2913 3801 cogita
2939 3746 3191 3803 quantum
3216 3741 3460 3794 conciliet
3487 3743 3584 3795 sibi
3612 3744 3806 3797 odium.

2590 3821 2642 3874 8.
2672 3820 2775 3876 Sed
2806 3824 2849 3877 si
2876 3826 3108 3893 videtur,
3159 3846 3264 3884 non
3286 3833 3724 3888 coltabitationem
3747 3837 3982 3895 dicamus
4007 3859 4085 3893 so-

2518 3909 2663 3976 lum,
2710 3913 2801 3967 sed
2846 3914 3013 3984 ipsam
3051 3922 3352 3988 aperiamus
3380 3925 3581 3992 palam,
3635 3938 3689 3980 ut
3732 3933 3895 4000 magis
3942 3932 4082 3987 fil-da

2516 4002 2776 4057 videatur.
2804 4005 2935 4060 Nam
2977 4012 3224 4078 quoniam
3268 4028 3373 4067 non
3407 4016 3593 4070 timent
3620 4021 3827 4076 oculmn
3876 4040 4081 4094 soporis

2518 4098 2751 4150 nescium
2778 4139 2793 4165 ,
2840 4100 2933 4153 sed
2980 4104 3118 4156 oculi
3146 4104 3417 4161 hominum
3446 4110 3601 4163 timor
3647 4128 3827 4167 eorum
3858 4133 3873 4180 ;
3903 4134 3999 4187 age
4026 4131 4082 4172 et

2518 4185 2658 4254 ipsas
2686 4188 2782 4242 hac
2809 4194 3175 4252 consiilatione
3206 4198 3473 4263 privemus
3492 4242 3505 4261 ,
3539 4219 3654 4271 qua:
3682 4208 3878 4259 occulta
3910 4185 3963 4262 et
3993 4222 4071 4264 te-

2514 4289 2597 4330 cta
2624 4281 2915 4347 parietibus
2944 4295 3066 4339 sunt
3091 4288 3141 4339 in
3173 4290 3403 4343 medium
3432 4293 3743 4359 afferentes;
3776 4301 4075 4366 aperiamus

2509 4370 2727 4435 januam
2754 4373 2817 4427 iis
2838 4374 2926 4443 qui
2948 4377 3127 4432 videre
3147 4396 3210 4433 ea
3234 4382 3451 4447 volunt,
3472 4400 3502 4434 a
3529 4386 3662 4440 lecto
3685 4390 3826 4457 ipsus
3854 4393 4075 4458 primum:

2514 4464 2805 4519 excitantes
2831 4483 2845 4530 ;
2890 4468 2997 4520 imo
3023 4470 3064 4521 si
3098 4470 3333 4535 videtur,
3360 4476 3583 4542 primunt
3607 4482 3940 4547 exquiramus
3960 4503 4073 4553 ψιςε

2514 4552 2657 4605 dumi
2682 4558 2991 4625 contingunt
3015 4600 3027 4621 ,
3068 4572 3117 4613 οι
3143 4577 3400 4629 ponamus
3430 4569 3715 4635 parietibus
3748 4573 3887 4641 ipsos
3914 4552 4072 4645 sepa-

2515 4646 2619 4696 rari
2664 4655 2715 4697 et
2746 4646 2797 4699 in
2843 4649 3101 4704 cubiculis
3132 4654 3293 4707 variis
3322 4656 3569 4713 dormire.
3602 4661 3714 4715 Non
3757 4669 3900 4719 enim
3954 4680 4078 4735 puto

2513 4733 2740 4803 aliquem
2762 4778 2776 4799 ,
2804 4739 2901 4791 etsi
2926 4740 3075 4795 valde
3106 4743 3323 4798 fteditati
3348 4748 3413 4800 sit
3443 4752 3728 4817 obnoxius,
3754 4756 3821 4809 ita
3841 4733 4073 4825 seipsum

2512 4828 2713 4881 traduci
2743 4830 2913 4895 velle,
2947 4843 3002 4885 ut
3042 4835 3091 4887 in
3123 4852 3227 4889 uno
3269 4839 3495 4893 dormiat
3531 4846 3791 4899 cubiCtdo.
3822 4848 3940 4902 Sint
3982 4851 4077 4920 igi-

2512 4927 2601 4972 tur
2643 4919 2889 4988 disjuucti
2940 4925 3272 4993 parietibus:
3303 4937 3355 4981 et
3398 4931 3521 4998 quid
3573 4933 3669 4988 hoc
3721 4937 3909 4991 fuerit?
3957 4919 4072 4995 Non

2510 5014 2649 5066 enim
2678 5014 2870 5069 sufficit
2897 5026 2954 5069 ut
2990 5032 3018 5069 a
3047 5020 3345 5088 suspicione
3375 5022 3679 5079 liberentur.
3705 5028 3902 5083 Verum
3936 5049 4073 5088 nunc

2507 5106 2573 5159 de
2590 5108 2891 5176 suspicione
2910 5110 3057 5173 nihil,
3082 5112 3201 5165 licet
3215 5113 3418 5167 ancillze
3438 5115 3668 5182 plurima:
3686 5125 3730 5173 ei
3749 5122 4069 5185 cohabitent;

2508 5200 2662 5252 aliam
2708 5212 2884 5254 autem
2935 5205 3310 5273 turpitudinem
3338 5207 3446 5274 jam
3493 5212 3850 5279 exquiramus.
3882 5216 4074 5268 Evenit

2506 5293 2643 5346 enim
2669 5310 2787 5347 cum
2819 5312 2911 5363 per
2933 5297 3069 5350 idem
3100 5307 3308 5367 tempus
3335 5312 3585 5370 surgunt,
3620 5322 3721 5358 non
3746 5308 3813 5360 ob
3846 5309 4069 5377 pervigi-

2506 5386 2569 5439 lia
2601 5388 2755 5453 (nihil
2782 5390 2921 5441 enim
2952 5391 3093 5457 pium
3116 5391 3182 5444 ab
3211 5392 3290 5445 his
3317 5394 3588 5449 animabus
3632 5398 4070 5468 expectandum),

2506 5487 2559 5529 ut
2591 5488 2858 5530 transeant
2887 5480 2951 5531 ad
3002 5495 3058 5533 se
3107 5482 3327 5535 invicem
3350 5484 3617 5552 jacentes,
3665 5498 3717 5540 et
3758 5492 4069 5555 contpellcut

2504 5578 2656 5621 nocte
2690 5586 2701 5619 :
2731 5586 2831 5635 quo
2861 5569 2984 5637 quid
3014 5586 3129 5625 esse
3158 5589 3313 5642 queat
3341 5578 3581 5647 turpius?
3606 5579 3756 5642 Quod
3779 5579 3819 5631 si
3859 5584 4065 5636 contin-

2499 5670 2585 5728 gat
2610 5668 2826 5727 repente
2852 5670 2902 5713 et
2947 5661 3333 5718 cohabitantem
3380 5667 3395 5696 ι
3427 5677 3713 5734 a-grotare.
3748 5685 3917 5737 neque
3974 5689 4064 5739 pa-

2501 5752 2691 5805 rietum
2726 5752 2809 5805 hic
2838 5764 3019 5823 postea
3050 5756 3222 5825 aliqua
3266 5758 3461 5809 utilitas
3481 5798 3495 5820 ,
3528 5758 3618 5811 sed
3644 5776 3928 5833 exsurgens
3960 5781 4067 5831 prm

2500 5845 2616 5899 aliis
2643 5844 2705 5898 ad
2752 5847 3005 5918 virginem
3048 5851 3312 5919 jacentem
3357 5851 3676 5923 ingreditur,
3712 5856 4066 5911 inﬁrmitatem

2564 5958 2577 5987 ¹
2606 5957 2675 6007 Sic
2706 5958 2841 6008 Savil.
2880 5966 2925 6007 In
2954 5960 3112 6010 Morel.
3134 5961 3235 6008 hac
3261 5975 3348 6009 vox
3378 5962 3533 6013 deest.
