4392 6698
334 565 441 620 ΞζΕΠ

323 688 417 737 καί
463 679 524 731 ού
581 676 738 746 μόνον
781 673 930 726 οὐδὲν
973 669 1207 736 ὤνησας.
1246 667 1378 719 ἀλλὰ
1421 669 1512 719 καὶ
1549 664 1616 716 τά
1658 669 1883 733 μέγιστα

326 761 686 829 κατέϐλαψας.
721 759 783 810 Ei
805 756 861 807 δέ
894 753 948 805 αἱ
983 753 1054 821 μὴ
1084 751 1426 821 ὠφελήσασαι
1464 748 1727 816 τοσαύτην
1757 746 1888 799 ἐδω-

326 866 424 901 καν
451 845 625 912 δίκην,
657 842 751 893 καὶ
780 835 952 888 ταῦτα
983 835 1078 904 τῆς
1108 835 1402 904 παρθενίας
1426 829 1681 902 ἀκεραίου
1707 829 1891 900 μενού-

329 948 444 999 σης·
495 930 549 980 αἱ
593 923 726 993 πρὸς
774 919 850 988 τῷ
894 917 1055 988 μηδὲν
1095 917 1371 987 ὠφελῆσαι
1410 914 1501 966 καὶ
1550 913 1619 965 τά
1660 914 1890 982 μέγιστα

327 997 649 1082 ἀδικήσασαι
691 1002 878 1066 αὑτάς,
910 1003 1002 1056 καὶ
1033 1005 1157 1065 τοὺς
1197 998 1594 1061 συνοικοῦντας,
1628 997 1720 1049 καὶ
1766 998 1891 1058 τοὺς

328 1079 826 1150 σκανδαλισθέντας,
868 1088 959 1140 καὶ
1008 1086 1113 1156 πρὸ
1155 1082 1358 1136 τούτων
1414 1080 1474 1133 τὸ
1514 1080 1607 1133 τοῦ
1637 1079 1889 1149 Νυμφίου

329 1174 722 1244 καθυϐρίσασαι
752 1171 939 1241 ὄνομα,
967 1169 1126 1220 ποίαν
1169 1165 1561 1234 ὑποστήσονται
1589 1163 1888 1232 τιμωρίαν;

327 1260 474 1329 τΑρα
519 1256 650 1319 ίστε,
686 1253 793 1308 οἷον
846 1247 1285 1324 μεταχειρίζεσθε
1330 1248 1578 1317 πρᾶγμα,
1617 1246 1751 1317 πρὸς
1779 1238 1892 1296 οἷον

328 1327 512 1408 ἀγῶνα
562 1337 920 1399 ἀπεδύσασθε,
969 1335 1117 1385 ποῖον
1168 1329 1387 1399 ἐλάχετε
1431 1329 1660 1396 πολέμου
1705 1327 1890 1398 μέρος,

327 1425 442 1476 οἵαν
483 1422 825 1493 ἐκληρώθητε
863 1417 955 1468 τοῦ
988 1413 1216 1483 στρατοῦ
1241 1413 1422 1477 τάξινς
1456 1413 1590 1481 ﬂap‘
1614 1411 1772 1464 αὑτὸν
1801 1410 1894 1461 τὸν

327 1506 419 1559 τοῦ
447 1507 683 1574 πολέμου
715 1498 1036 1571 στρατηγὸν,
1073 1495 1267 1565 μᾶλλον
1295 1495 1348 1546 δὲ
1385 1495 1513 1566 παρ’
1541 1495 1699 1545 αὑτὸν
1729 1493 1894 1560 ἐσκή-

326 1589 496 1643 νωσθε
535 1588 622 1640 τὸν
664 1569 902 1654 βασιλέα,
949 1581 1040 1633 καὶ
1075 1578 1446 1650 στρατεύεσθε.
1500 1576 1766 1644 Καθάπερ
1803 1569 1896 1624 οὖν

328 1675 383 1723 ἐν
414 1675 521 1732 τοῖς
552 1669 806 1736 πολέμοις
833 1664 892 1716 τὸ
924 1661 1277 1730 στρατόπεδον
1314 1660 1456 1711 ἀπαν
1481 1660 1578 1727 οὺχ
1613 1658 1707 1708 ἕνα
1734 1655 1897 1707 τόπον

327 1751 720 1821 ἀπολαμϐάνει,
760 1747 872 1800 ἀλλ’
911 1749 957 1798 οἱ
993 1746 1088 1814 μὲν
1117 1745 1184 1796 τά
1217 1743 1418 1810 κέρατα
1458 1740 1638 1808 έχουσι
1663 1738 1762 1808 τῆς
1791 1753 1896 1789 πα-

328 1819 621 1907 ρατάξεως,
653 1833 702 1884 οἱ
739 1831 794 1883 δὲ
833 1830 897 1882 τά
931 1829 1087 1898 μέσα,
1125 1827 1219 1879 καὶ¹
1247 1827 1295 1875 οἱ
1327 1823 1422 1892 μὲν
1447 1824 1513 1874 τά
1536 1824 1730 1882 ὀπίσω,
1761 1821 1809 1872 οἱ
1838 1819 1895 1870 δὲ

326 1919 386 1969 τὸ
436 1918 680 1986 μέτωπον
737 1911 1136 1981 κατακοσμοῦσι
1185 1910 1282 1977 τῆς
1333 1906 1626 1972 φάλαγγος,
1666 1903 1812 1957 ἄλλοι
1838 1902 1895 1954 δὲ

325 1996 494 2068 οὗπερ
532 1998 596 2051 ἀν
626 2009 650 2036 α
675 1998 703 2048 ὁ
740 1995 986 2065 βασιλεὺς
1026 1993 1304 2062 φαίνηται,
1349 1985 1615 2056 πανταχοῦ
1649 1984 1764 2055 μετ’
1795 1985 1893 2036 αύ-

325 2083 420 2134 τοῦ
471 2082 748 2150 φαίνονται
793 2079 884 2132 καὶ
940 2073 1431 2146 συμπαραθέουσιν·
1477 2069 1617 2120 οὓτω
1647 2068 1708 2138 δὴ
1749 2069 1841 2120 καὶ
1869 2069 1896 2120 ό

327 2165 433 2217 τῶν
481 2163 760 2234 παρθένιον
809 2159 986 2230 χορὸς,
1023 2159 1149 2209 ὅταν
1176 2153 1458 2224 παρθένων
1549 2150 1722 2220 χορὸς,
1752 2150 1897 2201 ούδε-

331 2247 458 2316 μίαν
505 2246 669 2318 ἄλλην
707 2243 818 2297 ἀλλ’
851 2243 884 2312 ἢ
924 2240 1126 2308 ταύτην
1172 2237 1269 2307 τὴν
1308 2235 1460 2300 τάξιν
1498 2234 1728 2303 εἰληχεν.
1787 2233 1898 2301 υύχ

329 2314 501 2391 οὓτως
543 2330 590 2380 οί
619 2314 687 2379 τὰ
713 2327 888 2397 χρυσᾶ
920 2322 1208 2394 φοροῦντες
1241 2320 1448 2388 ἱμάτια,
1474 2318 1567 2370 καὶ
1605 2317 1688 2384 ἐφ’
1719 2314 1899 2366 ἵππων

326 2409 797 2483 χρυσοφορούντων
829 2406 1133 2475 φερόμενοι,
1161 2403 1254 2453 καὶ
1280 2400 1509 2462 ἀσπίδας
1543 2397 1899 2468 βαστάζοντες

330 2482 537 2561 χρυσᾶς
566 2492 656 2543 καὶ
684 2488 1109 2556 λιθοκολλήτους,
1142 2482 1236 2536 τοῦ
1293 2482 1553 2551 βασιλέως
1573 2482 1670 2550 τὴν
1701 2496 1899 2550 παρου-

332 2575 454 2628 σίαν
518 2573 801 2643 ἐμφαίνειν
857 2568 1178 2637 ὀφείλουσιν,
1247 2567 1321 2628 ώς
1379 2567 1410 2634 ἡ
1476 2564 1741 2632 παρθένος
1802 2561 1898 2631 τὴν

330 2656 424 2708 τοῦ
467 2655 726 2726 Χριστοῦ.
774 2651 998 2705 Ἐκεῖνοι
1047 2650 1144 2719 μὲν
1195 2648 1302 2718 γάρ
1337 2647 1465 2718 παρ’
1504 2645 1636 2699 αὐτὸ
1684 2644 1897 2713 φαίνον-

329 2755 418 2790 ται
473 2739 564 2790 τοῦ
616 2735 872 2806 βασιλέως
919 2733 980 2785 τὸ
1027 2732 1208 2801 ὁχημα
1245 2732 1306 2782 τὸ
1341 2728 1634 2799 βασιλικὸν,
1667 2727 1801 2796 αὕτη
1842 2725 1901 2777 δὲ

333 2823 424 2872 καὶ
453 2821 630 2889 ὄχημα
648 2819 852 2886 γίνεται
875 2816 1166 2886 βασιλικὸν,
1185 2814 1432 2884 καθάπερ
1456 2812 1523 2865 τὰ
1541 2829 1597 2881 χε
1608 2811 1819 2880 ρουϐὶμ,
1834 2807 1899 2860 ἂν

332 2902 508 2972 ἐθέλῃ,
545 2902 635 2953 καὶ
676 2900 1018 2971 παρέστηκεν
1055 2896 1204 2966 αὐτῷ
1243 2895 1493 2962 καθάπερ
1531 2895 1598 2946 τά
1634 2891 1892 2963 σεραφίμ.

403 2985 468 3048 ζ’.
487 2987 574 3036 Δεῖ
597 2984 772 3036 τοίνυν
789 2981 952 3050 αὐτὴν
979 2981 1056 3042 είς
1087 2979 1288 3049 ἀγοράν
1312 2973 1898 3048 ἐμϐάλλουσαν,ὦσπερ

333 3066 550 3135 ἄγαλμα
587 3065 897 3132 φιλοσοφίας
942 3064 1158 3131 ἁπάσης
1201 3059 1512 3130 φαίνεσθαι,
1547 3058 1641 3110 καὶ
1692 3057 1898 3118 πάντας

336 3149 651 3218 ἐκπλήττειν
669 3187 682 3210 ,
715 3147 788 3209 ὡς
823 3146 1049 3214 ἄγγελον
1079 3145 1138 3208 ἐξ
1168 3143 1392 3214 ούρανοῦ
1429 3141 1741 3194 καταϐάντα
1767 3137 1860 3190 νῦν
1881 3155 1895 3171 ο

335 3232 429 3284 καὶ
454 3231 647 3282 ὡσανεὶ
669 3229 774 3281 τῶν
803 3246 862 3298 χε
871 3228 1065 3298 ρουϐὶμ
1087 3226 1261 3280 αὐτῶν
1278 3226 1333 3277 ἓν
1349 3225 1439 3276 ἐπὶ
1461 3225 1555 3293 τῆς
1585 3223 1685 3292 γῆς
1707 3221 1897 3290 ἐφάνη,

338 3314 542 3374 πάντας
570 3309 883 3382 ἀνθρώπους
916 3307 1215 3379 ἐπέστρεψε
1253 3307 1388 3378 πρὸς
1424 3305 1602 3366 ἐαυτὸ,
1641 3303 1780 3355 οὓτω
1809 3303 1901 3354 κα)⁸

337 3395 434 3464 τὴν
465 3393 728 3462 παρθένον
765 3393 888 3454 τοὺς
914 3391 1154 3460 ὁρῶντας
1185 3390 1428 3450 ἅπαντας
1465 3390 1543 3448 εἰς
1581 3385 1765 3454 θαῦμα
1806 3384 1900 3436 καὶ

340 3476 596 3546 ἔκπληξιν
621 3475 720 3544 τῆς
749 3474 1054 3543 ἁγιωσύνης
1084 3473 1250 3542 αὐτῆς
1285 3470 1568 3540 ἐμϐάλλειν
1597 3467 1693 3519 δεῖ.
1732 3466 1897 3518 Ὅταν

339 3562 447 3631 γάρ
482 3559 667 3629 βαδίζῃ
702 3558 798 3628 μὲν
831 3556 1016 3624 ὣσπερ
1047 3555 1112 3607 δι’
1142 3555 1402 3624 ἐρημίας,
1432 3550 1726 3619 καθέζηται
1751 3549 1805 3601 δὲ
1840 3551 1898 3600 ἐν

341 3642 601 3712 ἐκκλησία
629 3641 764 3710 μετά
791 3639 944 3708 σιγῆς
979 3636 1278 3707 βαθυτάτης
1299 3678 1312 3695 ,
1339 3636 1398 3688 τὸ
1423 3634 1477 3686 δὲ
1507 3633 1660 3702 ὄμμα
1694 3631 1900 3702 μηδένα

339 3723 447 3775 τῶν
481 3724 760 3794 παρόντων
798 3723 898 3792 ὁρᾷ
918 3759 934 3782 ,
971 3719 1044 3790 μὴ
1075 3717 1372 3787 γυναικῶν,
1403 3717 1476 3785 μὴ
1510 3714 1736 3783 ἀνδρῶν,
1784 3714 1897 3766 ἀλλ’

338 3806 374 3875 ἦ
397 3807 487 3858 τὸν
513 3805 760 3874 Νυμφίον
783 3805 960 3875 μόνον.
984 3803 1166 3872 ῶσπερ
1185 3801 1422 3871 παρόντα
1444 3801 1536 3852 καὶ
1560 3800 1895 3868 φαινόμενον·

343 3887 408 3939 ἂν
447 3891 598 3957 χωρῇ
631 3887 686 3939 δέ
710 3886 912 3950 οἴκαδε,
946 3885 1103 3938 πάλιν
1138 3883 1310 3952 τούτῳ
1348 3881 1688 3950 διαλεχθεῖσα
1721 3882 1777 3931 ἐν
1815 3879 1903 3930 εύ-

340 3974 482 4038 χαῖς,
518 3972 610 4023 καὶ
639 3970 740 4039 τῆς
775 3969 936 4022 αὑτοῦ
972 3968 1134 4038 μόνης
1162 3965 1439 4018 ἀκούσασα
1474 3965 1652 4032 φωνῆς
1680 3961 1766 4013 διὰ
1798 3961 1901 4016 τῶν

341 4054 590 4122 Γραφῶν·
614 4053 878 4124 γενομένη
907 4053 965 4106 δὲ
995 4053 1084 4103 ἐπί
1110 4050 1208 4118 τῆς
1233 4049 1428 4111 οἰκίας,
1452 4047 1538 4098 τὸν
1573 4045 1902 4115 ποθούμενον

343 4135 723 4205 ἀναλογίξηται
757 4135 908 4207 [265]
943 4135 1128 4206 μόνον,
1171 4132 1275 4185 κᾶν
1305 4132 1427 4200 ξένη
1458 4130 1551 4183 καὶ
1581 4131 1840 4198 πάροικος

343 4219 437 4271 καὶ
469 4219 844 4288 παρεπίδημος
866 4258 882 4282 ,
917 4219 1010 4271 καὶ
1039 4217 1211 4270 πάντα
1243 4217 1390 4284 ποιῇ,
1419 4213 1492 4275 ώς
1518 4211 1662 4274 εἰκὸς
1691 4211 1786 4281 τὴν
1820 4211 1906 4274 ξέ-

343 4319 441 4370 νην
459 4300 566 4354 τῶν
597 4296 828 4353 ἐνταῦθα
853 4293 1225 4370 πραγμάτων,
1254 4299 1343 4350 καὶ
1369 4296 1440 4366 μὴ
1467 4295 1624 4364 μόνον
1660 4295 1902 4366 ἀῤῥένων

342 4382 492 4450 ὁψεις
517 4381 713 4454 φεύγῃ,
741 4382 876 4434 ἀλλά
904 4384 995 4435 καὶ
1018 4381 1288 4450 γυναικῶν
1320 4378 1599 4431 συνουσίαν
1627 4377 1736 4429 τῶν
1775 4377 1903 4446 βιω-

345 4465 672 4534 τικωτέρων,
714 4465 806 4517 καὶ
831 4465 1064 4518 τοσαῦτα
1092 4465 1167 4534 τῷ
1195 4462 1404 4533 σώματι
1429 4461 1760 4530 διακονῆται,
1800 4459 1900 4510 ὅσα

347 4549 554 4617 ἀνάγκη
599 4549 757 4617 μόνον
777 4587 790 4610 ,
822 4547 881 4600 τὸ
907 4547 961 4598 δέ
997 4549 1102 4600 πᾶν
1135 4549 1213 4608 είς
1245 4545 1341 4615 τὴν
1371 4544 1467 4613 τῆς
1503 4542 1680 4613 ψυχῆς
1709 4541 1902 4610 ἐπιμέ-

345 4630 492 4682 λειαν
514 4629 794 4699 ἀναλίσκη,
827 4629 908 4692 τίς
936 4632 996 4682 ού
1029 4629 1363 4694 θαυμάσεται
1389 4642 1402 4690 ;
1427 4627 1508 4689 τίς
1529 4627 1627 4678 οὐκ
1650 4628 1905 4694 ἐκστήσε-

343 4730 457 4778 ται,
483 4713 539 4763 ἐν
569 4713 850 4782 γυναικεία
884 4712 1042 4779 φύσει
1089 4711 1363 4764 πολιτείαν
1393 4709 1686 4780 ἀγγελικὴν
1729 4707 1903 4776 ὁρῶν;

348 4797 429 4858 τίς
461 4795 517 4848 δέ
550 4795 682 4857 ὅλως
734 4795 1018 4865 τολμήσειε
1057 4794 1400 4865 προσελθεῖν;
1437 4794 1519 4855 τίς
1567 4792 1622 4843 δέ
1671 4789 1906 4858 ἅψασθαι

349 4879 518 4932 ἕλοιτο
562 4877 956 4948 πεπυρωμένης
999 4876 1173 4947 ψυχῆς
1217 4876 1500 4946 ἄνθρωπος
1552 4874 1653 4940 ώνς
1699 4873 1795 4927 Διά
1843 4873 1906 4944 δὴ

351 4961 505 5015 τοῦτο
534 4959 727 5022 πάντες
757 4960 852 5029 μὲν
872 4961 1264 5031 ἀποστήσονται
1293 4959 1510 5022 ἐκόντες
1547 4958 1640 5010 καί
1665 4958 1906 5021 ἄκοντες,

353 5045 547 5108 πάντες
576 5043 632 5096 δέ
659 5043 1108 5111 ἐκπλαγήσονται,
1141 5042 1235 5094 ac:
1264 5042 1482 5112 χρυσίον
1516 5038 1909 5110 πεπυρωμένον

353 5128 445 5180 καὶ
473 5124 789 5180 ἀποστίλϐον
827 5123 1077 5196 ὁρῶντες.
1105 5125 1256 5193 Ἔχει
1301 5124 1397 5193 μὲν
1430 5123 1537 5191 γάρ
1576 5123 1668 5174 καὶ
1700 5122 1835 5192 αύτὴ
1874 5122 1906 5191 ή

354 5209 446 5263 τοῦ
485 5210 705 5281 χρυσίου
732 5207 889 5278 φύσις
923 5206 1115 5277 πολλὴν
1146 5207 1244 5276 τὴν
1287 5205 1604 5276 λαμπηδόνα
1629 5222 1642 5235 ·
1682 5207 1810 5259 ὅταν
1855 5204 1911 5256 δὲ

359 5294 450 5347 καὶ
497 5293 592 5363 τὴν
626 5293 733 5345 ἀπὸ
765 5291 856 5345 τοῦ
886 5291 1050 5362 πυρὸς
1079 5288 1353 5359 προσλάϐῃ
1377 5329 1390 5349 ,
1426 5287 1606 5359 μεῖζον
1639 5288 1700 5340 τὸ
1732 5288 1913 5357 θαῦμα

359 5379 563 5445 γίνεται
599 5375 689 5427 καλ⁸
716 5374 1101 5446 φοϐερώτερον.
1140 5373 1204 5426 EE
1238 5373 1293 5425 δὲ
1323 5373 1414 5424 ἐπί
1454 5371 1705 5442 σώματος
1737 5372 1912 5434 τοῦτο,

357 5460 485 5513 ὅταν
512 5459 600 5512 ἐπὶ
631 5457 835 5528 χρυσῆς
879 5457 1034 5509 τοῦτο
1070 5457 1340 5530 συμϐαίνῃ
1371 5455 1565 5528 ψυχῆς,
1599 5455 1783 5509 οὐκέτι
1825 5457 1916 5507 ἀν-

360 5541 595 5609 θρώποις
645 5541 830 5613 μόνον,
869 5538 1002 5592 ἀλλά
1052 5543 1144 5593 καὶ
1183 5540 1433 5607 ἀγγέλοις
1483 5540 1723 5592 ποθεινὸν
1766 5538 1915 5590 ἐσται

361 5621 560 5692 θέαμα.
591 5625 656 5678 Τί
688 5623 862 5677 τοίνυν
897 5623 1120 5691 κοσμεῖς
1151 5623 1378 5692 σεαυτὴν
1409 5624 1663 5692 ἱματίοις,
1690 5623 1779 5674 τὸν
1810 5619 1916 5673 ἀπὸ

356 5704 458 5773 τῆς
490 5707 685 5776 φλογὸς
713 5707 912 5778 ταύτης
947 5705 1141 5774 ἐχουσα
1168 5705 1407 5775 κόσμον;
1435 5708 1544 5760 Καὶ
1570 5707 1676 5777 γὰρ
1704 5705 1770 5758 τά
1794 5707 1918 5774 ἱμά-

359 5802 450 5838 τια
473 5787 570 5857 οὐχ
593 5791 678 5842 ἵνα
701 5787 1162 5860 καλλωπιζώμεθα
1183 5787 1410 5849 δέδοται,
1433 5787 1544 5840 ἀλλ’
1572 5790 1660 5842 ῖνα
1687 5787 1782 5858 τὴν
1814 5785 1918 5840 ἀπὸ

359 5868 458 5936 τῆς
480 5887 546 5937 γυ
556 5872 812 5941 μνότητος
826 5875 1083 5945 αἰσχύνην
1106 5871 1451 5944 κρύπτωμεν·
1473 5871 1570 5939 ούχ
1589 5873 1675 5923 ἵνα
1695 5870 1918 5924 τοιαῦτα

361 5951 689 6021 ἐνδυώμεθα,
720 5955 756 6006 ἃ
781 5957 887 6010 τῶν
910 5958 1128 6029 γυμνῶν
1161 5955 1353 6028 μᾶλλον
1384 5955 1531 6024 ἡμᾶς
1564 5954 1915 6024 καταισχῦναι

360 6035 663 6104 δυνήσεται.
705 6036 803 6089 Διά
837 6040 994 6094 τοῦτο
1024 6043 1116 6095 καὶ
1145 6041 1233 6095 τὸν
1271 6038 1440 6108 ’Δδὰμ
1466 6037 1694 6108 χιτῶνας
1717 6037 1918 6109 δερμα-

421 6137 449 6166 ⁸
470 6137 617 6188 Savil.
641 6140 844 6202 ὅπουπερ
864 6141 934 6191 ἄν.

863 556 1051 624 QUOD
1088 551 1500 607 REGULARES
1537 548 1818 605 FEMINIE
1861 545 2041 605 VIRIS
2077 533 2518 596 COIIABITARE
2554 529 2692 587 NON
2727 521 3072 582 DEBEANT.

3460 516 3564 574 593

2001 658 2180 718 τίνους
2226 651 2472 704 ἐνέδυσεν
2516 648 2543 698 ὁ
2581 644 2744 709 Θεὸς,
2795 643 2890 696 καὶ
2927 640 3024 710 τὴν
3057 636 3266 690 ἐκείνου
3300 640 3564 703 γυναῖκα.

1996 741 2170 793 καίτοι
2222 751 2285 804 γε
2320 732 2474 800 ἐνῆν,
2533 728 2688 797 εἴπερ
2734 724 3024 794 ἠϐούλετο,
3073 720 3214 774 καλά
3263 721 3564 789 περιθεῖναι

1996 823 2216 892 ῑμάτια·
2237 803 2368 869 ἀλλ’
2405 811 2609 866 ἀνωθεν
2640 811 2772 880 ήμῖν
2806 808 2899 859 καὶ
2934 807 2999 892 διξ
3033 805 3256 857 ἐκείνων
3295 803 3564 859 δείκνυσιν

1992 887 2073 958 ὅτι
2101 904 2160 956 οὐ
2193 898 2404 970 τρυφῆς
2432 897 2460 947 ὁ
2493 892 2683 963 παρὼν
2714 891 2922 961 καιρὸς,
2947 888 3082 942 ἀλλά
3109 887 3202 940 τοῦ
3230 889 3436 940 στένειν
3471 888 3565 941 καὶ

1993 984 2305 1040 κόπτεσθαι.
2333 980 2397 1032 Εἰ
2419 979 2471 1030 δέ
2496 978 2626 1030 αὐτὸ
2652 975 2713 1027 τὸ
2733 973 2991 1043 δεηθῆναι
3014 970 3304 1041 περιϐολῆς
3331 972 3562 1044 αἰσχύνη

1994 1070 2085 1121 καὶ
2117 1068 2452 1132 κατάγνωσις
2483 1061 2573 1111 καὶ
2610 1057 2667 1123 ἐξ
2696 1055 2966 1126 ἁμαρτίας
2988 1054 3198 1122 γέγονε,
3226 1055 3278 1106 τί
3311 1056 3408 1124 τῆς
3432 1073 3562 1109 κατ-

1994 1151 2216 1222 ηγορίας
2263 1143 2551 1204 ἐπιτείνεις
2593 1140 2654 1192 τὸ
2693 1139 2954 1222 αίνιγμας
2999 1137 3082 1222 μὴᾼ
3114 1137 3222 1222 γάρ
3248 1137 3365 1222 ⁸οὐκ
3403 1140 3564 1209 ἀρκεῖ

1995 1219 2159 1298 δεῖξαι
2185 1232 2281 1303 τὴν
2312 1226 2659 1282 κατάπτωσιν
2698 1221 2852 1291 ἡμῶν
2881 1221 3008 1272 αὐτὸ
3038 1220 3100 1272 τὸ
3143 1219 3401 1289 δεηθῆναι
3439 1222 3564 1272 σκέ-

1997 1331 2134 1384 πης;
2164 1313 2215 1365 τί
2257 1310 2476 1381 μείζονα
2527 1305 2698 1366 ποιεῖς
2745 1303 2843 1372 τὴν
2875 1303 3158 1372 διαϐολήν;
3209 1303 3262 1354 τί
3303 1304 3401 1372 τὴν
3433 1321 3564 1356 κατ-

1997 1397 2220 1467 ηγορίαν
2257 1394 2470 1456 αὔξεις,
2523 1385 2865 1441 ἐπιτείνουσα
2910 1387 3006 1453 τὴν
3037 1386 3254 1454 χρείαν;
3291 1388 3418 1439 Δέον
3455 1387 3561 1458 γάρ

1995 1479 2272 1550 ὀδύρεσθαι
2314 1475 2408 1528 καὶ
2446 1472 2672 1532 στένειν,
2704 1470 2797 1521 καὶ
2824 1467 2886 1520 τὸ
2921 1467 3078 1536 σῶμα
3103 1470 3232 1520 αὐτὸ
3263 1469 3562 1523 ἀποθέσθαι

1996 1561 2132 1614 κατὰ
2163 1561 2252 1612 τὸν
2286 1556 2492 1610 Παῦλον
2513 1571 2525 1584 ·
2553 1555 2717 1622 ἡμεῖς
2751 1551 2808 1602 δέ
2846 1550 3132 1620 καθήμεθα
3167 1553 3293 1621 περὶ
3335 1552 3400 1603 τά
3435 1569 3562 1604 σκε-

1996 1645 2256 1712 πάσματα
2304 1637 2467 1691 αὑτοῦ
2508 1632 2976 1704 φιλοτεχνοῦντες,
3027 1632 3215 1702 ὥσπερ
3262 1631 3326 1684 ἂν
3378 1633 3430 1684 εί
3478 1650 3563 1697 τις

1997 1727 2263 1795 οἰδήματα
2294 1721 2422 1789 περὶ
2452 1719 2547 1788 τὴν
2589 1717 2709 1784 ὅφιν
2737 1716 2896 1785 ἔχων,
2941 1716 3035 1767 καὶ
3064 1716 3144 1776 εἰς
3182 1716 3426 1783 ἀνάγκην
3464 1717 3559 1768 τοῦ

1999 1807 2220 1860 σκέπειν
2249 1803 2389 1855 αύτά
2415 1799 2715 1859 καταστὰς,
2743 1798 2820 1849 ἐτι
2852 1799 2946 1848 καὶ
2989 1797 3322 1859 καλλωπίζοι
3362 1797 3427 1849 τά
3463 1816 3562 1850 κα·

1995 1891 2252 1959 λύμματα
2291 1885 2480 1936 ταῦτα.
2506 1879 2605 1932 Διά
2633 1880 2790 1931 τοῦτο
2824 1879 3037 1940 Ἠλίας,
3081 1879 3166 1930 διὰ
3188 1880 3346 1931 τοῦτο
3384 1881 3562 1932 Ἰωάν-

1995 1988 2092 2043 νης
2129 1970 2304 2039 ἁπλῆν
2345 1961 2487 2035 εἶχον
2535 1963 2772 2032 ἐσθῆτα,
2811 1961 3163 2031 δερματίνους
3199 1963 3429 2030 χιτῶνας
3473 1965 3565 2014 καὶ

1998 2055 2185 2125 ἱμάτια
2231 2051 2444 2122 τρίχινα
2484 2045 2951 2116 περιϐαλλόμενοι·
2992 2045 3281 2112 ἠπείγοντο
3317 2049 3426 2115 γαρ
3472 2049 3566 2098 καὶ

1995 2137 2301 2206 ἐπεθύμουν
2337 2133 2396 2184 τὸ
2437 2131 2636 2198 ἔνδυμα
2671 2129 2768 2196 τῆς
2813 2127 3121 2198 ἀφθαρσίας
3163 2127 3363 2181 λαϐεῖν.
3400 2129 3470 2182 Σὺ
3507 2128 3565 2182 δὲ

1995 2220 2087 2273 καὶ
2111 2218 2208 2280 τὰς
2239 2219 2295 2268 ἐν
2330 2215 2500 2282 σκηνῇ
2528 2211 2892 2280 παρατρέχεις
2912 2214 3172 2276 γυναῖκας
3206 2214 3270 2280 τῇ
3310 2211 3414 2262 τῶν
3438 2213 3567 2280 ἰμαο

1995 2303 2122 2356 τίων
2154 2296 2442 2369 περιεργίᾳ
2462 2333 2475 2356 ,
2503 2293 2568 2344 δι’
2595 2293 2815 2345 ἐκείνων
2837 2296 2946 2354 τοῖς
2966 2294 3432 2364 ἀνεπτερωμένοις
3460 2293 3567 2345 τῶν

1997 2386 2130 2437 νέων
2157 2382 2366 2434 τιθεῖσα
2398 2379 2495 2438 τὰς
2525 2375 2790 2445 μηχανάς.
2837 2376 2948 2444 Ούχ
2976 2375 3118 2429 οὕτω
3142 2394 3202 2429 σε
3246 2377 3569 2445 κοσμεῖσθαι

1998 2468 2092 2519 καὶ
2127 2460 2559 2524 καλλωπίζεσθαι
2605 2458 2850 2526 βούλεται
2891 2459 2919 2509 ὁ
2960 2460 3232 2528 Νυμφίος,
3261 2459 3375 2511 ἀλλ’
3402 2461 3459 2510 ἐν
3498 2463 3564 2529 τῇ

1997 2550 2138 2618 ψυχῇ
2190 2564 2279 2598 σου
2327 2546 2506 2596 πᾶσαν
2548 2541 2870 2594 ἀποκεῖσθαι
2917 2542 3080 2594 αὑτοῦ
3113 2543 3211 2611 τὴν
3253 2543 3409 2607 δόξαν
3452 2542 3568 2594 ἐκέ.

1997 2630 2184 2682 λευσε·
2220 2629 2283 2679 σὺ
2314 2627 2370 2678 δέ
2399 2625 2614 2694 ἐκείνης
2652 2623 2749 2692 μὲν
2784 2623 3090 2691 ἀμελοῦσα,
3131 2625 3220 2676 τὸν
3263 2624 3433 2693 πηλὸν
3473 2625 3566 2675 καὶ

1996 2713 2095 2784 τὴν
2126 2712 2328 2781 τέφραν
2366 2709 2730 2775 κατακοσμεῖς
2767 2707 3057 2768 ποικίλως,
3092 2708 3186 2759 καί¹
3218 2709 3451 2777 ἐραστάς
3480 2708 3568 2759 ἐλ-

1997 2812 2113 2857 κεις
2145 2793 2479 2852 ἀκολάστους
2499 2829 2512 2852 ,
2544 2790 2636 2841 καὶ
2672 2790 2890 2857 μοιχοὺς
2922 2790 3126 2859 ἐργάζῃ
3158 2791 3282 2849 τους
3306 2791 3564 2858 ὁρῶντας,

1995 2879 2072 2941 ὡς
2099 2878 2302 2938 εἰπεῖν,
2336 2874 2599 2934 ἅπαντας.
2635 2872 2743 2924 Καὶ
2780 2873 2860 2922 ὅτι
2889 2872 2986 2940 μὲν
3016 2872 3148 2924 πολὺ
3193 2874 3441 2939 συνάγεις
3477 2877 3566 2924 ἐν-

1993 2960 2186 3013 τεῦθεν
2215 2958 2277 3010 τὸ
2313 2955 2442 3026 πῦρ,
2483 2954 2602 3006 ούδέ
2643 2954 2810 3022 αὐτὴν
2843 2950 2996 3023 οἶμαί
3029 2971 3084 3006 σε
3116 2955 3378 3024 ἀντερεῖν·
3401 2957 3484 3007 ὅτι
3510 2956 3567 3009 δὲ

1995 3046 2090 3097 καὶ
2138 3041 2322 3106 ἀδοξία
2357 3039 2452 3090 καὶ
2494 3036 2693 3098 ὄνειδος
2730 3035 2975 3088 ἐντεῦθεν
3017 3037 3235 3104 ἕψεται,
3275 3039 3367 3089 καὶ
3410 3037 3568 3089 τοῦτο

1997 3127 2330 3197 πειράσομαι
2353 3120 2574 3189 ποιῆσαι
2599 3118 2832 3187 φανερὸν
2857 3121 2951 3170 ἀπ’
2974 3119 3150 3171 αὐτῶν
3173 3119 3276 3172 τῶν
3300 3119 3564 3186 ἐραστῶν.

2000 3208 2168 3260 Ὅταν
2199 3206 2306 3274 γὰρ
2333 3206 2366 3272 ή
2403 3204 2502 3272 μὲν
2533 3203 2632 3271 τὴν
2656 3201 2830 3270 ψυχήν
2858 3200 3271 3263 καλλωπίζουσα
3305 3203 3395 3254 τὸν
3435 3201 3567 3253 Θεὸν

1999 3290 2097 3362 ἔχῃ
2138 3288 2230 3341 τοῦ
2259 3287 2482 3347 κάλλους
2517 3285 2778 3353 ἐραστὴν,
2815 3284 2878 3334 σὺ
2905 3283 2962 3335 δέ
2989 3283 3338 3351 ἀνθρώπους,
3368 3285 3566 3353 μᾶλλον

1995 3373 2053 3425 δὲ
2081 3372 2202 3424 ούδέ
2226 3368 2564 3440 ἀνθρώπους,
2591 3366 2724 3418 ἀλλὰ
2751 3366 2965 3435 χοίρους
2991 3367 3085 3418 καὶ
3105 3366 3295 3429 κύνας,
3322 3368 3416 3418 καὶ
3436 3367 3488 3418 εῖ
3511 3384 3566 3420 τι

1993 3457 2198 3509 τούτων
2221 3451 2575 3521 ἀλογώτερον,
2597 3450 2679 3513 τίς
2708 3448 2879 3510 οὕτως
2908 3448 3150 3517 ἀνόητος,
3179 3449 3254 3510 ὼς
3281 3451 3340 3501 σὲ
3369 3450 3566 3519 μᾶλλον

1997 3539 2210 3607 ἐκείνης
2247 3533 2620 3604 κεκοσμῆσθαι
2659 3533 2824 3600 φάναι
2855 3532 2951 3600 τῆς
2987 3531 3077 3583 τὸν
3105 3532 3236 3584 Θεὸν
3269 3534 3348 3595 είς
3377 3533 3566 3586 ἐπιθυ-

2000 3622 2128 3692 μίαν
2148 3619 2386 3688 ἀγούσης
2413 3617 2513 3685 τῆς
2539 3615 2836 3685 εὐμορφίας
2859 3617 2954 3681 τῆς
2981 3613 3155 3680 ἐνδονς
3183 3615 3343 3668 Ὥστε
3369 3616 3476 3685 ὅσῳ
3500 3615 3567 3670 ἂν

1997 3703 2270 3773 ἐπιτείνῃς
2297 3703 2394 3770 τὴν
2419 3699 2756 3768 περιεργίαν,
2775 3697 3010 3768 τοσούτῳ
3031 3697 3257 3764 γέγονας
3284 3699 3564 3769 βδελυκτὴ,

1995 3790 2088 3842 τὸν
2113 3788 2212 3858 μὲν
2247 3785 2378 3837 Θεὸν
2404 3781 2553 3854 [264]
2585 3783 2986 3852 ἀποτρέπουσα,
3008 3786 3226 3842 τούτους
3259 3781 3313 3833 δὲ
3342 3782 3567 3848 ἐφελκο-

2001 3875 2135 3944 μένη
2152 3911 2166 3934 ,
2201 3871 2294 3923 καὶ
2317 3866 2484 3937 ταύτῃ
2519 3865 2778 3935 μειζόνως
2803 3865 3127 3935 αἰσχροτέρα
3153 3867 3448 3934 φαινομένη
3475 3866 3569 3918 καὶ

1998 3955 2261 4022 δυσειδής.
2305 3950 2427 4012 Πῶς
2461 3949 2566 4018 γάρ
2608 3949 2668 3999 οὐ
2703 3947 2946 4016 δυσειδὴς
2983 3949 3015 4016 ή
3055 3949 3129 4018 μὴ
3170 3948 3438 4017 δυναμένη
3477 3950 3570 4003 τὸν

1999 4039 2130 4092 Θεὸν
2165 4031 2572 4090 ἐπισπάσασθαι
2597 4049 2611 4093 ;
2634 4031 2696 4082 Εἰ
2739 4029 2795 4081 δέ
2839 4033 2872 4100 ἡ
2914 4031 3362 4100 καλλωπιζομένη
3395 4031 3570 4096 οὕτως

2001 4123 2169 4194 ἀηδὴς
2188 4162 2203 4186 ,
2240 4123 2274 4190 ή
2306 4119 2402 4171 καλ⁹
2431 4113 2780 4168 συνοικοῦντα
2802 4113 2999 4184 ἔχουσα
3023 4113 3272 4184 ἐννόησον
3298 4114 3420 4166 ὅσον
3445 4116 3569 4167 ἐπι-

1999 4205 2164 4258 τείνει
2184 4202 2244 4255 τὸ
2268 4200 2441 4272 μῖσος.

2070 4294 2142 4358 η’.
2176 4285 2334 4349 Ἀλλ’,
2349 4283 2574 4346 είδοκεί,
2596 4281 2669 4352 μὴ
2684 4281 2781 4351 τὴν
2804 4281 3112 4351 συνοίκησιν
3124 4281 3365 4350 εἴπωμεν
3384 4280 3566 4350 μόνον,

2001 4373 2132 4426 ἀλλά
2160 4371 2253 4422 καὶ
2278 4367 2670 4435 ἀναπτύξωμεν
2693 4364 2881 4434 αὐτὴν,
2907 4364 3045 4416 ὥστε
3079 4365 3438 4436 αἰσχροτέραν
3467 4381 3570 4433 φα-

1999 4457 2170 4526 νῆναι.
2200 4449 2415 4519 Ἐπειδὴ
2432 4450 2538 4517 γάρ
2566 4449 2624 4500 οὐ
2653 4447 2918 4499 δεδοίκασι
2937 4448 3027 4499 τὸν
3051 4449 3347 4518 ἀκοίμητον
3368 4447 3572 4516 ὀφθαλ-

2003 4525 2122 4611 μὸν,
2163 4534 2278 4589 ἀλλ’
2329 4535 2378 4586 οἱ
2411 4525 2683 4601 ὁφθαλμοῖ
2716 4530 2823 4582 τῶν
2862 4530 3186 4600 ἀνθρώπων,
3229 4531 3385 4584 τοῦτο
3407 4531 3571 4598 φόϐος

2000 4625 2179 4684 αὐτοῖς
2199 4659 2214 4683 ,
2246 4617 2378 4690 φέρε
2405 4619 2499 4670 καὶ
2525 4615 2727 4682 ταύτης
2759 4615 2955 4676 αὐτοὺς
2984 4616 3444 4686 ἀποστερήσωμεν
3473 4613 3570 4683 τῆς

2002 4707 2384 4778 παραμυθίας,
2433 4703 2467 4756 ἀ
2507 4702 2804 4771 κρύπτουσι
2850 4702 3014 4767 τοῖχοι
3045 4699 3139 4750 καὶ
3183 4697 3568 4760 συσκιάζουσι,

2003 4792 2170 4846 ταῦτα
2201 4793 2278 4853 εἰς
2315 4789 2476 4858 μέσον
2505 4785 2817 4852 ἀγαγόντες,
2853 4782 3066 4844 καὶτὰς
3103 4782 3272 4851 θύρας
3299 4781 3570 4834 ἀναπετάο

2006 4894 2193 4939 σαντες
2224 4877 2332 4936 τοῖς
2366 4869 2705 4942 βουλομένοις
2727 4868 2858 4937 ὁρᾷν
2879 4909 2892 4930 ,
2917 4865 3024 4918 ἀπὸ
3053 4867 3146 4937 τῆς
3183 4867 3342 4936 εὐνῆς
3374 4865 3567 4926 αύτούς

2005 4960 2212 5032 πρῶτον
2239 4957 2546 5026 ἐγείραντες
2568 4969 2581 4982 ⁸
2616 4951 2813 5022 μᾶλλον
2834 4950 2910 5014 δέ,
2935 4953 2982 5002 εί
3015 4951 3192 5013 δοκεῖ,
3219 4951 3284 5001 τά
3310 4947 3446 5001 κατά
3467 4947 3564 5016 τήν

2005 5031 2181 5099 οίκίαν
2204 5040 2544 5110 ἐξετάσωμεν
2574 5036 2810 5107 πρῶτον,
2835 5035 2930 5086 καὶ
2949 5033 3124 5104 δῶμεν
3151 5031 3346 5100 τοίχοις
3370 5031 3566 5092 αὐτοὺς

2005 5127 2334 5200 διείργεσθαι
2360 5124 2452 5177 καὶ
2485 5123 2744 5192 οἰκήμασι
2773 5117 3158 5180 καθεύδοντας·
3189 5115 3310 5169 οὐδὲ
3337 5115 3446 5185 γὰρ
3486 5109 3566 5165 οἷο

2013 5213 2107 5285 μαί
2132 5229 2280 5276 τινα,
2316 5209 2418 5263 κᾶν
2454 5207 2655 5276 σφόδρα
2684 5204 3006 5272 ἀσχημονεῖν
3051 5201 3256 5263 ἕλοιτο,
3294 5201 3453 5271 μέχρι
3485 5214 3571 5249 το-

2013 5281 2202 5352 σούτου
2233 5287 2743 5363 παραδειγματίζειν
2775 5285 2962 5338 ἐαυτὸν
2981 5325 2994 5348 ,
3029 5285 3104 5348 ὡς
3135 5285 3229 5338 καὶ
3251 5287 3308 5337 ἐν
3340 5284 3418 5336 ἐνὶ
3445 5281 3576 5336 καθ-

2013 5383 2189 5436 εύδειν
2239 5377 2518 5446 οἰκήματι,
2559 5371 2839 5422 Ἔστωσαν
2889 5369 3066 5421 τοίνυν
3103 5368 3416 5439 διῃρημένοι
3465 5367 3579 5426 τοῖς

2011 5464 2211 5532 τοίχοις
2233 5479 2246 5492 ·
2291 5459 2384 5511 καὶ
2410 5456 2461 5508 τί
2489 5452 2674 5516 τοῦτο;
2696 5453 2756 5504 ού
2783 5452 2892 5523 γάρ
2929 5451 3110 5505 ίκανὸν
3139 5451 3439 5516 ἀπαλλάξαι
3485 5451 3583 5501 ὐπ-

2013 5530 2169 5615 cui;
2206 5539 2429 5601 αὐτούς·
2463 5537 2599 5607 πλὴν
2634 5536 2766 5588 ἀλλά
2806 5535 2968 5606 μηδὲν
3018 5535 3144 5605 περὶ
3181 5533 3414 5601 ὑποψίας
3461 5530 3578 5596 νῦν,

2017 5630 2151 5699 μηδέ
2176 5626 2268 5679 ἐάν
2297 5622 2485 5695 μυρίαι
2516 5621 2798 5674 παιδίσκαι
2842 5619 3156 5673 συνοικῶσιν
3185 5616 3360 5686 αύτῷ·
3395 5616 3494 5684 τὴν
3523 5615 3581 5666 δὲ

2013 5698 2177 5782 ἀλλην
2204 5706 2588 5780 ἀσχημοσύνην
2608 5705 2950 5774 ἐξετάσωμεν
2971 5703 3125 5765 τέως.
3153 5699 3448 5769 Συμϐαίνει
3473 5698 3583 5769 γὰρ

2015 5795 2156 5850 κατά
2172 5793 2366 5846 ταυτὸν
2398 5790 2732 5851 ἀναστάντας
2755 5828 2769 5850 ,
2792 5788 2854 5840 οὐ
2877 5785 3211 5854 παννυχίδων
3243 5783 3426 5835 ἕνεκεν
3455 5783 3584 5851 (ού-

2015 5881 2104 5934 δέν
2140 5880 2248 5951 γὰρ
2291 5879 2398 5931 ἀπὸ
2442 5876 2551 5930 τῶν
2589 5873 2842 5927 τοιούτων
2877 5868 3062 5939 ψυχῶν
3096 5866 3318 5932 εὐλαϐὲς
3351 5867 3416 5922 ἀν
3453 5882 3582 5919 ποτε

2019 5964 2246 6034 γένοιτο)
2262 6003 2277 6026 ,
2299 5963 2393 6015 καὶ
2415 5958 2666 6013 διοδεύειν
2690 5955 2946 6025 ἀλλήλους
2972 5951 3274 6022 κειμένους,
3303 5951 3392 6004 καὶ
3420 5965 3586 6020 προσ-

2025 6033 2352 6117 φθέγγεσθαι
2407 6044 2646 6112 νύκτωρ·
2675 6033 2736 6092 οῦ
2768 6037 2819 6089 τί
2862 6035 3055 6103 γένοιτ’
3101 6033 3168 6088 ἂν
3206 6033 3588 6103 αίσχρότερονς

2027 6133 2090 6188 EE
2125 6133 2181 6187 δὲ
2231 6130 2470 6203 συμϐαίη
2525 6130 2618 6182 καὶ
2666 6123 3016 6198 ἀρρωστήσαι
3074 6122 3226 6189 ἄφνω
3275 6118 3372 6188 τὴν
3417 6135 3593 6171 συνοι-
