4392 6744
951 518 1055 573 529

946 635 1211 697 κοῦσανα,
1256 631 1376 685 οὐδὲ
1415 631 1607 702 τοίχων
1635 630 1868 685 ἐνταῦθα
1907 632 2097 702 ὄφελος
2138 632 2341 694 λοιπὸν,
2376 631 2510 684 ἀλλὰ

943 719 1234 780 διαναστάς
1269 716 1374 786 πρὸ
1408 715 1516 769 τῶν
1544 715 1719 770 ἄλλων
1761 717 2136 788 ἐπεισέρχεται
2171 717 2396 788 κειμένῃ
2441 719 2507 785 τῇ

945 803 1219 875 παρθένῳ,
1263 800 1362 870 τὴν
1405 801 1718 872 ἀρρωστίαν
1761 801 1898 871 ἔχων
1938 800 2253 867 ἀπολογίαν,
2284 799 2509 853 καὶτῶν

944 883 1338 956 θεραπαινίδων
1405 883 1663 946 πολλάκις
1722 884 2075 953 ὀκνηρότερον
2136 883 2508 954 διακειμένων,

944 971 1037 1020 καὶ
1075 966 1496 1038 παρακάθηται,
1525 969 1618 1020 καὶ
1660 966 1728 1019 τά
1762 967 1896 1021 ἄλλα
1927 966 2299 1036 ἐπιμελεῖται,
2347 966 2384 1020 ἀ
2415 984 2510 1034 γυ-

942 1053 1133 1113 ναίκας
1183 1052 1341 1120 μόνον
1381 1049 1635 1111 πολλάκις
1684 1049 1838 1119 θέμις
1881 1049 2179 1112 διακονεῖν,
2240 1050 2336 1103 καὶ
2389 1049 2509 1102 οὐτε

941 1134 1125 1203 ἐκείνη
1162 1133 1508 1204 αἰσχύνεται,
1552 1131 1686 1184 ἀλλά
1722 1133 1818 1186 καὶ
1856 1132 2356 1202 ἐγκαλλωπίζεται,
2389 1131 2508 1186 οὐτε

941 1212 1094 1280 οὗτος
1135 1216 1388 1288 ἐρυθριᾷ,
1419 1214 1556 1268 ἀλλά
1601 1216 1695 1269 καὶ
1732 1215 1910 1286 χαίρει
1962 1215 2242 1286 μειζόνως,
2287 1216 2380 1269 καὶ
2421 1233 2510 1268 το-

946 1299 1119 1368 σούτῳ
1173 1298 1390 1367 μᾶλλον,
1435 1299 1547 1370 ὅσῳ
1593 1300 1690 1369 τὴν
1726 1299 1966 1353 δουλείαν
2001 1300 2351 1371 αἰσχρότερον
2388 1302 2510 1353 ἐπι-

942 1381 1242 1434 δείκνυται·
1274 1382 1370 1434 καί⁸
1394 1383 1428 1452 ή
1450 1381 1776 1451 ἀποστολικὴ
1808 1385 1962 1452 ῥῆσις
1989 1383 2169 1450 ἐκείνη
2210 1384 2244 1450 ή
2283 1382 2512 1450 λέγουσα

942 1466 1046 1529 ὅτι,
1087 1466 1153 1518 Ἢ
1177 1464 1327 1528 δόξα
1357 1465 1428 1518 ὲν
1452 1465 1526 1532 τῇ
1553 1467 1812 1532 αἰσχύνῃ
1845 1463 2060 1526 αὐτῶν,
2082 1464 2170 1517 διά
2197 1464 2304 1517 τῶν
2335 1467 2510 1536 ἔργων

941 1547 1217 1600 δείκνυται
1249 1548 1391 1602 τότε.
1426 1549 1592 1600 Ὅταν
1622 1547 1678 1598 δέ
1715 1547 1803 1599 καὶ
1835 1549 1892 1598 αἰ
1924 1547 2295 1617 θεραπαινίδες
2331 1548 2510 1601 διανα-

945 1631 1142 1694 στῶσι,
1183 1629 1376 1701 χείρων
1418 1632 1450 1697 ή
1482 1629 1705 1699 αἰσχύνη
1730 1645 1742 1657 ’
1787 1630 1881 1683 καὶ
1931 1631 2038 1701 γάρ
2073 1631 2511 1703 ἀκατακαλύπτῳ

942 1715 1008 1782 τῇ
1032 1714 1260 1782 κεφαλῇ,
1287 1713 1376 1764 καί
1403 1712 1772 1781 μονοχίτωνες,
1799 1715 1894 1766 καὶ
1909 1719 2143 1785 γυμναῖς
2163 1719 2278 1779 ταῖς
2302 1716 2509 1786 χερσὶν,

941 1796 1038 1848 ac;
1067 1794 1495 1866 τεθορυϐημέναι
1534 1796 1629 1848 καὶ
1658 1797 1714 1850 ἐν
1748 1799 1902 1851 νυκτὶ
1930 1799 2334 1868 διανιστάμεναι
2355 1839 2368 1863 ,
2397 1801 2511 1854 δια-

940 1878 1192 1948 τρέχουσι
1217 1878 1483 1949 παρόντος
1509 1881 1720 1933 ἐκείνου
1741 1921 1754 1940 ,
1783 1883 1979 1950 μᾶλλον
2007 1883 2062 1934 δέ
2089 1885 2146 1934 ἐν
2179 1885 2329 1952 μέσῳ
2356 1901 2510 1954 στρε-

942 1963 1177 2030 φομένου
1227 1962 1322 2013 καὶ
1369 1961 1793 2027 συνδιαθέοντος,
1847 1965 2060 2016 ἅπαντα
2112 1966 2506 2032 ἀναγκάζονται

943 2043 1218 2112 πληροῦνο
1249 2039 1311 2094 οῦ
1354 2043 1407 2095 τί
1446 2045 1652 2111 γένοιτο
1684 2045 1750 2096 ἂν
1777 2046 2162 2115 αίσχρότερον;
2201 2049 2261 2100 Εἰ
2299 2047 2356 2100 δέ
2412 2051 2506 2100 καὶ

945 2131 1080 2196 μαῖα
1101 2127 1478 2196 παραγένοιτο,
1503 2127 1612 2179 οὐδ’
1637 2126 1808 2190 οὕτως
1832 2130 2235 2199 ἐπαισχύνεται.
2255 2131 2392 2184 ἀλλά
2413 2133 2507 2185 καὶ

942 2209 1118 2280 κορῶν
1152 2209 1445 2280 ἀλλοτρίων
1479 2210 1747 2264 ἐπιουσῶν
1779 2211 2150 2283 ἐναϐρύνεται.
2186 2215 2278 2278 Εἰς
2311 2214 2368 2266 ἓν
2399 2215 2506 2286 γάρ

941 2295 1042 2364 ὁρᾷ
1098 2293 1292 2363 μόνον,
1342 2294 1490 2357 ὃπως
1534 2293 1858 2358 ἐπιδείξαιτο
1897 2299 1964 2366 τῇ
2012 2297 2370 2371 ἀρρωστούσῃ
2409 2299 2507 2370 τήν

941 2377 1138 2430 ἐαυτοῦ
1167 2376 1469 2439 διακονίαν,
1500 2377 1602 2430 οὐκ
1630 2378 1782 2440 εἰδὼς
1814 2378 1895 2430 ὅτι
1927 2380 2036 2449 ὃσῳ
2061 2380 2126 2433 ἂν
2154 2381 2504 2452 ἐπιδείξηται,

941 2457 1179 2528 τοσούτῳ
1198 2459 1398 2528 μᾶλλον
1427 2461 1521 2512 καὶ
1545 2459 1717 2530 αὐτὴν
1738 2461 1985 2514 κάκεῖνον
2010 2465 2376 2533 καταισχύνει.
2401 2467 2509 2519 Καὶ

940 2543 994 2592 τί
1027 2541 1336 2611 θαυμαστὸν
1365 2544 1414 2595 εἰ
1442 2544 1888 2613 παραγενομένην
1920 2544 1996 2615 μὴ
2021 2545 2281 2618 ἐρυθριᾷς
2315 2548 2510 2602 πολλά-

941 2641 1030 2687 κις
1053 2626 1161 2694 γάρ
1187 2626 1280 2677 καὶ
1299 2626 1476 2695 μέσων
1497 2626 1704 2677 νυκτῶν
1729 2627 1829 2678 οὐκ
1853 2627 2092 2688 ὀκνοῦσι,
2114 2628 2508 2698 θεραπαινίδων

941 2707 1334 2776 εὐτελεστέρων
1368 2708 1526 2775 ἔργον
1565 2708 1863 2773 ποιοῦντες,
1900 2711 1986 2763 ἐπ’
2013 2711 2180 2782 αὐτήν
2211 2713 2310 2783 τὴν
2345 2717 2508 2780 μαῖαν

939 2790 1163 2860 δραμεῖν
1181 2809 1196 2821 ο
1226 2790 1353 2841 ὃταν
1379 2789 1436 2841 δέ
1465 2789 1858 2860 παραγένηται,
1881 2791 1976 2845 νῦν
2001 2793 2099 2862 μὲν
2122 2795 2284 2847 αὐτὸν
2311 2796 2506 2849 ἐκϐάλ-

940 2872 1090 2925 λουσι
1134 2872 1224 2924 καὶ
1253 2871 1482 2935 άκοντα,
1528 2871 1629 2924 κᾶν
1682 2872 1802 2926 λίαν
1837 2871 2284 2949 ἀναίσχυντοςῇ,
2317 2878 2410 2930 νῦν
2451 2879 2507 2932 δέ

942 2953 1324 3023 ἐπιτρέπουσιν
1349 2953 1376 2992 b
1407 2953 1667 3008 εἰσελθεῖν
1696 2956 1790 3008 καὶ
1815 2959 2186 3025 παρακαθίσαι
2207 2975 2222 2988 °
2253 2960 2428 3013 καίτοι
2454 2962 2506 3014 τί

941 3039 1007 3091 ἄν
1051 3055 1155 3100 τις,
1211 3037 1310 3089 κᾶν
1370 3037 1538 3107 μυρία
1587 3039 1915 3112 ἐπιτηδεύσῃ
1964 3039 2104 3094 ὥστε
2149 3043 2507 3114 καταισχῦναι

940 3121 1140 3180 αὐτδν,
1195 3118 1436 3172 τοιοῦτον
1487 3121 1764 3190 ποιήσειεν
1806 3121 1905 3187 ἂν,
1956 3119 2067 3176 οἷον
2124 3127 2286 3188 αὐτὸς
2342 3144 2511 3180 κατα-

942 3204 1194 3266 σκευάζει
1227 3201 1433 3270 ἐαυτῷ;
1475 3203 1643 3255 Ὅταν
1689 3204 1746 3256 δὲ
1779 3205 1963 3275 ήμέρα
1992 3208 2236 3278 γένηται,
2278 3209 2371 3261 καὶ
2414 3210 2512 3278 τῆς

940 3286 1100 3356 εὐνῆς
1135 3284 1473 3354 ἀμφοτέρους
1516 3284 1897 3349 ἐξανίστασθαι
1929 3288 2020 3358 δέῃ
2045 3327 2059 3348 ,
2086 3289 2235 3360 [265]
2275 3291 2512 3358 φυλακαὶ

941 3369 1036 3420 καὶ
1071 3369 1499 3438 παρατηρήσεις.
1533 3367 1672 3421 Οῦτε
1702 3368 1810 3439 γὰρ
1848 3370 2128 3440 προελθεῖν
2161 3374 2242 3434 εἰς
2277 3373 2338 3425 τὸ
2380 3372 2510 3437 ἐξώ-

940 3466 1098 3519 τερον
1123 3449 1390 3518 δωμάτιον
1424 3448 1594 3512 ἀδεῶς
1625 3451 1762 3521 αὐτὴ
1791 3449 1989 3505 δύναιτ’
2019 3453 2086 3506 ἄν
2104 3472 2117 3484 ο
2161 3454 2420 3518 πολλάκις
2451 3455 2508 3508 δὲ

941 3529 1298 3603 προελθοῦσα,
1322 3531 1450 3593 ἴσως
1472 3532 1566 3584 καὶ
1588 3533 1777 3603 γυμνῷ
1799 3534 1874 3603 τῷ
1898 3533 2107 3604 σώματι
2131 3539 2510 3605 προσπεσοῦσα

940 3614 1034 3667 τοῦ
1059 3613 1247 3684 ἀνδρός
1265 3630 1277 3642 ·
1306 3615 1557 3676 κάκεῖνος
1584 3614 1714 3667 αὐτὸ
1737 3615 1891 3669 τοῦτο
1917 3617 2263 3688 ὑφορώμενος
2291 3619 2382 3672 νῦν
2411 3620 2510 3690 μέν

941 3696 1310 3766 προαγγείλας
1339 3695 1585 3767 εἰσῆλθε,
1629 3695 1724 3749 νῦν
1756 3697 1814 3750 δέ
1842 3699 2187 3767 ἀφυλάκτως,
2221 3704 2314 3755 καὶ
2346 3702 2511 3756 πολὺν

937 3778 1161 3848 ὤφλησε
1205 3778 1434 3846 γέλωτα⁸
1488 3779 1646 3833 πλέον
1677 3780 1786 3852 γάρ
1817 3783 1968 3836 οὐδὲν
2015 3786 2186 3836 εἰπεῖν
2231 3783 2507 3855 βούλομαι.

941 3861 1127 3914 Ταῦτα
1163 3860 1240 3923 δέ,
1278 3863 1326 3914 εί
1367 3863 1459 3914 καὶ
1508 3863 1701 3934 μικρά,
1741 3866 2008 3934 μεγάλους
2036 3866 2312 3936 ἄνθρακας
2349 3869 2511 3921 ἀσελ-

939 3945 1095 4013 γείας
1120 3943 1325 3996 τίκτειν
1353 3944 1528 3996 εἴωθε.
1560 3947 1666 3998 Καὶ
1699 3947 1868 4000 ταῦτα
1913 3950 2011 4018 μὲν
2052 3951 2144 4002 ἐπὶ
2178 3951 2277 4020 τῆς
2313 3952 2508 4015 οἰκίας,

940 4028 1038 4080 καὶ
1083 4027 1305 4079 πλείονα
1344 4029 1582 4080 τούτων’
1623 4029 1752 4082 ὃταν
1788 4031 1846 4083 δὲ
1891 4035 1970 4094 εἰς
2011 4033 2218 4103 ἀγοράν
2261 4034 2512 4103 ἐμϐαλὼν

942 4110 1222 4163 ἐπανιέναι
1255 4109 1452 4180 μέλλῃ,
1485 4111 1687 4178 μείζων
1719 4114 1752 4182 ή
1783 4114 2130 4186 ἀσχημοσύνη
2163 4117 2342 4170 πάλιν.
2384 4119 2511 4171 "Ara

943 4193 1053 4263 γάρ
1085 4194 1164 4254 είς
1199 4192 1332 4244 ἰδίαν
1363 4191 1544 4244 εἰσιὼν
1575 4194 1769 4258 οἰκίαν,
1814 4198 1906 4250 καὶ
1938 4198 2037 4249 οὐκ
2073 4198 2512 4270 ἀναγκαζόμενος

942 4273 1338 4345 παραγγεῖλαι.
1373 4275 1834 4346 παρακαθημένοις
1865 4277 2036 4350 εὑρὼν
2073 4285 2334 4348 γυναῖκας
2377 4300 2510 4336 κατ-

940 4357 1168 4426 ῄσχυνεν
1208 4356 1439 4426 ἐκείνηψ
1472 4358 1566 4410 καὶ
1595 4358 1732 4428 αὐτὴ
1761 4359 1816 4414 δὲ
1860 4361 1916 4414 τὸ
1946 4363 2076 4414 αὐτὸ
2107 4362 2340 4418 πέπονθε
2383 4367 2511 4419 πολ-

944 4440 1122 4500 λάκις.
1149 4441 1255 4490 Καὶ
1283 4441 1541 4505 γυναῖκας
1572 4441 1666 4508 μὲν
1687 4443 1820 4512 γυνὴ
1849 4443 2100 4507 δέξασθαι
2124 4447 2345 4517 αἰσχρὸν
2372 4445 2508 4503 εἶναι

944 4521 1214 4590 νενόμικε,
1239 4521 1333 4573 καὶ
1357 4521 1556 4591 ἄνδρας
1578 4524 1605 4575 ὁ
1626 4525 1724 4594 ἀνή
1734 4541 1782 4594 ρ·
1807 4526 2053 4595 ἀλλήλοις
2076 4527 2132 4579 δὲ
2163 4533 2424 4584 συνοικεῖν
2445 4533 2506 4584 οὐ

943 4601 1369 4672 παραιτοῦνται,
1419 4604 1836 4674 παραιτούμενοι
1885 4608 2123 4680 ἀλλήλων
2154 4611 2278 4675 τοὺς
2313 4613 2514 4682 ὁμοφύ-

940 4687 1066 4749 λους
1100 4685 1320 4750 ξενίσαι.
1358 4685 1423 4736 Τί
1456 4685 1642 4739 τούτου
1683 4691 1860 4759 χεῖρον
1892 4690 2086 4757 γένοιτ’
2119 4691 2222 4757 άν;
2262 4695 2414 4749 Ἐστι
2452 4697 2509 4749 δὲ

942 4770 1032 4821 ὅτε
1060 4769 1221 4821 αὐτὸν
1264 4769 1356 4820 καὶ
1387 4771 1604 4835 γυναικί
1633 4767 1787 4841 εὗρον
1827 4774 2283 4846 παρακαθήμενον
2312 4795 2512 4847 μηρυο-

946 4851 1083 4922 μένῃ
1104 4893 1118 4915 ,
1153 4851 1186 4920 ἢ
1220 4852 1315 4903 καὶ
1346 4851 1623 4921 ἠλακάτην
1657 4854 1872 4926 ἐχούσῃ.
1926 4855 1989 4910 Τί
2026 4859 2091 4912 ἄν
2119 4875 2204 4922 τις
2235 4860 2378 4914 εἴποι
2412 4864 2510 4924 τὰς

945 4933 1158 5004 ὕϐρεις,
1190 4933 1290 5014 τὰς
1321 4933 1498 5003 μάχας
1525 4935 1620 4996 τάς
1647 4937 2050 5008 καθημερινάς;
2085 4939 2186 4993 κάν
2210 4941 2318 5012 γάρ
2343 4943 2510 5014 πολλὴ

943 5019 978 5086 ή
1009 5017 1157 5084 φιλία
1186 5013 1250 5090 ᾖ,
1295 5017 1388 5069 καὶ
1417 5016 1589 5070 ταῦτα
1621 5020 1936 5087 συμϐαίνειν
1973 5025 2135 5084 εἰκός.
2176 5028 2420 5081 Ἤκουσα
2452 5013 2510 5083 δέ

946 5101 1121 5166 ἔγωγέ
1158 5117 1340 5160 τινων,
1372 5101 1454 5154 δτι
1484 5102 1578 5154 καὶ
1608 5101 1935 5172 ζηλοτυπίας
1963 5106 2350 5176 ὑπομένουσιν·
2381 5111 2510 5165 ἔνθα

945 5185 1052 5254 γάρ
1092 5183 1164 5253 μὴ
1264 5184 1449 5253 ἀγάπη
1479 5187 1841 5255 πνευματικὴ,
1878 5189 2090 5260 ἀνάγκη
2126 5193 2218 5245 καὶ
2243 5194 2397 5248 τοῦτο
2427 5197 2510 5264 γί-

943 5266 1152 5318 νεσθαι.
1210 5265 1489 5320 Ἐντεῦθεν
1512 5269 1578 5320 τά
1606 5268 1871 5339 πτώματα
1900 5272 1968 5326 τά
2001 5274 2197 5343 συνεχῆ
2218 5315 2232 5337 ,
2266 5278 2511 5333 ἐντεῦθεν

947 5351 1003 5400 αἱ
1037 5345 1344 5417 διαφθοραὶ,
1377 5350 1622 5404 ἐντεῦθεν
1655 5353 1993 5426 ἀνελεύθεροι
2040 5357 2134 5410 καὶ
2173 5359 2510 5428 ἀναίσχυντοι

944 5431 1185 5496 γίνονται
1222 5432 1274 5482 αἱ
1315 5434 1591 5503 παρθένοι,
1621 5436 1721 5489 κάν
1755 5437 1828 5508 μὴ
1858 5439 2194 5511 διαφθαρῶσι
2226 5443 2284 5495 τὸ
2325 5443 2508 5513 σῶμα,

943 5513 1011 5598 το
1033 5509 1163 5598 ἦθος
1191 5513 1648 5598 διαφθειρόμεναι.
1685 5520 1852 5572 Ὅταν
1885 5523 1992 5592 γάρ
2034 5509 2172 5593 μετά
2203 5509 2510 5598 παρρησίας

947 5595 1094 5668 μάθῃ
1113 5596 1454 5664 διαλέγεσθαι
1493 5601 1663 5671 ἀνδρὶ,
1697 5604 1790 5656 καὶ
1815 5605 2276 5672 συγκαθέζεσθαι,
2306 5595 2396 5664 καί
2419 5614 2511 5665 ἀν-

942 5680 1238 5739 τιδλέπειν.
1290 5682 1382 5733 καὶ
1429 5681 1588 5751 γελᾷν
1653 5686 1946 5756 παρόντος,
1997 5690 2086 5742 καὶ
2137 5691 2305 5745 πολλά
2350 5694 2510 5764 ἕτερα

943 5761 1272 5831 ἀσχημονεῖν
1292 5805 1306 5830 ,
1343 5765 1435 5816 καὶ
1469 5767 1631 5834 μηδὲν
1660 5770 1878 5837 ήγεῖται
1921 5769 2076 5822 τοῦτο
2109 5769 2246 5827 εἶναι
2296 5761 2466 5829 δεινὸν
2493 5817 2509 5840 ,

943 5843 1242 5917 ἀναιρεῖται
1276 5847 1335 5900 τὸ
1377 5851 1770 5920 καταπέτασμα
1801 5851 1900 5922 τῆς
1943 5854 2257 5924 παρθενίας,
2290 5862 2380 5914 καὶ
2408 5878 2508 5916 παρ

1003 6049 1032 6107 ἒ
1055 6047 1138 6096 Sic
1160 6049 1307 6096 Savil.
1337 6052 1386 6096 ln
1411 6051 1581 6099 Morel.
1605 6053 1690 6107 τὴν
1712 6049 2025 6102 συνοικοῦσαν
2045 6054 2201 6105 deest.

1002 6106 1029 6147 δ
1055 6109 1203 6160 Savil.
1231 6111 1451 6173 ἐπέτρεπε
1472 6120 1520 6162 el
1545 6106 1689 6174 supra
1711 6113 1912 6167 ἐξεϐαὶε.

1692 518 1748 573 S.
1797 518 2082 576 JOANNIS
2123 517 2613 574 CIIRYSOSTOMI
2645 518 2962 575 ARCHIEP.
3001 524 3543 581 CONSTANTINOP.

4090 538 4195 592 Ξ.ὗῦ

2615 634 2783 684 τεῖται
2803 631 2863 685 τὸ
2890 631 3068 696 ἄνθος.
3112 637 3387 694 Ἐντεῦθεν
3413 641 3560 693 οὐδὲν
3589 639 3833 694 ὀκνοῦσιν
3854 683 3870 706 ,
3895 645 4016 698 οὐδέ
4050 668 4195 721 παρ-

2616 717 2919 782 αιτοῦνται,
2967 716 3101 770 ἀλλά
3140 721 3234 772 καὶ
3266 725 3516 793 πρόϐολοι
3557 724 3650 778 καὶ
3677 729 4077 798 προμνήστριαι
4107 716 4196 801 ᾖε-

2616 816 2798 852 νονται
2828 801 3026 871 γάμου,
3064 801 3154 852 καὶ
3180 803 3422 869 γίνονται
3451 809 3681 881 κάπηλοι
3708 812 4048 880 πραγμάτων
4069 817 4193 870 ἐτές

2620 897 2758 950 ρων,
2799 885 2892 936 καὶ
2946 882 3272 953 βουλομένας
3332 891 3588 957 χηρεύειν
3641 891 3834 956 πολλὰς
3890 897 4190 962 κωλύουσι,

2616 965 2930 1032 νομίζουσαι
2957 967 3064 1019 τῶν
3093 966 3307 1019 οἰκείων
3337 973 3525 1026 κακῶν
3552 977 3844 1045 ἀπολογίαν
3891 979 4191 1049 εὑρηκέναι

2614 1045 2817 1116 ταύτην
2843 1065 2856 1077 ·
2907 1049 3153 1102 ἐντεῦθεν
3185 1049 3652 1123 εὐκαταφρόνητοι
3687 1061 3850 1113 πᾶσίν
3898 1045 4070 1125 εἰσιν,
4104 1066 4192 1115 ἐν-

2615 1128 2802 1180 τεῦθεν
2834 1132 2927 1185 καί.
2955 1134 3114 1187 αὐταὶ
3141 1135 3195 1185 αἰ
3226 1136 3651 1203 γεγαμημέναιε
3696 1144 3864 1206 αὐτὰς
3895 1146 3993 1198 οὒκ
4029 1147 4192 1199 ἐπαιο

2618 1211 2918 1280 σχύνονται,
2945 1217 3038 1269 ac:
3063 1217 3280 1288 ἄμεινον
3310 1217 3487 1270 αὐτῶν
3519 1220 3851 1287 πράττουσαι
3886 1232 4187 1300 πανταχοῦ.

2617 1295 2802 1366 nemp
2847 1297 2956 1368 γάρ
3009 1299 3213 1368 βέλτιον
3259 1301 3339 1353 ενι
3390 1302 3485 1354 καὶ
3529 1301 3764 1372 δευτέρῳ
3820 1295 4191 1368 συνάπτεσθαι

2617 1378 2798 1448 γάμῳ,
2832 1379 2864 1449 ἢ
2895 1383 3120 1435 τοιαῦτα
3164 1385 3524 1454 ἀσχημονεῖν,
3569 1386 3662 1438 καὶ
3701 1396 4041 1458 προαγωγῶν
4096 1400 4193 1450 καὶ

2620 1463 2946 1533 μαστροπῶν
2968 1465 3220 1520 ὑπόνοιαν
3244 1467 3539 1538 λαμϐάνειν
3571 1468 3722 1540 παρά
3750 1458 3935 1533 πᾶσιν,
3962 1476 4044 1527 ὃτι
4080 1481 4191 1531 τῶν

2617 1545 2786 1615 ἡδέων
2831 1546 3116 1601 ἀποστᾶσα
3161 1548 3254 1601 τοῦ
3295 1551 3475 1620 γάμου
3525 1554 3638 1614 τοῖς
3668 1557 3943 1622 φορτικοῖς
3984 1556 4191 1625 ἐαπὴν

2617 1626 2905 1680 ὑποϐάλλει
2928 1628 3023 1682 τοῦ
3053 1631 3251 1700 γάμου.
3287 1632 3352 1684 Τί
3380 1634 3487 1705 γάρ
3511 1632 3907 1706 φορτικώτερον
3944 1637 3976 1707 ἦ
4017 1638 4192 1708 ἄνδρα

2617 1709 2756 1779 ἔχειν
2797 1711 2888 1763 καὶ
2920 1710 2988 1765 τά
3035 1715 3242 1767 ἐκείνου
3285 1718 3586 1786 μεριμνᾷνς
3640 1717 3937 1786 ’Δπήλλαξέ
3988 1736 4046 1772 σε
4087 1723 4193 1788 τῆς

2616 1792 2906 1863 ἐπαχθείας
2936 1795 3140 1865 ταύτης
3160 1799 3188 1850 ὁ
3228 1796 3381 1860 Θεός·
3413 1798 3494 1858 τὸ,
3528 1799 3673 1866 Πρὸς
3711 1800 3815 1852 τὸν
3847 1801 4036 1869 ἄνδρα
4069 1820 4191 1855 σου

2616 1875 2654 1941 ἡ
2681 1876 3034 1944 ἀποστροφή
3060 1895 3196 1942 σου,
3220 1881 3316 1932 καί
3342 1883 3522 1947 αὑτός
3543 1898 3658 1935 σου
3687 1886 4006 1950 κιῬιεύσει.
4035 1886 4193 1938 λέλυσ

2612 1958 2701 2009 ταί
2739 1975 2820 2010 σοι
2857 1959 2944 2010 διὰ
2981 1961 3083 2028 τῆς
3127 1961 3456 2030 παρθενίας·
3489 1964 3542 2016 τί
3573 1965 3730 2018 πάλιν
3757 1968 4058 2020 ἐπισπεῖσαι
4088 1973 4192 2036 τὴν

2611 2040 2888 2105 δουλείαν;
2947 2043 3264 2114 Ἐλευθέραν
3290 2061 3349 2096 σε
3393 2046 3646 2116 ἐποίησεν
3678 2049 3705 2098 ὁ
3731 2049 3982 2119 Χριστὸς,
4018 2053 4085 2103 σύ
4132 2053 4192 2104 δὲ

2615 2127 2784 2194 σαυτῇ
2814 2125 3039 2196 ῥάπτεις
3076 2127 3399 2198 πράγματα·
3430 2131 3728 2201 ἀμέριμνύν
3756 2149 3813 2184 σε
3843 2133 4086 2203 ἐποίησε,
4123 2140 4189 2186 συ

2613 2206 2670 2260 δέ
2697 2209 2930 2271 ἐπινοεῖς
2955 2209 3239 2277 φροντίδας
3250 2248 3264 2262 .

2685 2289 2750 2344 θ’.
2781 2289 2939 2344 Ἀλλά
2965 2292 3070 2360 γάρ
3093 2291 3280 2363 ἐπειδὴ
3301 2293 3570 2366 μερίμνης
3586 2295 3979 2366 ἐμνημόνευσα,
3999 2297 4193 2350 εὐκαί-

2616 2390 2726 2445 ρως
2795 2389 2862 2443 με
2915 2372 3089 2426 ταῦτα
3149 2373 3380 2443 λέγοντα
3444 2377 3659 2447 εἰσῆλθε
3717 2378 3775 2430 τὸ
3829 2379 4189 2431 ἀποστολαὶ-ι

2616 2457 2791 2509 ἐκεῖνο
2833 2455 3004 2526 ῥῆμα.
3052 2457 3114 2509 Εἰ
3138 2457 3245 2528 γὰρ
3270 2456 3330 2510 τὸ
3360 2464 3624 2512 συνοικεῖν
3648 2460 3869 2531 ἀνδράσι
3895 2467 4187 2529 γυναῖκας.

2615 2540 2710 2592 καὶ
2750 2538 2992 2606 γυναιξὶν
3035 2539 3265 2609 ἄνδρας,
3299 2539 3456 2593 τοῦτο
3494 2542 3823 2612 ὑπετέμνετο
3874 2545 4186 2613 φροντίδας,

2615 2622 2714 2674 οὐκ
2754 2620 2821 2674 ἂν
2863 2622 2954 2672 ἐπὶ
2993 2621 3314 2692 ἐγκράτειαν
3363 2623 3692 2692 παρακαλῶν
3728 2627 3755 2675 ό
3788 2627 3997 2687 Παῦλος
4038 2624 4186 2688 εἷπε,

2618 2703 2779 2757 Θέλω
2799 2703 2865 2755 δὲ
2886 2701 3038 2772 ὑμᾶς
3060 2705 3417 2772 ἀμερίμνους
3436 2703 3588 2758 εἶναι
3605 2745 3621 2766 ,
3641 2705 3716 2767 ὡς
3739 2709 3829 2758 καὶ
3851 2709 4022 2779 ταύτῃ
4051 2726 4162 2778 προ
4177 2740 4189 2747 -

2615 2785 2828 2854 τρέπων
2869 2785 3035 2854 ήμάς.
3076 2786 3140 2836 Τί
3173 2786 3280 2856 γάρ
3311 2785 3595 2855 βούλεσθε;
3638 2789 3821 2856 φησίνσ
3853 2791 4185 2854 ἀ·.·άπαυσιν,

2614 2868 2708 2920 καὶ
2738 2867 3074 2938 ἐλευθερίαν;
3121 2862 3256 2921 Εἶτα
3299 2869 3395 2932 οὐχ
3422 2869 3584 2939 ὁρᾶτε
3615 2870 3676 2922 τὸ
3705 2872 3944 2923 ἐναντίον
3991 2873 4185 2925 ἐκϐαῖ-

2613 2966 2702 3002 νον
2725 2946 2774 3011 ά,
2805 2949 3051 3002 δουλείαν
3073 2950 3166 3001 καί⁵
3193 2948 3422 3020 μόχθους
3448 2951 3542 3003 καὶ
3577 2950 3947 3022 ταλαιπωρίας
3979 2955 4188 3017 πολλάς

2615 3031 2767 3104 [266]
2791 3031 2897 3085 ἀπὸ
2923 3032 3016 3085 τοῦ
3046 3036 3313 3085 συνοικεῖν
3341 3035 3587 3105 ἀνδράσι;
3608 3036 3802 3089 Πολλαὶ
3823 3037 3952 3104 γοῦν
3979 3039 4189 3091 πολλάο

2617 3133 2702 3178 κις
2730 3115 3099 3168 ἀποϐαλοῦσαι
3121 3117 3248 3178 τούς
3270 3116 3467 3186 ἄνδρας
3489 3117 3577 3170 διά
3601 3119 3756 3171 τοῦτο
3785 3121 3883 3171 οὐκ
3907 3121 4190 3191 ἐγήμαντο

2618 3197 2800 3262 πάλιν,
2835 3197 2922 3250 ἵνα
2951 3199 3025 3269 μὴ
3060 3198 3166 3251 ὑπὸ
3192 3197 3354 3264 ζυγὸν
3377 3199 3619 3264 δουλείας
3644 3201 3802 3254 πάλιν
3821 3197 3972 3256 ὦσιν.
4008 3205 4189 3266 Ὃλως

2617 3278 2676 3331 δέ
2710 3279 2760 3330 εἰ
2802 3279 2962 3350 πενίᾳ⁵
3007 3280 3196 3350 συζῇς,
3244 3281 3340 3332 καὶ
3379 3283 3710 3352 πανταχόθεν
3749 3285 4190 3354 ἀπροστάτευτος

2616 3357 2688 3423 εἷ,
2719 3361 2919 3431 ἀρετὴν
2949 3361 3212 3425 ἐπίδειξαι
3241 3361 3377 3431 βίου,
3409 3364 3504 3416 καὶ
3529 3364 3663 3432 πρὸς
3692 3363 3859 3434 ἀνδρα
3885 3367 3985 3433 μέν
4016 3368 4190 3434 μηδὲν

2615 3443 2704 3513 έχε
2727 3444 2925 3506 κοινὸν,
2951 3443 3212 3514 ἀνάμιξον
3249 3446 3305 3497 δέ
3335 3447 3538 3516 σαυτὴν
3568 3447 3808 3512 γυναιξὶν
3832 3449 4190 3517 εὐσχημόνως

2617 3524 2986 3596 βεϐιωκυίαις,
3019 3528 3111 3579 καὶ
3143 3526 3265 3579 οὑτε
3299 3527 3519 3589 ἀπολεῖς
3549 3544 3642 3580 σου
3667 3527 3755 3580 τὸν
3783 3531 4066 3596 στέςανον,
4091 3535 4191 3584 καὶ

2615 3607 2801 3670 ἀδείας
2836 3607 3168 3671 ἀπολαύσεις
3203 3610 3401 3678 πάσης.
3445 3609 3508 3662 Εἰ
3551 3609 3608 3662 δὲ
3645 3609 4001 3680 δυσπόριστον
4044 3609 4188 3666 εἶναι

2616 3687 2773 3742 τοῦτο
2806 3689 3064 3760 νομίζεις,
3097 3691 3332 3759 ζήτησον
3363 3692 3686 3754 σπουδαίως.
3707 3693 3800 3744 καὶ
3835 3694 4054 3757 πάντως
4099 3697 4190 3748 εὑ-

2623 3773 2840 3842 ρήσειςο
2885 3771 3083 3842 μᾶλλον
3101 3772 3159 3825 δέ
3188 3773 3308 3825 οὐδὲ
3350 3772 3532 3842 ζητεῖν
3563 3775 3794 3844 ἀνάγκη.
3826 3775 4036 3846 Ὥσπερ
4074 3779 4189 3850 γάρ

2618 3853 2697 3924 τῷ
2723 3854 2861 3922 φωτὶ
2884 3856 3291 3925 προστρέχομεν
3321 3854 3577 3920 ἀπαντες,
3621 3855 3790 3918 οὕτως
3812 3859 3904 3909 ὲαν
3927 3859 4189 3929 λάμψωσί

2622 3952 2714 3988 σου
2743 3936 2838 4006 τῆς
2869 3937 3138 3998 πολιτείας
3172 3938 3228 3988 αἱ
3257 3938 3492 4000 ἀκτῖνες,
3530 3941 3701 3991 πᾶσαι
3734 3940 4186 4010 ἐπιδραμοῦνται,

2619 4020 2908 4088 ἀγαπῶσαι
2934 4021 3132 4090 ἐκάστη
3156 4020 3402 4073 διακόνου
3433 4039 3513 4074 σοι
3535 4023 3684 4086 τάξιν
3715 4025 3948 4094 ἐπέχειν,
3975 4029 4070 4080 καὶ
4087 4031 4190 4099 τῆς

2623 4101 2755 4166 ἰδίας
2789 4103 2968 4165 οἰκίας
3010 4104 3311 4173 ἀσφάλειάν
3346 4121 3403 4156 σε
3444 4106 3705 4175 ἡγήσεται
3739 4105 3898 4170 εἶναι,
3948 4113 4045 4163 καὶ
4100 4114 4192 4165 κό-

2621 4202 2754 4256 σμον
2785 4185 2876 4238 τοῦ
2913 4185 3028 4255 βίου
3046 4225 3060 4247 ,
3104 4188 3196 4238 καὶ
3222 4187 3481 4256 στέφανον
3505 4187 3602 4257 τῆς
3626 4189 3766 4257 ζωῆς
3802 4192 3939 4244 κατά
3966 4194 4060 4245 τὸν
4088 4196 4187 4247 τοῦ

2619 4267 2852 4337 Χριστοῦ
2908 4269 3080 4337 λόγον.
3107 4271 3342 4336 Ζητεῖτε
3363 4270 3490 4340 γάρ,
3523 4273 3672 4341 φησὶ,
3709 4274 3821 4338 τὴν
3852 4277 4190 4338 βασιλείαν

2618 4347 2722 4404 τοῦ
2755 4350 2920 4423 ᾃεοῦ,
2949 4352 3043 4404 καί
3074 4353 3257 4406 ταῦτα
3293 4353 3488 4406 πάντα
3520 4356 3989 4422 προστεθήσεται
4015 4360 4186 4426 ὑμῖν.

2616 4434 2753 4486 Νυνὶ
2776 4433 2831 4486 δὲ
2854 4435 2948 4488 καὶ
2972 4435 3064 4487 τοῦ
3091 4435 3198 4488 τῶν
3221 4435 3488 4505 βιωτικῶν
3511 4438 3792 4490 ἐκπίπτειν
3813 4443 3973 4508 ἡμεῖς
3994 4443 4185 4506 αἴτιοι,

2615 4517 2723 4570 τῶν
2749 4519 3015 4590 οὐρανίων
3038 4520 3364 4590 ἀμελοῦντες
3383 4523 3744 4592 πραγμάτων.
3775 4525 3834 4576 'H
3844 4529 3950 4595 μᾶς
3966 4527 4024 4579 δὲ
4053 4529 4188 4581 ὅταν

2615 4602 2776 4665 είπω,
2825 4603 2926 4654 οὐκ
2967 4603 3167 4674 ἄνδρας
3200 4603 3346 4672 λέγω
3381 4606 3559 4674 μόνον,
3607 4609 3739 4662 ἀλλά
3779 4612 3868 4663 καὶ
3895 4613 4060 4681 ὑμᾶς,
4092 4618 4190 4667 καὶ

2617 4684 2759 4768 ὑμᾶς
2802 4683 3060 4768 μᾶλλονῆ
3102 4686 3321 4757 ἄνδρας.
3374 4688 3528 4741 Ἐπεὶ
3555 4693 3647 4745 καὶ
3686 4694 3833 4764 παρά
3872 4696 3969 4765 τὴν
4007 4699 4188 4768 ἀρχὴν

2614 4767 2703 4820 διά
2732 4767 2888 4850 τοῦτο
2940 4768 3324 4840 χαλεπωτέραν
3378 4772 3590 4836 ἐδέξατο
3636 4778 3901 4848 τιμωρίαν
3938 4781 3973 4848 ή
4019 4767 4184 4850 γυνη,

2616 4849 2802 4921 ἐπειδὴ
2841 4852 2934 4904 καὶ
2964 4851 3024 4904 τὸ
3055 4851 3216 4905 πλέον
3244 4853 3345 4922 τῆς
3382 4856 3595 4926 ἀπάτης
3622 4861 3926 4928 εἰσήνεγκε·
3964 4863 4046 4915 διὸ
4089 4849 4188 4916 καὶ

2615 4932 2712 5004 τὴν
2741 4934 3102 5004 ἀπατήσασαν
3119 4935 3213 4988 τοῦ
3242 4937 3612 5007 ἀπατηθέντος
3647 4942 3840 5011 μᾶλλον
3868 4945 4135 4996 ἐκόλασεν
4163 4950 4189 4996 ὀ

2615 5015 2780 5080 Θεός·
2814 5017 2843 5069 ὃ
2883 5017 2977 5069 καὶ
3014 5018 3108 5070 νῦν
3142 5017 3314 5080 ἔσται,
3344 5019 3409 5072 ἂν
3437 5023 3510 5091 μὴ
3555 5023 3844 5094 βουληθῆτε
3879 5027 4186 5097 61090033:-

2618 5097 2778 5162 σθαι,
2819 5099 3076 5169 καὶπρὸς
3139 5099 3237 5170 τὴν
3281 5102 3484 5154 οίκείαν
3522 5107 3830 5159 ἐπανελθεῖν
3874 5109 4186 5176 εὐγένειαν.

2615 5183 2714 5234 Διά
2762 5183 2870 5252 γάρ
2903 5200 2985 5235 τοι
3017 5182 3284 5236 τοῦτοκαὶ
3316 5185 3504 5255 ήγυνῆ
3533 5189 3652 5240 τότε
3673 5190 4069 5260 ἐγκαλουμένη,
4105 5195 4186 5243 ὄπ

2616 5263 2692 5333 τῷ
2719 5265 2870 5335 ἀνδρὶ
2915 5266 3112 5318 ἔδωκεν
3145 5267 3208 5318 ἐκ
3242 5266 3333 5319 τοῦ
3374 5270 3606 5338 καρποῦ,
3638 5273 3736 5324 οὐκ
3775 5273 4078 5342 ἐτόλμησεν
4112 5278 4190 5324 εί-

2617 5351 2760 5410 πεῖν,
2794 5349 2876 5401 ὅτι
2904 5351 3069 5420 ἐχρῆν
3101 5351 3198 5420 μὲν
3229 5351 3391 5404 αὐτὸν
3417 5352 3580 5424 ἄνδρα
3602 5355 3728 5409 ὄντα
3759 5360 3830 5429 μή
3862 5359 4185 5425 πεισθῆναι.

2622 5431 2754 5501 μηδέ
2797 5432 3166 5502 ἀπατηθῆναι,
3197 5433 3333 5486 ἀλλά
3361 5435 3561 5508 ταύτην
3603 5441 3699 5509 μὲν
3725 5441 3799 5502 ὡς
3827 5441 3977 5492 οὐδὲν
4016 5438 4077 5492 οὗ
4092 5459 4191 5494 σαν

2617 5513 2907 5581 ἀπολογίαν
2930 5514 3202 5585 ἐσίγησεν,
3233 5517 3317 5585 ἐφ’
3342 5519 3530 5591 ἑτέραν
3551 5521 3606 5574 δὲ
3634 5519 3814 5592 ἦλθεν.
3854 5523 4052 5593 ἀσθενῆ
4088 5527 4188 5593 μὲν

2618 5599 2714 5650 καὶ
2761 5597 2952 5664 αὐτὴν.
2999 5598 3136 5668 πλὴν
3175 5599 3287 5652 ἀλλ’
3335 5602 3482 5673 ὅμως
3536 5606 3684 5675 παρὰ
3732 5602 3930 5672 ταύτην
3980 5612 4191 5676 μᾶλλον

2618 5679 2845 5748 ἔχουσαν
2874 5679 3047 5747 λόγον.
3076 5683 3237 5736 ’Ὅθεν
3260 5684 3439 5754 δῆλον,
3466 5689 3546 5739 ὅτι
3588 5686 3783 5756 μᾶλλον
3813 5690 3923 5751 τοῖς
3965 5694 4190 5762 ἠπατη-

2619 5763 2801 5834 μένοις
2827 5762 2998 5828 ἔξεστι
3023 5767 3417 5836 προϐάλλεσθαι
3452 5771 3576 5830 τοὺς
3610 5769 3944 5836 ἀπατεῶνας,
3978 5776 4010 5844 ἦ
4042 5779 4194 5830 ἐκεί⁹

2617 5862 2729 5908 νοις
2755 5847 2879 5910 τοὺς
2900 5849 3304 5920 ἠπατημένους.
3341 5852 3405 5903 Ἦ
3425 5851 3592 5922 πόρνη
3609 5852 3759 5906 καλεῖ
3785 5857 3875 5908 τὸν
3894 5859 4192 5930 ὑϐρίζοντα

2679 6006 2701 6032 θ
2736 6004 2882 6080 ξείνη.
2907 6010 2954 6055 αἰ
2978 6010 3292 6077 γεγαμημέναι
3316 6009 3474 6065 αὐταῖς
3494 6010 3907 6084 ἐπαισχύνονται,ε
3929 6032 4029 6080 quo
4051 6038 4194 6082 γεγα-

2623 6083 2820 6166 μημεναι
2839 6083 3134 6130 recepimus,
3165 6084 3250 6130 pro
3279 6087 3601 6131 γεγαμηκυιαι.
3626 6083 3760 6124 ινιτ.

2735 6129 2860 6166 Ἁξιιὶι
2906 6131 3116 6166 ἑνὲηἷυνιυ
3159 6131 3307 6166 lini-nl
3356 6133 3566 6166 ἐιιιπῖω-ιυ

2735 6136 2814 6179 δεμ
2829 6129 2878 6178 il.
2905 6129 3134 6184 ἐκϐαῖνον,
3158 6129 3325 6181 Morel.
3345 6129 3583 6193 νέμειαῐνον.
