4490 6740
427 578 532 636 59.9

427 698 752 760 praetexens,
782 691 835 737 et
863 684 1068 739 ancillis
1110 695 1252 749 serpe
1280 677 1478 733 tardius
1511 680 1706 749 paratis
1730 720 1743 743 ,
1773 687 1827 733 et
1867 678 1999 732 assi-

426 783 515 834 det
538 787 590 831 et
615 773 716 828 alia
738 783 886 828 curat
916 789 1034 844 qua:
1061 770 1334 823 mulierem
1362 770 1680 840 quandoque
1721 768 1887 822 solam
1914 770 1998 822 vix

427 866 728 922 ministrare
765 864 844 919 fas
868 873 988 926 est;
1021 877 1191 928 neque
1223 863 1382 930 pudet
1427 863 1602 924 illam,
1635 858 1730 914 sed
1773 858 1996 927 gloriam

425 961 607 1024 putat,
658 969 830 1023 neque
861 953 974 1020 ipse
1003 951 1302 1018 erubescit,
1331 952 1426 1006 sed
1475 950 1644 1018 magis
1671 948 1898 1017 gaudet,
1945 956 1999 1001 et

423 1051 569 1096 tanto
592 1044 760 1112 magis
780 1052 979 1111 quanto
1006 1040 1282 1097 ftediorem
1312 1042 1620 1096 servitutem
1649 1052 1757 1106 pra:
1786 1052 1845 1091 se
1872 1036 1992 1091 fert.

420 1132 784 1201 Apostolicum
815 1131 945 1186 illud
977 1133 1193 1187 verbum
1225 1132 1364 1202 quod
1394 1131 1552 1192 dicit,
1591 1129 1765 1183 Gloria
1791 1130 1841 1182 in
1868 1145 1988 1182 con-

420 1223 619 1290 fusione
644 1223 866 1291 ipsorum
896 1221 1154 1295 (Philipp.
1186 1225 1238 1277 5.
1290 1222 1411 1289 19),
1446 1229 1569 1274 tunc
1597 1235 1656 1273 re
1698 1219 1813 1289 ipsa
1843 1236 1994 1278 mou-

419 1322 636 1366 stratur.
689 1312 784 1369 Ubi
836 1323 1012 1369 autem
1061 1323 1116 1368 et
1154 1312 1360 1366 ancilla:
1409 1311 1774 1374 surrexerint,
1822 1313 1994 1380 major

421 1403 714 1473 turpitudo;
768 1421 889 1459 nam
919 1414 971 1460 et
998 1413 1183 1472 aperto
1211 1400 1412 1468 capite,
1460 1409 1514 1454 et
1540 1415 1642 1454 una
1685 1402 1892 1468 tunica,
1939 1410 1994 1456 et

421 1495 574 1549 nudis
602 1495 845 1550 manibus
874 1502 1057 1562 utpote
1079 1492 1336 1557 turbatae,
1369 1501 1422 1544 et
1449 1492 1500 1544 in
1530 1501 1688 1547 nocte
1712 1501 1990 1563 surgentes

418 1586 719 1640 discurrunt
749 1585 839 1638 illo
879 1590 1172 1652 prasente,
1225 1581 1331 1634 imo
1361 1583 1414 1634 in
1461 1582 1637 1635 medio
1666 1592 1911 1637 versante
1937 1591 1991 1636 et

417 1677 572 1729 simul
615 1684 893 1738 currente,
924 1672 1101 1725 omnia
1131 1679 1389 1739 coguntur
1418 1670 1642 1739 implere
1673 1688 1684 1723 :
1713 1686 1820 1741 quo
1863 1671 1988 1740 quid

423 1767 534 1819 fieri
571 1764 735 1833 possit
762 1761 991 1816 ftedius?
1016 1760 1166 1827 Quod
1189 1761 1232 1813 si
1259 1769 1313 1813 et
1335 1761 1591 1815 obstetrix
1620 1761 1792 1828 adsit,
1818 1776 1989 1830 neque

415 1855 492 1908 sic
523 1852 718 1920 pudelit
739 1893 755 1917 ,
787 1850 882 1905 sed
908 1858 963 1904 et
989 1850 1108 1904 aliis
1134 1850 1426 1918 virginibus
1448 1850 1865 1919 ingredientibus
1887 1850 1989 1904 hoc

414 1943 513 1995 sibi
542 1942 831 2010 gloriosum
860 1941 1148 1994 existimat.
1182 1941 1354 1995 Unum
1384 1944 1526 1995 enim
1554 1941 1726 1995 solum
1757 1951 1983 2011 spectat,

412 2030 678 2100 quomodo
702 2039 962 2084 monstret
977 2033 1250 2100 a‘grotanti
1268 2047 1420 2086 suum
1445 2033 1818 2098 ministerium,
1835 2035 1987 2102 igno-

412 2136 537 2175 rans
575 2121 717 2190 quod
753 2135 858 2190 quo
881 2122 1046 2191 magis
1078 2123 1338 2190 ostendit,
1371 2139 1435 2177 eo
1461 2125 1627 2194 magis
1654 2137 1708 2179 et
1751 2124 1986 2192 seipsum

414 2222 467 2266 et
512 2213 652 2265 illam
684 2211 1018 2267 dehonestat.
1051 2213 1116 2266 Et
1138 2213 1262 2283 quid
1310 2214 1538 2281 mirum,
1585 2214 1629 2267 si
1669 2221 1986 2284 praesentem

411 2319 515 2356 non
542 2303 856 2359 erubescat?
879 2304 1032 2374 Saepe
1055 2306 1198 2359 enim
1220 2305 1406 2360 mediis
1427 2306 1670 2361 noctibus
1693 2307 1871 2360 vilium
1894 2321 1987 2358 an-

411 2393 649 2447 cillarum
677 2409 809 2463 opus
834 2393 1066 2448 facturus
1091 2396 1158 2450 ad
1203 2397 1367 2464 ipsam
1409 2397 1743 2450 obstetricem
1771 2411 1986 2466 currere

409 2502 516 2539 non
539 2497 806 2555 gravatur.
836 2487 1057 2553 Quando
1080 2497 1256 2541 autem
1282 2487 1459 2550 adest,
1493 2502 1634 2542 nunc
1655 2488 1866 2557 quidem
1908 2489 1989 2558 ip-

409 2592 524 2630 sum
564 2577 786 2644 ejiciunt
814 2577 898 2630 vel
928 2577 1150 2630 invitum
1175 2617 1191 2642 ,
1238 2577 1362 2631 licet
1384 2577 1537 2632 valde
1566 2577 1849 2646 impudens
1877 2578 1945 2631 sit
1969 2595 1983 2643 ;

411 2681 550 2720 nunc
575 2675 750 2720 autem
783 2666 1096 2735 permittunt
1113 2706 1127 2731 ,
1171 2675 1229 2722 ut
1252 2669 1441 2722 iterum
1471 2668 1802 2738 ingrediatur
1825 2677 1879 2723 et
1901 2683 1986 2724 as-

409 2757 579 2810 sideat
607 2774 618 2808 :
652 2758 891 2826 quamvis
918 2758 1170 2826 quidnam
1211 2759 1390 2814 facere
1423 2761 1684 2830 quispiam
1716 2761 1883 2830 possit
1912 2761 1978 2816 ad

411 2849 561 2900 illum
584 2846 786 2916 pudore
804 2846 1173 2914 afficiendum,
1206 2849 1414 2908 etiamsi
1444 2850 1607 2904 millia
1634 2859 1858 2904 conetur
1876 2892 1891 2918 ,
1920 2851 1985 2905 iis

411 2937 584 2992 simile
611 2953 727 3006 qua:
759 2938 872 3006 ipse
895 2939 994 2997 sibi
1018 2938 1188 2993 facit?
1218 2938 1319 2994 Ubi
1344 2950 1521 2995 autem
1550 2940 1666 2995 dies
1692 2941 1861 2996 illuxit
1883 2981 1899 3006 ,
1930 2949 1984 2996 et

410 3043 662 3099 utrosque
686 3045 716 3085 e
745 3030 880 3084 lecto
921 3045 1136 3101 surgere
1165 3041 1408 3101 oportet,
1440 3033 1694 3087 custodite
1719 3043 1773 3088 et
1799 3035 1982 3088 obser-

407 3123 643 3175 vationes
668 3129 790 3174 sunt
819 3138 833 3174 :
861 3135 1033 3190 neque
1060 3122 1201 3175 enim
1233 3121 1300 3176 ad
1343 3123 1661 3177 exteriorem
1687 3124 1983 3179 domuncu-

409 3213 512 3264 lam
559 3209 801 3279 progredi
845 3211 960 3265 sine
997 3210 1189 3265 timore
1218 3213 1387 3280 possit
1419 3229 1434 3267 :
1464 3227 1606 3280 smpe
1650 3223 1822 3268 autem
1853 3231 1981 3284 pro-

405 3314 585 3366 gressa
607 3340 621 3364 ,
650 3299 874 3353 fortasse
901 3309 954 3354 ct
980 3300 1031 3353 in
1061 3300 1231 3354 virum
1259 3301 1456 3355 nudum
1501 3303 1704 3357 incidit.
1737 3303 1831 3359 llle
1854 3321 1980 3360 vero

406 3397 509 3444 hoc
548 3391 718 3458 ipsum
761 3391 1074 3458 suspicans,
1116 3390 1277 3444 modo
1311 3392 1360 3445 id
1391 3406 1614 3446 monens
1652 3395 1974 3462 ingreditur,

405 3483 564 3535 modo
593 3483 832 3536 incautus
859 3481 1272 3550 deprehenditur
1292 3521 1308 3548 ,
1338 3497 1400 3537 ac
1429 3484 1597 3538 multo
1642 3488 1749 3538 risu
1786 3485 1976 3555 dignus

404 3581 523 3634 est;
564 3571 696 3625 nihil
741 3572 880 3624 enim
927 3571 1153 3641 amplius
1206 3573 1384 3627 dicere
1437 3574 1578 3626 volo.
1626 3574 1751 3628 Haec
1797 3587 1975 3631 autem

403 3663 642 3728 quamvis
672 3676 827 3729 parva
853 3702 868 3725 ,
899 3671 1072 3716 tamen
1097 3677 1300 3731 magna:
1330 3662 1561 3717 libidinis
1586 3664 1844 3718 carbones
1885 3682 1977 3721 ac-

402 3751 630 3804 cendere
658 3761 1065 3805 consueverunt.
1099 3751 1166 3805 Et
1191 3752 1304 3805 hinc
1330 3752 1544 3821 quidem
1572 3753 1715 3807 domi
1742 3795 1756 3818 ,
1789 3765 1839 3809 et
1861 3771 1973 3810 ma-

398 3844 512 3910 jura
541 3842 623 3895 his
653 3860 669 3895 :
697 3841 907 3911 quando
925 3852 1103 3896 autem
1126 3845 1178 3896 in
1206 3843 1475 3912 publicum
1506 3845 1658 3898 iverit
1683 3846 1968 3914 rediturus,

402 3935 592 3985 iterum
620 3933 790 4000 major
817 3931 1104 4001 turpitudo.
1141 3933 1196 3986 In
1226 3933 1442 3987 domum
1477 3947 1627 3988 suam
1659 3935 1928 4004 ingressus
1953 3979 1968 4003 ,

398 4033 450 4074 et
479 4022 602 4076 dum
655 4038 758 4076 non
799 4024 1005 4092 cogitur
1048 4024 1434 4092 praenuntiam,
1466 4024 1696 4078 inventis
1734 4026 1970 4081 mulieri-

399 4113 496 4166 bus
521 4113 877 4168 assidentibus
902 4113 1045 4167 illam
1070 4113 1365 4183 pudefacit,
1398 4125 1452 4169 et
1478 4115 1588 4183 ipsa
1616 4130 1758 4185 saepe
1781 4117 1851 4170 ita
1890 4117 1972 4171 af-

399 4205 608 4270 ficitur,
643 4215 898 4275 turpcqne
927 4215 1108 4260 censet
1143 4206 1187 4258 si
1216 4205 1406 4259 mulier
1433 4206 1684 4261 mulieres
1713 4208 1970 4277 excipiat,

397 4305 447 4347 et
476 4297 561 4349 ille
589 4296 632 4350 si
658 4296 739 4349 vir
757 4297 898 4349 viros
931 4313 944 4348 :
977 4305 1214 4350 mutuum
1240 4307 1414 4351 autem
1441 4299 1842 4354 contubernium
1865 4317 1970 4356 non

394 4394 671 4450 recusant,
705 4395 890 4440 cavent
911 4395 1085 4440 autem
1133 4402 1200 4442 ne
1240 4402 1363 4441 suos
1393 4387 1715 4442 contribules
1745 4389 1970 4458 hospitio

396 4475 660 4544 excipiant
689 4492 702 4527 :
730 4491 836 4544 quo
882 4475 1006 4545 quid
1033 4476 1267 4530 deterius
1292 4476 1403 4531 fieri
1434 4477 1634 4546 possit?
1659 4479 1864 4533 Accidit
1890 4480 1969 4534 in-

395 4563 621 4627 terdum,
641 4573 694 4616 ιιι
715 4565 882 4632 ipsum
903 4564 1148 4619 mulieres
1169 4566 1435 4620 inveniant
1450 4566 1769 4622 assidentem
1788 4570 1968 4638 agglo-

394 4653 617 4705 moranti
650 4657 730 4707 vel
751 4655 924 4708 colum
958 4657 1174 4709 tenenti.
1201 4656 1337 4723 Quid
1367 4672 1500 4725 epus
1525 4668 1606 4711 est
1645 4658 1825 4714 dicere
1848 4661 1968 4728 jur-

390 4743 471 4807 gia
500 4749 554 4795 et
578 4744 910 4810 quotidiauas
935 4745 1086 4799 lites?
1111 4746 1244 4799 Nam
1271 4749 1428 4800 etiam
1459 4748 1504 4801 si
1544 4749 1707 4802 multa
1736 4750 1966 4806 amicitia

389 4834 478 4896 sit,
513 4832 625 4887 lizec
653 4849 862 4904 quoque
892 4837 1199 4906 contingere
1224 4847 1305 4892 est
1330 4840 1636 4895 verisimile.
1662 4843 1848 4896 Audivi
1869 4858 1966 4897 au-

391 4933 496 4976 tem
523 4933 575 4976 et
598 4923 664 4977 de
692 4925 952 4994 aliquibus
980 4929 1118 4996 quod
1150 4930 1374 4999 zelotypi
1416 4940 1556 4984 sunt.
1581 4932 1711 4986 Nam
1744 4935 1830 4988 ubi
1858 4951 1963 4989 non

390 5023 472 5066 est
499 5014 712 5068 dilectio
738 5018 1026 5083 spiritualis
1048 5060 1062 5084 ,
1095 5030 1149 5074 et
1177 5020 1278 5075 hoc
1304 5036 1521 5078 necesse
1550 5033 1632 5078 est
1659 5026 1774 5080 fieri
1803 5045 1814 5077 :
1841 5027 1963 5081 inde

387 5115 441 5156 ct
494 5106 627 5158 varii
678 5121 866 5172 casus,
919 5108 1042 5163 inde
1096 5099 1505 5180 corruptiones,
1559 5116 1680 5170 inde
1733 5118 1960 5188 virgines

386 5197 679 5253 redduntur
703 5200 1039 5268 impudentes
1060 5213 1110 5258 et
1134 5205 1449 5271 illiberalcs;
1474 5209 1570 5261 etsi
1607 5225 1829 5279 corpore
1856 5229 1959 5267 non

384 5299 823 5355 corrumpantur,
871 5295 1106 5347 moribus
1151 5304 1344 5349 tamen.
1377 5297 1598 5362 Quando
1635 5303 1774 5354 enim
1805 5305 1961 5359 discit

388 5379 553 5432 libere
582 5378 719 5447 loqui
761 5380 873 5433 viro
897 5421 912 5441 ,
944 5385 1222 5439 considere
1247 5427 1260 5448 ,
1306 5386 1356 5439 in
1396 5403 1514 5440 eum
1545 5389 1772 5457 obtueri,
1804 5403 1858 5447 et
1885 5398 1957 5449 ri-

386 5472 533 5533 dere,
564 5479 616 5524 et
641 5469 805 5523 multa
833 5470 935 5523 alia
965 5473 1102 5526 foeda
1131 5490 1315 5543 agere,
1345 5493 1518 5548 neque
1549 5479 1649 5536 hoc
1676 5499 1834 5552 grave
1863 5487 1958 5539 ali-

381 5562 507 5630 quid
539 5576 658 5617 esse
702 5570 887 5631 putat,
943 5564 1141 5617 tollitur
1184 5569 1495 5635 virginitatis
1537 5574 1746 5641 velum,
1779 5587 1833 5631 et
1859 5578 1956 5634 llos

383 5653 743 5706 conculcatur.
793 5652 918 5706 Inde
951 5668 1076 5707 vero
1120 5655 1250 5707 nihil
1299 5673 1456 5726 agere
1502 5662 1776 5730 dubitant,
1825 5669 1953 5724 nihil

381 5741 733 5808 deprecantur
756 5785 769 5807 ,
798 5744 890 5797 sed
922 5754 973 5798 et
999 5744 1332 5798 internuntiae
1378 5752 1680 5816 nuptiarum
1710 5755 1872 5824 fiunt,
1901 5769 1956 5814 et

384 5832 699 5885 institoriatn
749 5835 972 5889 aliorum
1014 5835 1340 5904 negotiorum
1376 5839 1608 5908 obeunt,
1656 5847 1953 5921 multasque

380 5935 612 5979 volentes
641 5941 759 5979 esse
788 5927 970 5981 viduas
1003 5928 1320 5999 prohibent,
1367 5941 1610 6000 putantes
1649 5953 1706 5994 se
1733 5958 1948 5999 suorum

705 6025 972 6088 PATROL.
1024 6034 1138 6091 Gn.
1189 6032 1437 6096 XLV".

953 572 1136 641 QUOD
1173 566 1586 626 REGULARES
1621 567 1898 623 FEMINE
1930 566 2109 623 VIRIS
2143 566 2576 625 COHABITARE
2607 571 2741 627 NON
2781 569 3116 630 DEMANT.

3576 586 3682 642 530

2109 677 2368 730 malorum
2406 679 2766 738 defensionem
2815 686 3118 743 invenisse:
3150 690 3270 744 inde
3299 696 3543 750 erunibus
3591 698 3684 751 de~

2110 768 2390 835 spieabiles
2411 780 2551 836 sunt,
2575 773 2697 827 inde
2723 784 2777 828 et
2803 787 2975 844 nuptae
2999 780 3227 847 ipsarum
3245 797 3404 838 causa
3431 800 3533 839 non
3561 802 3684 841 eru-

2106 857 2362 925 bescunt,
2397 872 2576 930 utpote
2621 864 2674 916 in
2721 867 2965 936 omnibus
3001 871 3190 926 melius
3232 884 3469 943 agentes.
3519 875 3682 930 Multo

2105 949 2246 1004 enim
2272 951 2464 1004 melius
2491 969 2650 1008 unum
2676 964 2730 1009 et
2749 956 2970 1012 alterum
3012 959 3146 1015 inire
3169 966 3493 1036 conjugium,
3528 984 3678 1038 quam

2107 1037 2218 1095 lizee
2241 1037 2378 1098 i’mda
2406 1057 2581 1111 agere,
2601 1054 2655 1100 et
2680 1046 2927 1103 lenonum
2953 1053 3310 1120 suspicionem
3337 1059 3472 1127 apud
3494 1037 3681 1115 omnes

2101 1133 2282 1188 subire
2306 1176 2320 1200 ,
2353 1137 2493 1204 quod
2525 1152 2552 1188 a
2601 1142 2860 1197 suavitate
2903 1146 3205 1214 nuptiarum
3245 1161 3304 1202 se
3333 1150 3676 1222 abstrahunt,

2101 1233 2153 1277 et
2180 1226 2428 1280 oneribus
2458 1229 2758 1296 nuptiarum
2785 1246 2842 1285 se
2872 1233 3119 1290 subdant.
3151 1237 3285 1304 Quid
3316 1239 3455 1294 enim
3484 1256 3676 1296 onero-

2099 1315 2211 1368 sius
2240 1331 2395 1384 quam
2427 1318 2594 1372 virum
2621 1319 2815 1375 habere
2841 1365 2851 1383 ,
2874 1332 2922 1376 et
2946 1325 3224 1381 sollicitam
3246 1342 3365 1384 esse
3387 1331 3452 1384 de
3475 1330 3540 1385 iis
3559 1348 3677 1407 qua:

2100 1406 2240 1460 illius
2288 1408 2449 1461 sunt?
2496 1410 2814 1467 Exoneravit
2857 1424 2907 1468 te
2954 1416 3021 1470 ab
3051 1417 3147 1474 hac
3193 1422 3431 1476 molestia
3480 1425 3670 1479 Deus:

2096 1497 2178 1549 Ad
2210 1497 2370 1551 virum
2397 1508 2535 1553 tuum
2562 1505 2815 1559 conversio
2854 1517 2968 1572 tua,
3001 1521 3046 1562 et
3088 1512 3195 1580 ipse
3224 1513 3298 1565 tui
3337 1515 3678 1570 dominabitur

2101 1584 2249 1656 (Gen.
2274 1589 2326 1643 5.
2353 1588 2441 1660 16)
2463 1631 2479 1656 ,
2503 1593 2673 1646 soluta
2703 1609 2762 1648 cs
2789 1611 2881 1663 per
2901 1599 3257 1668 virginitatem
3289 1622 3301 1656 :
3332 1606 3456 1673 quid
3487 1609 3673 1662 iterum

2099 1687 2148 1731 te
2177 1680 2416 1734 servituti
2450 1683 2706 1752 subjicis?
2734 1686 2979 1742 Liberam
3031 1700 3081 1744 te
3110 1691 3282 1747 effecit
3310 1694 3553 1752 Christus
3572 1742 3586 1764 ,
3622 1711 3676 1756 tu

2097 1777 2271 1820 autem
2303 1769 2392 1822 tibi
2426 1772 2521 1839 ipsi
2551 1776 2721 1829 nectis
2763 1779 2970 1847 negotia
3006 1797 3019 1834 :
3046 1781 3115 1835 ab
3137 1785 3284 1839 omni
3314 1787 3675 1845 sollicitudine

2096 1855 2316 1909 liberam
2347 1867 2398 1912 te
2422 1861 2570 1927 fecit,
2608 1871 2662 1917 tu
2683 1875 2858 1920 autem
2885 1885 3039 1923 curas
3060 1875 3350 1943 excogitas.

2167 1947 2216 2002 9.
2247 1948 2349 2002 Sed
2382 1953 2627 2019 quoniam
2655 1957 3023 2014 sollicitudinis
3054 1966 3252 2018 mentio
3294 1968 3505 2034 incidit,
3538 1980 3674 2026 tem-

2093 2042 2296 2107 pcstive
2334 2041 2447 2095 haec
2474 2044 2669 2099 dicenti
2695 2051 2956 2104 succurrit
2989 2040 3335 2121 apostolicum
3365 2059 3510 2114 illud.
3542 2062 3672 2117 Nam

2093 2129 2137 2182 si
2162 2129 2465 2187 cohabitare
2495 2135 2619 2188 viris
2645 2139 2894 2195 mulieres
2933 2150 2986 2195 et
3015 2145 3323 2201 mulieribus
3353 2150 3492 2204 viros
3520 2166 3674 2208 curas

2092 2220 2332 2286 tolleret,
2387 2225 2452 2278 ad
2501 2228 2876 2284 continentiam
2933 2234 3264 2291 adhortando
3316 2239 3510 2296 Paulus
3569 2260 3672 2299 non

2091 2309 2313 2365 dixisset
2346 2331 2357 2364 :
2399 2313 2521 2368 Volo
2541 2327 2704 2370 autem
2732 2335 2816 2372 vos
2835 2321 2943 2376 sine
2965 2325 3303 2381 sollicitudine
3332 2346 3438 2384 esse
3458 2331 3532 2403 (l.
3551 2332 3670 2388 Cor.

2093 2399 2145 2452 7.
2170 2399 2282 2471 52),
2317 2412 2372 2455 ιιι
2413 2412 2466 2457 et
2509 2403 2606 2459 hac
2633 2408 2837 2463 ratione
2879 2425 2975 2465 nos
3000 2413 3330 2472 admoneret.
3360 2399 3494 2486 Quid
3532 2424 3672 2477 enim

2093 2490 2292 2544 vultis?
2314 2491 2418 2546 ait:
2436 2493 2676 2560 Quietem
2695 2509 2746 2552 et
2774 2500 3111 2556 libertatem?
3141 2506 3337 2561 Deinde
3359 2525 3464 2564 non
3485 2512 3672 2566 videtis

2090 2582 2412 2635 contrarium
2443 2587 2677 2652 evenire,
2701 2591 3008 2645 servitutem
3031 2603 3083 2646 et
3108 2595 3320 2652 labores
3343 2609 3397 2654 et
3429 2603 3670 2658 miserias

2090 2671 2302 2736 multas,
2349 2673 2474 2727 dum
2523 2678 2651 2731 viris
2697 2679 3072 2737 cohabitatur?
3113 2684 3289 2741 Multa:
3333 2689 3490 2759 igitur
3520 2707 3670 2762 ,s:epc

2090 2761 2300 2814 amissis
2329 2763 2452 2817 viris
2478 2766 2548 2820 ob
2575 2765 2676 2822 hoc
2719 2784 2824 2823 non
2853 2771 3040 2826 iterum
3073 2776 3292 2841 nubunt,
3328 2794 3392 2833 ne
3420 2781 3521 2834 sub
3542 2761 3669 2854 jugo

2089 2852 2358 2906 servitutis
2381 2852 2568 2908 iterum
2596 2857 2722 2911 sint.
2755 2858 2978 2914 Prorsus
3001 2875 3175 2917 autem
3205 2867 3248 2920 si
3281 2868 3330 2920 in
3360 2852 3670 2941 paupertate

2089 2944 2225 2997 vivis
2255 2953 2308 2998 et
2327 2947 2469 2999 omni
2497 2949 2790 3013 patrocinio
2815 2966 2986 3019 cares,
3010 2954 3255 3011 virtutem
3283 2960 3401 3014 vitze
3423 2963 3664 3031 ostende,

2085 3042 2140 3087 et
2160 3048 2282 3087 cum
2299 3035 2412 3088 viro
2438 3037 2569 3091 nihil
2599 3036 2733 3094 habe
2764 3055 3045 3098 commune
3070 3062 3082 3096 :
3111 3047 3371 3118 c0njunge
3396 3059 3448 3105 te
3475 3053 3665 3107 mulie-

2085 3124 2230 3177 ribus
2257 3140 2374 3193 qua:
2405 3125 2626 3182 honeste
2655 3130 2919 3192 vixerunt,
2949 3143 3001 3186 et
3027 3150 3196 3204 neque
3228 3148 3368 3193 tuam
3414 3155 3666 3198 coronam

2084 3213 2379 3282 disperdes,
2409 3225 2461 3270 et
2495 3218 2640 3271 omni
2671 3220 2956 3287 perfrueris
2981 3227 3282 3283 securitate.
3310 3229 3459 3296 Quod
3489 3233 3534 3286 si
3567 3235 3665 3290 hoc

2085 3303 2304 3358 difficile
2330 3319 2452 3360 esse
2477 3317 2647 3375 putas,
2675 3324 2855 3378 quatre
2877 3311 3174 3382 diligenter,
3199 3326 3253 3371 et
3276 3321 3492 3375 omnino
3521 3323 3664 3378 inve-

2084 3393 2232 3457 nies;
2263 3394 2369 3447 imo
2411 3411 2515 3449 non
2556 3400 2910 3454 necessarium
2953 3415 3035 3456 est
3077 3420 3338 3474 quaerere.
3368 3409 3498 3466 Nam
3529 3414 3663 3470 sicut

2080 3481 2144 3534 ad
2173 3482 2342 3536 lucem
2374 3486 2702 3541 occurrimus
2730 3504 2933 3555 omnes,
2960 3495 3057 3558 sic,
3091 3498 3135 3550 si
3167 3498 3500 3569 refulgebunt
3527 3506 3661 3563 radii

2081 3571 2202 3625 vita:
2247 3581 2372 3638 tute,
2405 3589 2592 3631 omnes
2620 3591 2902 3634 accurrent
2933 3591 2982 3636 te
3010 3584 3306 3655 diligentes,
3336 3607 3662 3666 unaqtneque

2079 3662 2172 3716 tibi
2203 3680 2422 3721 munere
2467 3666 2775 3738 fungeretur
2825 3674 3100 3741 ministrae,
3130 3689 3182 3732 et
3229 3690 3278 3735 te
3320 3683 3506 3740 domus
3549 3662 3661 3743 sua:

2078 3757 2416 3811 securitatem
2459 3761 2658 3827 putabit
2704 3776 2841 3827 esse,
2889 3773 2943 3818 et
2969 3777 3212 3823 ornatum
3244 3770 3362 3826 vita:
3405 3785 3460 3829 et
3503 3792 3660 3832 coro-

2077 3863 2202 3901 nam
2263 3851 2553 3904 secundum
2606 3868 2907 3909 sermonem
2950 3855 3164 3913 Christi.
3213 3863 3434 3926 Quwrite
3476 3870 3659 3937 enim,

2076 3939 2168 4001 ait,
2201 3954 2410 4007 regnum
2438 3940 2552 4005 Dei,
2575 3953 2622 3995 et
2642 3944 2748 3998 [nec
2779 3946 2947 3998 omnia
2972 3949 3275 4018 udjicientur
3294 3953 3426 4009 vobis
3444 3956 3658 4025 (Matth.

2077 4027 2130 4080 6.
2161 4028 2272 4097 55).
2302 4028 2451 4084 Nunc
2479 4043 2654 4087 autem
2683 4043 2735 4088 et
2763 4051 2859 4088 nos
2880 4047 3128 4093 auctores
3156 4058 3357 4110 sumus,
3388 4055 3446 4100 ut
3471 4063 3536 4102 ex
3561 4049 3660 4106 hac

2077 4121 2315 4173 szeculari
2363 4122 2613 4211 felicitate
2657 4126 2962 4183 cxcidamus
2990 4131 3128 4199 quod
3158 4135 3389 4189 cmlestia
3421 4140 3659 4211 negliga-

2077 4226 2214 4264 mus.
2244 4211 2351 4267 Nos
2379 4197 2553 4268 autem
2585 4217 2796 4284 quando
2821 4219 2961 4284 dico,
2996 4235 3098 4273 non
3127 4223 3268 4277 viros
3297 4226 3469 4281 solum
3513 4197 3652 4295 dico,

2075 4307 2169 4358 sed
2199 4315 2250 4358 ct
2295 4321 2406 4369 vos,
2441 4317 2493 4361 et
2536 4325 2628 4361 vos
2672 4313 2838 4379 magis
2883 4328 3038 4380 quam
3092 4316 3250 4369 viros.
3302 4318 3561 4384 Quoniam
3591 4325 3657 4378 ab

2075 4397 2223 4449 initio
2249 4397 2315 4453 ob
2348 4397 2445 4452 hoc
2489 4401 2785 4469 graviorem
2814 4417 3022 4470 pmuam
3052 4407 3256 4474 accepit
3283 4410 3472 4464 mulier
3491 4453 3505 4479 ,
3533 4414 3652 4481 quia

2074 4485 2402 4555 deeeptionis
2446 4489 2613 4557 major
2651 4505 2808 4545 causa
2858 4491 2974 4559 fuit,
3027 4506 3240 4563 propter
3279 4499 3377 4552 hoc
3418 4511 3472 4554 et
3514 4503 3657 4556 deci-

2074 4578 2304 4646 pieutcm
2352 4580 2518 4649 magis
2547 4595 2701 4648 quam
2731 4581 3008 4650 deceptum
3059 4585 3261 4652 punivit
3307 4588 3444 4642 Deus
3473 4608 3485 4643 :
3513 4594 3651 4659 quod

2072 4679 2125 4722 et
2156 4683 2294 4722 nunc
2313 4670 2432 4732 erit,
2463 4671 2506 4723 si
2531 4685 2632 4724 non
2665 4671 2932 4724 volueritis
2958 4675 3170 4741 corrigi,
3196 4687 3247 4729 et
3277 4678 3341 4730 ad
3389 4682 3649 4748 propriam

2071 4760 2244 4814 redire
2293 4761 2634 4814 nobilitatem.
2671 4761 2891 4828 Propter
2918 4762 3017 4815 hoc
3061 4763 3200 4816 enim
3230 4775 3282 4820 et
3312 4769 3501 4822 mulier
3530 4779 3652 4824 tunc

2071 4852 2389 4920 reprehensa
2419 4851 2564 4921 (Gen.
2611 4852 2690 4921 3),
2719 4853 2859 4921 quod
2905 4869 3031 4908 vero
3059 4854 3292 4911 dedisset
3334 4859 3399 4914 de
3438 4860 3605 4916 fructu
3632 4905 3646 4926 ,

2070 4958 2174 4996 non
2216 4942 2442 4996 audebat
2483 4941 2660 4997 dicere
2706 4944 3025 5011 oportuisse,
3072 4961 3192 4998 cum
3228 4947 3308 5001 vir
3337 4960 3499 5013 esset,
3543 4967 3647 5006 non

2070 5033 2374 5102 persuaderi
2425 5049 2595 5102 neque
2643 5033 2836 5102 decipi,
2886 5035 2978 5089 sed
3028 5039 3163 5090 hanc
3207 5040 3419 5106 quidem
3465 5052 3646 5112 utpote

2067 5124 2305 5192 frigidam
2351 5123 2713 5180 defensionem
2758 5126 2936 5191 tacuit,
2987 5126 3052 5179 ad
3094 5127 3250 5181 aliam
3296 5141 3472 5186 autem
3503 5137 3647 5188 venit

2066 5216 2326 5269 infirmam
2358 5215 2569 5284 quidem
2597 5225 2650 5269 et
2677 5215 2865 5283 ipsam,
2896 5223 3125 5269 attamen
3159 5218 3274 5284 plus
3317 5220 3414 5275 hac
3443 5223 3642 5278 haben-

2067 5318 2169 5363 tem
2213 5309 2452 5362 rationis.
2504 5306 2651 5362 Undc
2693 5307 2864 5375 palam
2895 5313 2977 5360 est
3014 5308 3180 5376 magis
3209 5309 3370 5365 licere
3406 5312 3642 5382 deceptis

2065 5399 2115 5452 in
2146 5399 2457 5468 deeeptores
2483 5398 2691 5467 culpam
2735 5397 2976 5466 rejicere,
3007 5414 3164 5468 quam
3190 5401 3557 5471 deceptoribus
3588 5407 3640 5461 in

2061 5489 2331 5558 deceptos.
2363 5488 2607 5542 Seortum
2639 5488 2863 5542 accersit
2887 5502 3006 5541 eum
3036 5489 3126 5558 qui
3170 5494 3487 5546 contumelia
3514 5510 3638 5548 cor-

2061 5596 2161 5649 pus
2189 5594 2338 5634 suum
2385 5577 2565 5640 afficit,
2612 5586 2666 5632 et
2709 5586 2988 5648 postquam
3026 5594 3145 5633 cum
3192 5581 3281 5634 illo
3324 5582 3635 5651 dormiet-it,

2062 5671 2250 5722 iterum
2280 5668 2526 5731 dimittit;
2559 5677 2610 5720 tu
2637 5678 2813 5722 autem
2842 5669 2926 5722 ubi
2953 5671 3159 5723 vocaris
3184 5686 3303 5726 eum
3331 5671 3418 5741 qui
3447 5674 3635 5744 injuria

2059 5761 2217 5815 afficit
2242 5769 2295 5815 et
2324 5762 2614 5830 corrumpit
2641 5761 2868 5813 animam
2914 5770 3076 5824 tuam,
3108 5776 3317 5830 semper
3345 5764 3513 5832 ipsum
3553 5768 3628 5823 in-

2059 5854 2265 5918 cludis,
2314 5861 2367 5907 ct
2417 5869 2520 5905 non
2575 5852 2832 5920 permittis
2879 5854 3044 5919 exire,
3100 5854 3410 5925 vinculaque
3456 5863 3631 5928 gravia

2063 5945 2232 6015 injicis
2279 5944 2596 6011 adulatione,
2629 5958 2753 5998 cura
2783 5951 2836 5998 ct
2881 5943 2999 5998 aliis
3028 5944 3274 6013 cperihns
3319 5957 3371 5999 et
3404 5959 3550 6016 putas
3583 5959 3632 6004 te

3230 6048 3301 6107 31
