4490 6786
764 480 868 534 551

770 590 1053 660 gloriﬁcari
1100 605 1219 645 cum
1268 590 1487 661 teipsam
1533 591 1604 645 ita
1648 594 1966 651 confundis?
1996 597 2108 651 Non
2158 598 2357 667 cogitas

771 694 850 749 tu,
878 684 963 740 dic
989 684 1140 751 mihi,
1182 679 1512 754 prmsentem'
1538 686 1718 753 vitam,
1750 704 1905 757 quatn
1950 690 2146 755 brevis,
2178 700 2233 744 ut
2269 703 2356 743 so-

769 780 928 834 mniis
954 778 1294 842 assimiletur,
1324 788 1378 831 et
1420 777 1654 834 ﬂosculis
1679 780 2152 843 marcescentibus,
2174 789 2357 835 ctum-

768 870 879 924 bra:
906 868 1290 939 prmtereunti?
1321 869 1427 925 Cur
1453 870 1534 924 vis
1578 870 1811 924 deliciari
1842 883 1985 925 nunc
2009 871 2060 923 in
2101 871 2310 925 somnio
2335 909 2356 938 ,

769 970 823 1014 et
854 958 1029 1027 puniri
1059 965 1185 1014 tunc
1214 959 1267 1013 in
1309 958 1574 1014 veritate?
1597 957 1849 1023 Quamvis
1878 972 1975 1012 nec
2002 958 2218 1013 delicias
2244 960 2359 1014 haec

770 1067 858 1125 res
890 1051 1087 1107 habet:
1120 1051 1388 1122 quomodo
1429 1050 1592 1114 enim,
1624 1050 1712 1105 ubi
1760 1050 2134 1105 condemnatio
2178 1058 2233 1104 et
2269 1064 2359 1103 re-

728 1204 731 1207 _
772 1142 1153 1211 prehensiones
1194 1150 1249 1196 et
1294 1139 1533 1194 convicia
1577 1148 1633 1194 et
1684 1139 1977 1193 scandala?
2020 1138 2216 1194 Verum
2258 1138 2359 1193 etsi

774 1232 978 1289 tlelicize
1008 1240 1206 1298 essent,
1238 1230 1365 1302 quid
1394 1241 1476 1287 est
1506 1246 1667 1301 parva
1693 1246 1843 1301 aqua:
1870 1240 2011 1302 gutta
2039 1230 2104 1285 ad
2136 1231 2361 1285 immen—

776 1342 889 1383 eum
918 1329 1099 1382 mare?
1126 1328 1281 1392 Audi,
1314 1329 1443 1396 ﬁlia,
1472 1338 1518 1383 et
1550 1330 1681 1395 vide,
1713 1338 1760 1383 et
1788 1331 1975 1384 inclina
1996 1347 2167 1384 aurem
2185 1339 2322 1383 luam
2344 1371 2357 1394 ,

774 1429 818 1472 et
848 1419 1131 1473 obliviscere
1173 1418 1419 1488 populum
1468 1431 1626 1485 tuum,
1672 1430 1719 1474 et
1749 1421 1953 1473 domum
1992 1422 2148 1488 patris
2186 1420 2278 1485 tui,
2316 1429 2363 1474 et

778 1510 1087 1578 concupiscet
1115 1526 1203 1564 rex
1240 1510 1466 1563 decorem
1513 1520 1651 1563 tuum
1687 1509 1854 1578 (Psal.
1902 1511 1989 1564 44.
2025 1511 2139 1581 12),
2172 1511 2236 1565 ad
2268 1526 2361 1566 or-

774 1601 895 1653 bem
947 1609 1106 1653 terra:
1151 1599 1435 1668 aliquando
1480 1600 1617 1653 male
1656 1600 1898 1653 affectum
1930 1601 2135 1655 dicebat
2177 1601 2360 1656 David.

776 1691 886 1745 lloo
908 1691 1065 1761 igitur
1086 1705 1181 1744 nos
1207 1690 1296 1744 tibi
1319 1691 1645 1755 occinemus,
1663 1690 1826 1746 breve
1848 1692 2064 1746 verbum
2092 1692 2365 1761 propheta:

779 1782 1224 1835 subimmutantes
1248 1822 1262 1845 ,
1309 1793 1364 1835 et
1404 1781 1642 1836 dicemus
1686 1796 1806 1835 cum
1851 1782 2108 1852 propheta
2142 1801 2153 1836 :
2184 1782 2363 1849 Audi,

776 1874 902 1939 lilia,
931 1881 985 1926 et
1011 1872 1151 1938 vide,
1194 1882 1249 1926 et
1274 1872 1466 1927 inclina
1509 1888 1693 1927 aurem
1738 1882 1901 1935 tuam,
1940 1883 1993 1927 et
2035 1873 2356 1929 obliviscere

775 1964 931 2019 malae
970 1962 1370 2018 consuetudinis
1400 1970 1453 2017 et
1500 1977 1684 2016 eorum
1723 1963 1813 2031 qui
1846 1962 1937 2016 tibi
1986 1962 2126 2017 male
2154 1962 2372 2017 cohabi-

776 2063 909 2116 tant,
944 2063 998 2107 et
1037 2053 1374 2121 concupiscet
1415 2068 1505 2106 rex
1551 2052 1998 2121 pulchritudinem
2040 2062 2202 2107 tuam.
2231 2051 2368 2118 Quid

777 2143 873 2200 tibi
899 2144 1000 2198 hoc
1024 2142 1229 2212 majus?
1255 2140 1380 2213 quid
1406 2142 1533 2195 item
1563 2156 1657 2211 par
1684 2141 1972 2210 poterimus
1989 2141 2185 2204 dicere,
2208 2156 2367 2210 quam

776 2243 836 2288 ut
877 2233 1029 2300 cmli,
1076 2241 1233 2287 terra:
1274 2241 1327 2286 et
1370 2232 1677 2302 angelorum
1730 2240 1783 2287 et
1829 2230 2266 2301 archangelorum
2314 2240 2369 2287 et

778 2340 1128 2398 Supernarum
1166 2324 1427 2379 Virtutum
1473 2324 1755 2378 Dominum
1803 2331 2095 2377 amatorem
2139 2324 2363 2390 sortita,

778 2418 1023 2474 libereris
1050 2416 1300 2471 a-vilibus
1344 2417 1639 2482 conservis,
1673 2426 1813 2470 tuam
1855 2416 2244 2472 notabilitatem
2273 2416 2371 2473 de-

780 2499 1230 2564 bonesta'ntibus?
1260 2508 1483 2577 Propter
1525 2507 1666 2577 quod
1705 2523 1735 2563 e
1779 2522 1837 2562 re
1878 2507 2035 2561 fuerit
2090 2507 2177 2562 hic
2221 2506 2372 2563 ﬁnire

779 2616 1127 2657 sermonem:
1160 2600 1290 2655 nihil
1315 2600 1459 2655 enim
1502 2599 1682 2655 dicere
1727 2599 2018 2669 poterimus
2066 2598 2208 2667 quod
2248 2597 2374 2653 huic

782 2691 971 2747 honori
998 2691 1067 2747 sit
1112 2706 1228 2761 par.
1259 2688 1391 2746 Nam
1424 2690 1470 2745 si
1509 2705 1629 2761 quae
1654 2703 1910 2760 sponsum
1951 2688 2004 2743 in
2033 2697 2173 2743 terra
2216 2702 2373 2743 acce-

784 2782 922 2851 perit
967 2796 1170 2855 regem,
1217 2780 1466 2837 omnibus
1508 2795 1565 2836 se
1595 2787 1743 2849 putat
1788 2792 1907 2833 esse
1954 2777 2287 2833 beatiorem:
2318 2786 2372 2831 tn

1519 479 1575 535 S.
1616 482 1892 538 JOANNIS
1918 483 2394 541 CHRYSOSTOMI
2432 485 2749 543 ARCHIEP.
2780 486 3317 546 CONSTANTINOP.

3938 496 4042 552 553

2463 614 2583 653 cum
2610 599 2806 656 habeas
2834 615 2941 655 non
2984 613 3271 666 terrenum,
3306 615 3404 656 nec
3431 615 3766 672 conservum,
3798 606 3890 662 sed
3916 622 4039 662 eum

2463 692 2551 761 qui
2598 692 2651 745 in
2672 691 2844 754 caelis,
2875 706 2997 746 eum
3040 696 3129 762 qui
3166 709 3328 764 super
3365 708 3574 748 omnem
3616 697 3961 767 principatum
3989 708 4046 752 et

2464 788 2780 851 potesmtem
2810 791 2863 835 et
2885 782 3133 836 virtutem
3162 794 3217 838 et
3241 801 3400 840 omne
3424 799 3613 839 nomen
3640 787 3778 855 quod
3805 788 4044 841 nomina-

2465 882 2569 935 tur,
2613 885 2736 925 eum
2781 872 2871 941 qui
2924 886 3085 941 super
3135 872 3420 930 Cherubim
3472 875 3643 940 sedet,
3698 878 3787 945 qui
3813 878 4045 931 concutit

2465 972 2685 1026 terram,
2712 962 2802 1031 qui
2832 961 3069 1016 extendit
3090 963 3304 1028 malum,
3350 966 3439 1034 qui
3468 966 3715 1021 terribilis
3738 974 3822 1021 est
3845 964 4043 1019 Cheru-

2465 1051 2623 1114 binis,
2671 1052 2973 1107 inaccessus
3019 1051 3349 1120 Seraphinis,
3400 1071 3503 1110 non
3534 1071 3787 1127 sponsum
3828 1056 4040 1123 solum,

2465 1141 2559 1195 sed
2589 1154 2881 1198 amatorem
2921 1145 3107 1213 quovis
3135 1144 3348 1197 homine
3373 1145 3751 1215 ardentiorem,
3779 1147 4044 1218 quomodo

2466 1248 2571 1285 non
2599 1235 2777 1288 omnia
2824 1236 3097 1306 relinquis,
3144 1252 3259 1306 quae
3297 1236 3382 1291 hic
3410 1246 3552 1299 sunt,
3581 1240 3788 1293 etiamsi
3816 1240 4043 1295 animam

2468 1324 2637 1393 ipsam
2689 1327 2990 1396 relinquere
3032 1328 3311 1398 oporteat?
3354 1327 3610 1393 Quoniam
3658 1328 3812 1396 igitur
3854 1330 4048 1385 sufﬁcit

2469 1415 2572 1470 hoc
2600 1417 2820 1471 verbum
2850 1419 3022 1473 solum
3046 1419 3113 1473 ad
3144 1419 3358 1489 plumbo
3384 1419 3527 1474 omni
3552 1418 3849 1488 graviorem
3878 1420 4047 1473 corri-

2467 1506 2697 1576 gendum
2724 1516 2777 1562 et
2816 1508 3233 1576 promovendum
3264 1510 3329 1563 ad
3374 1524 3654 1579 supernam
3693 1508 4049 1562 conversatio-

2469 1612 2614 1662 nem,
2660 1607 2713 1652 et
2753 1613 2851 1652 nos
2894 1598 2997 1652 huc
3047 1598 3361 1665 desinimus,
3410 1608 3566 1669 teque
3611 1598 3952 1653 admonemus
3993 1608 4051 1650 ut

2470 1690 2623 1759 quasi
2667 1689 2904 1744 divinum
2954 1691 3167 1760 aliquod
3197 1692 3460 1746 canticum
3503 1691 3789 1755 concinas;
3816 1704 3878 1744 ac
3905 1689 4050 1743 domi

2471 1788 2525 1834 et
2551 1780 2603 1833 in
2631 1779 2767 1845 foro,
2796 1789 2850 1835 et
2875 1781 2961 1836 die
2980 1790 3033 1835 et
3060 1791 3235 1847 nocte,
3261 1791 3317 1837 et
3344 1783 3395 1836 in
3443 1782 3526 1835 via
3551 1789 3606 1836 et
3651 1781 3703 1835 in
3750 1779 3981 1835 thalamo
4010 1781 4051 1843 ⁸,

2471 1878 2526 1925 et
2554 1885 2687 1926 voce
2724 1880 2780 1925 et
2808 1880 2987 1926 mente
3032 1872 3286 1927 continue
3326 1872 3558 1941 loquaris
3601 1872 3792 1925 animae
3828 1870 4053 1925 dicens:

2473 1958 2633 2025 Audi,
2679 1960 2875 2026 anima,
2930 1968 2987 2015 et
3028 1960 3183 2026 vide,
3231 1969 3285 2014 et
3330 1961 3522 2018 inclina
3571 1975 3752 2015 aurem
3798 1968 3959 2024 tuam,
4002 1968 4057 2011 et

2476 2048 2789 2103 obliviscere
2833 2048 2987 2103 mala:
3028 2048 3448 2112 consuetudinis,
3494 2057 3548 2103 et
3586 2049 3923 2117 concupiscet
3961 2063 4057 2101 rex

2479 2137 2920 2205 pulchritudinem
2977 2146 3140 2192 tuam.
3190 2138 3257 2191 Et
3306 2139 3349 2192 si
3397 2138 3498 2192 hoc
3540 2139 3789 2193 continue
3837 2138 4056 2192 verbum

2474 2225 2689 2291 dixeris,
2734 2242 2865 2281 auro
2893 2227 3038 2282 omni
3065 2228 3335 2299 puriorem
3366 2228 3527 2282 facies
3567 2228 3817 2281 animam.
3850 2227 4059 2281 Dictum

2474 2316 2617 2372 enim
2645 2314 2748 2371 hoc
2786 2317 2908 2386 igne
2936 2316 3306 2372 vehementius
3334 2325 3387 2371 et
3416 2315 3913 2371 cﬂicaciusafﬂare
3941 2324 4061 2369 tuas

2475 2406 2825 2475 cogitationes
2849 2415 2902 2460 et
2938 2419 3125 2460 omnes
3156 2415 3259 2460 tuae
3295 2406 3489 2460 mentis
3514 2404 3746 2459 maculas
3769 2419 4063 2474 expurgare

2476 2496 2692 2563 valebit,
2724 2496 2778 2551 in
2803 2495 3015 2550 Christo
3038 2496 3163 2551 Jesu
3207 2496 3431 2552 Domino
3456 2504 3658 2566 nostro,
3688 2497 3773 2552 cui
3813 2497 3977 2566 gloria
4008 2496 4061 2549 in

2480 2587 2676 2643 stecula
2702 2587 3038 2642 saeculorum.
3064 2586 3256 2641 Amen.

2546 2761 2561 2791 ⁸
2598 2758 2737 2809 Savil.
2764 2759 2931 2819 habet,
2954 2757 3064 2814 etin
3084 2756 3225 2808 mari.

2139 3533 2315 3592 FINIS
2355 3530 2525 3593 TOMI
2567 3531 2772 3592 PRIMI.
