  <div class='ocr_page' id='page_1' title='image "/cluster/home/n/w/nwhite01/storage/ocr_20150623/47/hvd.32044025239690/492.png"; bbox 0 0 4392 6726; ppageno 0'>
   <div class='ocr_carea' id='block_1_1' title="bbox 312 548 410 598">
    <p class='ocr_par' dir='ltr' id='par_1_1' title="bbox 312 548 410 598">
     <span class='ocr_line' id='line_1_1' title="bbox 312 548 410 598; baseline -0.02 0"><span class='ocrx_word' id='word_1_1' title='bbox 312 548 410 598; x_wconf 68' lang='lat'>53!</span> 
     </span>
    </p>
   </div>
   <div class='ocr_carea' id='block_1_2' title="bbox 300 653 1876 732">
    <p class='ocr_par' dir='ltr' id='par_1_2' title="bbox 300 653 1876 732">
     <span class='ocr_line' id='line_1_2' title="bbox 300 653 1876 732; baseline 0.001 -19"><span class='ocrx_word' id='word_1_2' title='bbox 300 658 468 728; x_wconf 75' lang='grc' dir='ltr'>αὐτῆς</span> <span class='ocrx_word' id='word_1_3' title='bbox 496 654 556 709; x_wconf 75' lang='grc' dir='ltr'>τὸ</span> <span class='ocrx_word' id='word_1_4' title='bbox 588 653 764 726; x_wconf 83' lang='grc' dir='ltr'>σῶμα,</span> <span class='ocrx_word' id='word_1_5' title='bbox 799 659 893 711; x_wconf 77' lang='grc' dir='ltr'>καὶ</span> <span class='ocrx_word' id='word_1_6' title='bbox 925 656 1406 725; x_wconf 88' lang='grc' dir='ltr'>συγκατακλίνασα</span> <span class='ocrx_word' id='word_1_7' title='bbox 1454 660 1617 713; x_wconf 89' lang='grc' dir='ltr'>πάλιν</span> <span class='ocrx_word' id='word_1_8' title='bbox 1644 660 1876 732; x_wconf 83' lang='grc' dir='ltr'>άφίησι⁰</span> 
     </span>
    </p>
   </div>
   <div class='ocr_carea' id='block_1_3' title="bbox 304 740 1877 815">
    <p class='ocr_par' dir='ltr' id='par_1_3' title="bbox 304 740 1877 815">
     <span class='ocr_line' id='line_1_3' title="bbox 304 740 1877 815; baseline 0.002 -20"><span class='ocrx_word' id='word_1_9' title='bbox 304 746 366 797; x_wconf 78' lang='grc' dir='ltr'>σὺ</span> <span class='ocrx_word' id='word_1_10' title='bbox 387 743 442 796; x_wconf 80' lang='grc' dir='ltr'>δὲ</span> <span class='ocrx_word' id='word_1_11' title='bbox 464 742 556 794; x_wconf 82' lang='grc' dir='ltr'>τὸν</span> <span class='ocrx_word' id='word_1_12' title='bbox 584 740 872 811; x_wconf 77' lang='grc' dir='ltr'>ὑϐρίζοντά</span> <span class='ocrx_word' id='word_1_13' title='bbox 891 758 983 794; x_wconf 91' lang='grc' dir='ltr'>σου</span> <span class='ocrx_word' id='word_1_14' title='bbox 1002 742 1101 812; x_wconf 79' lang='grc' dir='ltr'>τὴν</span> <span class='ocrx_word' id='word_1_15' title='bbox 1125 740 1302 815; x_wconf 77' lang='grc' dir='ltr'>ψυχὴν</span> <span class='ocrx_word' id='word_1_16' title='bbox 1323 743 1419 797; x_wconf 78' lang='grc' dir='ltr'>καὶ</span> <span class='ocrx_word' id='word_1_17' title='bbox 1447 742 1737 813; x_wconf 81' lang='grc' dir='ltr'>φθείροντα</span> <span class='ocrx_word' id='word_1_18' title='bbox 1772 760 1877 798; x_wconf 84' lang='grc' dir='ltr'>κα-</span> 
     </span>
    </p>
   </div>
   <div class='ocr_carea' id='block_1_4' title="bbox 301 823 1880 896">
    <p class='ocr_par' dir='ltr' id='par_1_4' title="bbox 301 823 1880 896">
     <span class='ocr_line' id='line_1_4' title="bbox 301 823 1880 896; baseline 0 -17"><span class='ocrx_word' id='word_1_19' title='bbox 301 825 531 885; x_wconf 84' lang='grc' dir='ltr'>λέσασα,</span> <span class='ocrx_word' id='word_1_20' title='bbox 563 825 907 885; x_wconf 87' lang='grc' dir='ltr'>κατακλείεις</span> <span class='ocrx_word' id='word_1_21' title='bbox 929 823 1074 876; x_wconf 79' lang='grc' dir='ltr'>ἔνδον</span> <span class='ocrx_word' id='word_1_22' title='bbox 1102 823 1417 890; x_wconf 78' lang='grc' dir='ltr'>διαπαντὸς,</span> <span class='ocrx_word' id='word_1_23' title='bbox 1449 825 1544 879; x_wconf 78' lang='grc' dir='ltr'>καὶ</span> <span class='ocrx_word' id='word_1_24' title='bbox 1580 826 1643 878; x_wconf 79' lang='grc' dir='ltr'>οὐ</span> <span class='ocrx_word' id='word_1_25' title='bbox 1672 844 1880 896; x_wconf 80' lang='grc' dir='ltr'>συγχω·</span> 
     </span>
    </p>
   </div>
   <div class='ocr_carea' id='block_1_5' title="bbox 307 907 1879 983">
    <p class='ocr_par' dir='ltr' id='par_1_5' title="bbox 307 907 1879 983">
     <span class='ocr_line' id='line_1_5' title="bbox 307 907 1879 983; baseline -0.001 -20"><span class='ocrx_word' id='word_1_26' title='bbox 307 913 422 983; x_wconf 85' lang='grc' dir='ltr'>ρεῖς</span> <span class='ocrx_word' id='word_1_27' title='bbox 455 907 677 974; x_wconf 79' lang='grc' dir='ltr'>ἐξιέναι,</span> <span class='ocrx_word' id='word_1_28' title='bbox 705 908 882 977; x_wconf 87' lang='grc' dir='ltr'>δεσμά</span> <span class='ocrx_word' id='word_1_29' title='bbox 914 907 1313 977; x_wconf 90' lang='grc' dir='ltr'>περιϐάλλουσα</span> <span class='ocrx_word' id='word_1_30' title='bbox 1341 909 1577 978; x_wconf 79' lang='grc' dir='ltr'>χαλεπά,</span> <span class='ocrx_word' id='word_1_31' title='bbox 1613 913 1678 981; x_wconf 80' lang='grc' dir='ltr'>τῇ</span> <span class='ocrx_word' id='word_1_32' title='bbox 1714 910 1879 964; x_wconf 90' lang='grc' dir='ltr'>κολα-</span> 
     </span>
    </p>
   </div>
   <div class='ocr_carea' id='block_1_6' title="bbox 299 992 1883 1066">
    <p class='ocr_par' dir='ltr' id='par_1_6' title="bbox 299 992 1883 1066">
     <span class='ocr_line' id='line_1_6' title="bbox 299 992 1883 1066; baseline -0.003 -17"><span class='ocrx_word' id='word_1_33' title='bbox 299 998 443 1066; x_wconf 78' lang='grc' dir='ltr'>κείᾳ,</span> <span class='ocrx_word' id='word_1_34' title='bbox 470 1000 536 1066; x_wconf 82' lang='grc' dir='ltr'>τῇ</span> <span class='ocrx_word' id='word_1_35' title='bbox 571 994 859 1065; x_wconf 75' lang='grc' dir='ltr'>θεραπείᾳ,</span> <span class='ocrx_word' id='word_1_36' title='bbox 889 994 1009 1055; x_wconf 90' lang='grc' dir='ltr'>ταῖς</span> <span class='ocrx_word' id='word_1_37' title='bbox 1037 992 1225 1057; x_wconf 81' lang='grc' dir='ltr'>ἄλλαις</span> <span class='ocrx_word' id='word_1_38' title='bbox 1254 993 1511 1064; x_wconf 82' lang='grc' dir='ltr'>πράξεσι,</span> <span class='ocrx_word' id='word_1_39' title='bbox 1541 992 1635 1046; x_wconf 70' lang='grc' dir='ltr'>καὶ</span> <span class='ocrx_word' id='word_1_40' title='bbox 1663 996 1769 1063; x_wconf 81' lang='grc' dir='ltr'>ἡγῇ</span> <span class='ocrx_word' id='word_1_41' title='bbox 1800 992 1883 1045; x_wconf 87' lang='grc' dir='ltr'>δο-</span> 
     </span>
    </p>
   </div>
   <div class='ocr_carea' id='block_1_7' title="bbox 300 1072 1876 1145">
    <p class='ocr_par' dir='ltr' id='par_1_7' title="bbox 300 1072 1876 1145">
     <span class='ocr_line' id='line_1_7' title="bbox 300 1072 1876 1145; baseline -0.003 -14"><span class='ocrx_word' id='word_1_42' title='bbox 300 1078 582 1142; x_wconf 79' lang='grc' dir='ltr'>ξάζεσθαι,</span> <span class='ocrx_word' id='word_1_43' title='bbox 623 1074 1063 1144; x_wconf 77' lang='grc' dir='ltr'>καταισχύνουσα</span> <span class='ocrx_word' id='word_1_44' title='bbox 1089 1077 1324 1145; x_wconf 85' lang='grc' dir='ltr'>ἐαυτήν;</span> <span class='ocrx_word' id='word_1_45' title='bbox 1350 1072 1481 1128; x_wconf 85' lang='grc' dir='ltr'>Εἶτα</span> <span class='ocrx_word' id='word_1_46' title='bbox 1511 1076 1612 1129; x_wconf 79' lang='grc' dir='ltr'>οὐκ</span> <span class='ocrx_word' id='word_1_47' title='bbox 1654 1077 1876 1140; x_wconf 85' lang='grc' dir='ltr'>ἐννοεῖς,</span> 
     </span>
    </p>
   </div>
   <div class='ocr_carea' id='block_1_8' title="bbox 298 1157 1880 1229">
    <p class='ocr_par' dir='ltr' id='par_1_8' title="bbox 298 1157 1880 1229">
     <span class='ocr_line' id='line_1_8' title="bbox 298 1157 1880 1229; baseline 0 -17"><span class='ocrx_word' id='word_1_48' title='bbox 298 1160 419 1212; x_wconf 81' lang='grc' dir='ltr'>εἰπέ</span> <span class='ocrx_word' id='word_1_49' title='bbox 452 1178 564 1229; x_wconf 89' lang='grc' dir='ltr'>μοι,</span> <span class='ocrx_word' id='word_1_50' title='bbox 593 1160 685 1211; x_wconf 82' lang='grc' dir='ltr'>τὸν</span> <span class='ocrx_word' id='word_1_51' title='bbox 716 1159 957 1229; x_wconf 85' lang='grc' dir='ltr'>παρόντα</span> <span class='ocrx_word' id='word_1_52' title='bbox 983 1159 1117 1228; x_wconf 87' lang='grc' dir='ltr'>βίον,</span> <span class='ocrx_word' id='word_1_53' title='bbox 1148 1157 1266 1221; x_wconf 81' lang='grc' dir='ltr'>πῶς</span> <span class='ocrx_word' id='word_1_54' title='bbox 1310 1157 1541 1229; x_wconf 81' lang='grc' dir='ltr'>βραχὺς,</span> <span class='ocrx_word' id='word_1_55' title='bbox 1581 1158 1698 1222; x_wconf 84' lang='grc' dir='ltr'>πῶς</span> <span class='ocrx_word' id='word_1_56' title='bbox 1741 1159 1880 1212; x_wconf 74' lang='grc' dir='ltr'>ὀνείο</span> 
     </span>
    </p>
   </div>
   <div class='ocr_carea' id='block_1_9' title="bbox 301 1241 1880 1313">
    <p class='ocr_par' dir='ltr' id='par_1_9' title="bbox 301 1241 1880 1313">
     <span class='ocr_line' id='line_1_9' title="bbox 301 1241 1880 1313; baseline 0 -19"><span class='ocrx_word' id='word_1_57' title='bbox 301 1259 423 1312; x_wconf 92' lang='grc' dir='ltr'>ρασι</span> <span class='ocrx_word' id='word_1_58' title='bbox 459 1242 770 1312; x_wconf 80' lang='grc' dir='ltr'>προσέοικε,</span> <span class='ocrx_word' id='word_1_59' title='bbox 802 1242 896 1295; x_wconf 73' lang='grc' dir='ltr'>καὶ</span> <span class='ocrx_word' id='word_1_60' title='bbox 922 1241 1112 1297; x_wconf 81' lang='grc' dir='ltr'>ἄνθεσι</span> <span class='ocrx_word' id='word_1_61' title='bbox 1150 1242 1590 1312; x_wconf 79' lang='grc' dir='ltr'>μαραινομένοις,</span> <span class='ocrx_word' id='word_1_62' title='bbox 1630 1243 1723 1296; x_wconf 71' lang='grc' dir='ltr'>καὶ</span> <span class='ocrx_word' id='word_1_63' title='bbox 1753 1242 1880 1313; x_wconf 85' lang='grc' dir='ltr'>σκιᾷ</span> 
     </span>
    </p>
   </div>
   <div class='ocr_carea' id='block_1_10' title="bbox 301 1323 1879 1395">
    <p class='ocr_par' dir='ltr' id='par_1_10' title="bbox 301 1323 1879 1395">
     <span class='ocr_line' id='line_1_10' title="bbox 301 1323 1879 1395; baseline 0.001 -19"><span class='ocrx_word' id='word_1_64' title='bbox 301 1323 751 1395; x_wconf 82' lang='grc' dir='ltr'>παρατρεχούσῃ;</span> <span class='ocrx_word' id='word_1_65' title='bbox 780 1325 845 1377; x_wconf 87' lang='grc' dir='ltr'>Τί</span> <span class='ocrx_word' id='word_1_66' title='bbox 869 1324 1049 1395; x_wconf 83' lang='grc' dir='ltr'>βούλει</span> <span class='ocrx_word' id='word_1_67' title='bbox 1069 1324 1399 1393; x_wconf 88' lang='grc' dir='ltr'>τρυφήσασα</span> <span class='ocrx_word' id='word_1_68' title='bbox 1425 1324 1519 1377; x_wconf 84' lang='grc' dir='ltr'>νῦν</span> <span class='ocrx_word' id='word_1_69' title='bbox 1544 1327 1603 1378; x_wconf 83' lang='grc' dir='ltr'>ἐν</span> <span class='ocrx_word' id='word_1_70' title='bbox 1637 1326 1879 1395; x_wconf 83' lang='grc' dir='ltr'>ὀνείρατι</span> 
     </span>
    </p>
   </div>
   <div class='ocr_carea' id='block_1_11' title="bbox 300 1404 1879 1478">
    <p class='ocr_par' dir='ltr' id='par_1_11' title="bbox 300 1404 1879 1478">
     <span class='ocr_line' id='line_1_11' title="bbox 300 1404 1879 1478; baseline 0.002 -20"><span class='ocrx_word' id='word_1_71' title='bbox 300 1404 624 1469; x_wconf 81' lang='grc' dir='ltr'>κολάζεσθαι</span> <span class='ocrx_word' id='word_1_72' title='bbox 656 1411 712 1461; x_wconf 87' lang='grc' dir='ltr'>ἐν</span> <span class='ocrx_word' id='word_1_73' title='bbox 745 1406 973 1476; x_wconf 78' lang='grc' dir='ltr'>ἀληθείᾳ</span> <span class='ocrx_word' id='word_1_74' title='bbox 994 1405 1113 1458; x_wconf 89' lang='grc' dir='ltr'>τότε</span> <span class='ocrx_word' id='word_1_75' title='bbox 1133 1421 1147 1470; x_wconf 88' lang='grc'><strong>;</strong></span> <span class='ocrx_word' id='word_1_76' title='bbox 1169 1406 1362 1459; x_wconf 86' lang='grc' dir='ltr'>Καίτοι</span> <span class='ocrx_word' id='word_1_77' title='bbox 1384 1423 1450 1475; x_wconf 90' lang='grc' dir='ltr'>γε</span> <span class='ocrx_word' id='word_1_78' title='bbox 1468 1406 1590 1461; x_wconf 82' lang='grc' dir='ltr'>οὐδὲ</span> <span class='ocrx_word' id='word_1_79' title='bbox 1614 1406 1792 1478; x_wconf 85' lang='grc' dir='ltr'>τρυφὴ</span> <span class='ocrx_word' id='word_1_80' title='bbox 1817 1407 1879 1461; x_wconf 84' lang='grc' dir='ltr'>τὸ</span> 
     </span>
    </p>
   </div>
   <div class='ocr_carea' id='block_1_12' title="bbox 301 1487 1881 1560">
    <p class='ocr_par' dir='ltr' id='par_1_12' title="bbox 301 1487 1881 1560">
     <span class='ocr_line' id='line_1_12' title="bbox 301 1487 1881 1560; baseline 0.001 -20"><span class='ocrx_word' id='word_1_81' title='bbox 301 1490 532 1560; x_wconf 79' lang='grc' dir='ltr'>πρᾶγμά</span> <span class='ocrx_word' id='word_1_82' title='bbox 561 1492 676 1542; x_wconf 84' lang='grc' dir='ltr'>ἐστι</span> <span class='ocrx_word' id='word_1_83' title='bbox 697 1508 711 1520; x_wconf 90' lang='grc'><strong>·</strong></span> <span class='ocrx_word' id='word_1_84' title='bbox 742 1489 861 1551; x_wconf 82' lang='grc' dir='ltr'>πῶς</span> <span class='ocrx_word' id='word_1_85' title='bbox 887 1487 1017 1558; x_wconf 87' lang='grc' dir='ltr'>γὰρ,</span> <span class='ocrx_word' id='word_1_86' title='bbox 1050 1489 1185 1541; x_wconf 84' lang='grc' dir='ltr'>ὅπου</span> <span class='ocrx_word' id='word_1_87' title='bbox 1221 1488 1566 1557; x_wconf 82' lang='grc' dir='ltr'>κατάγνωσις</span> <span class='ocrx_word' id='word_1_88' title='bbox 1591 1490 1685 1543; x_wconf 74' lang='grc' dir='ltr'>καὶ</span> <span class='ocrx_word' id='word_1_89' title='bbox 1710 1505 1881 1557; x_wconf 84' lang='grc' dir='ltr'>κατη-</span> 
     </span>
    </p>
   </div>
   <div class='ocr_carea' id='block_1_13' title="bbox 302 1569 1879 1641">
    <p class='ocr_par' dir='ltr' id='par_1_13' title="bbox 302 1569 1879 1641">
     <span class='ocr_line' id='line_1_13' title="bbox 302 1569 1879 1641; baseline -0.002 -17"><span class='ocrx_word' id='word_1_90' title='bbox 302 1573 466 1641; x_wconf 89' lang='grc' dir='ltr'>γορία</span> <span class='ocrx_word' id='word_1_91' title='bbox 505 1573 601 1624; x_wconf 72' lang='grc' dir='ltr'>καὶ</span> <span class='ocrx_word' id='word_1_92' title='bbox 648 1571 959 1640; x_wconf 82' lang='grc' dir='ltr'>σκώμματα</span> <span class='ocrx_word' id='word_1_93' title='bbox 997 1571 1091 1623; x_wconf 67' lang='grc' dir='ltr'>καὶ</span> <span class='ocrx_word' id='word_1_94' title='bbox 1132 1571 1431 1635; x_wconf 87' lang='grc' dir='ltr'>σκάνδαλα;</span> <span class='ocrx_word' id='word_1_95' title='bbox 1474 1571 1620 1641; x_wconf 83' lang='grc' dir='ltr'>Πλὴν</span> <span class='ocrx_word' id='word_1_96' title='bbox 1667 1569 1783 1624; x_wconf 88' lang='grc' dir='ltr'>ἀλλ’</span> <span class='ocrx_word' id='word_1_97' title='bbox 1831 1570 1879 1621; x_wconf 88' lang='grc' dir='ltr'>εί</span> 
     </span>
    </p>
   </div>
   <div class='ocr_carea' id='block_1_14' title="bbox 304 1650 1881 1724">
    <p class='ocr_par' dir='ltr' id='par_1_14' title="bbox 304 1650 1881 1724">
     <span class='ocr_line' id='line_1_14' title="bbox 304 1650 1881 1724; baseline 0 -20"><span class='ocrx_word' id='word_1_98' title='bbox 304 1655 398 1705; x_wconf 69' lang='grc' dir='ltr'>καὶ</span> <span class='ocrx_word' id='word_1_99' title='bbox 423 1654 600 1724; x_wconf 82' lang='grc' dir='ltr'>τρυφὴ</span> <span class='ocrx_word' id='word_1_100' title='bbox 630 1650 720 1723; x_wconf 80' lang='grc' dir='ltr'>ἧν,</span> <span class='ocrx_word' id='word_1_101' title='bbox 744 1653 797 1703; x_wconf 84' lang='grc' dir='ltr'>τί</span> <span class='ocrx_word' id='word_1_102' title='bbox 824 1651 1039 1720; x_wconf 86' lang='grc' dir='ltr'>σταγὼν</span> <span class='ocrx_word' id='word_1_103' title='bbox 1070 1652 1260 1717; x_wconf 80' lang='grc' dir='ltr'>ὕδατος</span> <span class='ocrx_word' id='word_1_104' title='bbox 1283 1654 1459 1724; x_wconf 84' lang='grc' dir='ltr'>μικρὰ</span> <span class='ocrx_word' id='word_1_105' title='bbox 1488 1653 1624 1724; x_wconf 80' lang='grc' dir='ltr'>πρὸς</span> <span class='ocrx_word' id='word_1_106' title='bbox 1656 1654 1881 1723; x_wconf 78' lang='grc' dir='ltr'>ἄπειρον</span> 
     </span>
    </p>
   </div>
   <div class='ocr_carea' id='block_1_15' title="bbox 306 1734 1883 1804">
    <p class='ocr_par' dir='ltr' id='par_1_15' title="bbox 306 1734 1883 1804">
     <span class='ocr_line' id='line_1_15' title="bbox 306 1734 1883 1804; baseline 0.001 -17"><span class='ocrx_word' id='word_1_107' title='bbox 306 1735 571 1801; x_wconf 84' lang='grc' dir='ltr'>πέλαγος;</span> <span class='ocrx_word' id='word_1_108' title='bbox 604 1737 918 1793; x_wconf 76' lang='grc' dir='ltr'>Ἄκουσον.</span> <span class='ocrx_word' id='word_1_109' title='bbox 949 1736 1219 1804; x_wconf 72' lang='grc' dir='ltr'>θύγατερ,</span> <span class='ocrx_word' id='word_1_110' title='bbox 1255 1736 1356 1789; x_wconf 79' lang='grc' dir='ltr'>καὶ</span> <span class='ocrx_word' id='word_1_111' title='bbox 1385 1734 1497 1798; x_wconf 79' lang='grc' dir='ltr'>ἴδε,</span> <span class='ocrx_word' id='word_1_112' title='bbox 1538 1735 1639 1788; x_wconf 76' lang='grc' dir='ltr'>καὶ</span> <span class='ocrx_word' id='word_1_113' title='bbox 1668 1734 1883 1788; x_wconf 72' lang='grc' dir='ltr'>κλῖνον</span> 
     </span>
    </p>
   </div>
   <div class='ocr_carea' id='block_1_16' title="bbox 303 1814 1880 1881">
    <p class='ocr_par' dir='ltr' id='par_1_16' title="bbox 303 1814 1880 1881">
     <span class='ocr_line' id='line_1_16' title="bbox 303 1814 1880 1881; baseline 0.001 -12"><span class='ocrx_word' id='word_1_114' title='bbox 303 1816 369 1869; x_wconf 79' lang='grc' dir='ltr'>τὸ</span> <span class='ocrx_word' id='word_1_115' title='bbox 402 1814 511 1881; x_wconf 85' lang='grc' dir='ltr'>οὖς</span> <span class='ocrx_word' id='word_1_116' title='bbox 545 1832 682 1881; x_wconf 85' lang='grc' dir='ltr'>σου,</span> <span class='ocrx_word' id='word_1_117' title='bbox 711 1817 806 1869; x_wconf 78' lang='grc' dir='ltr'>καὶ</span> <span class='ocrx_word' id='word_1_118' title='bbox 829 1817 1118 1872; x_wconf 80' lang='grc' dir='ltr'>ἐπιλάθου</span> <span class='ocrx_word' id='word_1_119' title='bbox 1152 1818 1258 1873; x_wconf 85' lang='grc' dir='ltr'>τοῦ</span> <span class='ocrx_word' id='word_1_120' title='bbox 1286 1817 1440 1872; x_wconf 79' lang='grc' dir='ltr'>λαοῦ</span> <span class='ocrx_word' id='word_1_121' title='bbox 1470 1829 1608 1880; x_wconf 85' lang='grc' dir='ltr'>σου,</span> <span class='ocrx_word' id='word_1_122' title='bbox 1640 1818 1739 1870; x_wconf 82' lang='grc' dir='ltr'>καὶ</span> <span class='ocrx_word' id='word_1_123' title='bbox 1772 1815 1880 1871; x_wconf 84' lang='grc' dir='ltr'>τοῦ</span> 
     </span>
    </p>
   </div>
   <div class='ocr_carea' id='block_1_17' title="bbox 303 1897 1882 1969">
    <p class='ocr_par' dir='ltr' id='par_1_17' title="bbox 303 1897 1882 1969">
     <span class='ocr_line' id='line_1_17' title="bbox 303 1897 1882 1969; baseline 0.001 -20"><span class='ocrx_word' id='word_1_124' title='bbox 303 1898 471 1951; x_wconf 82' lang='grc' dir='ltr'>οἴκου</span> <span class='ocrx_word' id='word_1_125' title='bbox 494 1898 600 1951; x_wconf 80' lang='grc' dir='ltr'>τοῦ</span> <span class='ocrx_word' id='word_1_126' title='bbox 622 1899 847 1968; x_wconf 80' lang='grc' dir='ltr'>πατρός</span> <span class='ocrx_word' id='word_1_127' title='bbox 875 1913 1014 1963; x_wconf 88' lang='grc' dir='ltr'>σου,</span> <span class='ocrx_word' id='word_1_128' title='bbox 1038 1898 1134 1952; x_wconf 79' lang='grc' dir='ltr'>καί</span> <span class='ocrx_word' id='word_1_129' title='bbox 1158 1898 1513 1969; x_wconf 76' lang='grc' dir='ltr'>ἐπιθυμήσει</span> <span class='ocrx_word' id='word_1_130' title='bbox 1529 1900 1563 1953; x_wconf 83' lang='grc' dir='ltr'><em>ό</em></span> <span class='ocrx_word' id='word_1_131' title='bbox 1582 1897 1882 1964; x_wconf 68' lang='grc' dir='ltr'>,βασιλεὺς</span> 
     </span>
    </p>
   </div>
   <div class='ocr_carea' id='block_1_18' title="bbox 303 1979 1884 2052">
    <p class='ocr_par' dir='ltr' id='par_1_18' title="bbox 303 1979 1884 2052">
     <span class='ocr_line' id='line_1_18' title="bbox 303 1979 1884 2052; baseline 0.001 -20"><span class='ocrx_word' id='word_1_132' title='bbox 303 1979 411 2033; x_wconf 83' lang='grc' dir='ltr'>τοῦ</span> <span class='ocrx_word' id='word_1_133' title='bbox 447 1980 717 2045; x_wconf 70' lang='grc' dir='ltr'>κάλλους</span> <span class='ocrx_word' id='word_1_134' title='bbox 740 1996 879 2043; x_wconf 87' lang='grc' dir='ltr'>σου,</span> <span class='ocrx_word' id='word_1_135' title='bbox 900 1979 1036 2050; x_wconf 77' lang='grc' dir='ltr'>πρὸς</span> <span class='ocrx_word' id='word_1_136' title='bbox 1057 1981 1158 2051; x_wconf 78' lang='grc' dir='ltr'>τὴν</span> <span class='ocrx_word' id='word_1_137' title='bbox 1187 1981 1517 2052; x_wconf 72' lang='grc' dir='ltr'>οἰκουμένην</span> <span class='ocrx_word' id='word_1_138' title='bbox 1534 1980 1667 2034; x_wconf 88' lang='grc' dir='ltr'>ποτέ</span> <span class='ocrx_word' id='word_1_139' title='bbox 1697 1979 1884 2043; x_wconf 83' lang='grc' dir='ltr'>κακῶς</span> 
     </span>
    </p>
   </div>
   <div class='ocr_carea' id='block_1_19' title="bbox 304 2060 1887 2133">
    <p class='ocr_par' dir='ltr' id='par_1_19' title="bbox 304 2060 1887 2133">
     <span class='ocr_line' id='line_1_19' title="bbox 304 2060 1887 2133; baseline 0.001 -20"><span class='ocrx_word' id='word_1_140' title='bbox 304 2060 653 2131; x_wconf 82' lang='grc' dir='ltr'>διακειμένην</span> <span class='ocrx_word' id='word_1_141' title='bbox 683 2062 866 2130; x_wconf 75' lang='grc' dir='ltr'>ἔλεγεν</span> <span class='ocrx_word' id='word_1_142' title='bbox 902 2064 930 2116; x_wconf 97' lang='grc' dir='ltr'>ὁ</span> <span class='ocrx_word' id='word_1_143' title='bbox 957 2062 1140 2115; x_wconf 81' lang='grc' dir='ltr'>Δαυῖδ.</span> <span class='ocrx_word' id='word_1_144' title='bbox 1181 2062 1351 2117; x_wconf 82' lang='grc' dir='ltr'>Τοῦτο</span> <span class='ocrx_word' id='word_1_145' title='bbox 1391 2062 1571 2117; x_wconf 85' lang='grc' dir='ltr'>τοίνυν</span> <span class='ocrx_word' id='word_1_146' title='bbox 1597 2062 1693 2117; x_wconf 79' lang='grc' dir='ltr'>καὶ</span> <span class='ocrx_word' id='word_1_147' title='bbox 1724 2062 1887 2133; x_wconf 81' lang='grc' dir='ltr'>ἡμεῖς</span> 
     </span>
    </p>
   </div>
   <div class='ocr_carea' id='block_1_20' title="bbox 307 2143 1884 2218">
    <p class='ocr_par' dir='ltr' id='par_1_20' title="bbox 307 2143 1884 2218">
     <span class='ocr_line' id='line_1_20' title="bbox 307 2143 1884 2218; baseline 0.003 -23"><span class='ocrx_word' id='word_1_148' title='bbox 307 2143 576 2214; x_wconf 76' lang='grc' dir='ltr'>ἐπᾴδομέν</span> <span class='ocrx_word' id='word_1_149' title='bbox 625 2161 706 2197; x_wconf 89' lang='grc' dir='ltr'>σοι</span> <span class='ocrx_word' id='word_1_150' title='bbox 738 2144 800 2197; x_wconf 79' lang='grc' dir='ltr'>τὸ</span> <span class='ocrx_word' id='word_1_151' title='bbox 836 2144 1012 2215; x_wconf 74' lang='grc' dir='ltr'>ῥῆμα,</span> <span class='ocrx_word' id='word_1_152' title='bbox 1064 2146 1260 2215; x_wconf 78' lang='grc' dir='ltr'>μικρὸν</span> <span class='ocrx_word' id='word_1_153' title='bbox 1299 2145 1753 2218; x_wconf 78' lang='grc' dir='ltr'>παραλλάξαντες,</span> <span class='ocrx_word' id='word_1_154' title='bbox 1789 2144 1884 2199; x_wconf 82' lang='grc' dir='ltr'>τοῦ</span> 
     </span>
    </p>
   </div>
   <div class='ocr_carea' id='block_1_21' title="bbox 310 2226 1892 2301">
    <p class='ocr_par' dir='ltr' id='par_1_21' title="bbox 310 2226 1892 2301">
     <span class='ocr_line' id='line_1_21' title="bbox 310 2226 1892 2301; baseline 0.001 -22"><span class='ocrx_word' id='word_1_155' title='bbox 310 2228 613 2296; x_wconf 82' lang='grc' dir='ltr'>προφήτου,</span> <span class='ocrx_word' id='word_1_156' title='bbox 659 2228 751 2289; x_wconf 73' lang='grc' dir='ltr'>καὶ</span> <span class='ocrx_word' id='word_1_157' title='bbox 782 2227 1016 2297; x_wconf 81' lang='grc' dir='ltr'>ἐροῦμεν</span> <span class='ocrx_word' id='word_1_158' title='bbox 1053 2228 1192 2299; x_wconf 88' lang='grc' dir='ltr'>μετά</span> <span class='ocrx_word' id='word_1_159' title='bbox 1217 2229 1311 2282; x_wconf 82' lang='grc' dir='ltr'>τοῦ</span> <span class='ocrx_word' id='word_1_160' title='bbox 1346 2230 1623 2301; x_wconf 81' lang='grc' dir='ltr'>προφήτου</span> <span class='ocrx_word' id='word_1_161' title='bbox 1644 2245 1658 2259; x_wconf 76' lang='grc'><strong>⁸</strong></span> <span class='ocrx_word' id='word_1_162' title='bbox 1690 2226 1892 2281; x_wconf 80' lang='grc' dir='ltr'>Ἀκου-</span> 
     </span>
    </p>
   </div>
   <div class='ocr_carea' id='block_1_22' title="bbox 310 2306 1883 2380">
    <p class='ocr_par' dir='ltr' id='par_1_22' title="bbox 310 2306 1883 2380">
     <span class='ocr_line' id='line_1_22' title="bbox 310 2306 1883 2380; baseline 0.001 -18"><span class='ocrx_word' id='word_1_163' title='bbox 310 2325 422 2373; x_wconf 91' lang='grc' dir='ltr'>σον,</span> <span class='ocrx_word' id='word_1_164' title='bbox 470 2307 729 2380; x_wconf 82' lang='grc' dir='ltr'>θύγατερ,</span> <span class='ocrx_word' id='word_1_165' title='bbox 764 2310 860 2363; x_wconf 76' lang='grc' dir='ltr'>καὶ</span> <span class='ocrx_word' id='word_1_166' title='bbox 894 2310 991 2373; x_wconf 88' lang='grc' dir='ltr'>ίδε,</span> <span class='ocrx_word' id='word_1_167' title='bbox 1034 2310 1127 2363; x_wconf 77' lang='grc' dir='ltr'>καὶ</span> <span class='ocrx_word' id='word_1_168' title='bbox 1168 2310 1347 2365; x_wconf 90' lang='grc' dir='ltr'>κλῖνον</span> <span class='ocrx_word' id='word_1_169' title='bbox 1380 2311 1442 2365; x_wconf 84' lang='grc' dir='ltr'>τδ</span> <span class='ocrx_word' id='word_1_170' title='bbox 1482 2306 1575 2375; x_wconf 81' lang='grc' dir='ltr'>οὖς</span> <span class='ocrx_word' id='word_1_171' title='bbox 1618 2327 1734 2375; x_wconf 89' lang='grc' dir='ltr'>σου,</span> <span class='ocrx_word' id='word_1_172' title='bbox 1784 2309 1883 2364; x_wconf 75' lang='grc' dir='ltr'>καὶ</span> 
     </span>
    </p>
   </div>
   <div class='ocr_carea' id='block_1_23' title="bbox 309 2390 1882 2463">
    <p class='ocr_par' dir='ltr' id='par_1_23' title="bbox 309 2390 1882 2463">
     <span class='ocr_line' id='line_1_23' title="bbox 309 2390 1882 2463; baseline 0.001 -19"><span class='ocrx_word' id='word_1_173' title='bbox 309 2390 563 2444; x_wconf 79' lang='grc' dir='ltr'>ἐπιλάθου</span> <span class='ocrx_word' id='word_1_174' title='bbox 592 2391 692 2460; x_wconf 80' lang='grc' dir='ltr'>τῆς</span> <span class='ocrx_word' id='word_1_175' title='bbox 722 2393 965 2463; x_wconf 84' lang='grc' dir='ltr'>πονηρᾶς</span> <span class='ocrx_word' id='word_1_176' title='bbox 990 2391 1301 2462; x_wconf 84' lang='grc' dir='ltr'>συνηθείας,</span> <span class='ocrx_word' id='word_1_177' title='bbox 1333 2392 1429 2447; x_wconf 76' lang='grc' dir='ltr'>καὶ</span> <span class='ocrx_word' id='word_1_178' title='bbox 1453 2392 1563 2445; x_wconf 83' lang='grc' dir='ltr'>τῶν</span> <span class='ocrx_word' id='word_1_179' title='bbox 1595 2393 1689 2446; x_wconf 77' lang='grc' dir='ltr'>ἐπὶ</span> <span class='ocrx_word' id='word_1_180' title='bbox 1726 2391 1882 2461; x_wconf 87' lang='grc' dir='ltr'>κακῷ</span> 
     </span>
    </p>
   </div>
   <div class='ocr_carea' id='block_1_24' title="bbox 311 2471 1881 2546">
    <p class='ocr_par' dir='ltr' id='par_1_24' title="bbox 311 2471 1881 2546">
     <span class='ocr_line' id='line_1_24' title="bbox 311 2471 1881 2546; baseline 0 -21"><span class='ocrx_word' id='word_1_181' title='bbox 311 2490 390 2525; x_wconf 91' lang='grc' dir='ltr'>σοι</span> <span class='ocrx_word' id='word_1_182' title='bbox 446 2471 858 2537; x_wconf 89' lang='grc' dir='ltr'>συνοικούντων,</span> <span class='ocrx_word' id='word_1_183' title='bbox 912 2474 1009 2526; x_wconf 71' lang='grc' dir='ltr'>καὶ</span> <span class='ocrx_word' id='word_1_184' title='bbox 1060 2473 1453 2546; x_wconf 85' lang='grc' dir='ltr'>ἐπιθυμήσειὸ</span> <span class='ocrx_word' id='word_1_185' title='bbox 1490 2472 1744 2544; x_wconf 82' lang='grc' dir='ltr'>βασιλεὺς</span> <span class='ocrx_word' id='word_1_186' title='bbox 1787 2471 1881 2525; x_wconf 80' lang='grc' dir='ltr'>τοῦ</span> 
     </span>
    </p>
   </div>
   <div class='ocr_carea' id='block_1_25' title="bbox 310 2553 1885 2629">
    <p class='ocr_par' dir='ltr' id='par_1_25' title="bbox 310 2553 1885 2629">
     <span class='ocr_line' id='line_1_25' title="bbox 310 2553 1885 2629; baseline 0.001 -23"><span class='ocrx_word' id='word_1_187' title='bbox 310 2554 543 2616; x_wconf 85' lang='grc' dir='ltr'>κάλλους</span> <span class='ocrx_word' id='word_1_188' title='bbox 576 2571 692 2607; x_wconf 92' lang='grc' dir='ltr'>σου.</span> <span class='ocrx_word' id='word_1_189' title='bbox 725 2554 791 2607; x_wconf 82' lang='grc' dir='ltr'>Τί</span> <span class='ocrx_word' id='word_1_190' title='bbox 822 2572 903 2608; x_wconf 93' lang='grc' dir='ltr'>σοι</span> <span class='ocrx_word' id='word_1_191' title='bbox 928 2555 1118 2609; x_wconf 90' lang='grc' dir='ltr'>τούτου</span> <span class='ocrx_word' id='word_1_192' title='bbox 1149 2556 1344 2620; x_wconf 87' lang='grc' dir='ltr'>πλέον;</span> <span class='ocrx_word' id='word_1_193' title='bbox 1370 2555 1424 2609; x_wconf 90' lang='grc' dir='ltr'>τί</span> <span class='ocrx_word' id='word_1_194' title='bbox 1448 2555 1506 2610; x_wconf 85' lang='grc' dir='ltr'>δέ</span> <span class='ocrx_word' id='word_1_195' title='bbox 1525 2555 1638 2608; x_wconf 83' lang='grc' dir='ltr'>ῖσον</span> <span class='ocrx_word' id='word_1_196' title='bbox 1664 2553 1885 2629; x_wconf 73' lang='grc' dir='ltr'>ἔχοιμεν</span> 
     </span>
    </p>
   </div>
   <div class='ocr_carea' id='block_1_26' title="bbox 312 2636 1884 2710">
    <p class='ocr_par' dir='ltr' id='par_1_26' title="bbox 312 2636 1884 2710">
     <span class='ocr_line' id='line_1_26' title="bbox 312 2636 1884 2710; baseline 0.001 -21"><span class='ocrx_word' id='word_1_197' title='bbox 312 2636 379 2689; x_wconf 76' lang='grc' dir='ltr'>ἂν</span> <span class='ocrx_word' id='word_1_198' title='bbox 410 2638 588 2689; x_wconf 78' lang='grc' dir='ltr'>εἰπεῖν</span> <span class='ocrx_word' id='word_1_199' title='bbox 620 2636 769 2700; x_wconf 78' lang='grc' dir='ltr'>ἄλλο,</span> <span class='ocrx_word' id='word_1_200' title='bbox 800 2637 928 2691; x_wconf 87' lang='grc' dir='ltr'>ὃταν</span> <span class='ocrx_word' id='word_1_201' title='bbox 961 2637 1053 2690; x_wconf 84' lang='grc' dir='ltr'>τὸν</span> <span class='ocrx_word' id='word_1_202' title='bbox 1093 2636 1203 2691; x_wconf 84' lang='grc' dir='ltr'>τῶν</span> <span class='ocrx_word' id='word_1_203' title='bbox 1230 2636 1476 2710; x_wconf 81' lang='grc' dir='ltr'>οὐρανῶν</span> <span class='ocrx_word' id='word_1_204' title='bbox 1513 2637 1609 2691; x_wconf 77' lang='grc' dir='ltr'>καὶ</span> <span class='ocrx_word' id='word_1_205' title='bbox 1653 2637 1757 2706; x_wconf 80' lang='grc' dir='ltr'>γῆς</span> <span class='ocrx_word' id='word_1_206' title='bbox 1786 2636 1884 2690; x_wconf 73' lang='grc' dir='ltr'>καὶ</span> 
     </span>
    </p>
   </div>
   <div class='ocr_carea' id='block_1_27' title="bbox 315 2716 1891 2791">
    <p class='ocr_par' dir='ltr' id='par_1_27' title="bbox 315 2716 1891 2791">
     <span class='ocr_line' id='line_1_27' title="bbox 315 2716 1891 2791; baseline 0 -20"><span class='ocrx_word' id='word_1_207' title='bbox 315 2717 467 2789; x_wconf 70' lang='lat'>[267]</span> <span class='ocrx_word' id='word_1_208' title='bbox 496 2718 743 2786; x_wconf 83' lang='grc' dir='ltr'>ἀγγέλων</span> <span class='ocrx_word' id='word_1_209' title='bbox 774 2718 871 2772; x_wconf 75' lang='grc' dir='ltr'>καὶ</span> <span class='ocrx_word' id='word_1_210' title='bbox 913 2719 1269 2791; x_wconf 84' lang='grc' dir='ltr'>ἀρχαγγέλων</span> <span class='ocrx_word' id='word_1_211' title='bbox 1312 2719 1409 2773; x_wconf 74' lang='grc' dir='ltr'>καὶ</span> <span class='ocrx_word' id='word_1_212' title='bbox 1446 2720 1556 2773; x_wconf 85' lang='grc' dir='ltr'>τῶν</span> <span class='ocrx_word' id='word_1_213' title='bbox 1589 2719 1705 2774; x_wconf 80' lang='grc' dir='ltr'>ἀνω</span> <span class='ocrx_word' id='word_1_214' title='bbox 1730 2716 1891 2772; x_wconf 86' lang='grc' dir='ltr'>δυνά-</span> 
     </span>
    </p>
   </div>
   <div class='ocr_carea' id='block_1_28' title="bbox 315 2801 1887 2876">
    <p class='ocr_par' dir='ltr' id='par_1_28' title="bbox 315 2801 1887 2876">
     <span class='ocr_line' id='line_1_28' title="bbox 315 2801 1887 2876; baseline 0.003 -23"><span class='ocrx_word' id='word_1_215' title='bbox 315 2818 460 2870; x_wconf 80' lang='grc' dir='ltr'>μεων</span> <span class='ocrx_word' id='word_1_216' title='bbox 489 2803 766 2873; x_wconf 82' lang='grc' dir='ltr'>Δεσπότην</span> <span class='ocrx_word' id='word_1_217' title='bbox 790 2802 1024 2874; x_wconf 80' lang='grc' dir='ltr'>ἐραστὴν</span> <span class='ocrx_word' id='word_1_218' title='bbox 1055 2802 1249 2876; x_wconf 78' lang='grc' dir='ltr'>λάϐῃς,</span> <span class='ocrx_word' id='word_1_219' title='bbox 1276 2802 1655 2871; x_wconf 82' lang='grc' dir='ltr'>ἀπαλλαγεῖσα</span> <span class='ocrx_word' id='word_1_220' title='bbox 1683 2801 1887 2857; x_wconf 88' lang='grc' dir='ltr'>τούτων</span> 
     </span>
    </p>
   </div>
   <div class='ocr_carea' id='block_1_29' title="bbox 313 2883 1885 2957">
    <p class='ocr_par' dir='ltr' id='par_1_29' title="bbox 313 2883 1885 2957">
     <span class='ocr_line' id='line_1_29' title="bbox 313 2883 1885 2957; baseline 0.003 -23"><span class='ocrx_word' id='word_1_221' title='bbox 313 2883 422 2936; x_wconf 84' lang='grc' dir='ltr'>τῶν</span> <span class='ocrx_word' id='word_1_222' title='bbox 464 2884 697 2938; x_wconf 83' lang='grc' dir='ltr'>εὐτελῶν</span> <span class='ocrx_word' id='word_1_223' title='bbox 738 2884 1045 2957; x_wconf 82' lang='grc' dir='ltr'>ὁμοδούλων</span> <span class='ocrx_word' id='word_1_224' title='bbox 1102 2903 1205 2953; x_wconf 92' lang='grc' dir='ltr'>σοι,</span> <span class='ocrx_word' id='word_1_225' title='bbox 1260 2886 1355 2939; x_wconf 85' lang='grc' dir='ltr'>καὶ</span> <span class='ocrx_word' id='word_1_226' title='bbox 1408 2883 1885 2955; x_wconf 86' lang='grc' dir='ltr'>καταισχυνὸντων</span> 
     </span>
    </p>
   </div>
   <div class='ocr_carea' id='block_1_30' title="bbox 318 2965 1882 3040">
    <p class='ocr_par' dir='ltr' id='par_1_30' title="bbox 318 2965 1882 3040">
     <span class='ocr_line' id='line_1_30' title="bbox 318 2965 1882 3040; baseline 0.004 -25"><span class='ocrx_word' id='word_1_227' title='bbox 318 2981 407 3018; x_wconf 93' lang='grc' dir='ltr'>σου</span> <span class='ocrx_word' id='word_1_228' title='bbox 429 2965 526 3036; x_wconf 78' lang='grc' dir='ltr'>τὴν</span> <span class='ocrx_word' id='word_1_229' title='bbox 550 2967 860 3036; x_wconf 71' lang='grc' dir='ltr'>εὐγένειαν,</span> <span class='ocrx_word' id='word_1_230' title='bbox 883 2969 975 3022; x_wconf 87' lang='grc' dir='ltr'>Διὸ</span> <span class='ocrx_word' id='word_1_231' title='bbox 993 2968 1056 3040; x_wconf 80' lang='grc' dir='ltr'>δὴ</span> <span class='ocrx_word' id='word_1_232' title='bbox 1085 2970 1181 3023; x_wconf 76' lang='grc' dir='ltr'>καὶ</span> <span class='ocrx_word' id='word_1_233' title='bbox 1202 2968 1436 3023; x_wconf 81' lang='grc' dir='ltr'>ἐνταῦθα</span> <span class='ocrx_word' id='word_1_234' title='bbox 1456 2966 1761 3023; x_wconf 78' lang='grc' dir='ltr'>καταλῦσαι</span> <span class='ocrx_word' id='word_1_235' title='bbox 1787 2967 1882 3022; x_wconf 81' lang='grc' dir='ltr'>τὸν</span> 
     </span>
    </p>
   </div>
   <div class='ocr_carea' id='block_1_31' title="bbox 316 3046 1883 3123">
    <p class='ocr_par' dir='ltr' id='par_1_31' title="bbox 316 3046 1883 3123">
     <span class='ocr_line' id='line_1_31' title="bbox 316 3046 1883 3123; baseline 0.01 -24"><span class='ocrx_word' id='word_1_236' title='bbox 316 3046 473 3117; x_wconf 87' lang='grc' dir='ltr'>λόγον</span> <span class='ocrx_word' id='word_1_237' title='bbox 492 3049 675 3106; x_wconf 83' lang='grc' dir='ltr'>καλόν.</span> <span class='ocrx_word' id='word_1_238' title='bbox 697 3049 861 3105; x_wconf 83' lang='grc' dir='ltr'>Οὐδὲν</span> <span class='ocrx_word' id='word_1_239' title='bbox 880 3050 991 3123; x_wconf 79' lang='grc' dir='ltr'>γὰρ</span> <span class='ocrx_word' id='word_1_240' title='bbox 1007 3051 1120 3107; x_wconf 82' lang='grc' dir='ltr'>ῖσον</span> <span class='ocrx_word' id='word_1_241' title='bbox 1136 3052 1314 3107; x_wconf 78' lang='grc' dir='ltr'>εἰπεῖν</span> <span class='ocrx_word' id='word_1_242' title='bbox 1336 3050 1542 3123; x_wconf 82' lang='grc' dir='ltr'>ταύτης</span> <span class='ocrx_word' id='word_1_243' title='bbox 1564 3049 1761 3122; x_wconf 75' lang='grc' dir='ltr'>ἔχομεν</span> <span class='ocrx_word' id='word_1_244' title='bbox 1780 3049 1883 3121; x_wconf 80' lang='grc' dir='ltr'>τῆς</span> 
     </span>
    </p>
   </div>
   <div class='ocr_carea' id='block_1_32' title="bbox 786 536 3018 614">
    <p class='ocr_par' dir='ltr' id='par_1_32' title="bbox 786 536 3018 614">
     <span class='ocr_line' id='line_1_32' title="bbox 786 536 3018 614; baseline -0 -17"><span class='ocrx_word' id='word_1_245' title='bbox 786 538 975 607; x_wconf 86' lang='lat' dir='ltr'>QUOD</span> <span class='ocrx_word' id='word_1_246' title='bbox 1012 538 1436 597; x_wconf 80' lang='lat' dir='ltr'>REGULARES</span> <span class='ocrx_word' id='word_1_247' title='bbox 1475 539 1758 614; x_wconf 61' lang='lat' dir='ltr'>FEMINA‘}</span> <span class='ocrx_word' id='word_1_248' title='bbox 1795 541 1981 600; x_wconf 74' lang='lat' dir='ltr'>VIRIS</span> <span class='ocrx_word' id='word_1_249' title='bbox 2014 541 2462 602; x_wconf 69' lang='lat' dir='ltr'>COIIABITARE</span> <span class='ocrx_word' id='word_1_250' title='bbox 2492 540 2635 601; x_wconf 86' lang='lat' dir='ltr'>NON</span> <span class='ocrx_word' id='word_1_251' title='bbox 2675 536 3018 597; x_wconf 69' lang='lat' dir='ltr'>DEBEANT.</span> 
     </span>
    </p>
   </div>
   <div class='ocr_carea' id='block_1_33' title="bbox 3457 544 3565 602">
    <p class='ocr_par' dir='ltr' id='par_1_33' title="bbox 3457 544 3565 602">
     <span class='ocr_line' id='line_1_33' title="bbox 3457 544 3565 602; baseline -0.009 0"><span class='ocrx_word' id='word_1_252' title='bbox 3457 544 3565 602; x_wconf 65' lang='grc'>532</span> 
     </span>
    </p>
   </div>
   <div class='ocr_carea' id='block_1_34' title="bbox 1977 656 3564 734">
    <p class='ocr_par' dir='ltr' id='par_1_34' title="bbox 1977 656 3564 734">
     <span class='ocr_line' id='line_1_34' title="bbox 1977 656 3564 734; baseline 0 -20"><span class='ocrx_word' id='word_1_253' title='bbox 1977 663 2163 733; x_wconf 82' lang='grc' dir='ltr'>τιμῆς.</span> <span class='ocrx_word' id='word_1_254' title='bbox 2194 664 2257 716; x_wconf 72' lang='lat' dir='ltr'>El</span> <span class='ocrx_word' id='word_1_255' title='bbox 2278 662 2386 734; x_wconf 88' lang='grc' dir='ltr'>γὰρ</span> <span class='ocrx_word' id='word_1_256' title='bbox 2409 661 2635 733; x_wconf 83' lang='grc' dir='ltr'>βασιλέα</span> <span class='ocrx_word' id='word_1_257' title='bbox 2656 661 2749 714; x_wconf 80' lang='grc' dir='ltr'>τὸν</span> <span class='ocrx_word' id='word_1_258' title='bbox 2777 658 2871 712; x_wconf 75' lang='grc' dir='ltr'>ἐπὶ</span> <span class='ocrx_word' id='word_1_259' title='bbox 2901 659 3006 730; x_wconf 84' lang='grc' dir='ltr'>γῆς</span> <span class='ocrx_word' id='word_1_260' title='bbox 3045 656 3287 712; x_wconf 77' lang='grc' dir='ltr'>λαϐοῦσά</span> <span class='ocrx_word' id='word_1_261' title='bbox 3317 675 3402 723; x_wconf 86' lang='grc' dir='ltr'>τις</span> <span class='ocrx_word' id='word_1_262' title='bbox 3423 678 3564 732; x_wconf 86' lang='grc' dir='ltr'>νυμ-</span> 
     </span>
    </p>
   </div>
   <div class='ocr_carea' id='block_1_35' title="bbox 1980 736 3563 816">
    <p class='ocr_par' dir='ltr' id='par_1_35' title="bbox 1980 736 3563 816">
     <span class='ocr_line' id='line_1_35' title="bbox 1980 736 3563 816; baseline -0.002 -18"><span class='ocrx_word' id='word_1_263' title='bbox 1980 746 2125 815; x_wconf 88' lang='grc' dir='ltr'>φίον,</span> <span class='ocrx_word' id='word_1_264' title='bbox 2181 748 2397 801; x_wconf 90' lang='grc' dir='ltr'>πάντων</span> <span class='ocrx_word' id='word_1_265' title='bbox 2429 746 2642 816; x_wconf 80' lang='grc' dir='ltr'>ἡγεῖται</span> <span class='ocrx_word' id='word_1_266' title='bbox 2678 736 2819 796; x_wconf 75' lang='grc' dir='ltr'>εἶναι</span> <span class='ocrx_word' id='word_1_267' title='bbox 2866 743 3563 813; x_wconf 64' lang='grc' dir='ltr'>ἐαυτὴνμακαριωτέραν,</span> 
     </span>
    </p>
   </div>
   <div class='ocr_carea' id='block_1_36' title="bbox 1982 824 3565 897">
    <p class='ocr_par' dir='ltr' id='par_1_36' title="bbox 1982 824 3565 897">
     <span class='ocr_line' id='line_1_36' title="bbox 1982 824 3565 897; baseline -0.001 -16"><span class='ocrx_word' id='word_1_268' title='bbox 1982 828 2047 881; x_wconf 79' lang='grc' dir='ltr'>σὺ</span> <span class='ocrx_word' id='word_1_269' title='bbox 2076 828 2137 881; x_wconf 79' lang='grc' dir='ltr'>οὐ</span> <span class='ocrx_word' id='word_1_270' title='bbox 2177 830 2270 882; x_wconf 82' lang='grc' dir='ltr'>τὸν</span> <span class='ocrx_word' id='word_1_271' title='bbox 2302 828 2393 881; x_wconf 78' lang='grc' dir='ltr'>ἐπὶ</span> <span class='ocrx_word' id='word_1_272' title='bbox 2434 827 2559 897; x_wconf 84' lang='grc' dir='ltr'>γῆς,</span> <span class='ocrx_word' id='word_1_273' title='bbox 2594 824 2717 879; x_wconf 83' lang='grc' dir='ltr'>οὐδὲ</span> <span class='ocrx_word' id='word_1_274' title='bbox 2737 826 2826 877; x_wconf 80' lang='grc' dir='ltr'>τὸν</span> <span class='ocrx_word' id='word_1_275' title='bbox 2855 824 3167 894; x_wconf 83' lang='grc' dir='ltr'>ὁμόδουλον,</span> <span class='ocrx_word' id='word_1_276' title='bbox 3212 824 3350 881; x_wconf 65' lang='grc' dir='ltr'>ἀλλὰ</span> <span class='ocrx_word' id='word_1_277' title='bbox 3384 826 3478 879; x_wconf 79' lang='grc' dir='ltr'>τὸν</span> <span class='ocrx_word' id='word_1_278' title='bbox 3506 828 3565 879; x_wconf 85' lang='grc' dir='ltr'>ἐν</span> 
     </span>
    </p>
   </div>
   <div class='ocr_carea' id='block_1_37' title="bbox 1978 907 3564 981">
    <p class='ocr_par' dir='ltr' id='par_1_37' title="bbox 1978 907 3564 981">
     <span class='ocr_line' id='line_1_37' title="bbox 1978 907 3564 981; baseline -0.001 -18"><span class='ocrx_word' id='word_1_279' title='bbox 1978 913 2092 974; x_wconf 87' lang='grc' dir='ltr'>τοῖς</span> <span class='ocrx_word' id='word_1_280' title='bbox 2129 912 2399 981; x_wconf 82' lang='grc' dir='ltr'>οὐρανοῖς,</span> <span class='ocrx_word' id='word_1_281' title='bbox 2444 911 2537 963; x_wconf 84' lang='grc' dir='ltr'>τὸν</span> <span class='ocrx_word' id='word_1_282' title='bbox 2572 909 2829 980; x_wconf 84' lang='grc' dir='ltr'>ὑπεράνω</span> <span class='ocrx_word' id='word_1_283' title='bbox 2861 907 3044 977; x_wconf 87' lang='grc' dir='ltr'>πάσης</span> <span class='ocrx_word' id='word_1_284' title='bbox 3074 908 3249 979; x_wconf 85' lang='grc' dir='ltr'>ἀρχῆς</span> <span class='ocrx_word' id='word_1_285' title='bbox 3276 908 3372 962; x_wconf 83' lang='grc' dir='ltr'>καὶ</span> <span class='ocrx_word' id='word_1_286' title='bbox 3410 908 3564 973; x_wconf 80' lang='grc' dir='ltr'>ἐξου-</span> 
     </span>
    </p>
   </div>
   <div class='ocr_carea' id='block_1_38' title="bbox 1980 990 3566 1063">
    <p class='ocr_par' dir='ltr' id='par_1_38' title="bbox 1980 990 3566 1063">
     <span class='ocr_line' id='line_1_38' title="bbox 1980 990 3566 1063; baseline 0 -18"><span class='ocrx_word' id='word_1_287' title='bbox 1980 992 2103 1056; x_wconf 87' lang='grc' dir='ltr'>σίας</span> <span class='ocrx_word' id='word_1_288' title='bbox 2148 994 2241 1046; x_wconf 78' lang='grc' dir='ltr'>καὶ</span> <span class='ocrx_word' id='word_1_289' title='bbox 2291 992 2573 1062; x_wconf 89' lang='grc' dir='ltr'>δυνάμεως</span> <span class='ocrx_word' id='word_1_290' title='bbox 2605 993 2699 1045; x_wconf 80' lang='grc' dir='ltr'>καὶ</span> <span class='ocrx_word' id='word_1_291' title='bbox 2737 990 2938 1054; x_wconf 84' lang='grc' dir='ltr'>παντὸς</span> <span class='ocrx_word' id='word_1_292' title='bbox 2992 990 3253 1061; x_wconf 80' lang='grc' dir='ltr'>ὀνόματος</span> <span class='ocrx_word' id='word_1_293' title='bbox 3298 991 3566 1063; x_wconf 74' lang='grc' dir='ltr'>ὀνομαζο-</span> 
     </span>
    </p>
   </div>
   <div class='ocr_carea' id='block_1_39' title="bbox 1982 1073 3565 1148">
    <p class='ocr_par' dir='ltr' id='par_1_39' title="bbox 1982 1073 3565 1148">
     <span class='ocr_line' id='line_1_39' title="bbox 1982 1073 3565 1148; baseline -0.002 -18"><span class='ocrx_word' id='word_1_294' title='bbox 1982 1077 2169 1148; x_wconf 85' lang='grc' dir='ltr'>μένου,</span> <span class='ocrx_word' id='word_1_295' title='bbox 2228 1075 2322 1129; x_wconf 80' lang='grc' dir='ltr'>τὸν</span> <span class='ocrx_word' id='word_1_296' title='bbox 2372 1075 2559 1129; x_wconf 88' lang='grc' dir='ltr'>ἐπάνω</span> <span class='ocrx_word' id='word_1_297' title='bbox 2605 1075 2713 1128; x_wconf 85' lang='grc' dir='ltr'>τῶν</span> <span class='ocrx_word' id='word_1_298' title='bbox 2758 1074 3023 1145; x_wconf 77' lang='grc' dir='ltr'>χερουϐὶμ</span> <span class='ocrx_word' id='word_1_299' title='bbox 3069 1073 3412 1143; x_wconf 82' lang='grc' dir='ltr'>καθήμενον,</span> <span class='ocrx_word' id='word_1_300' title='bbox 3470 1074 3565 1127; x_wconf 77' lang='grc' dir='ltr'>τὸν</span> 
     </span>
    </p>
   </div>
   <div class='ocr_carea' id='block_1_40' title="bbox 1981 1157 3566 1230">
    <p class='ocr_par' dir='ltr' id='par_1_40' title="bbox 1981 1157 3566 1230">
     <span class='ocr_line' id='line_1_40' title="bbox 1981 1157 3566 1230; baseline -0.001 -19"><span class='ocrx_word' id='word_1_301' title='bbox 1981 1160 2195 1213; x_wconf 80' lang='grc' dir='ltr'>σείοντα</span> <span class='ocrx_word' id='word_1_302' title='bbox 2227 1159 2327 1230; x_wconf 79' lang='grc' dir='ltr'>τὴν</span> <span class='ocrx_word' id='word_1_303' title='bbox 2371 1159 2494 1226; x_wconf 83' lang='grc' dir='ltr'>γῆν,</span> <span class='ocrx_word' id='word_1_304' title='bbox 2542 1158 2636 1211; x_wconf 79' lang='grc' dir='ltr'>τὸν</span> <span class='ocrx_word' id='word_1_305' title='bbox 2689 1158 3006 1211; x_wconf 75' lang='grc' dir='ltr'>ἐκτείναντα</span> <span class='ocrx_word' id='word_1_306' title='bbox 3032 1157 3124 1210; x_wconf 81' lang='grc' dir='ltr'>τὸν</span> <span class='ocrx_word' id='word_1_307' title='bbox 3177 1157 3430 1228; x_wconf 77' lang='grc' dir='ltr'>οὐρανὸν,</span> <span class='ocrx_word' id='word_1_308' title='bbox 3470 1157 3566 1210; x_wconf 83' lang='grc' dir='ltr'>τὸν</span> 
     </span>
    </p>
   </div>
   <div class='ocr_carea' id='block_1_41' title="bbox 1980 1240 3566 1315">
    <p class='ocr_par' dir='ltr' id='par_1_41' title="bbox 1980 1240 3566 1315">
     <span class='ocr_line' id='line_1_41' title="bbox 1980 1240 3566 1315; baseline -0.002 -19"><span class='ocrx_word' id='word_1_309' title='bbox 1980 1243 2211 1315; x_wconf 84' lang='grc' dir='ltr'>φοϐερὸν</span> <span class='ocrx_word' id='word_1_310' title='bbox 2238 1242 2338 1313; x_wconf 83' lang='grc' dir='ltr'>μὲν</span> <span class='ocrx_word' id='word_1_311' title='bbox 2367 1244 2481 1303; x_wconf 86' lang='grc' dir='ltr'>τοῖς</span> <span class='ocrx_word' id='word_1_312' title='bbox 2527 1240 2816 1311; x_wconf 73' lang='grc' dir='ltr'>χερουϐὶμ,</span> <span class='ocrx_word' id='word_1_313' title='bbox 2843 1241 3132 1311; x_wconf 84' lang='grc' dir='ltr'>ἀπρόσιτον</span> <span class='ocrx_word' id='word_1_314' title='bbox 3160 1240 3216 1293; x_wconf 82' lang='grc' dir='ltr'>δὲ</span> <span class='ocrx_word' id='word_1_315' title='bbox 3242 1244 3356 1303; x_wconf 86' lang='grc' dir='ltr'>τοῖς</span> <span class='ocrx_word' id='word_1_316' title='bbox 3400 1257 3566 1313; x_wconf 91' lang='grc' dir='ltr'>σερα-</span> 
     </span>
    </p>
   </div>
   <div class='ocr_carea' id='block_1_42' title="bbox 1981 1321 3565 1396">
    <p class='ocr_par' dir='ltr' id='par_1_42' title="bbox 1981 1321 3565 1396">
     <span class='ocr_line' id='line_1_42' title="bbox 1981 1321 3565 1396; baseline -0.003 -17"><span class='ocrx_word' id='word_1_317' title='bbox 1981 1326 2103 1396; x_wconf 77' lang='grc' dir='ltr'>φὶμ,</span> <span class='ocrx_word' id='word_1_318' title='bbox 2141 1326 2264 1396; x_wconf 73' lang='grc' dir='ltr'>οὐχὶ</span> <span class='ocrx_word' id='word_1_319' title='bbox 2283 1323 2514 1394; x_wconf 85' lang='grc' dir='ltr'>νυμφίον</span> <span class='ocrx_word' id='word_1_320' title='bbox 2556 1322 2753 1393; x_wconf 81' lang='grc' dir='ltr'>ἐχουσα</span> <span class='ocrx_word' id='word_1_321' title='bbox 2781 1321 2961 1391; x_wconf 88' lang='grc' dir='ltr'>μόνον,</span> <span class='ocrx_word' id='word_1_322' title='bbox 2992 1323 3127 1376; x_wconf 85' lang='grc' dir='ltr'>άλλά</span> <span class='ocrx_word' id='word_1_323' title='bbox 3174 1324 3266 1377; x_wconf 74' lang='grc' dir='ltr'>καὶ</span> <span class='ocrx_word' id='word_1_324' title='bbox 3304 1324 3565 1395; x_wconf 84' lang='grc' dir='ltr'>ἐραστὴν,</span> 
     </span>
    </p>
   </div>
   <div class='ocr_carea' id='block_1_43' title="bbox 1980 1403 3567 1480">
    <p class='ocr_par' dir='ltr' id='par_1_43' title="bbox 1980 1403 3567 1480">
     <span class='ocr_line' id='line_1_43' title="bbox 1980 1403 3567 1480; baseline -0.002 -18"><span class='ocrx_word' id='word_1_325' title='bbox 1980 1409 2074 1462; x_wconf 80' lang='grc' dir='ltr'>καὶ</span> <span class='ocrx_word' id='word_1_326' title='bbox 2118 1407 2354 1480; x_wconf 83' lang='grc' dir='ltr'>ἐραστὴν</span> <span class='ocrx_word' id='word_1_327' title='bbox 2386 1406 2589 1468; x_wconf 84' lang='grc' dir='ltr'>παντὸς</span> <span class='ocrx_word' id='word_1_328' title='bbox 2630 1403 2918 1475; x_wconf 84' lang='grc' dir='ltr'>ἀνθρώπου</span> <span class='ocrx_word' id='word_1_329' title='bbox 2956 1404 3331 1476; x_wconf 88' lang='grc' dir='ltr'>σφοδρότερον,</span> <span class='ocrx_word' id='word_1_330' title='bbox 3363 1405 3482 1469; x_wconf 85' lang='grc' dir='ltr'>πῶς</span> <span class='ocrx_word' id='word_1_331' title='bbox 3502 1404 3567 1459; x_wconf 83' lang='grc' dir='ltr'>ού</span> 
     </span>
    </p>
   </div>
   <div class='ocr_carea' id='block_1_44' title="bbox 1982 1486 3571 1560">
    <p class='ocr_par' dir='ltr' id='par_1_44' title="bbox 1982 1486 3571 1560">
     <span class='ocr_line' id='line_1_44' title="bbox 1982 1486 3571 1560; baseline -0.003 -16"><span class='ocrx_word' id='word_1_332' title='bbox 1982 1490 2160 1544; x_wconf 86' lang='grc' dir='ltr'>πάντα</span> <span class='ocrx_word' id='word_1_333' title='bbox 2197 1491 2430 1560; x_wconf 82' lang='grc' dir='ltr'>ἀφήσεις</span> <span class='ocrx_word' id='word_1_334' title='bbox 2458 1489 2528 1542; x_wconf 83' lang='grc' dir='ltr'>τά</span> <span class='ocrx_word' id='word_1_335' title='bbox 2578 1486 2838 1548; x_wconf 83' lang='grc' dir='ltr'>ἐνταῦθα,</span> <span class='ocrx_word' id='word_1_336' title='bbox 2872 1487 2919 1538; x_wconf 85' lang='grc' dir='ltr'>εί</span> <span class='ocrx_word' id='word_1_337' title='bbox 2948 1487 3045 1538; x_wconf 75' lang='grc' dir='ltr'>καὶ</span> <span class='ocrx_word' id='word_1_338' title='bbox 3069 1486 3238 1556; x_wconf 81' lang='grc' dir='ltr'>αὐτὴν</span> <span class='ocrx_word' id='word_1_339' title='bbox 3295 1486 3401 1540; x_wconf 85' lang='grc' dir='ltr'>δέοι</span> <span class='ocrx_word' id='word_1_340' title='bbox 3435 1504 3571 1558; x_wconf 77' lang='grc' dir='ltr'>προ⁴</span> 
     </span>
    </p>
   </div>
   <div class='ocr_carea' id='block_1_45' title="bbox 1981 1564 3568 1643">
    <p class='ocr_par' dir='ltr' id='par_1_45' title="bbox 1981 1564 3568 1643">
     <span class='ocr_line' id='line_1_45' title="bbox 1981 1564 3568 1643; baseline -0.003 -17"><span class='ocrx_word' id='word_1_341' title='bbox 1981 1573 2137 1626; x_wconf 78' lang='grc' dir='ltr'>ἑσθαι</span> <span class='ocrx_word' id='word_1_342' title='bbox 2173 1572 2270 1643; x_wconf 83' lang='grc' dir='ltr'>τὴν</span> <span class='ocrx_word' id='word_1_343' title='bbox 2306 1572 2518 1642; x_wconf 78' lang='grc' dir='ltr'>ψυχήν;</span> <span class='ocrx_word' id='word_1_344' title='bbox 2579 1571 2733 1624; x_wconf 84' lang='grc' dir='ltr'>Ἐπεὶ</span> <span class='ocrx_word' id='word_1_345' title='bbox 2782 1564 2877 1622; x_wconf 79' lang='grc' dir='ltr'>οὖν</span> <span class='ocrx_word' id='word_1_346' title='bbox 2928 1567 3084 1625; x_wconf 73' lang='grc' dir='ltr'>τοῦτο</span> <span class='ocrx_word' id='word_1_347' title='bbox 3107 1571 3271 1639; x_wconf 89' lang='grc' dir='ltr'>ἀρκεῖ</span> <span class='ocrx_word' id='word_1_348' title='bbox 3317 1569 3378 1622; x_wconf 82' lang='grc' dir='ltr'>τὸ</span> <span class='ocrx_word' id='word_1_349' title='bbox 3413 1570 3568 1640; x_wconf 79' lang='grc' dir='ltr'>ῥῆμα</span> 
     </span>
    </p>
   </div>
   <div class='ocr_carea' id='block_1_46' title="bbox 1984 1651 3567 1727">
    <p class='ocr_par' dir='ltr' id='par_1_46' title="bbox 1984 1651 3567 1727">
     <span class='ocr_line' id='line_1_46' title="bbox 1984 1651 3567 1727; baseline -0.003 -17"><span class='ocrx_word' id='word_1_350' title='bbox 1984 1656 2142 1727; x_wconf 83' lang='grc' dir='ltr'>μόνον</span> <span class='ocrx_word' id='word_1_351' title='bbox 2181 1657 2394 1709; x_wconf 78' lang='grc' dir='ltr'>καὶτὸν</span> <span class='ocrx_word' id='word_1_352' title='bbox 2439 1654 2700 1725; x_wconf 86' lang='grc' dir='ltr'>μολύϐδου</span> <span class='ocrx_word' id='word_1_353' title='bbox 2738 1652 2937 1714; x_wconf 84' lang='grc' dir='ltr'>παντὸς</span> <span class='ocrx_word' id='word_1_354' title='bbox 2969 1651 3273 1723; x_wconf 84' lang='grc' dir='ltr'>βαρύτερον</span> <span class='ocrx_word' id='word_1_355' title='bbox 3303 1652 3567 1723; x_wconf 83' lang='grc' dir='ltr'>ὀρθῶσαι,</span> 
     </span>
    </p>
   </div>
   <div class='ocr_carea' id='block_1_47' title="bbox 1982 1736 3568 1811">
    <p class='ocr_par' dir='ltr' id='par_1_47' title="bbox 1982 1736 3568 1811">
     <span class='ocr_line' id='line_1_47' title="bbox 1982 1736 3568 1811; baseline -0.004 -17"><span class='ocrx_word' id='word_1_356' title='bbox 1982 1742 2076 1795; x_wconf 63' lang='grc' dir='ltr'>καλ⁷</span> <span class='ocrx_word' id='word_1_357' title='bbox 2114 1741 2249 1811; x_wconf 78' lang='grc' dir='ltr'>πρὸς</span> <span class='ocrx_word' id='word_1_358' title='bbox 2276 1741 2375 1802; x_wconf 85' lang='grc' dir='ltr'>τὰς</span> <span class='ocrx_word' id='word_1_359' title='bbox 2402 1740 2513 1790; x_wconf 78' lang='grc' dir='ltr'>ἄνω</span> <span class='ocrx_word' id='word_1_360' title='bbox 2561 1736 2839 1806; x_wconf 85' lang='grc' dir='ltr'>πτερῶσαι</span> <span class='ocrx_word' id='word_1_361' title='bbox 2873 1736 3160 1807; x_wconf 80' lang='grc' dir='ltr'>διατριϐὰς</span> <span class='ocrx_word' id='word_1_362' title='bbox 3187 1748 3235 1799; x_wconf 79' lang='grc' dir='ltr'>ο,</span> <span class='ocrx_word' id='word_1_363' title='bbox 3266 1737 3360 1789; x_wconf 75' lang='grc' dir='ltr'>καὶ</span> <span class='ocrx_word' id='word_1_364' title='bbox 3404 1736 3568 1807; x_wconf 81' lang='grc' dir='ltr'>ἡμεῖς</span> 
     </span>
    </p>
   </div>
   <div class='ocr_carea' id='block_1_48' title="bbox 1982 1817 3569 1889">
    <p class='ocr_par' dir='ltr' id='par_1_48' title="bbox 1982 1817 3569 1889">
     <span class='ocr_line' id='line_1_48' title="bbox 1982 1817 3569 1889; baseline -0.003 -15"><span class='ocrx_word' id='word_1_365' title='bbox 1982 1822 2215 1877; x_wconf 81' lang='grc' dir='ltr'>ἐνταῦθα</span> <span class='ocrx_word' id='word_1_366' title='bbox 2248 1819 2613 1888; x_wconf 89' lang='grc' dir='ltr'>καταλύομεν,</span> <span class='ocrx_word' id='word_1_367' title='bbox 2642 1818 2736 1869; x_wconf 73' lang='grc' dir='ltr'>καὶ</span> <span class='ocrx_word' id='word_1_368' title='bbox 2759 1818 2841 1868; x_wconf 65' lang='grc' dir='ltr'>σοι</span> <span class='ocrx_word' id='word_1_369' title='bbox 2868 1818 3244 1889; x_wconf 78' lang='grc' dir='ltr'>παραινοῦμεν</span> <span class='ocrx_word' id='word_1_370' title='bbox 3263 1858 3277 1879; x_wconf 91' lang='grc'>,</span> <span class='ocrx_word' id='word_1_371' title='bbox 3317 1817 3569 1887; x_wconf 83' lang='grc' dir='ltr'>καθάπερ</span> 
     </span>
    </p>
   </div>
   <div class='ocr_carea' id='block_1_49' title="bbox 1981 1898 3568 1972">
    <p class='ocr_par' dir='ltr' id='par_1_49' title="bbox 1981 1898 3568 1972">
     <span class='ocr_line' id='line_1_49' title="bbox 1981 1898 3568 1972; baseline -0.006 -11"><span class='ocrx_word' id='word_1_372' title='bbox 1981 1908 2106 1961; x_wconf 84' lang='grc' dir='ltr'>τινὰ</span> <span class='ocrx_word' id='word_1_373' title='bbox 2147 1906 2296 1959; x_wconf 85' lang='grc' dir='ltr'>θείαν</span> <span class='ocrx_word' id='word_1_374' title='bbox 2322 1904 2522 1972; x_wconf 87' lang='grc' dir='ltr'>ταύτην</span> <span class='ocrx_word' id='word_1_375' title='bbox 2548 1902 2767 1971; x_wconf 74' lang='grc' dir='ltr'>ἐπᾴδειν</span> <span class='ocrx_word' id='word_1_376' title='bbox 2798 1901 2897 1971; x_wconf 83' lang='grc' dir='ltr'>τὴν</span> <span class='ocrx_word' id='word_1_377' title='bbox 2923 1901 3157 1971; x_wconf 83' lang='grc' dir='ltr'>ἐπῳδὴν,</span> <span class='ocrx_word' id='word_1_378' title='bbox 3185 1898 3284 1954; x_wconf 79' lang='grc' dir='ltr'>καὶ</span> <span class='ocrx_word' id='word_1_379' title='bbox 3307 1902 3363 1953; x_wconf 88' lang='grc' dir='ltr'>ἐν</span> <span class='ocrx_word' id='word_1_380' title='bbox 3395 1900 3568 1970; x_wconf 69' lang='grc' dir='ltr'>οἰκίᾳ,</span> 
     </span>
    </p>
   </div>
   <div class='ocr_carea' id='block_1_50' title="bbox 1986 1980 3567 2057">
    <p class='ocr_par' dir='ltr' id='par_1_50' title="bbox 1986 1980 3567 2057">
     <span class='ocr_line' id='line_1_50' title="bbox 1986 1980 3567 2057; baseline -0.005 -14"><span class='ocrx_word' id='word_1_381' title='bbox 1986 1989 2083 2043; x_wconf 73' lang='grc' dir='ltr'>καὶ</span> <span class='ocrx_word' id='word_1_382' title='bbox 2105 1991 2163 2042; x_wconf 91' lang='grc' dir='ltr'>ἐν</span> <span class='ocrx_word' id='word_1_383' title='bbox 2191 1988 2385 2057; x_wconf 80' lang='grc' dir='ltr'>ἀγορᾷ,</span> <span class='ocrx_word' id='word_1_384' title='bbox 2412 1986 2505 2038; x_wconf 77' lang='grc' dir='ltr'>καὶ</span> <span class='ocrx_word' id='word_1_385' title='bbox 2530 1985 2587 2037; x_wconf 84' lang='grc' dir='ltr'>ἐν</span> <span class='ocrx_word' id='word_1_386' title='bbox 2610 1983 2818 2054; x_wconf 70' lang='grc' dir='ltr'>ἡμέρα,</span> <span class='ocrx_word' id='word_1_387' title='bbox 2843 1985 2934 2036; x_wconf 73' lang='grc' dir='ltr'>καὶ</span> <span class='ocrx_word' id='word_1_388' title='bbox 2963 1985 3020 2036; x_wconf 83' lang='grc' dir='ltr'>ὲν</span> <span class='ocrx_word' id='word_1_389' title='bbox 3036 1983 3212 2044; x_wconf 76' lang='grc' dir='ltr'>νυκτὶ,</span> <span class='ocrx_word' id='word_1_390' title='bbox 3237 1983 3332 2035; x_wconf 74' lang='grc' dir='ltr'>καὶ</span> <span class='ocrx_word' id='word_1_391' title='bbox 3355 1983 3414 2035; x_wconf 84' lang='grc' dir='ltr'>ἐν</span> <span class='ocrx_word' id='word_1_392' title='bbox 3438 1980 3567 2050; x_wconf 83' lang='grc' dir='ltr'>ὁδῷ,</span> 
     </span>
    </p>
   </div>
   <div class='ocr_carea' id='block_1_51' title="bbox 1990 2064 3569 2139">
    <p class='ocr_par' dir='ltr' id='par_1_51' title="bbox 1990 2064 3569 2139">
     <span class='ocr_line' id='line_1_51' title="bbox 1990 2064 3569 2139; baseline -0.006 -14"><span class='ocrx_word' id='word_1_393' title='bbox 1990 2072 2084 2126; x_wconf 69' lang='grc' dir='ltr'>καὶ</span> <span class='ocrx_word' id='word_1_394' title='bbox 2101 2072 2157 2124; x_wconf 89' lang='grc' dir='ltr'>ἐν</span> <span class='ocrx_word' id='word_1_395' title='bbox 2179 2069 2428 2139; x_wconf 86' lang='grc' dir='ltr'>θαλάμῳ,</span> <span class='ocrx_word' id='word_1_396' title='bbox 2456 2068 2549 2120; x_wconf 73' lang='grc' dir='ltr'>καὶ</span> <span class='ocrx_word' id='word_1_397' title='bbox 2569 2067 2655 2119; x_wconf 81' lang='grc' dir='ltr'>διὰ</span> <span class='ocrx_word' id='word_1_398' title='bbox 2681 2066 2884 2135; x_wconf 80' lang='grc' dir='ltr'>φωνῆς,</span> <span class='ocrx_word' id='word_1_399' title='bbox 2903 2068 2999 2118; x_wconf 71' lang='grc' dir='ltr'>καὶ</span> <span class='ocrx_word' id='word_1_400' title='bbox 3018 2065 3159 2118; x_wconf 84' lang='grc' dir='ltr'>κατὰ</span> <span class='ocrx_word' id='word_1_401' title='bbox 3180 2066 3444 2128; x_wconf 87' lang='grc' dir='ltr'>διάνοιαν,</span> <span class='ocrx_word' id='word_1_402' title='bbox 3473 2064 3569 2117; x_wconf 73' lang='grc' dir='ltr'>καὶ</span> 
     </span>
    </p>
   </div>
   <div class='ocr_carea' id='block_1_52' title="bbox 1991 2148 3567 2225">
    <p class='ocr_par' dir='ltr' id='par_1_52' title="bbox 1991 2148 3567 2225">
     <span class='ocr_line' id='line_1_52' title="bbox 1991 2148 3567 2225; baseline -0.006 -17"><span class='ocrx_word' id='word_1_403' title='bbox 1991 2152 2229 2225; x_wconf 85' lang='grc' dir='ltr'>συνεχῶς</span> <span class='ocrx_word' id='word_1_404' title='bbox 2244 2151 2518 2219; x_wconf 75' lang='grc' dir='ltr'>ἐπιλέγειν</span> <span class='ocrx_word' id='word_1_405' title='bbox 2543 2152 2607 2219; x_wconf 78' lang='grc' dir='ltr'>τῇ</span> <span class='ocrx_word' id='word_1_406' title='bbox 2630 2149 2776 2219; x_wconf 77' lang='grc' dir='ltr'>ψυχῇ</span> <span class='ocrx_word' id='word_1_407' title='bbox 2798 2166 2811 2179; x_wconf 93' lang='grc'><strong>·</strong></span> <span class='ocrx_word' id='word_1_408' title='bbox 2840 2150 3127 2213; x_wconf 79' lang='grc' dir='ltr'>Ἀκουσον,</span> <span class='ocrx_word' id='word_1_409' title='bbox 3144 2149 3290 2218; x_wconf 73' lang='grc' dir='ltr'>ψυχή</span> <span class='ocrx_word' id='word_1_410' title='bbox 3313 2165 3439 2217; x_wconf 88' lang='grc' dir='ltr'>μου,</span> <span class='ocrx_word' id='word_1_411' title='bbox 3472 2148 3567 2199; x_wconf 75' lang='grc' dir='ltr'>καὶ</span> 
     </span>
    </p>
   </div>
   <div class='ocr_carea' id='block_1_53' title="bbox 1989 2229 3571 2304">
    <p class='ocr_par' dir='ltr' id='par_1_53' title="bbox 1989 2229 3571 2304">
     <span class='ocr_line' id='line_1_53' title="bbox 1989 2229 3571 2304; baseline -0.007 -12"><span class='ocrx_word' id='word_1_412' title='bbox 1989 2238 2089 2304; x_wconf 72' lang='grc' dir='ltr'>ἴδε,</span> <span class='ocrx_word' id='word_1_413' title='bbox 2140 2238 2235 2291; x_wconf 66' lang='grc' dir='ltr'>καλ⁸</span> <span class='ocrx_word' id='word_1_414' title='bbox 2268 2235 2447 2289; x_wconf 90' lang='grc' dir='ltr'>κλῖνον</span> <span class='ocrx_word' id='word_1_415' title='bbox 2479 2234 2542 2286; x_wconf 80' lang='grc' dir='ltr'>τὸ</span> <span class='ocrx_word' id='word_1_416' title='bbox 2572 2229 2663 2294; x_wconf 79' lang='grc' dir='ltr'>οὖς</span> <span class='ocrx_word' id='word_1_417' title='bbox 2697 2248 2815 2295; x_wconf 91' lang='grc' dir='ltr'>σου,</span> <span class='ocrx_word' id='word_1_418' title='bbox 2840 2232 2935 2284; x_wconf 73' lang='grc' dir='ltr'>καὶ</span> <span class='ocrx_word' id='word_1_419' title='bbox 2964 2232 3223 2284; x_wconf 76' lang='grc' dir='ltr'>ἐπιλάθου</span> <span class='ocrx_word' id='word_1_420' title='bbox 3263 2232 3364 2299; x_wconf 80' lang='grc' dir='ltr'>τῆς</span> <span class='ocrx_word' id='word_1_421' title='bbox 3408 2247 3571 2299; x_wconf 76' lang='grc' dir='ltr'>πονηο</span> 
     </span>
    </p>
   </div>
   <div class='ocr_carea' id='block_1_54' title="bbox 1989 2311 3571 2393">
    <p class='ocr_par' dir='ltr' id='par_1_54' title="bbox 1989 2311 3571 2393">
     <span class='ocr_line' id='line_1_54' title="bbox 1989 2311 3571 2393; baseline -0.008 -18"><span class='ocrx_word' id='word_1_422' title='bbox 1989 2322 2091 2393; x_wconf 77' lang='grc' dir='ltr'>ρᾶς</span> <span class='ocrx_word' id='word_1_423' title='bbox 2135 2337 2229 2374; x_wconf 91' lang='grc' dir='ltr'>σου</span> <span class='ocrx_word' id='word_1_424' title='bbox 2267 2316 2577 2388; x_wconf 88' lang='grc' dir='ltr'>συνηθείας,</span> <span class='ocrx_word' id='word_1_425' title='bbox 2625 2315 2717 2368; x_wconf 74' lang='grc' dir='ltr'>καὶ</span> <span class='ocrx_word' id='word_1_426' title='bbox 2752 2313 3082 2385; x_wconf 89' lang='grc' dir='ltr'>ἐπιθυμήσει</span> <span class='ocrx_word' id='word_1_427' title='bbox 3108 2316 3137 2366; x_wconf 93' lang='grc' dir='ltr'>ὁ</span> <span class='ocrx_word' id='word_1_428' title='bbox 3179 2312 3433 2383; x_wconf 80' lang='grc' dir='ltr'>βασιλεὺς</span> <span class='ocrx_word' id='word_1_429' title='bbox 3473 2311 3571 2363; x_wconf 79' lang='grc' dir='ltr'>τοῦ</span> 
     </span>
    </p>
   </div>
   <div class='ocr_carea' id='block_1_55' title="bbox 1988 2394 3569 2469">
    <p class='ocr_par' dir='ltr' id='par_1_55' title="bbox 1988 2394 3569 2469">
     <span class='ocr_line' id='line_1_55' title="bbox 1988 2394 3569 2469; baseline -0.008 -11"><span class='ocrx_word' id='word_1_430' title='bbox 1988 2404 2219 2465; x_wconf 89' lang='grc' dir='ltr'>κάλλους</span> <span class='ocrx_word' id='word_1_431' title='bbox 2246 2418 2339 2455; x_wconf 91' lang='grc' dir='ltr'>σου</span> <span class='ocrx_word' id='word_1_432' title='bbox 2358 2418 2372 2431; x_wconf 90' lang='grc'><strong>·</strong></span> <span class='ocrx_word' id='word_1_433' title='bbox 2405 2400 2512 2453; x_wconf 73' lang='grc' dir='ltr'>κᾶν</span> <span class='ocrx_word' id='word_1_434' title='bbox 2540 2398 2699 2451; x_wconf 83' lang='grc' dir='ltr'>τοῦτο</span> <span class='ocrx_word' id='word_1_435' title='bbox 2722 2397 2981 2469; x_wconf 82' lang='grc' dir='ltr'>ἐπιλέγῃς</span> <span class='ocrx_word' id='word_1_436' title='bbox 2999 2396 3269 2465; x_wconf 83' lang='grc' dir='ltr'>διηνεκῶς</span> <span class='ocrx_word' id='word_1_437' title='bbox 3300 2395 3361 2448; x_wconf 78' lang='grc' dir='ltr'>τὸ</span> <span class='ocrx_word' id='word_1_438' title='bbox 3393 2394 3569 2465; x_wconf 73' lang='grc' dir='ltr'>ῥῆμα,</span> 
     </span>
    </p>
   </div>
   <div class='ocr_carea' id='block_1_56' title="bbox 1988 2478 3572 2559">
    <p class='ocr_par' dir='ltr' id='par_1_56' title="bbox 1988 2478 3572 2559">
     <span class='ocr_line' id='line_1_56' title="bbox 1988 2478 3572 2559; baseline -0.007 -19"><span class='ocrx_word' id='word_1_439' title='bbox 1988 2487 2213 2559; x_wconf 84' lang='grc' dir='ltr'>χρυσίου</span> <span class='ocrx_word' id='word_1_440' title='bbox 2237 2485 2434 2547; x_wconf 82' lang='grc' dir='ltr'>παντὸς</span> <span class='ocrx_word' id='word_1_441' title='bbox 2454 2481 2845 2553; x_wconf 85' lang='grc' dir='ltr'>καθαρωτέραν</span> <span class='ocrx_word' id='word_1_442' title='bbox 2874 2481 3083 2553; x_wconf 85' lang='grc' dir='ltr'>ἐργάσῃ</span> <span class='ocrx_word' id='word_1_443' title='bbox 3112 2479 3209 2550; x_wconf 84' lang='grc' dir='ltr'>τὴν</span> <span class='ocrx_word' id='word_1_444' title='bbox 3236 2478 3434 2548; x_wconf 80' lang='grc' dir='ltr'>ψυχὴν,</span> <span class='ocrx_word' id='word_1_445' title='bbox 3465 2494 3572 2530; x_wconf 86' lang='grc' dir='ltr'>πυ-</span> 
     </span>
    </p>
   </div>
   <div class='ocr_carea' id='block_1_57' title="bbox 1993 2560 3573 2642">
    <p class='ocr_par' dir='ltr' id='par_1_57' title="bbox 1993 2560 3573 2642">
     <span class='ocr_line' id='line_1_57' title="bbox 1993 2560 3573 2642; baseline -0.008 -18"><span class='ocrx_word' id='word_1_446' title='bbox 1993 2572 2086 2642; x_wconf 80' lang='grc' dir='ltr'>ρὸς</span> <span class='ocrx_word' id='word_1_447' title='bbox 2112 2570 2465 2640; x_wconf 86' lang='grc' dir='ltr'>σφοδρότερον</span> <span class='ocrx_word' id='word_1_448' title='bbox 2495 2568 2593 2636; x_wconf 79' lang='grc' dir='ltr'>τῆς</span> <span class='ocrx_word' id='word_1_449' title='bbox 2615 2564 2809 2629; x_wconf 80' lang='grc' dir='ltr'>λέξεως</span> <span class='ocrx_word' id='word_1_450' title='bbox 2839 2563 3044 2632; x_wconf 88' lang='grc' dir='ltr'>ταύτης</span> <span class='ocrx_word' id='word_1_451' title='bbox 3062 2566 3174 2626; x_wconf 91' lang='grc' dir='ltr'>τοῖς</span> <span class='ocrx_word' id='word_1_452' title='bbox 3199 2563 3300 2632; x_wconf 82' lang='grc' dir='ltr'>τῆς</span> <span class='ocrx_word' id='word_1_453' title='bbox 3329 2560 3573 2623; x_wconf 87' lang='grc' dir='ltr'>διανοίας</span> 
     </span>
    </p>
   </div>
   <div class='ocr_carea' id='block_1_58' title="bbox 1994 2643 3571 2723">
    <p class='ocr_par' dir='ltr' id='par_1_58' title="bbox 1994 2643 3571 2723">
     <span class='ocr_line' id='line_1_58' title="bbox 1994 2643 3571 2723; baseline -0.008 -17"><span class='ocrx_word' id='word_1_454' title='bbox 1994 2652 2338 2723; x_wconf 87' lang='grc' dir='ltr'>ἐμπνεούσης</span> <span class='ocrx_word' id='word_1_455' title='bbox 2361 2650 2662 2719; x_wconf 86' lang='grc' dir='ltr'>λογισμοῖς,</span> <span class='ocrx_word' id='word_1_456' title='bbox 2684 2646 2778 2701; x_wconf 75' lang='grc' dir='ltr'>καὶ</span> <span class='ocrx_word' id='word_1_457' title='bbox 2803 2647 2983 2699; x_wconf 83' lang='grc' dir='ltr'>πᾶσαν</span> <span class='ocrx_word' id='word_1_458' title='bbox 3004 2643 3440 2723; x_wconf 68' lang='grc' dir='ltr'>ἐκκαθαιρούσης</span> <span class='ocrx_word' id='word_1_459' title='bbox 3467 2658 3571 2711; x_wconf 88' lang='grc' dir='ltr'>κη-</span> 
     </span>
    </p>
   </div>
   <div class='ocr_carea' id='block_1_59' title="bbox 1994 2719 3570 2803">
    <p class='ocr_par' dir='ltr' id='par_1_59' title="bbox 1994 2719 3570 2803">
     <span class='ocr_line' id='line_1_59' title="bbox 1994 2719 3570 2803; baseline -0.008 -14"><span class='ocrx_word' id='word_1_460' title='bbox 1994 2719 2134 2799; x_wconf 86' lang='grc' dir='ltr'>λῖδα,</span> <span class='ocrx_word' id='word_1_461' title='bbox 2173 2734 2232 2787; x_wconf 86' lang='grc' dir='ltr'>ἐν</span> <span class='ocrx_word' id='word_1_462' title='bbox 2267 2719 2489 2803; x_wconf 77' lang='grc' dir='ltr'>Χριστῷ</span> <span class='ocrx_word' id='word_1_463' title='bbox 2526 2729 2702 2801; x_wconf 85' lang='grc' dir='ltr'>Ἰησοῦ</span> <span class='ocrx_word' id='word_1_464' title='bbox 2751 2727 2831 2800; x_wconf 80' lang='grc' dir='ltr'>τῷ</span> <span class='ocrx_word' id='word_1_465' title='bbox 2871 2727 3063 2798; x_wconf 78' lang='grc' dir='ltr'>Κυρίῳ</span> <span class='ocrx_word' id='word_1_466' title='bbox 3092 2727 3270 2798; x_wconf 84' lang='grc' dir='ltr'>ήμῶν,</span> <span class='ocrx_word' id='word_1_467' title='bbox 3300 2719 3403 2798; x_wconf 79' lang='grc' dir='ltr'>ᾧή</span> <span class='ocrx_word' id='word_1_468' title='bbox 3443 2723 3570 2789; x_wconf 76' lang='grc' dir='ltr'>δόξα</span> 
     </span>
    </p>
   </div>
   <div class='ocr_carea' id='block_1_60' title="bbox 1992 2811 3102 2883">
    <p class='ocr_par' dir='ltr' id='par_1_60' title="bbox 1992 2811 3102 2883">
     <span class='ocr_line' id='line_1_60' title="bbox 1992 2811 3102 2883; baseline -0.006 -10"><span class='ocrx_word' id='word_1_469' title='bbox 1992 2820 2074 2883; x_wconf 85' lang='grc' dir='ltr'>είς</span> <span class='ocrx_word' id='word_1_470' title='bbox 2104 2818 2233 2883; x_wconf 75' lang='grc' dir='ltr'>τοὺς</span> <span class='ocrx_word' id='word_1_471' title='bbox 2260 2816 2464 2880; x_wconf 85' lang='grc' dir='ltr'>αίῶνας</span> <span class='ocrx_word' id='word_1_472' title='bbox 2494 2813 2604 2868; x_wconf 84' lang='grc' dir='ltr'>τῶν</span> <span class='ocrx_word' id='word_1_473' title='bbox 2632 2812 2864 2869; x_wconf 73' lang='grc' dir='ltr'>αἰώνων.</span> <span class='ocrx_word' id='word_1_474' title='bbox 2908 2811 3102 2883; x_wconf 70' lang='grc' dir='ltr'>Ἀμήν.</span> 
     </span>
    </p>
   </div>
   <div class='ocr_carea' id='block_1_61' title="bbox 2051 2974 3571 3050">
    <p class='ocr_par' dir='ltr' id='par_1_61' title="bbox 2051 2974 3571 3050">
     <span class='ocr_line' id='line_1_61' title="bbox 2051 2974 3571 3050; baseline -0.008 -6"><span class='ocrx_word' id='word_1_475' title='bbox 2051 2995 2079 3025; x_wconf 79' lang='grc'><strong><em>⁸</em></strong></span> <span class='ocrx_word' id='word_1_476' title='bbox 2103 2991 2253 3044; x_wconf 76' lang='lat' dir='ltr'>SaVil.</span> <span class='ocrx_word' id='word_1_477' title='bbox 2279 2990 2493 3050; x_wconf 77' lang='grc' dir='ltr'>καὶπρὸς</span> <span class='ocrx_word' id='word_1_478' title='bbox 2510 2988 2594 3044; x_wconf 79' lang='grc' dir='ltr'>τὰς</span> <span class='ocrx_word' id='word_1_479' title='bbox 2614 2985 2714 3036; x_wconf 81' lang='grc' dir='ltr'>ἄνω</span> <span class='ocrx_word' id='word_1_480' title='bbox 2737 3003 2794 3037; x_wconf 73' lang='grc' dir='ltr'>σε</span> <span class='ocrx_word' id='word_1_481' title='bbox 2812 2986 2997 3049; x_wconf 75' lang='grc' dir='ltr'>ὁδηγεῖν</span> <span class='ocrx_word' id='word_1_482' title='bbox 3016 2974 3269 3050; x_wconf 79' lang='grc' dir='ltr'>διατριϐάς.</span> <span class='ocrx_word' id='word_1_483' title='bbox 3438 2980 3571 3032; x_wconf 74' lang='lat' dir='ltr'><strong>idem</strong></span> 
     </span>
    </p>
   </div>
   <div class='ocr_carea' id='block_1_62' title="bbox 1987 3049 2707 3119">
    <p class='ocr_par' dir='ltr' id='par_1_62' title="bbox 1987 3049 2707 3119">
     <span class='ocr_line' id='line_1_62' title="bbox 1987 3049 2707 3119; baseline -0.014 -12"><span class='ocrx_word' id='word_1_484' title='bbox 1987 3056 2070 3107; x_wconf 82' lang='grc' dir='ltr'>καὶ</span> <span class='ocrx_word' id='word_1_485' title='bbox 2100 3055 2149 3104; x_wconf 72' lang='grc' dir='ltr'>ἐν</span> <span class='ocrx_word' id='word_1_486' title='bbox 2168 3055 2284 3119; x_wconf 80' lang='grc' dir='ltr'>ὁδῷ,</span> <span class='ocrx_word' id='word_1_487' title='bbox 2304 3052 2387 3101; x_wconf 76' lang='grc' dir='ltr'>καὶ</span> <span class='ocrx_word' id='word_1_488' title='bbox 2408 3049 2457 3100; x_wconf 69' lang='grc' dir='ltr'>ἐν</span> <span class='ocrx_word' id='word_1_489' title='bbox 2476 3049 2707 3111; x_wconf 72' lang='grc' dir='ltr'>θαλάσσῃ.</span> 
     </span>
    </p>
   </div>
   <div class='ocr_carea' id='block_1_63' title="bbox 1457 3633 2463 3693">
    <p class='ocr_par' dir='ltr' id='par_1_63' title="bbox 1457 3633 2463 3693">
     <span class='ocr_line' id='line_1_63' title="bbox 1457 3633 2463 3693; baseline 0 0"><span class='ocrx_word' id='word_1_490' title='bbox 1457 3635 1683 3693; x_wconf 79' lang='grc' dir='ltr'><strong>ΤΕΔΟΣ</strong></span> <span class='ocrx_word' id='word_1_491' title='bbox 1713 3633 1854 3693; x_wconf 81' lang='grc' dir='ltr'>ἸὈΥ</span> <span class='ocrx_word' id='word_1_492' title='bbox 1890 3637 2169 3693; x_wconf 82' lang='grc' dir='ltr'>ΠΡΩΤΟΥ</span> <span class='ocrx_word' id='word_1_493' title='bbox 2204 3635 2463 3693; x_wconf 82' lang='grc' dir='ltr'>ΤΟΜΟΥ.</span> 
     </span>
    </p>
   </div>
   <div class='ocr_carea' id='block_1_64' title="bbox 683 4417 3215 4492">
    <p class='ocr_par' dir='ltr' id='par_1_64' title="bbox 683 4417 3215 4492">
     <span class='ocr_line' id='line_1_64' title="bbox 683 4417 3215 4492; baseline -0.004 -7"><span class='ocrx_word' id='word_1_494' title='bbox 683 4426 937 4486; x_wconf 72' lang='lat' dir='ltr'>Ordinem</span> <span class='ocrx_word' id='word_1_495' title='bbox 968 4442 1147 4486; x_wconf 76' lang='lat' dir='ltr'><strong><em>rerum</em></strong></span> <span class='ocrx_word' id='word_1_496' title='bbox 1183 4426 1241 4485; x_wconf 75' lang='grc' dir='ltr'>ἰιι</span> <span class='ocrx_word' id='word_1_497' title='bbox 1270 4425 1369 4484; x_wconf 79' lang='lat' dir='ltr'>hoc</span> <span class='ocrx_word' id='word_1_498' title='bbox 1404 4432 1549 4484; x_wconf 65' lang='lat' dir='ltr'><strong><em>(omo</em></strong></span> <span class='ocrx_word' id='word_1_499' title='bbox 1574 4430 1940 4490; x_wconf 55' lang='lat' dir='ltr'>conventurum</span> <span class='ocrx_word' id='word_1_500' title='bbox 1964 4421 2081 4480; x_wconf 72' lang='lat' dir='ltr'><strong><em>vide</em></strong></span> <span class='ocrx_word' id='word_1_501' title='bbox 2109 4418 2179 4479; x_wconf 79' lang='lat' dir='ltr'><strong><em>ad</em></strong></span> <span class='ocrx_word' id='word_1_502' title='bbox 2206 4418 2403 4479; x_wconf 54' lang='lat' dir='ltr'>calum</span> <span class='ocrx_word' id='word_1_503' title='bbox 2432 4418 2604 4492; x_wconf 74' lang='lat' dir='ltr'>partis</span> <span class='ocrx_word' id='word_1_504' title='bbox 2636 4417 2882 4476; x_wconf 66' lang='lat' dir='ltr'>secunda</span> <span class='ocrx_word' id='word_1_505' title='bbox 2904 4417 3215 4475; x_wconf 69' lang='lat' dir='ltr'>voluminis.</span> 
     </span>
    </p>
   </div>
   <div class='ocr_carea' id='block_1_65' title="bbox 2599 5986 3549 6040">
    <p class='ocr_par' dir='ltr' id='par_1_65' title="bbox 2599 5986 3549 6040">
     <span class='ocr_line' id='line_1_65' title="bbox 2599 5986 3549 6040; baseline -0.007 -11"><span class='ocrx_word' id='word_1_506' title='bbox 2599 5993 2763 6040; x_wconf 75' lang='grc' dir='ltr'>ιωριίωε</span> <span class='ocrx_word' id='word_1_507' title='bbox 2776 6003 2840 6038; x_wconf 76' lang='grc' dir='ltr'>ραι</span> <span class='ocrx_word' id='word_1_508' title='bbox 2854 5989 3001 6037; x_wconf 69' lang='grc' dir='ltr'>Βωροιβ</span> <span class='ocrx_word' id='word_1_509' title='bbox 3014 5990 3096 6025; x_wconf 79' lang='lat' dir='ltr'>S.A.</span> <span class='ocrx_word' id='word_1_510' title='bbox 3111 6009 3138 6016; x_wconf 87' lang='lat'><strong>-</strong></span> <span class='ocrx_word' id='word_1_511' title='bbox 3147 5988 3332 6025; x_wconf 80' lang='lat' dir='ltr'><strong>Tumhout</strong></span> <span class='ocrx_word' id='word_1_512' title='bbox 3344 5986 3549 6033; x_wconf 72' lang='grc' dir='ltr'>(Βοιείφιε)</span> 
     </span>
    </p>
   </div>
  </div>
