4234 6310
238 467 3454 543 W

1502 764 1804 879 MON
1817 764 1964 878 IT
1982 766 2182 881 ΠΜ

1794 1049 1873 1089 DE

822 1238 985 1317 inc
1029 1240 1589 1316 BENEDICTINJE
1635 1230 2044 1313 EDITIONIS
2088 1238 2311 1306 NOVA
2338 1215 2881 1307 .RECENSIONE.

285 1767 564 1829 Pretiosa
593 1762 872 1844 quaadam
908 1768 1155 1820 exstant
1190 1757 1467 1830 nomina,
1506 1772 1639 1835 quce
1672 1753 2125 1831 pronuntiasse
2161 1760 2254 1811 sat
2284 1758 2397 1824 est,
2424 1758 2495 1810 ut
2527 1747 2837 1825 extemplo
2871 1744 3019 1806 idem
3050 1741 3273 1821 gloria:
3299 1739 3465 1803 mul-

227 1867 474 1947 tiplicis,
508 1842 759 1943 ingenii
797 1859 1035 1922 scilicet
1084 1868 1267 1936 atque
1306 1856 1694 1929 sanctitatis,
1739 1855 1807 1914 in
1840 1852 2161 1915 audientis
2190 1850 2400 1913 animo
2434 1854 2853 1917 suscitentur;
2905 1846 2972 1909 id
3029 1864 3175 1907 vero
3212 1844 3284 1906 de
3323 1842 3477 1905 illu-’

218 1946 508 2032 Strissimo
538 1964 1016 2041 archiepiscopo
1047 1954 1759 2035 Constantinopolitano
1785 1954 2108 2033 praecipue
2136 1953 2490 2025 dicendum,
2519 1952 2629 2032 qui
2664 1949 2841 2011 solus
2872 1948 3020 2009 Oris
3050 1946 3233 2008 aurei
3258 1956 3483 2007 nomen

226 2069 477 2130 sortitus
509 2075 626 2126 est.
674 2087 703 2119 α
740 2066 960 2133 Nemo,
995 2061 1201 2140 inquit
1240 2059 1498 2128 Suidas,
1536 2056 1729 2119 tantis
1759 2054 2150 2133 eloquentiae
2184 2062 2247 2116 et
2308 2053 2620 2116 ubertatis
2652 2050 2899 2113 divitiis
2932 2052 3282 2109 exornatus
3332 2045 3479 2111 fuit.

216 2170 367 2230 Audi
412 2169 604 2229 etiam
649 2161 1213 2244 Monte/aleonium
1236 2182 1258 2218 :
1292 2183 1322 2217 α
1365 2162 1703 2235 [λονγῐηαδ
1734 2155 1935 2218 movit
1974 2162 2043 2217 ut
2071 2155 2300 2229 voluit,
2334 2154 2490 2216 vitia
2520 2151 2911 2223 em'edd'avit,
2942 2147 3375 2213 Christianam
3409 2141 3483 2206 ﬁ-

223 2270 351 2331 dem
384 2266 595 2341 auxit,
623 2268 891 2328 ‘Judmos
913 2269 974 2327 et
1000 2262 1337 2325 hmreticos
1370 2257 1756 2339 proﬂigavit.
1798 2256 1937 2318 Non
1971 2255 2287 2318 minorem
2322 2256 2495 2315 enim
2542 2254 2607 2315 in
2640 2250 2973 2314 dialectica
3008 2265 3199 2328 quam
3243 2248 3313 2310 in
3344 2262 3486 2343 ora-

216 2368 358 2429 torie
387 2375 524 2429 arte
554 2368 871 2427 Joannem
898 2371 1191 2425 nostrum
1220 2361 1681 2439 comperimus.
1722 2382 1750 2414 »τ
1788 2358 1959 2434 Quid
1983 2357 2219 2436 plura?
2252 2357 2358 2417 Ea:
2387 2357 2561 2417 brevi
2590 2353 2701 2416 illo
2733 2354 2841 2416 sed
2870 2354 3325 2434 perfectissimo
3364 2368 3473 2411 en-

212 2470 393 2529 comic
421 2486 636 2529 nonne
661 2476 835 2547 patet
861 2475 1097 2547 quanta
1125 2462 1478 2543 diligentia,
1516 2472 1755 2545 quanta
1773 2462 1992 2540 potius
2023 2460 2331 2548 religione
2364 2460 2531 2523 tanti
2569 2459 2853 2521 doctoris
2894 2476 3085 2537 opera
3134 2451 3490 2521 recudendd

212 2572 326 2632 sint
346 2592 369 2631 :
393 2588 508 2630 nec
547 2570 780 2630 mirum
808 2566 1149 2639 videbitur,
1180 2564 1768 2647 Monte/alconium,
1802 2582 1941 2623 cum
1966 2564 2239 2643 quinque
2270 2581 2347 2622 ea:
2376 2559 2702 2623 sodalibus
2730 2562 2889 2634 suis,
2914 2559 3220 2638 parandae
3252 2561 3486 2622 editio-

210 2678 271 2736 ‘ni
297 2675 613 2736 sexdecim
638 2682 839 2734 annos
870 2671 1219 2734 insudasse.
1254 2669 1438 2745 Nam,
1469 2678 1773 2747 praeterea
1802 2662 1970 2747 quod
2000 2656 2378 2729 bibliotheca
2404 2675 2577 2738 sunt,
2600 2682 2725 2725 non
2759 2661 2941 2737 liber,
2976 2664 3249 2724 Joannis
3279 2664 3485 2742 Chry-

212 2777 454 2837 tost‘omi
499 2793 721 2854 opera,
766 2771 968 2835 multa
1000 2774 1068 2835 in
1112 2772 1195 2834 iis
1232 2770 1581 2851 abundant,
1614 2773 1751 2850 qua:
1786 2768 1860 2829 ob
1911 2780 2299 2845 temporum,
2332 2764 2615 2829 locorum
2644 2784 3006 2852 morumque
3032 2766 3481 2837 diversitatem,

214 2879 366 2939 notis
393 2895 469 2937 ac
501 2874 1065 2939 dissertationibus
1111 2883 1289 2933 erant
1338 2870 1740 2934 illustranda.
1787 2857 2055 2929 Pensum
2084 2870 2200 2931 hoc
2244 2869 2485 2946 egregie
2526 2855 2927 2929 absolverunt
2970 2866 3193 2927 Pdtres
3226 2868 3493 2927 Benedié

208 2976 369 3049 ctini,
396 2993 704 3055 omneque
733 2971 1016 3034 tulerunt
1038 2980 1373 3053 punctum,
1408 2969 1553 3030 licet
1582 2968 1711 3028 viri
1729 2965 2273 3045 prwstantissimi,
2302 2969 2471 3030 inter
2496 2985 2650 3047 quos
2681 2954 2989 3047 imprimis
3020 2950 3337 3030 Henricus
3364 2962 3483 3029 Sd-

210 3075 381 3137 vilius
409 3087 467 3138 et
500 3078 755 3138 Fronto
798 3076 1088 3149 Ducaeu's,
1117 3072 1360 3152 magnis
1388 3068 1732 3134 sudoribus
1766 3066 1927 3131 id’em
1956 3067 2233 3133 stadium
2263 3061 2683 3132 decurrerinl.
2938 3072 2947 3077 ”

276 3240 602 3306 Eximiam
645 3244 805 3305 hanc
846 3243 1181 3306 editionem
1214 3250 1330 3304 nos
1364 3242 1593 3303 iterum
1629 3243 1807 3321 typis
1865 3242 2279 3311 mandamus;
2318 3244 2527 3304 omnia
2568 3241 2785 3304 sedulo
2816 3243 3201 3303 servavimus
3260 3241 3490 3321 quibus

209 3343 413 3403 crescit
452 3346 595 3423 ejus
623 3340 898 3416 utilitas,
928 3357 1143 3419 nempe
1192 3356 1479 3419 magnam
1501 3338 2046 3411 dissertationum,
2077 3348 2374 3401 notarum
2394 3340 2836 3419 variarumque
2861 3339 3197 3401 lectionum
3217 3342 3489 3421 copiam;

214 3447 288 3506 Ea
318 3451 509 3509 etiam
544 3447 905 3509 addidimus
935 3464 1071 3526 qua:
1098 3454 1250 3524 post
1276 3444 1629 3506 absolutam
1661 3444 1927 3506 eamdem
1960 3444 2294 3507 editionem
2322 3446 2405 3507 ad
2436 3446 2596 3507 hanc
2626 3461 2821 3525 usque
2856 3446 3017 3507 diem
3039 3446 3293 3524 publici
3312 3446 3491 3525 juris

212 3550 359 3609 facta
389 3547 838 3626 comperimus.
881 3546 989 3607 Ita
1029 3554 1233 3607 tamen
1278 3543 1639 3605 addidimus
1672 3554 1759 3610 αι,
1794 3544 1951 3605 ordo
1997 3561 2035 3604 a
2062 3546 2560 3626 Monte/alconio
2608 3549 2946 3610 institutus
2975 3558 3363 3621 servaretur,
3406 3548 3491 3608 ad

213 3650 491 3713 ultimum
532 3668 755 3728 nempe
792 3662 1029 3731 tomum
1072 3648 1430 3710 additiones
1472 3659 1730 3708 nostras
1782 3649 2154 3728 rejiciento.
2196 3650 2472 3729 Paginas
2514 3653 2821 3727 editionis
2855 3652 3277 3715 B‘en'edictinw
3324 3652 3491 3712 inter

212 3770 387 3813 uncos
420 3754 491 3815 in
532 3759 721 3813 textu
752 3750 969 3813 Graeco
1004 3750 1358 3828 posuimus,
1390 3750 1668 3811 numeris
1704 3748 1994 3813 Arabicis
2041 3769 2396 3829 expressas.
2432 3754 2710 3815 Iudicem
2752 3754 2836 3815 ad
2876 3752 3195 3815 columnas
3238 3764 3491 3814 nostras

213 3854 835 3916 accommodavimus.

280 4001 437 4060 Ante
486 4001 604 4061 hos
635 3995 1107 4078 quatuorde'cim
1135 4002 1335 4056 annOs
1365 3995 1878 4075 Chrysottomum
1902 3997 2037 4077 jam
2070 3980 2374 4070 dedimus,
2413 3978 2523 4058 sed
2549 3997 2773 4058 Latine
2805 4004 3072 4059 tantum.
3112 3999 3323 4076 Hujus
3356 3999 3489 4060 edi-

214 4105 395 4165 tionis
438 4104 745 4184 paginas,
794 4101 1229 4181 stereotypice,
1278 4110 1349 4162 ut
1383 4106 1591 4176 aiunt,
1624 4110 1929 4174 servatas,
1962 4102 2290 4180 posuimus
2341 4121 2369 4161 e
2425 4094 2682 4181 regione
2708 4102 3093 4180 paginarum
3129 4102 3491 4163 Grcccarum

214 4222 333 4283 qua:
361 4204 745 4265 Latinarum
769 4205 1241 4284 paginatio'nem
1290 4205 1584 4265 retinent.
1621 4204 1773 4265 Inde
1828 4206 1897 4283 ﬁt
1943 4209 2014 4263 ut
2064 4203 2301 4265 notulce
2342 4205 2620 4284 quietiam
2665 4204 2876 4266 Greece
2928 4202 3116 4265 simul
3156 4214 3208 4263 et
3269 4202 3490 4263 Latine

218 4323 514 4383 expressae
539 4320 988 4386 nonnunquam
1027 4315 1391 4369 occurrant.
1420 4309 1509 4367 De
1532 4315 1652 4386 q‘uo
1682 4305 2026 4366 monendus
2068 4305 2199 4366 erat
2238 4306 2480 4369 Lector.
2533 4306 2866 4379 Utriusque
2894 4314 3107 4367 textus
3132 4304 3491 4381 diligentem

218 4410 612 4471 collationem
646 4410 1063 4472 instituimus.
1107 4409 1345 4472 Multas
1389 4410 1597 4483 etiam,
1638 4410 1887 4491 quando
1925 4428 2087 4489 opus
2129 4411 2280 4490 fuit,
2318 4419 2504 4471 notas
2557 4421 2614 4471 et
2667 4409 3129 4471 observationes
3168 4411 3239 4472 de
3267 4420 3489 4469 nostra

203 4503 801 4587 Monte/alconianis
843 4509 1249 4574 inseruimus.
1280 4516 1451 4567 nunc
1481 4506 1736 4565 omnino
1772 4514 2058 4574 latentes.
2094 4511 2457 4571 charactere
2485 4519 2731 4572 tantum
2765 4510 2985 4574 italico
3029 4511 3217 4574 verba
3253 4507 3496 4573 .nostra'

207 4608 681 4691 distinguentes,
722 4610 900 4677 alias-
918 4618 1142 4673 nomen
1175 4620 1465 4671 nostrum
1498 4607 1959 4671 subscrib'entes
1998 4611 2115 4687 (sic
2158 4622 2449 4674 notatum
2484 4637 2498 4676 :
2539 4616 2750 4690 Eum,
2794 4599 2893 4677 vel
2928 4618 3111 4678 Emr.
3162 4616 3496 4695 Pyram"),

204 4713 432 4789 quoties
493 4712 849 4792 prasertim
884 4710 1133 4793 aliquid
1178 4709 1615 4791 ambiguitatis
1653 4727 1731 4771 ea:
1771 4709 1968 4773 tacito
1998 4714 2252 4775 nomine
2287 4702 2630 4778 timendum
2660 4725 2816 4778 erat.

274 4874 499 4937 Editio
550 4877 964 4939 Benedictma
1003 4876 1161 4938 duas
1194 4879 1321 4957 fert
1350 4879 1624 4941 Joannis
1654 4882 2093 4961 Chrysostomi
2136 4883 2328 4955 Vitas,
2362 4876 2556 4943 aliam
2594 4885 2855 4943 auctore
2879 4879 3171 4943 Palladio
3209 4882 3318 4958 qui
3348 4899 3488 4941 cum

211 4974 438 5054 inclyta
472 4977 740 5040 doctore
769 4979 939 5041 vixit
965 4977 1396 5059 familiariter,
1428 4979 1624 5043 aliam
1657 5001 1733 5042 ex
1765 4984 1973 5062 ipsius
2017 4985 2281 5062 scriptis
2311 4992 2688 5044 contextam.
2722 4981 2903 5046 Nihil
2929 5002 3077 5047 sane
3100 4981 3319 5042 melius
3343 5000 3489 5043 suc-

212 5078 521 5152 currebat,
552 5088 625 5139 ut
650 5075 863 5140 Patris
887 5081 1077 5160 hujus
1102 5080 1445 5158 ingenium,
1478 5100 1680 5143 mores
1709 5100 1782 5143 ac
1810 5084 2003 5144 carice
2034 5084 2350 5163 inquibus
2375 5086 2637 5162 scripsit
2668 5084 2765 5145 vel
2792 5084 3041 5145 locutus
3090 5093 3175 5144 est
3224 5084 3488 5157 circum-

211 5185 445 5244 stantiis
473 5202 763 5263 apprime
790 5193 1222 5247 noscerentur.
1258 5182 1365 5246 Sic
1396 5187 1580 5248 etiam
1607 5197 1816 5249 actum
1844 5189 2023 5251 estin
2043 5189 2191 5249 Divi
2218 5187 2569 5268 Augustini
2600 5168 2874 5251 editione
2897 5189 3327 5251 Benedictina.
3371 5188 3482 5247 Ve-

212 5299 337 5344 rum
366 5287 710 5365 utriusque
736 5286 949 5348 Patris
988 5286 1138 5347 Vites
1170 5287 1253 5349 ad
1266 5282 1495 5349 ealcem
1517 5306 1773 5367 operum
1804 5291 2235 5368 inopportune
2262 5292 2500 5369 rejectis
2522 5300 2690 5350 sunt.
2726 5289 2851 5349 Eas
2877 5290 3110 5349 rectius
3144 5289 3330 5349 initio
3360 5306 3473 5365 po-

208 5387 463 5446 suimus.
502 5387 649 5448 Non
677 5406 851 5447 secus
880 5388 1271 5449 sentiendum
1306 5399 1394 5449 est
1438 5391 1511 5453 de
1538 5390 1837 5469 Epistola
1873 5392 2267 5453 dedicatoria
2306 5403 2359 5453 et
2392 5392 2466 5453 de
2500 5390 2881 5473 Prw/aliene
2907 5390 3185 5470 generali
3217 5409 3369 5469 quas
3408 5404 3479 5449 ex

212 5493 363 5547 tomo
404 5489 649 5551 decimo
679 5490 866 5550 tertio
905 5492 971 5549 in
995 5492 1271 5568 primum
1303 5493 1770 5555 transtulimus.

276 5652 477 5714 Forte
506 5652 741 5733 aliquis
761 5660 1055 5735 genuinis
1083 5660 1516 5739 Chrysostomi
1539 5663 1833 5741 operibus
1864 5674 1953 5725 tot
1987 5665 2209 5742 spuria
2242 5664 2577 5728 immisceri
2600 5684 2761 5743 (egre
2776 5667 2966 5745 feret;
3002 5680 3110 5726 nec
3144 5663 3484 5725 imnwritdf

537 5785 801 5845 PATBOL.
855 5787 969 5848 GR.
1026 5788 1248 5848 XLVII
3112 5791 3140 5854 ἓ
