4234 6310
751 361 813 403 ll!
3928 357 3994 402 IV

757 467 1001 544 Duplex
1031 485 1174 526 νεῖ-ο
1208 481 1294 530 est
1325 470 1702 546 Spuriorum
1749 489 1938 546 genus
1981 455 2114 548 quis
2159 470 2467 530 communi
2499 467 2746 550 afﬁcere
2775 469 3219 548 reprobatione
3251 469 3494 528 minime
3535 483 3774 544 aequum
3801 467 3992 545 foret.

751 571 897 632 Alia
932 581 1099 638 sunt.
1133 591 1394 650 quorum
1427 583 1714 635 auctores
1747 577 2043 653 temporis
2075 573 2316 635 invidia
2349 573 2561 634 obruti
2593 576 2809 647 latent,
2843 583 2898 634 et
2943 593 3097 653 quae,
3133 573 3206 634 ob
3238 573 3565 653 quamdam
3594 571 3838 650 ingenii
3869 581 4000 630 tra-

753 674 978 734 rtative
1037 675 1392 752 argumenti
1439 675 1959 746 similitudinem,
2013 675 2434 738 celeberrimis
2488 677 2831 755 aliquando
2881 675 3308 752 scriptoribus
3360 674 3758 736 tribuuntur.
3825 673 4000 735 Licet

749 775 1040 852 gravibus
1073 777 1253 854 fraus
1277 773 1648 856 plerumque
1686 776 2106 838 demonstrari
2143 784 2326 855 queat
2375 776 2771 848 testimoniis,
2815 777 3056 855 spuriis
3107 773 3468 854 hujusmodi
3497 791 3614 832 nos
3667 771 3840 833 ultro
3894 791 3998 833 ve-

747 881 918 936 niam
967 877 1379 948 concedimus,
1415 881 1564 956 quia
1610 878 2006 957 philologiae
2051 882 2304 942 critices
2353 883 2665 943 thesauris
2706 883 2770 942 in
2821 879 2954 940 dies
2985 878 3428 950 crescentibus,
3459 877 3625 954 forte
3665 877 3897 936 eveniet
3929 885 4000 935 ut

749 997 889 1035 cras
921 977 1268 1054 probentur
1295 981 1563 1058 genuina
1603 999 1733 1060 quas
1765 981 2100 1042 hodiedum
2131 983 2494 1044 adulterina
2539 981 2856 1044 videntur.
2889 981 3034 1042 Alia
3083 999 3226 1040 vero
3259 987 3450 1038 scatet
3481 981 3722 1057 fetuum
3753 993 3993 1052 suppo-

747 1081 1092 1140 sititiorum
1129 1081 1426 1158 ignobilis
1451 1083 1801 1162 plebecula,
1837 1087 1943 1162 qui
1973 1085 2532 1160 reverendissimis,
2574 1087 2694 1148 ima
2733 1085 3146 1146 sanctissimis
3191 1084 3574 1144 adluerentes
3609 1077 3992 1149 nominibus,

751 1191 816 1242 ea
853 1186 1112 1264 indigno
1147 1198 1408 1263 turpant
1455 1193 1796 1264 consortio,
1834 1201 1888 1250 et
1938 1192 2027 1252 sic
2079 1191 2370 1254 indebita
2407 1195 2564 1272 ﬁunt
2595 1189 3090 1253 immortalitatis
3119 1189 3490 1266 participes.
3533 1187 3798 1247 Tantum
3825 1182 3995 1249 abest

746 1297 812 1344 ut
863 1285 936 1344 ab
968 1285 1080 1346 hac
1105 1298 1274 1364 peste
1306 1291 1593 1350 immunis
1637 1291 1830 1370 fuerit
1877 1291 2057 1350 divus
2089 1291 2592 1370 Chrysostomus,
2629 1300 2686 1350 et
2721 1289 2930 1348 varios
2963 1290 3125 1349 inter
3158 1291 3288 1368 ejus
3327 1285 3619 1352 editores,
3653 1300 3828 1342 nemo
3865 1297 3992 1340 non

745 1387 960 1456 sensit,
993 1403 1167 1444 nemo
1207 1405 1334 1448 non
1365 1387 1534 1466 dixit
1563 1407 1743 1468 quam
1793 1391 2130 1466 optandum
2165 1399 2318 1451 esset
2364 1389 2723 1469 quisquiliis
2759 1389 2899 1462 istis
2933 1393 3062 1467 ejus
3095 1405 3286 1466 opera
3321 1385 3692 1464 expurgari.
3723 1383 3813 1446 Ne
3839 1373 3990 1462 quid

744 1495 948 1544 autem
985 1505 1060 1560 ex
1097 1488 1224 1565 iam
1269 1489 1455 1548 editis
1487 1491 1554 1548 in
1597 1491 1709 1550 hac
1746 1491 2022 1552 editione
2073 1503 2292 1551 nostra
2335 1491 2755 1564 desideretur,
2805 1507 2879 1548 ne
2917 1489 3334 1550 insulsissimu
3365 1487 3606 1566 quidem
3647 1495 3988 1544 commenta

745 1589 1356 1668 omisimus,judicio
1411 1589 1712 1650 lectorum
1768 1593 2166 1669 conﬁdentes,
2217 1592 2441 1670 quibus
2493 1601 2794 1670 praterea
2843 1590 3172 1668 exquisita
3227 1587 3706 1664 Montefalconii
3749 1589 3989 1666 praefa-

745 1691 1040 1750 tiunculce
1069 1711 1286 1752 secura
1317 1693 1582 1754 consilia
1615 1696 2133 1773 suppeditabunt.
2172 1697 2258 1755 Μ.

787 1924 902 1976 Li
879 1927 1015 1976 -Ἠ
1075 1927 3990 1987 _-___m__w_

745 2151 1716 2328 BERNABDI
1795 2150 2034 2262 DE
2110 2145 3380 2264 MONTPAUGON
3445 2145 3986 2262 VITA.

2113 2421 2589 2447 ———-—--c.t-—-~

815 2605 1370 2684 Monte/alconius,
1403 2602 1626 2678 gallice
1660 2599 1732 2658 de
1770 2599 2180 2678 Montfuueon
2219 2597 2658 2676 (Bernardus),
2689 2600 3018 2678 provincia
3050 2599 3409 2674 accitanus,
3447 2603 3512 2662 in
3548 2604 3800 2664 castello
3827 2607 3986 2668 Seu-

735 2703 892 2784 lagii
921 2726 996 2767 ex
1025 2705 1286 2780 antiqua
1317 2701 1636 2778 nobilique
1663 2699 1908 2778 familia
1938 2710 2124 2760 natus
2159 2708 2248 2757 est
2279 2699 2378 2758 die
2393 2700 2694 2777 januarii
2717 2700 2954 2759 decima
2975 2703 3262 2778 septima,
3289 2719 3452 2760 anno
3484 2703 3656 2764 1655.
3683 2706 3985 2768 Militiam

729 2812 1004 2886 primum
1031 2805 1378 2884 amplexus,
1411 2823 1618 2866 rerum
1650 2807 2062 2864 humanarum
2109 2803 2522 2880 fragilitatem
2547 2810 2745 2864 morte
2771 2815 3102 2882 parentum
3132 2805 3390 2868 edoctus
3421 2821 3531 2868 est.
3561 2811 3752 2870 Haud
3785 2813 3981 2874 multa

729 2923 872 2989 post
904 2912 1127 2968 sucula
1175 2907 1482 2968 valedixit
1531 2905 1966 2982 Maurianue
2015 2901 2146 2964 PP.
2197 2902 2750 2964 Benedictinorum
2798 2907 3278 2982 congregationi
3323 2923 3451 2966 sese
3503 2906 3982 2974 adscribendum

731 3015 976 3072 curavit
1012 3027 1174 3070 anno
1207 3009 1383 3069 1675.
1434 3007 1598 3068 Novi
1646 3004 1880 3065 sodalis
1915 3005 2084 3082 fama
2123 3019 2272 3063 mox
2321 3013 2506 3064 extra
2555 3001 2817 3062 canobii
2875 3003 3100 3064 limites
3131 3003 3252 3064 late
3294 3023 3410 3084 per
3441 3015 3630 3068 totam
3660 3009 3982 3092 Europam

735 3117 980 3192 ﬂoruit.
1015 3115 1332 3174 Memoria
1380 3109 1726 3175 miraculis,
1765 3109 2061 3168 immensa
2109 3105 2426 3181 doctrina,
2457 3104 2705 3186 judicio
2735 3106 3086 3184 praesertim
3138 3115 3194 3166 et
3242 3109 3480 3186 ingenii
3527 3109 3810 3174 acuminé
3837 3118 3979 3196 jam

733 3219 1188 3289 celeberrimus,
1220 3216 1291 3275 in
1321 3213 1572 3274 Italiam
1607 3212 1899 3288 migravit
1930 3227 2096 3270 anno
2131 3211 2314 3282 1698,
2345 3209 2807 3286 manuscriptos
2841 3209 3080 3269 codices
3117 3212 3572 3272 vetustissimos
3601 3219 3834 3292 passim
3863 3237 3980 3296 per

729 3319 1129 3380 bibliothecas
1179 3315 1700 3390 investigaturus.
1745 3315 1906 3372 Dum
1939 3312 2146 3370 Romae
2191 3311 2462 3389 degeret,
2496 3308 2666 3388 apud
2693 3308 2984 3369 Sanctam
3019 3307 3232 3370 Sedem
3267 3311 3509 3374 ordinis
3537 3318 3641 3377 sui
3663 3323 3978 3395 procura-

727 3431 852 3492 tor,
889 3415 1338 3476 benedictinam
1377 3416 1510 3476 dici
1555 3413 1898 3490 Augustini
1931 3411 2267 3474 editionem
2307 3423 2532 3474 contra
2577 3413 2915 3478 acerrimos
2965 3413 3366 3472 inimicorum
3403 3417 3680 3477 assultus
3705 3419 3981 3498 feliciter

724 3519 1178 3596 propugnavit.
1215 3515 1549 3592 Pontiﬁces
1584 3513 1860 3577 Clemens
1891 3513 1983 3573 XI
2035 3523 2092 3575 et
2140 3515 2518 3576 Benedictus
2567 3511 2734 3572 XIII
2770 3512 3232 3590 imperatorque
3277 3513 3539 3576 Carolus
3593 3519 3672 3578 γι
3703 3525 3978 3582 maxima

725 3639 861 3680 eum
911 3637 1148 3696 semper
1191 3636 1484 3695 excepere
1536 3617 1984 3679 benevolentia.
2021 3616 2334 3678 Lutetiam
2375 3635 2662 3677 reversus
2706 3635 2872 3676 anno
2925 3621 3102 3694 1701,
3131 3622 3466 3680 continuas
3505 3627 3649 3684 vita
3681 3627 3980 3688 studiosa:

727 3723 968 3784 labores
995 3731 1368 3800 prosecutus
1404 3731 1514 3782 est.
1547 3721 1982 3796 Quamobrem,
2016 3721 2162 3783 licet
2197 3723 2340 3784 vita:
2381 3721 2772 3784 curriculum
2811 3741 3003 3800 usque
3042 3723 3122 3784 ad
3167 3743 3277 3784 sex
3315 3737 3368 3786 et
3405 3731 3729 3806 octoginta
3775 3750 3976 3790 annos

725 3825 1149 3903 protraxerit,
1187 3823 1388 3902 ferreo
1419 3839 1616 3900 prope
1655 3822 1947 3899 corporis
1978 3821 2205 3880 robore
2237 3839 2430 3900 usque
2471 3821 2703 3895 valens,
2743 3823 2856 3882 vix
2885 3831 3086 3882 tamen
3117 3824 3501 3904 intelligitur
3532 3832 3833 3907 quomoda
3885 3841 3976 3891 tot

727 3941 968 4002 tamque
997 3924 1292 4002 gravibus
1323 3925 1616 4001 operibus
1651 3922 1899 3982 edendis
1950 3921 2294 4000 suffecerit.
2331 3921 2610 4000 Legatur
2645 3922 2827 3982 modo
2881 3941 3136 4000 sequens
3165 3928 3636 3988 nomenclatura
3665 3949 3684 3990 :
3723 3931 3779 3989 1°
3806 3934 3974 3994 Ana-

733 4027 888 4089 lecta
925 4041 1146 4104 graeca,
1185 4022 1206 4082 1
1246 4021 1366 4082 vol.
1403 4023 1593 4092 ἰη-ἵιο,
1627 4017 2294 4101 grceco-latine,1688.
2332 4021 2396 4078 2ο
2428 4021 2712 4082 Diarium
2735 4021 3053 4093 Italicum,
3089 4025 3120 4084 1
3151 4023 3254 4082 vol
3308 4025 3501 4096 in-h‘,
3542 4029 3711 4088 1702.
3739 4029 3802 4089 3°
3833 4033 3978 4092 Col-

729 4128 916 4190 lectio
953 4135 1237 4186 veterum
1284 4123 1670 4200 scriptorum
1717 4123 2108 4194 Grmcorum,
2155 4123 2194 4181 2
2232 4119 2357 4180 vol.
2413 4119 2646 4200 ενι-[01η
2681 4124 3134 4201 graeco-latine,
3173 4127 3348 4186 1706.
3385 4127 3447 4184 Ζιο
3477 4129 3714 4190 Gallica
3762 4131 3973 4192 versio

728 4221 880 4288 libri
911 4225 1198 4287 Philonis
1231 4227 1324 4286 De
1365 4226 1507 4283 Vita
1557 4221 2072 4296 conlemplativa,
2115 4223 2152 4280 1
2195 4221 2320 4281 vol.
2372 4221 2579 4282 iit-12.
2609 4223 2670 4282 5°
2702 4223 3174 4300 Palicographia
3217 4227 3458 4295 Grai-ca,
3495 4229 3522 4286 1
3561 4231 3682 4308 vol.
3727 4231 3968 4308 in-[ol.,

729 4325 905 4394 1708,
945 4343 1100 4402 opus
1138 4323 1430 4383 eximium
1464 4321 1528 4380 in
1560 4337 1677 4396 quo
1715 4319 1892 4378 varia
1924 4317 2354 4377 characterum
2384 4317 2746 4380 Graecorum
2781 4324 3121 4399 specimina
3155 4323 3550 4388 exhibentur.
3585 4331 3644 4387 6°
3689 4331 3970 4405 Hexopla

729 4425 1044 4504 Origenis,
1077 4425 1116 4483 2
1152 4421 1276 4483 vol.
1313 4419 1554 4498 in-fal.,
1589 4417 1764 4478 1713.
1793 4419 1852 4476 7°
1882 4416 2274 4478 Bibliotheca
2305 4417 2722 4492 Coisliniana,
2763 4421 2792 4478 1
2835 4421 2958 4480 vol.
2995 4421 3202 4498 in-[oL
3236 4423 3298 4482 8°
3337 4422 3702 4499 Antiquitas
3741 4430 3966 4506 expia-

727 4541 889 4602 nata,
931 4541 1070 4602 etc,
1105 4531 1178 4588 10
1223 4528 1345 4587 vol.
1402 4523 1652 4603 in-fol.,
1713 4525 1886 4584 1719.
1943 4525 2006 4584 9°
2039 4523 2426 4602 Antiquitati
2487 4523 2842 4600 “planatae
2887 4527 3443 4604 Supplementum,
3479 4531 3516 4590 5
3559 4535 3680 4594 vol.
3717 4536 3968 4614 ἐπιεῖσι,

731 4636 916 4702 172ῑι;
975 4645 1301 4710 utrumque
1352 4627 1845 4708 gallica-latine.
1907 4629 2002 4687 10°
2051 4627 2436 4688 Monarchim
2483 4625 2742 4688 Gallicus
2789 4628 3228 4700 Monumenta,
3281 4635 3319 4695 5
3367 4632 3490 4691 vol.
3541 4635 3776 4714 in-[ol.,
3829 4658 3970 4698 cum

727 4739 975 4818 ﬁguris,
1009 4736 1256 4814 gallice,
1295 4736 1468 4794 17-29.
1509 4737 1604 4792 11°
1635 4730 2024 4794 Bibliotheca
2063 4730 2596 4793 bibliothecarum
2641 4732 3224 4810 manuscriptorum
3280 4749 3465 4806 nova,
3500 4734 3540 4792 2
3569 4735 3692 4798 vol.
3730 4739 3965 4816 ἔτι-[01η

735 4842 912 4902 1739.
951 4841 1046 4898 12°
1079 4839 1344 4897 Joannis
1379 4836 1810 4912 Chrysostomi
1855 4851 2111 4912 operum
2163 4831 2354 4893 editio
2416 4835 2911 4910 exquisitissimo
2942 4851 3120 4912 quam
3151 4836 3350 4897 denuo
3382 4839 3550 4916 typis
3581 4842 3966 4914 niandamus,

731 4943 804 5001 13
851 4939 976 5002 val.
1030 4937 1268 5018 in~fol.,
1300 4937 1376 4998 ab
1431 4955 1595 4996 anno
1651 4937 1804 4997 1718
1838 4953 2029 5012 usque
2059 4933 2143 4992 ad
2193 4952 2422 4993 annum
2455 4935 2632 4996 1738.
2669 4938 2815 4998 11αό
2863 4949 2953 5000 est
2993 4945 3457 5022 praeipuorum
3489 4943 3971 5022 Mantefalconii

727 5059 983 5116 operum
1015 5039 1230 5108 moles,
1285 5056 1418 5116 quw
1461 5039 1654 5097 multo
1705 5040 1900 5115 magis
1931 5045 2301 5116 portentosa
2331 5037 2668 5114 videbitur,
2713 5041 2770 5101 si
2805 5042 3171 5102 attendatur
3200 5046 3540 5123 unicuique
3573 5049 3751 5124 aperi
3779 5047 3964 5124 vulgo

619 5219 622 5222 t
725 5141 1012 5199 accedere
1067 5142 1434 5211 versionem,
1485 5148 1690 5212 notas,
1744 5139 2237 5213 dissertationes,
2281 5139 2600 5218 epistolas,
2634 5143 3108 5212 commentaria,
3155 5161 3274 5201 uno
3317 5145 3499 5205 verba
3539 5149 3843 5226 quidquid
3889 5151 3972 5208 ad

731 5239 1162 5318 eaplunandas
1195 5241 1392 5300 omnis
1423 5241 1670 5318 generis
1701 5239 2106 5317 difﬁcultates
2141 5242 2432 5318 prodesse
2461 5252 2686 5318 patest.

809 5345 1329 5423 Montefalconius
1383 5343 1656 5404 Parisiis
1705 5343 2005 5404 obiit-die
2052 5343 2390 5406 decembris
2443 5346 2732 5423 vigesima
2783 5343 3020 5422 prima,
3069 5365 3230 5405 anna
3285 5345 3454 5420 1711,
3505 5359 3558 5406 et
3601 5349 3662 5408 in
3715 5348 3964 5408 ecclesia

731 5447 950 5506 Sancti
991 5447 1284 5505 Germani
1312 5465 1346 5502 α
1381 5447 1590 5505 Pratis
1633 5443 1912 5523 sepultus
1955 5459 2062 5506 est.

1545 5713 1572 5721 κ
