4234 6310
769 439 837 480 VII

962 676 1134 786 ι).
1190 655 2167 796 Βειιιιωιωι
2235 671 2477 782 nr:
2548 669 3796 797 nona-raucam
3835 594 3886 602 ”

2023 847 2650 1027 apiarium
2669 951 2699 984 .

1848 1102 2917 1192 mmo-ww

814 1263 909 1316 Diu
959 1267 1244 1333 expolitam
1289 1265 1346 1320 S.
1398 1265 1613 1319 Joannis
1669 1262 2036 1334 Chrysostomi
2083 1260 2312 1330 Operum

738 1354 974 1408 omnium
1003 1356 1287 1409 editionem
1314 1371 1342 1408 a
1364 1353 1553 1408 multis
1578 1354 1686 1422 jam
1715 1352 1868 1406 annis
1895 1366 2144 1421 paramus
2172 1367 2186 1403 :
2225 1365 2318 1404 neo-

737 1459 839 1511 que
868 1445 1006 1497 enim
1039 1452 1245 1512 poterat
1273 1459 1358 1498 res
1389 1455 1494 1497 tam
1537 1455 1760 1511 operosa
1782 1483 1797 1508 ,
1827 1453 1932 1495 tam
1961 1442 2171 1511 amplt»,
2200 1456 2315 1494 mo-

735 1535 854 1589 dico
879 1537 1133 1605 temporis
1161 1536 1426 1590 curriculo
1445 1534 1775 1589 concinnari.
1803 1532 2127 1604 Bibliotheca
2148 1540 2270 1585 sunt
2294 1573 2310 1598 ,

732 1642 840 1680 non
893 1627 1043 1694 liber,
1090 1627 1218 1681 tanti
1282 1626 1519 1682 doctoris
1561 1625 1857 1696 Opuscula,
1886 1622 2308 1684 Commentaria,

733 1714 1008 1784 Epistolm.
1056 1717 1126 1770 Ea
1165 1733 1293 1770 vero
1333 1732 1438 1770 non
1476 1732 1580 1770 uno
1617 1717 1668 1770 in
1718 1715 1837 1769 loco
1879 1713 2037 1769 simul
2090 1713 2309 1768 collecta

729 1815 1042 1876 conmarcnt
1071 1808 1124 1860 in
1155 1807 1489 1862 bibliothecis
1541 1804 2020 1872 manuscriptorum
2039 1843 2053 1869 ,
2083 1800 2223 1871 quod
2257 1801 2308 1854 in

729 1899 952 1952 aliorum
996 1898 1314 1966 scriptorum
1382 1897 1632 1967 operibus
1675 1909 1818 1965 smpe
1868 1893 2168 1963 contingit;
2211 1891 2306 1946 sed

728 1987 959 2055 undique
987 1988 1227 2057 dispersa
1257 2003 1478 2057 carpere
1501 1999 1555 2041 et
1575 1989 1828 2055 colligere
1868 1994 1949 2038 est
1975 1999 2108 2053 opus
2131 2001 2144 2033 :
2169 1983 2307 2036 acci-

723 2074 907 2145 ditque
959 2093 1064 2132 non
1115 2077 1316 2145 semel,
1347 2088 1404 2132 ut
1449 2094 1570 2132 cum
1609 2092 1795 2132 omnes
1830 2077 2072 2144 Europae
2101 2073 2304 2133 ,biblio-

726 2168 907 2220 thecas
948 2165 999 2218 in
1041 2181 1252 2221 cassum
1299 2170 1644 2236 percurreris.
1671 2169 1722 2220 in
1757 2167 1954 2235 angulo
1987 2164 2200 2219 tandem
2240 2178 2302 2217 ea

721 2269 839 2320 qum
877 2251 967 2308 diu
1020 2257 1348 2324 quuisicras
1401 2257 1887 2326 deprehendantur.
1943 2255 1999 2309 ιιι
2038 2255 2302 2325 quantivis

721 2343 919 2399 laboris
971 2348 1041 2399 sit
1090 2347 1316 2401 libenter
1372 2350 1692 2417 suseipitnr,
1733 2349 1945 2418 quando
1994 2348 2060 2402 de
2097 2347 2303 2401 Joanne

718 2433 1105 2504 Chrysnslomn
1135 2437 1322 2506 agitur,
1363 2447 1507 2491 tanto
1543 2437 1762 2492 doctore
1782 2479 1796 2504 ,
1825 2446 2039 2491 oratore
2068 2449 2297 2499 summa,

719 2528 805 2593 qui
837 2542 947 2580 rem
968 2527 1324 2582 Christianam
1356 2528 1475 2597 plus
1500 2545 1658 2597 quam
1699 2529 1785 2581 alii
1816 2542 2002 2582 omnes
2022 2568 2038 2592 ,
2063 2537 2174 2581 tum
2209 2529 2300 2596 qui

719 2627 1139 2682 prmcesscrunt,
1173 2626 1282 2670 tum
1327 2618 1416 2686 qui
1467 2628 1583 2686 post
1624 2617 1774 2671 illum
1817 2618 2146 2679 floruerunt,
2188 2617 2300 2670 elo-

716 2705 946 2775 quentire
974 2705 1302 2759 ornamentis
1331 2699 1621 2762 decoravit.
1653 2706 1700 2761 Is
1730 2721 1757 2758 a
1790 2721 1952 2775 puero
1974 2705 2166 2760 divinis
2185 2705 2294 2765 bu-

716 2774 993 2863 manisque
1034 2796 1202 2851 litoris
1251 2812 1467 2865 operam
1499 2797 1644 2852 dedit
1672 2817 1685 2852 :
1719 2813 1747 2850 a
1778 2797 2107 2867 Libanioquc
2145 2798 2296 2852 iur..-

717 2896 862 2939 tutus
896 2893 1098 2939 tantum
1131 2887 1384 2956 profecit,
1414 2899 1471 2941 ut
1499 2889 1551 2942 in
1574 2890 1826 2943 extremis
1855 2903 2016 2957 agens
2045 2887 2296 2942 Libautus

718 2971 988 3040 professus
1015 2975 1104 3040 sit,
1136 2990 1194 3030 se
1216 2971 1475 3030 Joannem
1517 2977 1616 3032 sibi
1652 2991 2012 3033 successorem
2057 2978 2293 3032 destina-

715 3071 931 3127 turum,
979 3063 1077 3117 nisi
1121 3065 1166 3118 is
1195 3065 1296 3119 sibi
1343 3081 1373 3117 a
1414 3065 1732 3128 Christianis
1778 3066 2029 3136 abreptus
2084 3068 2292 3121 fuisset.

718 3153 910 3208 Forum
961 3156 1305 3225 torensesque
1347 3171 1536 3211 causas
1564 3160 1821 3228 tantisper
1848 3169 2113 3223 sectatus,
2149 3160 2293 3214 brevi

713 3258 739 3293 a
793 3254 969 3311 coepto
1007 3245 1222 3309 resiliit,
1276 3261 1338 3300 ac
1382 3246 1694 3302 Christiana:
1739 3263 1957 3317 prorsus
1999 3249 2291 3318 disciplina:

710 3334 1078 3402 severiorique
1119 3336 1242 3390 vita:
1283 3338 1524 3392 instituto
1564 3355 1622 3394 sc
1669 3348 1835 3394 totum
1876 3340 2112 3407 dedidit;
2143 3351 2199 3394 ut
2241 3344 2291 3395 in

711 3423 824 3486 ejus
864 3423 970 3476 vita
1010 3423 1076 3477 ad
1123 3425 1322 3480 calcem
1349 3427 1580 3496 Operum
1618 3441 1895 3494 accurate,
1925 3443 2177 3500 quantum
2216 3431 2292 3486 fas

709 3510 841 3575 erit,
876 3511 1179 3568 adornanda
1209 3516 1450 3585 pluribus
1498 3519 1815 3574 narrabitur.
1856 3521 2079 3575 iuvenis
2118 3523 2293 3577 adhuc

711 3605 900 3658 eximia
924 3607 1067 3660 dedit
1097 3609 1292 3678 ingenii
1319 3611 1604 3678 specimina
1627 3630 1641 3677 ;
1676 3613 1982 3669 Partencses
2009 3631 2199 3686 nempe
2224 3618 2288 3671 ad

709 3695 1046 3750 Theodorum
1075 3698 1300 3767 lapsum,
1325 3702 1490 3756 libros
1528 3704 1593 3756 ad
1623 3705 1979 3771 Demetrium,
2011 3708 2075 3760 ad
2116 3706 2290 3763 Stcle-

709 3783 884 3838 ehium
905 3827 920 3852 ,
944 3787 1008 3841 ad
1040 3788 1324 3856 Stagirium
1356 3799 1410 3845 ct
1433 3791 1497 3846 ad
1524 3793 1658 3847 alios
1689 3810 1701 3847 :
1727 3811 1843 3864 qum
1873 3797 2122 3864 opuscula
2155 3812 2290 3865 prae-

708 3875 906 3937 clarum
948 3877 1183 3931 referunt
1220 3890 1527 3935 oratorem:
1561 3882 1854 3938 limatiores
1899 3894 2022 3938 sunt
2067 3886 2187 3940 libri
2221 3887 2289 3941 de

706 3966 1016 4021 Sacerdotio
1038 4011 1052 4035 ,
1087 3971 1137 4023 in
1170 3972 1340 4040 iisque
1369 3954 1818 4041 deprehendimus
1849 3976 2287 4047 Chrysostomum

707 4057 1090 4128 Chrysostomo
1123 4060 1564 4130 eloquentiorcm.
1596 4064 1690 4117 llis
1717 4065 1880 4120 veluti
1921 4067 2189 4136 praeludiis
2220 4069 2287 4122 ad

707 4151 890 4204 orandi
919 4168 1109 4206 nmnus
1132 4171 1188 4207 se
1213 4157 1557 4224 comparabat.
1586 4156 1856 4212 Joannes:
1881 4160 1970 4227 qui
2012 4161 2287 4230 presbyter

706 4243 1002 4297 Antiochiae
1045 4246 1199 4299 annis
1238 4245 1517 4300 duodecim
1544 4287 1559 4313 ,
1604 4248 1885 4317 epise0pus
1915 4249 2288 4306 Constantino-

709 4332 810 4398 poli
839 4335 1071 4402 quinque
1090 4350 1250 4388 sexve
1279 4336 1436 4389 annis
1455 4378 1467 4399 ,
1495 4352 1524 4390 a
1552 4338 1902 4392 concionandi
1929 4340 2104 4396 officio
2126 4357 2285 4396 num-

706 4437 862 4489 quam
893 4422 1130 4488 destitit,
1163 4424 1323 4494 inque
1361 4425 1444 4479 sui
1475 4426 1880 4482 admirationem
1916 4439 2083 4484 totum
2112 4435 2287 4500 rapuit

703 4512 994 4568 Orientem.
1027 4515 1268 4591 Paratus,
1296 4517 1586 4587 imparatus
1629 4520 1929 4586 accederet,
1969 4521 2147 4577 omnia
2185 4525 2284 4593 ipsi

709 4619 870 4671 prona
918 4616 1070 4660 erant
1093 4647 1107 4672 ,
1141 4624 1206 4662 eo
1243 4623 1455 4677 semper
1493 4609 1702 4664 dicendi
1727 4625 1925 4680 genere
1954 4628 2116 4677 usus,
2144 4616 2282 4684 quod

706 4695 908 4763 majore
949 4697 1013 4750 ad
1059 4699 1481 4766 persuadendum
1536 4710 1809 4755 momento
1848 4702 2077 4757 futurum
2119 4715 2280 4759 esset.

710 4787 837 4854 lijus
871 4788 1058 4843 orandi
1079 4790 1215 4842 ratio
1246 4789 1363 4860 plus
1388 4790 1548 4846 habet
1579 4792 1768 4846 nativae
1795 4793 2090 4862 elegantitc,
2123 4809 2281 4866 quam

703 4879 1002 4932 artificiosa:
1052 4878 1337 4950 tliligentizc
1368 4899 1381 4935 :
1412 4882 1576 4936 sicubi
1624 4893 1742 4937 arte
1795 4885 1990 4950 utitur,
2040 4887 2110 4940 ita
2169 4904 2280 4942 rem

705 4979 1000 5037 temperat,
1035 4981 1091 5024 ut
1123 4972 1284 5026 lateat
1308 4987 1520 5042 semper
1540 4975 1822 5030 artificium
1865 4986 1921 5031 et
1959 4979 2282 5047 quadrandae

705 5062 961 5116 orationis
989 5062 1264 5119 industria.
1296 5067 1562 5136 Expedita
1589 5076 1642 5123 et
1675 5069 1972 5138 profluente
1999 5073 2280 5129 verborum

701 5153 852 5221 copia
900 5155 1165 5224 loquitur,
1212 5160 1586 5214 concinnitatis
1631 5161 1934 5232 leporisque
1979 5165 2182 5234 plena:
2224 5178 2280 5224 ut

701 5245 922 5298 miriﬁce
943 5245 1042 5312 ipsi
1068 5258 1331 5316 competat
1359 5250 1485 5304 illud
1512 5250 1851 5308 llomcricutn
1879 5272 1893 5308 :

843 5344 939 5390 Τοῦ
966 5350 1048 5391 καὶ
1085 5343 1181 5394 ἀπὸ
1203 5350 1406 5406 γλώττης
1432 5353 1620 5410 μέλιτος
1650 5355 1842 5412 γλυκίων
1864 5356 1961 5417 ῥέεν
1991 5354 2133 5411 αὐδὴ.

947 5436 995 5478 tit
1021 5445 1080 5479 ιν(
1107 5445 1195 5482 ore
1218 5435 1323 5496 ejus
1343 5435 1488 5484 rnelle
1511 5440 1702 5487 suavior
1724 5441 1907 5502 ﬂuebat
1931 5455 2040 5491 vox.

697 5515 1083 5581 Perspicuitate
1130 5518 1326 5571 nemini
1373 5521 1646 5585 concedit,
1681 5524 1777 5574 nisi
1827 5523 2050 5579 fortasse
2090 5542 2277 5581 omnes

704 5615 940 5673 superet.
973 5605 1284 5662 inventione
1305 5651 1318 5673 ,
1349 5626 1466 5678 qua:
1492 5627 1554 5663 ex
1588 5612 1779 5679 ingenii
1809 5613 2063 5671 felicitate
2105 5619 2276 5671 nasci-

693 5710 803 5762 tur,
825 5697 1105 5754 universos
1129 5710 1385 5768 quotquot
1409 5701 1664 5757 hactenus
1695 5707 1838 5760 fuere
1864 5720 2104 5763 oratores
2124 5710 2277 5779 Iunge

698 5797 842 5841 retro
885 5791 1154 5860 relinquit.
1185 5791 1561 5859 lnexspectatis
1605 5796 1690 5850 ille
1721 5798 1890 5852 modis
1919 5815 2031 5853 rem
2078 5816 2272 5869 prepo-

701 5882 854 5929 sitant
884 5883 1038 5935 vertit
1063 5923 1073 5942 ,
1099 5893 1147 5934 et
1177 5897 1277 5950 qua
1317 5883 1396 5935 via
1437 5899 1589 5938 nemo
1629 5886 1913 5942 divinasset
1956 5891 2018 5942 ad
2057 5905 2271 5959 sceptun

2431 1262 2632 1326 tendit;
2664 1264 2818 1334 idque
2849 1267 2915 1321 ita
2946 1269 3112 1327 libere
3140 1275 3528 1348 expediteque,
3561 1289 3616 1335 ιιι
3649 1298 3706 1339 re
3731 1295 4012 1357 perspecta

2420 1361 2584 1421 putes
2605 1370 2725 1408 etim
2753 1357 2894 1413 nulla
2926 1361 3026 1415 alia
3057 1377 3215 1430 posse
3243 1367 3357 1431 via,
3386 1370 3531 1424 nullo
3567 1385 3726 1428 cursu
3773 1377 4014 1434 feliciore

2423 1442 2490 1496 ad
2516 1444 2836 1503 destinatum
2860 1466 3078 1522 pergere
3105 1456 3490 1514 linem.Verum
3519 1464 3639 1532 quia
3663 1466 3794 1521 nihil
3821 1484 4011 1526 natura

2421 1535 2589 1604 gignit
2635 1541 2778 1593 omni
2819 1557 2885 1596 ex
2930 1552 3081 1612 parte
3117 1548 3451 1617 perfectum,
3499 1553 3629 1609 nihil
3672 1571 3761 1612 ars
3803 1561 4013 1628 profert

2421 1627 2670 1683 omnibus
2693 1632 2995 1690 absolutum
3027 1639 3265 1706 partibus
3307 1647 3666 1713 etnumeris,
3699 1627 3862 1706 unum
3899 1654 4012 1710 for-

2422 1714 2565 1773 iasse
2592 1727 2696 1775 erit
2724 1723 2862 1792 quod
2896 1726 2946 1778 in
2977 1737 3194 1784 oratore
3221 1741 3406 1788 nostro
3449 1736 3852 1808 reprehendas;
3897 1754 4011 1798 tro-

2418 1826 2607 1880 porum
2650 1829 2839 1884 nempe
2864 1832 2927 1871 ac
2957 1818 3363 1878 similitudinum
3399 1821 3746 1897 frequentiam
3769 1875 3783 1898 ,
3808 1851 3907 1904 qua
3936 1839 4007 1894 ad

2415 1915 2667 1957 nauseam
2706 1920 2874 1975 usque
2914 1909 3173 1966 redundat
3225 1914 3416 1970 oratio.
3456 1916 3562 1972 Sed
3615 1921 3668 1975 id
3717 1924 3826 1978 vitii
3882 1942 4005 1984 ωιό

2415 1993 2591 2060 potius
2632 1993 3001 2065 Chrysostomi
3051 2016 3210 2070 quam
3255 2004 3639 2076 Chrysostomo
3686 2013 4003 2085 adscribas,

2412 2085 2838 2156 quandoquidem
2887 2090 2976 2145 ille
3002 2135 3016 2158 ,
3061 2095 3149 2149 tali
3193 2099 3549 2155 concionandi
3588 2117 3786 2172 genere
3833 2124 3998 2175 usus,

2411 2177 2646 2230 omnium
2672 2179 2770 2233 sibi
2798 2182 3097 2237 conciliavit
3129 2187 3600 2260 existimationem,
3629 2204 3832 2263 gratam
3866 2212 4002 2254 con-

2410 2265 2580 2319 cinnis
2633 2268 3218 2340 admurmurationem,
3267 2280 3484 2347 plausus
3555 2298 3880 2355 perpetuos,
3937 2307 4005 2348 ac

2413 2355 2760 2426 plerumque,
2792 2371 2849 2415 ut
2893 2363 2983 2417 ille
3032 2366 3139 2432 ait,
3177 2368 3547 2437 importunus;
3595 2379 3848 2446 aut-eique
3885 2384 4003 2436 oris

2409 2443 2532 2498 ideo
2572 2462 2767 2502 nomen
2807 2453 3030 2507 sortitus
3079 2467 3180 2510 est.
3213 2460 3370 2513 Audi‘
3401 2462 3618 2518 Suidam
3651 2485 3663 2521 :
3708 2468 4002 2540 Martyrum

2407 2538 2673 2592 conciones
2713 2544 2945 2609 expedita
2975 2555 3021 2596 et
3060 2553 3390 2618 extemporali
3419 2555 3782 2613 declamatione
3817 2565 4001 2618 admo-

2408 2627 2528 2679 dum
2561 2631 2711 2682 tulit.
2732 2631 2932 2702 Lingua
2949 2637 3058 2704 ejus
3086 2637 3197 2691 Nili
3221 2643 3471 2712 catadnpa
3492 2649 3772 2714 proﬂuente
3794 2653 4000 2710 dicendi

2405 2733 2552 2786 cepta
2602 2723 2891 2790 superabat.
2937 2725 3099 2782 Nemo
3147 2747 3368 2799 unquam
3419 2737 3570 2790 tantis
3609 2738 3902 2803 eloquentia:
3949 2759 3998 2800 et

2405 2809 2646 2869 ubertatis
2671 2805 2874 2866 'divitiis
2923 2828 3192 2872 exornatus
3234 2821 3373 2889 fuit:
3400 2825 3539 2879 solus
3572 2827 3737 2898 itaque
3779 2846 3998 2888 aureum

2404 2899 2728 2970 dirinmnqae
2757 2920 2935 2957 nomen
2964 2907 3071 2958 sine
3105 2905 3442 2966 tabe’sortitns
3467 2923 3557 2968 est.
3601 2915 3723 2970 llaec
3751 2930 3993 2979 veterum

2405 2989 2502 3042 fuit
2557 2993 2795 3047 omnium
2838 2996 3062 3064 opinio:
3093 2999 3472 3067 quamobrem,
3503 3004 3546 3058 si
3582 3007 3708 3075 quid
3754 3013 3890 3065 nacvi
3935 3015 3992 3070 in

2405 3088 2551 3133 tanto
2580 3091 2794 3153 tamque
2828 3087 3083 3164 pt‘wclat'o
3109 3097 3322 3146 oratore
3353 3095 3706 3164 reperiamus,
3737 3101 3786 3155 id
3817 3107 3988 3171 mtati,

2403 3177 2459 3221 ut
2519 3171 2666 3235 dixi,
2716 3189 2819 3227 non
2878 3174 3260 3246 Chrysostomo
3329 3183 3690 3242 tribuendum.
3764 3191 3997 3250 Solertis

2398 3265 2627 3318 oratoris
2650 3264 2747 3319 fuit
2767 3267 3065 3323 auditorum
3094 3271 3360 3341 ingenium
3390 3275 3613 3334 feliciter
3635 3283 3946 3352 explorasse
3975 3309 3988 3342 :

2402 3366 2494 3420 per
2522 3355 2608 3407 illa
2639 3355 2833 3424 placuit
2862 3375 2978 3428 qua:
3002 3361 3114 3430 jam
3143 3367 3322 3422 multis
3354 3383 3457 3422 non
3500 3369 3570 3426 ita
3608 3374 3837 3442 placent.
3883 3379 3995 3434 La-

2397 3458 2608 3511 crymas
2633 3449 2798 3503 movit
2827 3458 2884 3503 ut
2914 3451 3099 3518 voluit,
3119 3454 3246 3508 vitia
3270 3459 3591 3526 emendavit,
3623 3464 3990 3526 Christianam

2397 3534 2554 3588 fidem
2598 3538 2773 3598 auxit.
2820 3540 3034 3596 Judmos
3070 3553 3125 3598 et
3172 3544 3451 3604 hrcreticos
3490 3554 3807 3624 profligavit.
3864 3560 3988 3617 Non

2398 3627 2655 3682 minorem
2682 3632 2824 3684 enim
2867 3633 2916 3686 in
2962 3634 3237 3692 dialectica
3294 3643 3451 3708 quam
3484 3643 3535 3697 in
3585 3651 3818 3703 oratoria
3869 3664 3992 3709 arte

2395 3717 2653 3774 Joannem
2693 3733 2934 3779 nostrum
2965 3731 3324 3797 comperimus
3372 3751 3385 3784 :
3434 3735 3590 3805 idque
3630 3743 3990 3807 proculdubio

2395 3807 2647 3866 fatebitur
2671 3816 2909 3885 quisquis
2946 3816 3232 3874 conciones
3253 3822 3366 3890 ejus
3392 3836 3579 3880 contra
3601 3830 3890 3888 Anomoeos
3930 3847 3989 3891 et

2394 3911 2578 3954 contra
2618 3902 2831 3959 Juduros
2873 3917 3119 3963 accurate
3155 3912 3470 3980 perlegerit,
3519 3917 3605 3970 ubi
3645 3923 3989 3990 argutissime

2392 3990 2666 4061 disputat,
2699 4005 2754 4050 et
2784 3998 3180 4055 ratiociniorum
3220 4004 3269 4056 vi
3296 4004 3635 4062 adversarios
3676 4012 3743 4064 ita
3783 4025 3983 4084 urget,

2376 4088 2450 4138 'ut
2479 4086 2620 4141 nulla
2648 4085 2879 4157 supersit
2917 4092 3045 4154 ipsis
3068 4093 3313 4150 elabendi
3342 4098 3443 4151 via.
3475 4099 3606 4154 Rem
3637 4105 3981 4172 epistolaretn

2391 4179 2549 4232 etiam
2580 4181 2752 4250 attigit
2777 4181 3227 4254 Chrysostomus,
3259 4191 3497 4246 maxime
3526 4208 3652 4247 vero
3682 4197 3730 4248 in
3764 4200 3977 4262 exsilio,

2391 4267 2512 4320 dum
2545 4271 2817 4326 calamitas
2839 4314 2852 4334 .
2880 4283 3054 4329 metus
3076 4318 3089 4339 ,
3121 4277 3355 4334 solitudo
3384 4281 3730 4350 prohiberent
3765 4302 3792 4338 a
3819 4290 3984 4343 solito

2391 4361 2746 4416 concionandi
2777 4364 2955 4420 officio
2985 4407 3001 4432 ,
3029 4378 3080 4421 et
3109 4369 3333 4424 multum
3375 4373 3530 4440 spatii
3573 4385 3716 4429 esset
3751 4377 3814 4430 ad
3845 4383 3984 4435 seri-

2390 4448 2642 4504 bendum.
2677 4453 2869 4509 Pulsus
2899 4457 3076 4527 itaque
3101 4459 3230 4515 sede
3258 4462 3462 4518 curavit
3490 4473 3546 4518 ut
3567 4481 3634 4519 ne
3665 4467 3834 4536 ipsum
3860 4473 3981 4538 qui-

2391 4541 2511 4598 dem
2539 4545 2704 4598 otium
2735 4557 2878 4602 esset
2905 4551 3155 4604 otiosum.

2390 4673 2417 4745 §
2455 4674 2494 4730 1.
2520 4706 2583 4716 —
2609 4677 2686 4731 De
2706 4674 2855 4733 variis
2877 4678 3218 4750 Chrysostomi
3254 4684 3598 4748 Editionibus.
3636 4708 3696 4743 ac
3723 4695 3980 4763 pra-cipue

2774 4772 2837 4824 de
2875 4770 3086 4828 Hernici
3120 4773 3301 4830 Savitii
3338 4777 3593 4834 Editione.

2461 4882 2602 4937 Nihil
2651 4886 2844 4939 mirum
2893 4888 2995 4941 sia
3026 4889 3330 4958 primordiis
3373 4906 3539 4962 usque
3581 4897 3976 4966 typographicm

2387 4979 2516 5028 artis
2540 4977 2672 5029 tanti
2691 4976 2925 5032 doctoris
2943 4981 3195 5047 operibus
3216 4982 3438 5036 edendis
3460 4985 3606 5038 multi
3630 4987 3968 5048 desudarint:

2383 5063 2681 5141 innumera:
2709 5069 2858 5121 vario
2886 5077 3128 5138 tempore
3155 5074 3533 5140 opusculorum
3566 5075 3680 5144 ejus
3710 5078 3970 5138 editiOnes

2386 5156 2636 5224 prodiere
2688 5158 2739 5212 in
2788 5159 2973 5221 Italia,
3013 5159 3216 5227 Gallia,
3260 5163 3579 5230 Germania,
3611 5170 3816 5236 Anglia.
3869 5173 3972 5226 Alii

2384 5247 2639 5316 quasdam
2684 5265 2904 5320 operum
2947 5263 3124 5322 partes
3153 5254 3338 5311 Latine
3387 5265 3589 5312 tantum
3617 5260 3850 5328 dabant,
3884 5265 3972 5319 alii

2384 5339 2602 5404 Grzecc,
2647 5342 2885 5396 nonnulli
2934 5353 3154 5415 utraque
3206 5347 3401 5418 lingua.
3446 5348 3560 5402 Non
3599 5354 3750 5411 pauci
3801 5356 3968 5408 colle-

2382 5435 2545 5489 ctioni
2596 5452 2816 5505 operum
2869 5443 3105 5494 omnium
3156 5440 3476 5496 adornanda:
3523 5446 3964 5527 manqmadmo-

2381 5539 2589 5582 verunt.
2624 5530 2678 5585 Si
2707 5533 2795 5600 qui
2823 5548 2948 5588 vero
2974 5544 3097 5588 ante
3113 5534 3379 5588 decimum
3408 5538 3690 5606 septimum
3717 5542 3971 5598 saeculum

2383 5620 2433 5674 id
2457 5621 2689 5689 aggressi
2721 5632 2869 5689 sunt,
2903 5625 2937 5679 ii
2976 5624 3192 5679 Latinas
3215 5635 3416 5696 tantum
3443 5627 3808 5699 Chrysostomi
3837 5648 3966 5701 ope—

2381 5711 2858 5768 rumcollectiones
2885 5715 3178 5769 emiserunt
3210 5732 3271 5770 ac
3308 5720 3476 5772 multa
3512 5721 3836 5789 reliquerunt
3886 5725 3960 5778 in-

2386 5812 2520 5855 tacta
2553 5813 2607 5858 et
2652 5804 3009 5860 inobservata.
3049 5807 3240 5861 Verum
3286 5815 3352 5861 de
3397 5812 3458 5863 iis
3492 5815 3739 5866 omnibus
3776 5814 3956 5866 editio-

2384 5895 2533 5949 ttibtts
2564 5895 2702 5951 alius
2728 5909 2805 5950 est
2833 5899 2982 5953 nobis
3011 5894 3073 5952 ad
3105 5901 3386 5954 dicendum
3416 5907 3731 5960 COuStEIttltts
3757 5908 3921 5961 locus.
