4234 6310
251 344 295 386 ιι
1294 329 1357 386 D.
1394 330 1463 386 Β.
1508 329 1595 385 DE
1635 322 2100 384 MONTFAUCON
2142 318 2533 384 PREFATIO‘.
3524 346 3560 387 χ

315 446 543 501 Demum
578 447 746 516 paulo
771 448 1145 520 postiuitium
1187 445 1379 503 decimi
1420 446 1633 518 septimi
1672 444 1855 500 szeculi

248 540 350 591 duo
379 538 477 591 viri
499 540 705 594 summi
738 540 932 596 eodem
959 540 1130 596 ferme
1161 548 1400 609 tempore
1425 554 1541 595 eam
1570 552 1855 609 suscepere

248 628 585 697 provinciam
610 671 625 694 ,
656 637 716 683 ut
757 631 937 685 omnia
982 645 1201 701 prorsus
1228 630 1469 700 ejusdem
1509 629 1567 685 S.
1617 630 1854 685 doctoris

250 735 416 790 opera
443 736 612 775 unum
657 720 715 775 in
744 736 942 791 corpus
972 721 1305 792 redigerent;
1354 721 1617 777 llenricus
1660 735 1854 791 nempe

246 810 480 871 Savilius
507 821 561 866 et
585 810 791 868 Fronto
823 813 1071 868 Ducazus.
1095 813 1249 868 Prior
1270 813 1484 884 magnis,
1516 823 1573 867 ut
1602 812 1720 883 ipse
1740 812 1850 879 ait,

247 902 520 957 sudoribus
536 912 613 959 et-
633 904 893 962 immensis
921 904 1227 975 sumptibus,
1252 903 1629 973 undecumque
1672 904 1716 957 si
1747 918 1852 974 qua

248 992 483 1048 laterent
526 995 581 1048 in
619 994 785 1053 variis
832 994 1064 1065 Europze
1105 993 1446 1050 bibliothecis
1494 993 1849 1064 perquirenda

251 1084 713 1153 exscribendaque
764 1086 1011 1153 curavit,
1058 1086 1375 1147 amicorum.
1409 1086 1852 1155 literatorumque

250 1188 388 1242 pene
407 1175 650 1231 omnium
671 1190 837 1245 opera
864 1192 992 1231 usus
1021 1186 1076 1233 et
1101 1176 1381 1232 industria.
1410 1176 1524 1243 Quo
1548 1177 1603 1230 in
1628 1177 1850 1247 negotio,

250 1266 459 1335 inquit,
488 1267 743 1339 egregiam
786 1268 929 1322 nobis
964 1277 1009 1323 et
1047 1278 1305 1322 strenuam
1340 1284 1557 1339 cperam
1599 1279 1850 1322 uacarunt

370 1338 1121 1428 amplissiinidoctissimique,
1152 1375 1277 1430 quos
1316 1338 1523 1413 lionoris
1561 1374 1718 1413 causa
1751 1374 1848 1413 no-

246 1451 426 1515 mine,
477 1446 702 1505 Iacobus
751 1452 1011 1521 Augustus
1050 1451 1336 1520 Thuunus,
1390 1468 1632 1523 magnum
1682 1453 1851 1506 lumen

249 1538 475 1607 Gallic,
524 1539 733 1596 Marcus
794 1540 1026 1596 Vels‘crus
1071 1540 1135 1596 II
1179 1542 1261 1596 vir
1294 1543 1623 1614 Augustanus
1646 1584 1661 1609 ,
1696 1541 1847 1611 Geor.

252 1630 478 1685 Michael
525 1630 984 1703 Lingelsheimius,
1025 1632 1257 1687 Andreas
1281 1634 1588 1699 -Schottus,
1636 1634 1850 1688 Isaacus

246 1719 579 1776 Casaubonus
602 1764 620 1789 ,
653 1721 850 1777 Fronto
873 1722 1097 1801 Duccgus
1120 1764 1135 1787 ,
1167 1723 1335 1780 Janus
1360 1723 1609 1779 Gruterus
1634 1767 1649 1789 ,
1683 1724 1851 1779 David

246 1810 590 1877 Hmhelius,
621 1812 951 1869 Sebastianus
980 1813 1294 1886 Tengnagel,
1321 1826 1367 1869 et
1385 1814 1850 1871 Reverendissimus

249 1902 461 1958 Gabriel
488 1896 912 1976 Archiepiswpus
949 1891 1437 1978 Philadelphiensis.
1478 1908 1643 1979 Nefas
1687 1919 1852 1991 tacere

247 1995 308 2050 de
334 1994 664 2050 Serenissinn'
686 1995 842 2068 Regis
867 1999 1025 2052 nostri
1046 1999 1188 2067 apud
1215 2009 1413 2054 exteros
1440 1997 1711 2070 Principes
1726 2002 1847 2055 cla-

245 2088 463 2143 rissimis
493 2089 703 2159 legatis,
734 2089 915 2169 quibus
955 2093 1066 2161 ipse
1094 2093 1187 2145 hoc
1214 2092 1268 2145 in
1298 2093 1554 2147 mandatis
1602 2093 1844 2160 dederat,

248 2190 301 2235 ut
324 2181 466 2235 omni
494 2198 594 2251 qua
623 2191 826 2251 possent
854 2198 1009 2253 opera
1046 2183 1273 2238 studium
1318 2184 1414 2237 hoc
1442 2200 1607 2238 meum
1638 2200 1843 2255 promo-

245 2282 439 2325 verent.
485 2269 668 2341 Itaque
721 2272 944 2327 librariis
998 2274 1184 2327 nostris
1231 2274 1400 2328 aditus
1454 2277 1736 2346 patefactus
1778 2275 1849 2329 ad

244 2360 601 2416 bibliothecam
628 2360 844 2433 Regiam
870 2360 1103 2428 Lutetia,
1132 2360 1448 2429 Palatinam,
1472 2347 1845 2435 Augustanam,

247 2452 553 2507 Bararicam
573 2496 586 2518 ,
614 2451 900 2509 Caesaream
919 2495 933 2520 ,
963 2464 1172 2509 ceteras
1194 2471 1213 2508 :
1234 2454 1412 2524 quibus
1453 2456 1569 2525 freti
1611 2454 1849 2511 subsidiis

243 2546 373 2599 illud
422 2545 632 2599 domum
672 2544 949 2599 attulerunt
989 2547 1416 2614 instrumentum,
1448 2548 1592 2601 illam
1627 2548 1849 2617 supelle-

243 2640 413 2694 ctilem
435 2681 451 2705 ,
484 2656 550 2697 ex
577 2656 678 2710 qua
702 2639 847 2693 nobis
867 2649 940 2694 est
967 2639 1074 2698 lucc
1100 2638 1355 2694 adornata
1386 2640 1558 2694 editio.
1584 2641 1699 2708 Qua
1739 2640 1814 2695 uti
1830 2669 1842 2679 -

242 2746 345 2798 que
397 2731 641 2786 editione
680 2730 822 2785 nulla
876 2739 1030 2796 ante,
1059 2730 1201 2801 quod
1247 2746 1436 2802 parum
1477 2740 1562 2786 est
1603 2730 1804 2786 dixisse
1830 2771 1845 2797 ,

243 2825 497 2895 nullaque
523 2831 711 2895 postea
736 2822 1007 2892 copiosior
1034 2822 1251 2892 prodiit.
1282 2824 1695 2879 Accurationem
1717 2838 1847 2878 vero

245 2916 294 2970 in
318 2914 653 2985 castigandis
678 2913 882 2970 Grmcis
907 2912 1230 2970 dictionibus
1256 2922 1416 2985 atque
1446 2914 1730 2985 phrasibus
1753 2915 1845 2970 vix

243 3008 440 3064 alicubi
472 3007 737 3077 majorem
763 3006 1158 3075 deprehendas.
1210 3006 1487 3069 Nimirum,
1514 3022 1725 3062 summo
1757 3008 1845 3063 ille

244 3100 423 3156 studio
447 3100 577 3156 folia
611 3116 840 3173 quaeque
866 3102 1053 3173 dispici
1079 3100 1301 3161 curabat
1346 3098 1647 3172 merulaque
1685 3101 1841 3156 tolli:

244 3210 348 3264 quo
369 3194 569 3250 factum
594 3203 672 3261 ut,
697 3196 741 3250 si
764 3196 885 3265 quis
910 3194 1292 3266 longitudinem
1315 3193 1495 3265 operis
1513 3192 1843 3259 consideret,

246 3293 388 3340 certe
420 3300 589 3355 pauca
616 3294 793 3341 errata
823 3286 1055 3355 reperiat
1083 3285 1137 3339 in
1162 3292 1238 3339 tot
1260 3284 1563 3343 orationum
1594 3274 1843 3340 hemilia-

247 3392 473 3449 rumque
502 3376 739 3441 decursu
773 3396 787 3431 :
821 3394 940 3446 quae
969 3387 1146 3432 tamen
1186 3386 1363 3439 errata
1395 3375 1485 3430 ille
1520 3375 1575 3429 in
1604 3374 1708 3431 line
1745 3390 1842 3430 no-

249 3478 414 3529 tarum
464 3485 678 3524 summa
715 3468 988 3539 diligentia
1032 3467 1210 3538 colligi
1252 3465 1446 3537 edique
1473 3468 1717 3531 curavit,
1754 3467 1842 3521 ubi

246 3562 326 3623 vel
353 3561 577 3615 minima
600 3575 826 3630 quaeque
857 3567 1132 3615 notantur.
1166 3558 1331 3613 Notas
1359 3568 1538 3617 autem
1562 3558 1629 3612 ad
1656 3557 1845 3628 singu-

246 3651 323 3706 los
350 3659 530 3707 tomos
571 3652 626 3705 in
657 3650 761 3705 line
790 3648 965 3706 octavi
1012 3665 1118 3704 non
1159 3663 1284 3704 snas
1320 3648 1482 3704 modo
1518 3648 1723 3712 edidit,
1748 3647 1843 3703 sed

247 3742 400 3798 etiam
446 3742 683 3796 aliorum
730 3740 1013 3796 doetorum
1057 3739 1604 3809 bominum,Joannis
1641 3738 1839 3805 Boisii,

249 3832 472 3888 Androm
516 3832 739 3887 Βουηωί
760 3872 775 3896 ,
806 3830 1023 3887 Riesrdi
1062 3830 1393 3896 Moutacutii,
1423 3840 1478 3885 et
1516 3830 1752 3897 llalesii;
1786 3840 1843 3885 ut

246 3923 371 3979 alios
403 3934 609 3979 taceam
641 3922 733 3993 qui
762 3924 846 3978 vel
877 3923 1049 3993 rogati
1074 3964 1090 3989 ,
1120 3923 1202 3978 vel
1226 3932 1418 3993 suopte
1442 3923 1668 3979 consilio
1696 3924 1840 3978 varia

246 4017 353 4073 loca
380 4015 672 4071 restituere
699 4016 874 4070 conati
896 4057 910 4079 ,
942 4016 1010 4072 ab
1040 4016 1158 4085 ipso
1184 4014 1478 4070 alferuntur
1504 4015 1558 4070 in
1579 4014 1839 4071 medium.

247 4107 381 4162 Inter
411 4107 531 4161 illas
555 4121 685 4161 vero
715 4115 911 4169 notas,
945 4121 1069 4161 meo
1111 4106 1339 4191 quidem.
1362 4105 1566 4177 judicio
1586 4148 1601 4172 ,
1629 4108 1840 4163 caeteris

245 4197 488 4253 omnibus
510 4207 771 4267 praistant
789 4197 962 4268 ipsius
977 4196 1190 4253 Henrici
1218 4197 1402 4253 Savilii
1428 4205 1591 4266 notas,
1609 4198 1653 4253 si
1682 4212 1838 4269 saga-

245 4291 455 4346 citatem
477 4298 729 4360 spectes,
759 4289 1071 4344 sicriticam
1096 4300 1300 4355 artem,
1332 4290 1375 4344 si
1407 4298 1601 4345 caetera
1636 4290 1836 4345 omnia.

247 4383 479 4438 Aliorum
510 4383 713 4455 quippe
738 4388 921 4449 notae;
949 4390 1007 4436 ut
1036 4381 1322 4452 plurimum
1355 4382 1501 4437 leves
1528 4391 1687 4448 sunt,
1719 4396 1839 4452 qua:

245 4475 567 4546 coniecturis
595 4483 845 4531 constant
890 4474 1178 4545 aliquando
1212 4474 1432 4529 incertis
1472 4482 1527 4529 et
1566 4488 1837 4529 nonnum-

243 4581 394 4636 quam
439 4565 705 4621 futilibus.
755 4565 1022 4621 Saviliana
1083 4580 1249 4636 porro
1294 4565 1501 4633 editio,
1547 4581 1666 4636 qua:
1715 4576 1859 4636 octo:

245 4657 579 4715 densissimis
608 4658 687 4712 vin
733 4656 863 4713 folio
909 4659 1070 4713 tomis
1107 4666 1355 4725 constat,
1386 4673 1549 4728 opera
1594 4658 1833 4730 Chryso~

247 4748 394 4803 stomi
424 4747 619 4804 Gmce
646 4758 849 4804 tantum
880 4748 1285 4821 complectitur.

281 4879 307 4934 ε
342 4879 405 4939 ll.
428 4911 503 4922 —
523 4880 606 4937 De
632 4880 910 4943 Frontonis
936 4882 1117 4940 Bucari
1146 4884 1384 4940 Editione
1419 4894 1483 4940 et
1511 4884 1574 4942 de
1602 4886 1798 4945 Morel-

947 4980 1108 5040 liana.

310 5130 420 5187 Non
447 5134 714 5191 minorem
738 5135 1066 5206 diligentiam
1092 5136 1145 5193 in
1175 5137 1491 5209 colligendis
1510 5138 1835 5213 Chrysosto-

248 5222 308 5275 mi
339 5225 594 5295 operibus
637 5226 879 5284 exhibuit
927 5228 1131 5285 Fronto
1187 5230 1414 5288 Duezeus
1461 5248 1529 5288 ex
1560 5232 1833 5291 Societate

246 5314 361 5372 lesu
387 5328 625 5388 nostras,
654 5322 744 5392 qui
772 5331 951 5380 tamen
976 5365 993 5393 ,
1026 5325 1244 5395 paribus
1272 5325 1499 5391 fortasse
1543 5327 1831 5386 destitutus

244 5407 570 5469 facultatibus
595 5424 651 5471 et
675 5417 891 5471 auxiliis
913 5455 928 5486 ,
961 5418 1013 5472 in
1040 5417 1351 5479 diuturnum
1408 5430 1618 5492 tempus
1650 5433 1831 5477 extra-

245 5511 374 5556 ctum
405 5519 543 5575 opus
586 5505 701 5562 fato
753 5520 1162 5580 praeoccupatus
1190 5512 1469 5569 absolvere
1499 5528 1604 5569 non
1634 5516 1824 5585 potuit.

244 5589 425 5650 Verum
470 5612 720 5670 magnam
750 5600 845 5655 ille
870 5610 924 5656 et
948 5602 1170 5658 arduam
1209 5620 1322 5659 rem
1372 5612 1455 5661 est
1506 5622 1823 5679 aggressus,

239 5693 291 5738 ut
309 5686 504 5744 scilicet
531 5706 641 5746 non
672 5691 842 5747 modo
871 5691 1055 5747 Graeca
1083 5694 1450 5766 Chrysostomi
1495 5698 1717 5769 perinde
1746 5710 1821 5757 at-

239 5787 329 5845 que
349 5776 569 5839 Savilius
599 5782 816 5844 ederet.
872 5783 964 5839 sed
1000 5785 1159 5841 etiam
1192 5787 1414 5858 singulis
1446 5792 1701 5858 operibus
1726 5792 1821 5848 ho-

1970 442 2241 514 miliisque
2266 443 2511 500 Latinam
2542 442 3041 514 interpretationem
3082 453 3293 515 aptaret
3321 462 3335 501 :
3374 461 3479 518 qua
3506 453 3559 503 in

1965 551 2026 592 re
2071 545 2343 593 strenuam
2389 538 2483 593 ille
2520 551 2740 607 operam
2794 538 3031 592 navavit.
3079 538 3560 609 lntcrpretationes

1963 629 2163 699 quippe
2212 629 2503 685 multorum
2557 643 2783 700 operum
2819 629 3026 700 jamdiu
3074 630 3246 686 editas
3277 646 3309 688 e
3343 633 3559 704 regione

1963 718 2273 775 Grzeeorum
2304 721 2501 791 posuit,
2534 720 2631 776 sed
2660 719 2973 776 emendatas
2997 729 3055 777 et
3072 720 3141 776 ad
3167 718 3327 778 tidem
3356 722 3554 779 Gnaeus

1963 811 2227 866 orationis
2276 812 2645 867 concinnatas.
2674 811 2731 868 Si
2757 826 2864 882 qua
2893 826 3022 867 vero
3045 811 3269 868 oil‘endit
3316 812 3555 869 nondum

1964 902 2151 959 Latine
2180 904 2440 959 translata
2466 918 2628 974 opera
2661 903 2841 975 (erant
2866 913 3047 959 autem
3078 903 3389 974 huiusmodi
3419 906 3558 963 bene

1962 994 2187 1072 multa),
2215 995 2333 1051 haec
2371 995 2463 1050 ille
2505 994 2574 1051 de
2599 994 2788 1051 Graeco
2816 996 3101 1063 convertit,
3124 1003 3181 1051 et
3205 996 3424 1067 quidem
3453 1004 3560 1052 tam

1962 1073 2213 1141 accurate
2242 1092 2299 1139 et
2335 1086 2644 1156 eleganter,
2673 1096 2733 1141 ut
2782 1086 2922 1142 inter
2971 1087 3205 1156 optimos
3234 1087 3561 1158 interpretes

1961 1174 2081 1244 jure
2100 1187 2436 1233 numcnetur.
2468 1177 2723 1248 Ejusdem
2752 1192 2929 1248 .porro
2955 1178 3181 1234 erudita:
3222 1188 3363 1235 nota:
3397 1194 3558 1250 repe-

1962 1267 2173 1323 riuntur
2207 1268 2261 1323 in
2289 1268 2609 1341 liueprimi,
2643 1273 2816 1340 quarti
2856 1282 2913 1327 et
2954 1274 3092 1328 sexti
3147 1274 3300 1328 tomi.
3342 1272 3561 1330 Similes

1961 1354 2102 1411 haud
2146 1356 2309 1414 dubie
2356 1360 2615 1416 notasvin
2680 1362 3170 1430 quintumtomum
3214 1363 3560 1430 destinabat;

1958 1456 2013 1501 at
2048 1448 2155 1504 vita
2203 1449 2431 1506 functus
2462 1467 2578 1507 rem
2614 1452 2896 1524 perlicere
2938 1455 3196 1526 nequivit.
3248 1454 3557 1513 Editionem

1958 1538 2375 1597 Frontonianam
2421 1542 2622 1614 incepit
2648 1543 2971 1601 Fredericus
3006 1546 3279 1610 Morellus,
3329 1547 3562 1603 absolvit

1959 1629 2215 1686 Claudius
2243 1646 2340 1686 sex
2373 1632 2424 1687 in
2466 1633 2597 1689 folio
2643 1636 2840 1702 tomis;
2883 1637 2973 1707 qui
3016 1636 3077 1692 S.
3131 1638 3377 1694 Doctoris
3406 1638 3558 1718 Opu-

1960 1722 2110 1777 scala
2171 1731 2227 1777 et
2274 1722 2707 1782 Commentarios
2773 1726 2829 1782 in
2905 1726 3070 1784 Vetus
3151 1728 3558 1785 Testamentqu

1956 1813 2408 1884 complectuntur.
2458 1817 2663 1875 Deinde
2709 1834 2853 1875 anno
2908 1821 3049 1876 1653
3102 1820 3244 1877 idem
3296 1821 3558 1893 Claudius

1956 1894 2212 1961 Moreilus
2247 1906 2683 1964 Commentarios
2710 1909 2764 1965 in
2788 1909 2998 1965 Novum
3022 1910 3426 1969 Testamentum
3457 1928 3560 1968 sex.

1957 1996 2010 2050 in
2066 1996 2196 2052 folio
2244 1999 2403 2055 tomis
2449 1999 2517 2055 ad
2568 1998 2732 2056 fidem
2789 2001 3238 2058 Commelinianze
3299 2003 3557 2059 editionis

1956 2086 2153 2165 emisit.
2198 2089 2356 2144 Anno
2393 2100 2573 2146 autem
2605 2089 2746 2147 1656
2776 2092 3035 2164 integram
3088 2108 3283 2169 novam
3324 2094 3562 2167 Chryso-

1957 2176 2120 2231 stomi
2166 2192 2391 2248 operum
2443 2179 2737 2235 editionem
2790 2181 3075 2238 duodecim
3124 2183 3179 2237 in
3221 2182 3351 2239 folio
3398 2184 3560 2240 tomis

1954 2276 2115 2339 atque
2182 2269 2842 2328 undecim.voluminibus
2899 2273 3167 2343 publicam
3220 2274 3368 2330 fecit.
3432 2274 3603 2353 llmc'

1956 2378 2117 2432 porro
2149 2375 2418 2434 postrema
2452 2366 2619 2422 editio
2659 2366 2846 2422 charta
2876 2368 3323 2439 minuselcganti
3353 2369 3553 2425 instra.

1953 2462 2061 2521 eta,
2086 2454 2182 2511 sed
2210 2466 2399 2511 contra
2421 2471 2581 2527 quam
2613 2456 2775 2529 vulgo
2802 2458 3044 2515 creditur
3068 2458 3407 2515 emendatior
3433 2468 3554 2523 est;

1954 2558 2082 2600 usus
2123 2546 2307 2617 operis
2355 2547 2671 2607 melioribus
2721 2548 2978 2605 Morellus
3039 2544 3255 2617 menda,
3296 2558 3555 2622 quantum

1955 2635 2160 2706 potuit,
2194 2651 2262 2692 ex
2313 2637 2413 2692 hac
2442 2647 2713 2707 postrema
2743 2639 2984 2695 editione
3035 2635 3296 2707 sustulit;
3347 2648 3460 2695 tum
3490 2655 3556 2696 ea

1952 2742 2073 2797 qua:
2093 2727 2297 2784 Fronto
2324 2728 2553 2786 Duca'us
2579 2730 2631 2784 in
2666 2730 2809 2785 notis
2857 2731 3016 2801 primi
3041 2741 3096 2797 et
3123 2732 3298 2803 quarti
3326 2733 3455 2788 tomi
3477 2733 3555 2787 ir-

1953 2818 2187 2888 repsisse
2227 2829 2528 2888 monuerat,
2563 2830 2674 2876 tum
2713 2820 2876 2876 etiam
2925 2821 3029 2877 alia
3057 2837 3178 2893 qua:
3198 2823 3559 2878 occurrebant

1953 2909 1974 2979 (
2002 2915 2262 2981 expertus
2294 2911 2570 2985 loquor),
2604 2913 2841 2969 maxime
2864 2929 2993 2969 vero
3024 2914 3091 2970 de
3131 2917 3326 2985 primo,
3360 2923 3555 2987 quarto

1953 3008 2007 3056 et
2034 3001 2223 3071 quinto
2251 3011 2415 3059 tomo.
2442 3003 2499 3060 In
2542 3003 2690 3060 hisce
2731 3020 2861 3062 vero
2887 3006 3096 3061 duobus
3123 3017 3405 3082 postremo
3434 3022 3551 3063 me-

1952 3094 2174 3149 moratis
2204 3096 2363 3150 tomis
2388 3095 2633 3167 quzedam
2659 3086 2929 3167 Opuscula
2956 3097 3348 3168 Chrysostomi,
3371 3114 3493 3168 qua:
3519 3114 3551 3151 a

1950 3184 2397 3253 prima~aberant,
2445 3188 2500 3243 in
2543 3188 2651 3244 line
2695 3187 2878 3245 addita
2907 3198 3053 3244 sunt.
3101 3189 3296 3245 Verum
3342 3191 3397 3245 in
3446 3190 3551 3247 hoc

1950 3279 2194 3346 peccavit
2256 3278 2510 3337 Claudius
2575 3281 2865 3348 Morcllus,
2926 3282 3071 3353 quod
3132 3292 3287 3338 notas
3343 3283 3395 3339 in
3446 3284 3554 3340 fine

1949 3370 2125 3439 quarti
2157 3371 2286 3426 tomi
2330 3386 2361 3427 a
2392 3372 2668 3427 Frontone
2712 3372 2911 3428 Ducam
2950 3374 3189 3444 positas,
3241 3382 3297 3429 et
3344 3375 3553 3445 aliquot

1949 3457 2217 3529 Opuscula
2248 3460 2639 3534 Chrysostomi,
2679 3462 2869 3519 Latine
2909 3473 3116 3519 tantum
3156 3464 3344 3535 quinto
3394 3475 3543 3519 tomo

1949 3566 2100 3618 cusa,
2129 3552 2181 3607 in
2231 3552 2332 3608 hac
2375 3554 2660 3623 posteriori
2707 3554 2944 3610 editione
2979 3555 3280 3610 sustulerit.
3324 3554 3553 3622 Eodem,

1952 3643 2025 3696 uti
2082 3643 2317 3699 diximus
2348 3685 2363 3711 ,
2410 3644 2579 3700 ferme
2626 3656 2868 3716 tempore
2920 3645 3185 3701 Henricus
3230 3645 3471 3702 Savilius.
3498 3654 3557 3701 ct

1951 3731 2152 3787 Fronto
2184 3733 2428 3801 Ducznus,
2462 3734 2652 3789 Etona:
2695 3737 2803 3800 ille,
2843 3736 2939 3790 hic
2978 3735 3240 3801 Lutetiae,
3281 3736 3549 3793 editiones

1949 3838 2174 3891 operum
2232 3824 2472 3878 omnium
2534 3824 2903 3897 ChrysOstomi
2955 3824 3233 3897 parabant.
3290 3825 3556 3897 Quodque

1950 3914 2234 3969 observato
2284 3914 2503 3985 dignum
2553 3914 2823 3983 videatur,
2866 3915 2993 3971 licet
3030 3916 3223 3972 eodem
3269 3916 3322 3971 in
3376 3916 3554 3973 stadio

1949 4008 2109 4061 ambo
2137 4014 2437 4070 currerent,
2468 4006 2592 4063 licet
2620 4017 2727 4061 tam
2755 4007 2930 4063 varias
2955 4022 3232 4081 sacrorum
3262 4008 3555 4080 religiones

1948 4098 2111 4158 ambo
2154 4101 2579 4170 proﬁterentur,
2628 4100 2772 4154 nulla
2818 4100 3035 4155 invidia:
3062 4140 3078 4166 ,
3136 4100 3350 4156 adversi
3386 4101 3554 4157 animi

1936 4193 2092 4247 nulla
2124 4201 2281 4248 .nota-
2319 4191 2707 4262 comparebat:
2738 4192 3017 4263 quinimo,
3066 4200 3127 4248 ut
3166 4207 3286 4247 sese
3331 4193 3550 4248 occasio

1948 4284 2247 4352 oti'erebat,
2305 4284 2505 4339 dabant
2543 4298 2734 4354 operas
2792 4291 3039 4351 mutuas,
3093 4298 3384 4355 numquam
3431 4284 3552 4340 sine

1949 4375 2169 4431 honoris
2214 4374 2681 4446 observantimquo
2707 4374 3103 4445 signiﬁcatione
3143 4374 3281 4431 alter
3320 4374 3550 4433 alterum

1948 4469 2324 4535 memorabat,
2381 4476 2571 4523 cutura
2596 4482 2756 4538 quam
2804 4483 2907 4522 usu
2943 4468 3169 4523 evenire
3212 4469 3372 4523 solet.
3415 4468 3553 4526 Nam

1947 4560 2189 4630 plerique
2215 4574 2337 4615 cum
2366 4559 2508 4614 idem
2539 4574 2674 4627 Opus
2703 4558 2862 4613 simul
2891 4559 3295 4630 aggrediuntur,
3318 4575 3553 4630 praeser-

1951 4652 2046 4705 tim
2077 4665 2200 4706 cum
2229 4650 2518 4706 intervenit
2544 4650 2862 4719 religionum
2890 4650 3205 4718 discrimen,
3234 4651 3556 4723 frequenter,

1944 4758 2067 4798 sese
2114 4741 2417 4798 maledictis
2444 4749 2497 4797 et
2526 4741 2785 4798 conviciis
2814 4742 3050 4798 lacerant
3074 4785 3092 4810 ,
3132 4743 3370 4814 nihilque
3396 4744 3547 4801 aliud

1944 4848 2138 4889 curare
2183 4831 2433 4889 videntur
2494 4847 2656 4903 quam
2722 4840 2779 4887 ut
2828 4834 3065 4889 auctoris
3124 4832 3338 4889 adversi
3388 4832 3555 4888 lania:

1942 4925 2249 4990 detrahant,
2292 4940 2357 4981 ac
2407 4925 2451 4981 si
2496 4925 2548 4980 id
2594 4925 2736 4995 quod
2781 4926 2871 4981 alii
2921 4926 3222 4982 detrahitur
3241 4927 3551 4984 existima-

1943 5018 2128 5085 tionis,
2160 5016 2334 5073 laudis
2359 5015 2592 5087 propria:
2634 5015 2778 5071 foret
2801 5017 3067 5073 accessio.
3113 5016 3365 5076 Livorem
3396 5034 3551 5073 eam-

1941 5109 2064 5164 dem
2092 5108 2459 5165 exercentium
2501 5117 2673 5165 artem
2729 5108 2808 5164 sic
2863 5108 3125 5179 exprimit
3175 5107 3305 5164 illud
3360 5100 3569 5164 tritum.

1942 5199 2157 5256 llesiodi
2190 5218 2203 5255 :

2109 5344 2207 5390 Καὶ
2223 5339 2447 5409 κεραμεὺς
2476 5352 2669 5407 κεραμεῖ
2693 5346 2841 5392 κοτέει
2867 5348 2949 5400 ita!
2978 5347 3157 5393 τέκτονι
3183 5347 3383 5405 τέκτων,

2116 5436 2422 5497 Καὶπτῳχὸς
2449 5440 2621 5499 πτωχῷ
2649 5437 2823 5501 φθονέει
2852 5440 2934 5484 καὶ
2953 5432 3117 5492 ἀοιδὸς
3136 5433 3305 5501 ἀοιδῷ.

2092 5524 2145 5568 Et
2167 5517 2346 5582 ﬁgulus
2367 5518 2570 5583 ﬁgulum
2592 5522 2846 5584 impugnat
2869 5528 2921 5570 et
2948 5519 3136 5571 fabrum
3167 5521 3325 5583 mlier,

2092 5605 2144 5649 Et
2162 5601 2415 5651 mendicus
2437 5602 2661 5665 mendico
2684 5603 2871 5654 invidet
2892 5610 2946 5654 et
2967 5611 3136 5654 cantor
3159 5607 3365 5656 cantori.

1940 5700 1991 5756 Id
2025 5717 2152 5759 vero
2180 5704 2413 5760 maxime
2459 5704 2546 5759 illa
2573 5704 2863 5762 Frontonis
2909 5714 2967 5763 et
2993 5707 3175 5763 Savilii
3222 5716 3539 5779 tempestate

1936 5785 2075 5850 inter
2114 5793 2298 5851 doctos
2348 5796 2398 5850 in
2452 5812 2548 5852 usu
2593 5806 2751 5862 erat,
2813 5799 2903 5868 qui
2954 5798 3038 5854 vel
3089 5800 3357 5857 levissima
3416 5801 3567 5857 data.
