4234 6310
770 399 825 438 tu
2008 382 2072 437 Β.
2114 382 2172 437 Β.
2216 381 2304 447 DE

2433 380 2816 447 tNTFAUCOM
3964 402 4039 451 xu

764 504 1045 565 occasione
1079 510 1197 555 sese
1216 495 1451 553 dieteriis
1476 504 1529 550 et
1552 494 1846 550 maledictis
1872 494 2186 555 onerabant.
2216 492 2334 561 Quo

767 602 939 672 magis
978 595 1276 655 aestimandi
1328 595 1401 650 illi
1433 594 1542 648 duo
1562 593 1683 660 viri,
1730 592 1818 662 qui
1848 592 2053 645 meritis
2080 604 2174 669 pro
2214 589 2335 644 tali-

763 693 882 757 bus,
925 701 980 747 et
1011 708 1105 762 pro
1134 702 1350 755 strenue
1376 693 1565 751 navata
1596 687 1647 739 in
1689 684 1768 738 rei
1815 682 2069 753 literaria:
2096 695 2335 736 commo-

758 782 889 838 dum
918 797 1102 852 opera,
1132 778 1419 852 immortali
1458 786 1605 839 certe
1648 774 1793 851 digni
1826 773 1978 827 laude
2001 782 2144 827 sunt.

827 871 906 934 Ne
935 871 1165 932 mireris,
1197 869 1401 934 Lector,
1435 880 1520 921 me
1547 865 1746 924 tamdiu
1769 880 1953 921 eorum
1979 864 2222 919 laudibus
2249 875 2341 916 ce-

761 960 1026 1019 lebrandis
1080 961 1330 1016 insistere
1384 976 1399 1011 :
1451 972 1612 1023 nam,
1684 964 2037 1025 praeterquam
2090 952 2232 1023 quod
2270 951 2336 1014 de

760 1052 894 1117 orbe
943 1050 1179 1105 literario
1210 1058 1316 1104 tam
1350 1049 1485 1102 bene
1530 1047 1701 1103 meriti
1730 1055 1873 1111 sunt,
1904 1046 2005 1101 hoc
2025 1060 2090 1112 es
2122 1045 2330 1103 illorum

759 1141 1044 1198 sudoribus
1083 1140 1137 1195 in
1189 1138 1525 1197 commodum
1556 1153 1735 1192 meum
1766 1137 2102 1203 redundavit,
2132 1145 2189 1190 ut
2223 1146 2340 1206 post

761 1239 939 1289 tantos
962 1245 1146 1285 eorum
1176 1229 1383 1293 labores
1412 1230 1587 1297 minus
1621 1227 1968 1282 laborandum
2004 1227 2131 1281 mihi
2161 1227 2337 1291 fuerit.

761 1323 957 1393 Ecquis
986 1323 1071 1377 ille
1097 1322 1304 1387 futurus
1327 1330 1441 1377 erat
1469 1320 1639 1385 labor,
1665 1321 1707 1375 si
1734 1321 1933 1377 nullam
1962 1319 2187 1375 Savilius
2226 1318 2336 1377 col-

760 1414 983 1484 l'gendis
1011 1414 1462 1483 emendandisque
1482 1410 1852 1483 Cbrysostouu
1881 1411 2092 1479 scriptis
2123 1424 2337 1478 operam

759 1504 1063 1586 posuisset?
1110 1506 1264 1575 quis,
1298 1506 1341 1560 si
1368 1505 1569 1560 Fronto
1610 1503 1835 1559 Daunus
1886 1517 2065 1572 parem
2116 1518 2334 1571 aggres-

761 1611 850 1649 sus
880 1596 1522 1665 operam,convertenlis
1544 1595 1703 1649 etiam
1758 1594 1945 1650 Latine
1994 1593 2051 1647 S.
2098 1592 2338 1645 Doetoris

761 1687 1015 1755 operibus
1063 1701 1171 1740 non
1212 1685 1577 1739 incubuisset?
1620 1684 1827 1750 Quanta
1870 1684 2039 1738 moles
2068 1684 2337 1739 collectio-

757 1775 880 1841 nis,
928 1782 1124 1845 quanta
1184 1774 1639 1843 interpretationis
1687 1772 1859 1826 futura
1917 1785 2076 1838 erat,
2123 1773 2339 1843 quando

757 1867 917 1931 etiam
949 1874 1068 1935 post
1095 1866 1317 1920 emissas
1365 1865 1483 1918 illas
1515 1864 1669 1919 laude
1707 1864 2047 1932 dignissimas
2072 1862 2334 1922 editiones

758 1966 961 2027 tantum
989 1955 1199 2011 sudoris
1223 1956 1463 2009 relictum
1491 1954 1612 2008 est?
1638 1953 1861 2007 infinitae
1891 1962 2039 2007 certe
2060 1960 2143 2005 est
2161 1944 2349 2021 Operae

758 2056 836 2110 tot
864 2046 1076 2101 codices
1129 2046 1519 2113 manuscriptos
1569 2043 1850 2106 evolvere,
1899 2042 1987 2096 ubi
2044 2043 2336 2103 innumerae

765 2152 899 2205 pene
928 2135 1291 2205 Chrysostomi
1320 2134 1553 2187 homiliaa
1582 2141 1887 2198 occurrunt,
1926 2132 2085 2202 idque
2112 2133 2167 2191 in
2218 2147 2336 2186 orn-

758 2214 917 2283 uibus
943 2226 1275 2281 bibliothecis
1307 2226 1491 2284 Graeca
1532 2226 1616 2278 illa
1648 2225 1979 2294 supellectile
2025 2226 2294 2279 instructis
2320 2267 2333 2290 ,

755 2318 841 2371 ubi
873 2317 1133 2371 anecdota
1156 2317 1289 2369 bene
1319 2316 1481 2369 multa
1512 2310 1720 2370 exstant
1759 2332 1771 2367 :
1812 2331 1915 2369 non
1966 2318 2205 2382 minoris,
2238 2318 2335 2371 nisi

754 2409 970 2478 majoris
1014 2408 1173 2461 etiam
1212 2448 1225 2471 ,
1273 2406 1449 2475 spuria
1514 2422 1542 2460 a
1611 2408 1877 2477 germanis
1928 2408 2330 2473 internoscbre,

754 2501 947 2555 emissa
979 2515 1007 2553 a
1041 2514 1147 2553 non
1196 2498 1426 2563 emissis,
1460 2513 1581 2554 cum
1625 2498 1871 2553 videlicet
1904 2500 2158 2567 principia
2214 2514 2333 2553 mu-

759 2600 981 2653 tantur;
1005 2591 1241 2644 sinceras
1264 2588 1523 2647 lectiones
1554 2587 1807 2657 deligere,
1857 2589 2071 2658 quando
2102 2590 2337 2645 maxime

754 2688 834 2751 tot
884 2687 1008 2733 sunt
1051 2678 1326 2742 llomiliaa,
1361 2686 1435 2731 tot
1463 2664 1869 2743 Commentarii,
1903 2685 2000 2731 'tot
2027 2679 2288 2749 Opuscnla
2314 2722 2329 2743 ,

754 2779 811 2842 ut
833 2812 848 2835 ,
879 2769 1018 2839 quod
1046 2769 1155 2839 jam
1178 2769 1285 2823 dixi
1308 2811 1320 2834 ,
1350 2769 1666 2827 bibliotheca
1694 2770 1868 2838 potius
1894 2785 2050 2840 quam
2083 2771 2215 2829 liber
2245 2782 2334 2827 aut

752 2876 885 2931 opus
909 2860 1089 2913 vocari
1118 2868 1440 2914 mereantur.

748 2951 782 3030 ἦ
817 2948 903 3005 Ill;
928 2979 999 2989 —
1020 2948 1097 3002 De
1123 2959 1351 3018 suscepto
1380 2966 1520 3003 noras
1542 2950 1783 3018 parandae
1814 2950 2066 3005 Editionis
2092 2951 2321 3007 consilio.

761 3026 782 3033 ’⁷
815 3040 885 3099 Ut
914 3048 1090 3094 autem
1118 3040 1295 3107 aliquo
1331 3039 1516 3094 ordine
1560 3040 1683 3107 quid
1716 3041 1766 3093 in
1805 3040 1903 3094 hac
1932 3040 2168 3095 editione
2215 3042 2325 3110 jam

750 3131 1063 3198 prmstitum,
1088 3129 1220 3197 quid
1245 3130 1297 3183 in
1319 3130 1663 3197 sequentibus
1691 3131 1848 3185 tomis
1866 3132 2225 3200 praestandum
2254 3132 2323 3185 sit

746 3233 1081 3289 enarretnus,
1112 3233 1223 3272 rem
1252 3218 1318 3271 ab
1344 3234 1450 3280 ovo,
1487 3229 1728 3289 repetere
1759 3236 1852 3289 par
1880 3221 2056 3277 fuerit.
2094 3222 2171 3275 Ab
2219 3238 2319 3277 an-

747 3310 830 3361 nis
870 3308 987 3376 plus
1046 3307 1257 3385 triginta
1303 3307 1405 3377 hoc
1451 3308 1825 3365 l’rmfectorum
1873 3310 2113 3369 Sodalitii
2161 3314 2327 3366 nostri

746 3398 1026 3457 causilium
1080 3398 1251 3459 fuerat
1276 3439 1290 3463 ,
1346 3408 1421 3463 ut,
1455 3406 1574 3467 post
1617 3411 1884 3468 peractam
1913 3402 1971 3467 S.
2006 3402 2325 3471 Augustini,

748 3492 887 3543 inter
907 3489 1156 3545 doctores
1186 3491 1404 3555 Latinos
1436 3494 1708 3562 principis,
1741 3495 2052 3561 editionem,
2080 3498 2331 3564 operibus

740 3580 1108 3651 Cbrysostomi
1130 3620 1145 3646 ,
1177 3582 1266 3649 qui
1294 3597 1478 3651 parem
1530 3590 1579 3636 in
1621 3585 1857 3639 Ecclesia
1878 3586 2064 3640 Graeca
2106 3598 2329 3655 occupat

743 3666 1051 3739 dignitatem
1081 3710 1096 3735 ,
1154 3686 1368 3725 manum
1416 3672 1840 3737 admoveremus,
1879 3675 2114 3730 Priscum
2146 3678 2324 3732 consiv

749 3761 875 3813 lium
919 3761 1199 3831 intercepit
1230 3761 1295 3814 ad
1345 3762 1543 3831 aliquot
1590 3778 1757 3819 annos
1809 3767 2085 3821 Athanasii
2126 3768 2323 3834 editio,

741 3865 865 3918 quae
895 3864 1036 3903 anno
1082 3850 1218 3904 1698
1276 3852 1445 3904 lucem
1494 3853 1646 3906 vidit.
1702 3855 1901 3910 Deinde
1964 3872 2095 3911 vero
2136 3872 2325 3912 nervos

743 3956 932 3995 omnes
960 3941 1235 3994 industriae
1275 3942 1647 3997 contendimus
1673 3953 1729 4002 ut
1768 3945 2133 4016 Cbrysostonii
2166 3964 2322 4015 opera

742 4032 953 4084 demum
1009 4031 1059 4082 in
1127 4030 1394 4099 publicum
1442 4032 1734 4100 prodirent.
1770 4036 2041 4103 Apparatu
2094 4039 2323 4092 maximo

738 4131 852 4175 erat
874 4136 1039 4190 opus:
1062 4122 1345 4176 lustranda:
1368 4122 1723 4188 bibliothecae,
1744 4129 1917 4181 omnis
1942 4127 2171 4197 denique
2193 4130 2323 4199 lapis

744 4215 1060 4285 movendus.
1117 4214 1221 4268 ltcr
1262 4216 1500 4269 Italicum
1551 4231 1692 4270 anno
1733 4218 1865 4273 l698
1910 4221 2146 4290 suscepi,
2179 4221 2316 4276 unde

741 4306 907 4372 multa
936 4320 1001 4359 ex
1030 4304 1283 4357 Romanis
1315 4306 1499 4359 aliisve
1525 4307 1715 4361 ltalicis
1749 4308 2082 4365 bibliothecis
2122 4315 2319 4368 corrasi

740 4394 805 4465 ad
838 4395 937 4448 hoc
968 4396 1261 4449 institutum
1294 4398 1611 4465 pertinentia
1642 4414 1655 4451 :
1691 4398 1859 4454 tribus
1892 4402 2092 4455 exactis
2124 4403 2179 4456 in
2219 4402 2320 4457 hoc

737 4490 931 4542 ttinere
959 4489 1145 4554 annis,
1178 4499 1298 4557 post
1337 4490 1567 4544 reditum
1620 4493 1670 4546 id
1722 4509 1751 4546 a
1810 4494 2076 4551 Prcefectis
2123 4499 2319 4555 nostris

741 4578 1049 4647 impetravi,
1078 4588 1134 4632 ut
1163 4595 1236 4639 ex,
1267 4582 1538 4636 sodalibus
1564 4593 1790 4652 quatuor
1818 4586 1901 4639 vel
1933 4588 2163 4655 quinque
2192 4602 2318 4645 con-

742 4667 973 4721 ferendis
1003 4669 1444 4725 bibliothecarum
1491 4673 1690 4744 Regize,
1721 4676 2041 4732 Colbertime
2068 4691 2121 4733 et
2168 4679 2317 4734 Cois~

736 4758 944 4820 liniana:
958 4759 1225 4815 codicibus
1246 4774 1497 4832 perpetuo
1516 4765 1899 4833 incumberent,
1917 4778 2058 4824 elStC
2083 4786 2182 4839 ope
2203 4788 2314 4841 ma,-

733 4853 1122 4921 nuscriptorum
1144 4856 1318 4925 prisco
1344 4858 1501 4912 nitori
1532 4860 1734 4915 restitui
1764 4861 2172 4932 Chrysostomus
2191 4880 2314 4933 pos.

733 4952 836 5018 set.
853 4946 890 4997 Α
902 4946 933 4999 b
949 4947 1101 5000 annis
1119 4948 1277 5017 igitur
1293 4950 1569 5019 plusquam
1595 4953 1846 5008 tredecim
1868 4953 1917 5007 id
1932 4964 2111 5024 agunt,
2123 4956 2172 5010 id
2196 4973 2312 5026 pro-

734 5046 969 5119 movent,
984 5046 1042 5091 ut
1068 5041 1549 5111 manuscriptorum
1578 5044 1751 5099 varias
1770 5045 2023 5101 lectiones
2044 5048 2309 5118 colligant.

728 5129 800 5182 Ne
834 5143 962 5183 vero
997 5142 1109 5185 rem
1138 5132 1345 5202 longius
1377 5150 1533 5203 quam
1569 5152 1663 5205 par
1694 5137 1760 5190 sit
1790 5148 2085 5193 extractam
2116 5152 2267 5211 putes
2293 5184 2308 5209 ,

680 5210 685 5212 ⁷
724 5221 945 5275 radices
976 5222 1093 5291 plus
1124 5240 1280 5293 quam
1327 5235 1595 5283 trecentos
1619 5228 1981 5299 Cbrysostomi
2014 5210 2232 5300 operum
2257 5235 2307 5303 iu

727 5310 873 5365 hisce
914 5310 1255 5368 bibliothecis
1288 5325 1500 5371 exstare
1540 5328 1742 5372 certum
1808 5319 2038 5386 habeas,
2071 5339 2204 5393 quos
2242 5322 2309 5379 de

722 5401 882 5456 Verbo
927 5402 991 5457 ad
1024 5405 1240 5465 verbum
1269 5406 1513 5463 conferre
1540 5425 1644 5464 non
1677 5412 1789 5466 sine
1811 5412 2062 5469 diuturno
2084 5425 2137 5470 et
2165 5418 2305 5471 mul—

724 5501 895 5557 torum
925 5508 1183 5550 annorum
1217 5498 1410 5553 sudore
1437 5510 1728 5570 potuerunt
1758 5504 1844 5572 qui
1876 5504 1941 5557 ad
1981 5505 2030 5559 id
2063 5508 2300 5563 muneris

719 5582 906 5636 delectt
970 5594 1111 5639 sunt.
1156 5587 1371 5643 interim
1403 5605 1529 5645 vero
1554 5606 1673 5646 cum
1713 5595 1897 5648 amicis
1923 5596 1972 5649 id
2003 5612 2096 5666 per
2125 5598 2304 5654 literas

718 5673 819 5749 egi.
848 5682 905 5726 ut
935 5675 978 5729 si
998 5690 1097 5746 qua
1126 5677 1177 5732 in
1212 5681 1415 5751 Anglia:
1442 5692 1496 5737 et
1530 5682 1829 5741 Germania:
1856 5688 2191 5744 bibliothecis
2236 5692 2301 5747 ad

717 5779 835 5821 eam
870 5780 985 5828 rem,
1017 5779 1310 5839 opportuna
1344 5783 1520 5828 essent
1546 5816 1559 5840 ,
1604 5790 1664 5831 ea
1698 5778 1849 5844 nobis
1882 5781 2301 5845 transmitteren-

2453 503 2571 560 tur;
2602 497 2745 567 quod
2784 512 2813 551 a
2875 497 3002 559 viris
3054 496 3228 557 doctis
3273 499 3563 571 amicisque
3615 501 4039 563 cumidatissitno

2451 587 2746 653 praestitum
2782 596 2864 642 est
2891 629 2906 653 ,
2940 597 2997 642 ut
3024 587 3265 665 pluribus
3308 589 3516 646 dicetur
3546 590 3704 646 infra.
3734 592 3829 648 llis
3853 604 4036 648 autem

2451 678 2683 746 peractis
2713 677 3005 745 editionem
3048 676 3118 735 ita
3162 682 3399 752 aggressi
3449 696 3655 750 sumus,
3701 694 3758 739 ut
3802 686 4038 749 minuta-

2452 770 2543 823 tim
2585 763 2707 825 nlox
2735 769 3090 826 describetur.

2450 903 2481 981 ε
2526 904 2615 960 ιν.
2642 935 2714 946 -
2734 904 2813 975 De
2839 904 3130 962 restauratis
3164 908 3463 981 quibusdam
3514 908 3753 964 Homiliis
3784 919 3829 963 et
3858 909 4037 979 Opus—

2533 996 2660 1050 culis
2687 998 2901 1059 ante/iac
2946 997 3129 1054 hiulcis
3150 1008 3195 1052 et
3232 1015 3419 1071 magna
3460 1000 3540 1053 sui
3569 1010 3711 1070 parte
3744 1002 3944 1056 laceris.

2526 1129 2781 1187 llomilias
2828 1146 2931 1186 non
2975 1146 3209 1202 paucas,
3256 1148 3374 1204 quin
3410 1133 3465 1191 in
3498 1134 3647 1203 prius
3699 1134 3859 1191 editis
3906 1150 4036 1191 cum

2445 1222 2651 1290 magnis
2695 1221 2926 1278 hiatibus
2981 1224 3324 1295 prodierant,
3372 1241 3475 1294 ope
3549 1229 4037 1298 manuscriptorum

2446 1313 2687 1381 integras
2711 1328 2971 1383 sanasqpe
2997 1315 3236 1383 proferre
3263 1332 3366 1371 non
3410 1316 3605 1372 infelici
3633 1329 3826 1385 conatu
3854 1334 4037 1375 curae

2446 1404 2661 1470 vimus;
2708 1404 2967 1474 siquidem
3012 1406 3295 1462 Homiliam
3326 1408 3391 1464 de
3424 1408 3625 1463 Lazaro
3661 1410 3773 1477 jam
3806 1427 4041 1471 numero

2443 1504 2690 1557 sextam,
2743 1510 2861 1565 qua:
2910 1497 2959 1549 in
2998 1497 3263 1552 Saviliana
3313 1510 3367 1553 et
3406 1499 3769 1554 Frontoniana
3797 1502 4046 1569 editione

2444 1586 2649 1654 paginis
2672 1586 2789 1655 plus
2816 1589 3091 1655 quaternis
3135 1590 3316 1643 mutila
3345 1599 3484 1655 erat,
3516 1592 3578 1645 ad
3608 1592 3839 1662 priscam
3876 1595 4030 1647 intc-

2443 1660 2695 1744 gritatem~
2715 1686 2941 1747 quatuor
2982 1681 3461 1748 manuscriptnrum
3516 1698 3615 1749 ope
3668 1684 3977 1737 reduximus
4018 1703 4038 1738 :

2445 1781 2545 1819 nec
2572 1765 3019 1821 dissimulandum
3052 1779 3133 1823 est
3167 1785 3253 1835 ea,
3282 1788 3400 1840 qua:
3447 1776 3498 1825 in
3525 1774 3610 1827 illa
3642 1775 3900 1830 concione
3928 1776 4041 1839 de:

2445 1860 2616 1912 erant,
2648 1866 2675 1904 a
2709 1851 2823 1905 viro
2846 1851 3002 1906 docto
3024 1853 3274 1911 Benzelio
3302 1855 3580 1925 fragtnenti
3609 1858 3854 1913 anecdoti
3882 1875 4040 1915 more

2450 1940 2632 2007 paucis
2663 1941 2786 1995 hinc
2808 1943 2964 1997 antiis
2984 1942 3215 2017 Upsalia:
3248 1946 3512 2013 publicata
3560 1947 3722 2003 fuisse
3772 1965 3891 2003 cum
3934 1951 4044 2004 ali-

2444 2039 2572 2097 quot
2600 2031 2718 2095 aliis
2745 2032 3111 2103 (λιιι-γεοειοωί
3143 2035 3439 2101 anecdotis.
3476 2037 3756 2097 llomiliam
3789 2041 3915 2093 item
3962 2040 4040 2101 de

2445 2120 2784 2185 Abrahamo,
2811 2126 2928 2191 plus
2960 2140 3118 2194 quam
3166 2124 3381 2178 dimidia
3411 2126 3493 2179 sui
3525 2137 3670 2194 parte
3701 2137 3944 2182 truncam
3975 2140 4042 2199 et,

2445 2208 2706 2277 laceram,
2731 2213 2839 2280 jam
2874 2214 3133 2283 integram
3158 2217 3496 2284 protulimus.
3531 2217 3719 2270 lliatus
3748 2219 3873 2272 item
3909 2236 4040 2273 ma-

2442 2316 2573 2369 gnos
2592 2303 2849 2355 sarsimus
2869 2304 2919 2356 in
2946 2305 3174 2357 Homilia
3204 2305 3271 2359 de
3297 2306 3510 2359 (Ihristo
3539 2306 3646 2361 Deo
3674 2317 3859 2361 contra
3885 2309 4040 2363 Gen—

2443 2392 2560 2445 tiles
2594 2433 2609 2457 ,
2650 2402 2703 2445 et
2755 2394 2807 2447 in
2862 2396 2964 2449 alia
3006 2395 3072 2448 de
3120 2396 3551 2451 Resurrectione.
3609 2398 3757 2453 Mitto
3811 2400 4039 2457 lacunas

2441 2482 2571 2549 alias
2601 2484 2853 2547 minores,
2879 2500 3013 2554 quas
3049 2486 3099 2537 iu
3142 2488 3320 2539 multis
3366 2488 3715 2541 concionibus
3738 2492 4041 2557 complevi-

2444 2586 2582 2635 mus,
2637 2575 2866 2626 maxime
2904 2590 3029 2627 vero
3061 2576 3111 2626 in
3144 2568 3209 2628 iis
3232 2592 3350 2643 qua:
3377 2576 3442 2631 de
3492 2577 4035 2647 incomprehensibili

2441 2674 2625 2731 contra
2678 2663 2987 2717 Auommo‘s.
3030 2664 3145 2723 Una
3215 2677 3392 2721 tamen
3451 2667 3668 2724 bomilia
3740 2683 4033 2740 superest.

2440 2767 2557 2817 qua)
2589 2761 2672 2807 est
2718 2753 2951 2815 secunda
2990 2765 3177 2810 contra
3204 2756 3439 2820 Judaeos.
3469 2758 3620 2829 cujus
3670 2761 3873 2815 initium
3904 2761 4037 2817 Jam

2427 2843 2805 2911 iniquumillud
2836 2853 2883 2905 et
2923 2847 3237 2905 immundum
3267 2892 3281 2914 ,
3309 2851 3481 2911 adhuc
3523 2868 3710 2922 magna
3763 2854 3840 2908 sui
3876 2868 4035 2924 parte

2442 2932 2629 2990 inutila
2659 2973 2673 2997 ,
2703 2933 2831 2990 licet
2857 2950 3069 2989 omnem
3102 2939 3427 2993 moverimus
3466 2941 3692 3010 lapidem
3739 2953 3792 2995 ut
3821 2960 3942 2997 eam
3980 2946 4033 2998 in

2439 3020 2672 3085 priscum
2712 3012 2908 3078 statum
2941 3026 3338 3093 reducerenius.
3371 3016 3537 3098 Opem
3569 3048 3627 3084 ea
3675 3033 3739 3085 de
3791 3048 3848 3086 re
3895 3036 4036 3087 anti-

2436 3125 2623 3164 corum
2656 3115 2891 3168 omnium
2951 3118 3355 3186 implm‘avitnns
3380 3162 3394 3184 ,
3447 3124 3587 3179 nulla
3621 3141 3722 3176 non
3752 3124 4034 3192 diligentia

2436 3200 2675 3255 adhibita
2723 3203 2841 3270 fuit.
2875 3203 2931 3267 in
2962 3211 3207 3262 omnibus
3257 3223 3442 3277 certe,
3486 3228 3605 3281 qua:
3644 3229 3701 3267 se
3747 3217 4035 3283 patiuntur

2435 3290 2592 3353 a‘diri,
2638 3293 2969 3349 bibliothecis
2997 3313 3056 3351 ea
3098 3299 3456 3355 sollicitudine
3484 3304 3827 3371 perquisitmn
3864 3315 3949 3359 est
3976 3317 4037 3359 ut

2435 3392 2644 3437 certum
2690 3386 2845 3439 nobis
2877 3388 2943 3440 sit
2968 3404 3086 3442 eam
3118 3391 3204 3445 vel
3237 3408 3495 3462 nuSquam
3539 3410 3719 3447 sanam
3762 3406 3982 3452 exstare
4010 3440 4027 3465 ,

2438 3473 2520 3526 vel
2565 3474 2852 3555 admodum
2902 3478 3103 3553 latere,
3162 3482 3205 3534 si
3236 3484 3353 3536 talis
3381 3486 3631 3552 supersit.
3667 3486 3718 3538 In
3745 3492 4029 3555 sequenti-

2440 3564 2537 3631 bus
2565 3554 2691 3619 item
2722 3568 2878 3621 tomis
2932 3557 3095 3623 multa
3136 3572 3247 3640 pari
3290 3574 3448 3631 modo
3490 3554 3874 3642 restituentur;
3926 3596 4033 3635 nec

2435 3654 2607 3708 minor
2632 3654 2886 3725 industria
2917 3658 2977 3721 in~
2996 3658 3153 3712 editis
3208 3663 3569 3725 restaurandis
3594 3681 3751 3734 quam
3774 3665 3827 3719 in
3844 3680 4027 3722 auec-

2438 3746 2587 3800 dotis
2632 3746 2881 3799 et'ucntlis
2905 3749 3266 3809 adhibebitur.

2461 3856 2489 3928 ς
2523 3857 2579 3909 V.
2610 3889 2676 3898 --
2709 3858 2936 3931 Quantus
2961 3863 3319 3915 anecdotorum
3348 3882 3583 3918 numerus
3610 3884 3742 3920 nunc
3770 3871 3997 3937 primum

3090 3952 3348 4016 e/Tcratur.

2504 4061 2755 4117 Ilomilias
2786 4062 3145 4133 eposculaque
3175 4064 3275 4119 alia
3309 4068 3545 4122 nondum
3589 4069 3783 4131 emissa
3827 4073 4027 4145 iisdem

2427 4164 2495 4205 ex
2526 4150 2747 4205 latebris
2772 4152 3073 4220 eduximus,
3094 4163 3148 4207 et
3166 4155 3378 4223 quidem
3407 4167 3553 4216 tanto
3577 4175 3795 4215 numero
3828 4174 3883 4216 ut
3904 4168 4025 4221 sola

2426 4242 2661 4310 amplum
2684 4242 2931 4297 volumen
2960 4244 3229 4298 conficere
3247 4247 3473 4304 valeant.
3502 4250 3557 4303 in
3584 4250 3648 4306 iis
3674 4268 3800 4307 vero
3825 4271 4023 4326 magna

2426 4332 2631 4385 cautela
2661 4332 2916 4387 utendum
2949 4333 3223 4401 duximus,
3253 4352 3371 4391 cum
3401 4355 3469 4393 ne
3495 4356 3591 4409 pro
3616 4342 3863 4407 legitimis
3889 4362 4025 4417 spu-

2427 4420 2501 4473 ria
2534 4420 2896 4490 proferantur,
2926 4433 3032 4478 tum
3056 4426 3214 4478 etiam
3245 4442 3311 4481 ne
3336 4432 3703 4486 consarcinata
3730 4448 3916 4500 opera,
3942 4454 4020 4493 ex

2425 4513 2604 4567 multis
2632 4514 2853 4568 aliarum
2888 4515 3187 4569 orationum
3211 4520 3477 4588 excerptis
3506 4522 3842 4589 concinnata,
3875 4528 3961 4582 vel
3987 4544 4019 4583 a

2425 4604 2715 4671 nugacibus
2735 4604 3017 4672 Grarculis,
3043 4608 3122 4661 vel
3149 4607 3217 4660 ab
3244 4608 3361 4662 aliis
3388 4612 3475 4667 oui
3505 4611 3604 4666 hac
3629 4613 3819 4667 teehna
3836 4613 4018 4688 Chry-

2424 4696 2647 4749 sostomi
2695 4711 2831 4765 nova
2874 4712 3036 4766 opera
3077 4697 3455 4766 venditabant,
3488 4717 3555 4756 ne
3597 4703 3717 4767 illa,
3755 4704 3971 4774 inquam
3997 4750 4015 4775 ,

2424 4796 2753 4854 repetantur,
2790 4803 2892 4842 neu
2935 4789 3015 4843 bis
3057 4798 3203 4843 terve
3239 4790 3424 4843 eadem
3458 4793 3750 4861 prodeant.
3780 4799 3922 4866 quod
3951 4811 4015 4856 et

2422 4878 2560 4946 apud
2582 4877 3023 4950 Cltrysostomum
3048 4890 3101 4934 et
3125 4881 3263 4950 apud
3294 4881 3430 4941 alios
3455 4894 3666 4938 sanctos
3689 4883 3877 4945 Patres
3899 4906 4012 4947 non

2420 4969 2584 5023 semel
2612 4969 2870 5024 accidisse
2896 4972 3280 5039 comperimus.
3310 4972 3407 5027 Est
3442 4975 3603 5027 etiam
3642 4990 3761 5029 cum
3791 4982 4015 5037 mutatis

2420 5058 2686 5126 prioribus
2704 5059 2934 5114 ltomilite
2956 5076 3051 5115 seu
3075 5063 3251 5116 verbis
3272 5077 3363 5117 seu
3388 5065 3639 5134 periodis,
3667 5083 3784 5136 qua:
3805 5071 4011 5128 eaedem

2418 5150 2635 5204 omnino
2664 5159 2787 5211 sunt
2811 5153 3097 5207 conciones
3119 5194 3133 5216 ,
3176 5168 3272 5222 pro
3292 5154 3418 5209 aliis
3460 5165 3515 5213 et
3543 5156 3768 5213 diversis
3797 5162 4009 5218 baben-

2419 5248 2545 5293 tur:
2578 5240 2825 5299 nimirum
2856 5242 3053 5313 decipit
3096 5244 3243 5307 frons
3293 5246 3461 5315 prima
3510 5250 3739 5319 multos,
3776 5260 3837 5306 ct
3879 5270 4007 5311 cum

2415 5330 2679 5401 principia
2700 5333 2939 5399 variant,
2969 5333 3035 5392 de
3064 5336 3272 5390 cancris
3309 5346 3365 5390 ut
3407 5338 3689 5405 plurimum
3719 5358 3823 5397 non
3852 5359 4005 5413 qua:-

2414 5424 2549 5476 ritur
2578 5439 2643 5477 an
2672 5424 2858 5479 eadem
2887 5441 2953 5479 an
2984 5426 3191 5481 diversa
3218 5429 3340 5481 sint.
3371 5428 3502 5497 Rem
3534 5432 3761 5488 similem
3793 5440 4003 5497 experti

2413 5527 2598 5567 sumus
2642 5513 2691 5567 in
2740 5514 2967 5570 llomtlia
3008 5518 3073 5572 de
3102 5518 3271 5572 Natali
3312 5520 3506 5576 Christi
3533 5564 3548 5588 ,
3589 5524 3740 5591 cujus
3789 5528 4003 5583 initium

2415 5601 2712 5671 Mysteriom
2734 5621 2913 5659 nouum
2942 5616 2989 5661 et
3012 5608 3327 5664 admirabile.
3359 5609 3445 5665 illa
3478 5614 3618 5667 enim
3650 5614 3700 5668 in
3726 5616 4003 5675 codicibus

2416 5694 2701 5777 nonnullis
2723 5698 2827 5751 alio
2869 5700 3133 5769 principio
3164 5702 3417 5763 instructa
3459 5714 3579 5759 est:
3615 5706 3739 5776 quid
3767 5720 3908 5777 quoa
3940 5712 3997 5767 in

2417 5784 2533 5839 aliis
2577 5767 3158 5850 codicibusAtltan-asii
3202 5792 3599 5865 Arebiepiscnpi
3650 5798 3995 5858 Alexandrini
