4234 6310
258 393 322 433 tat
1640 373 1796 433 ΡΒᾸΞ

1879 372 2021 433 tm.
3417 397 3503 437 κιν

252 504 403 545 nomen
450 488 699 559 praefert,
750 489 928 547 multis
975 500 1094 560 post
1134 490 1341 546 initium
1372 490 1712 544 connnutatis
1742 500 1795 545 et

249 579 418 635 aliunde
445 580 722 635 corrasis?
744 580 873 636 Eam
902 595 1061 649 porro
1080 580 1313 636 Savilius
1342 588 1490 650 putat
1516 594 1575 633 se
1609 580 1801 650 legisse

246 670 495 725 admixtam
521 671 678 726 alteri
694 672 961 733 concioni.
982 688 1079 727 nec
1100 674 1337 742 assignat
1358 673 1532 727 locum
1560 689 1573 726 :
1598 670 1800 727 Fronto

244 768 393 815 autem
415 759 642 816 Dueaeus
689 762 829 818 inter
870 763 1049 832 spuria
1087 763 1374 833 ablegavit.
1421 763 1489 817 lis
1536 763 1793 832 permoti,

244 854 338 922 quia
359 853 504 908 nobis
530 854 767 922 suspicio
794 863 876 909 est
902 870 1020 909 eam
1050 866 1079 907 a
1109 854 1342 909 librariis
1368 855 1451 910 vel
1476 864 1791 909 temeratam

241 944 407 1006 fuisse,
446 944 534 998 vel
577 959 644 999 ex
679 944 812 1000 locis
843 944 1089 1000 alicunde
1127 946 1397 1014 excerptis
1443 944 1754 1001 adornatam
1777 984 1792 1009 ,

244 1051 338 1088 cum
364 1034 591 1088 nondum
622 1034 749 1106 quid
778 1036 917 1091 circa
956 1036 1100 1090 illam
1127 1048 1305 1091 actum
1332 1037 1401 1091 sit
1428 1037 1559 1091 satis
1593 1037 1795 1093 intelli-

239 1142 423 1196 gamus,
452 1128 508 1181 in
550 1137 863 1197 sequentem
913 1138 1113 1182 tomum
1157 1129 1537 1184 reservandam
1580 1131 1795 1186 censui-

242 1232 353 1283 mus,
382 1227 527 1273 cxtra
564 1220 835 1288 proprium
860 1220 1069 1274 scilicet
1096 1220 1269 1274 locum
1291 1262 1305 1287 ,
1338 1236 1405 1275 ne
1447 1230 1792 1290 posteaquam

238 1308 755 1373 illautedidissemus,
786 1326 849 1365 ex
876 1311 1089 1365 assidua
1120 1312 1435 1366 tractatione
1460 1312 1661 1382 aliquid
1693 1313 1791 1366 im-

238 1409 503 1466 poneretur
533 1401 680 1455 novi.
707 1402 949 1456 Profecto
971 1411 1226 1473 quantum
1255 1403 1433 1457 fucum
1462 1403 1686 1458 fecerint
1709 1412 1789 1458 te-

234 1490 413 1545 merarii
454 1491 535 1546 illi
574 1502 674 1547 aut
695 1492 1032 1563 bibliopolae,
1075 1503 1164 1547 aut
1193 1493 1422 1549 Grteculi
1466 1496 1788 1564 scriptores,

241 1580 311 1633 vix
353 1582 612 1651 quispiam
661 1582 851 1636 credat
896 1584 998 1637 nisi
1042 1593 1347 1656 expertus:
1382 1584 1787 1649 homilia,verbi

230 1687 380 1733 eausa,
396 1671 444 1724 iit
464 1673 971 1741 Annuntiationem,
991 1690 1109 1744 qua:
1136 1678 1188 1728 in
1218 1674 1455 1730 secundo
1477 1682 1623 1728 tome
1650 1674 1793 1729 inter

229 1764 375 1830 spuria
401 1763 573 1817 locum
603 1764 779 1827 habet,
808 1768 1063 1835 cujusque
1090 1766 1293 1819 mitium
1326 1775 1407 1821 est
1438 1765 1634 1821 Rursus
1660 1766 1789 1819 [ceti-

227 1855 296 1905 lfll'
310 1855 422 1923 felix
445 1855 682 1921 nuntius,
708 1857 758 1909 in
790 1872 892 1909 non
922 1857 1101 1926 paucis
1130 1858 1402 1912 codicibus
1418 1857 1785 1928 ChrySOstomi

226 1961 387 1999 uniuen
405 1947 619 2016 pra-fert
638 1966 652 2009 ς
671 1949 725 2003 in
744 1948 861 2003 aliis
876 1948 1134 2020 Gregorio
1148 1949 1566 2005 Neocmsariensi
1585 1950 1786 2005 adscri-

226 2036 357 2101 bitur,
387 2047 547 2109 atque
574 2038 695 2093 ideo
722 2041 860 2095 inter
884 2040 1124 2111 Gregorii
1152 2042 1599 2097 Neocaesarieusis
1620 2058 1784 2113 Opera

221 2125 338 2179 edita
360 2127 469 2181 l'uit.
498 2128 702 2184 Eadem
734 2146 884 2193 vero,
918 2141 974 2185 ut
1001 2148 1169 2201 nuper
1197 2134 1577 2202 comperimus,
1608 2134 1659 2187 in
1686 2148 1780 2189 co-

219 2216 325 2293 dice.
341 2218 432 2272 l06
459 2218 800 2291 bibliotheca:
815 2220 1177 2290 Coisliniame,
1204 2224 1254 2277 in
1280 2223 1457 2279 iudice
1481 2224 1689 2280 scilicet
1710 2225 1779 2279 ad

216 2310 413 2364 lrontem
453 2311 576 2366 libri
616 2314 824 2381 posito,
868 2314 1078 2368 Macarii
1126 2314 1614 2384 Philadelphiensis
1657 2332 1779 2372 esse

216 2396 401 2454 dicitur.
433 2401 549 2455 .lam
596 2404 765 2457 tribus
802 2404 1125 2475 adscriptam
1171 2406 1479 2461 auctoribus
1510 2422 1668 2460 unam
1699 2408 1781 2461 in-

212 2491 424 2545 venimus
446 2492 748 2559 homiliam,
779 2494 1020 2565 forteque
1043 2496 1094 2549 in
1117 2495 1233 2550 dies
1253 2504 1479 2567 quartus
1494 2498 1779 2566 quintusve

212 2580 419 2649 ejusdem
446 2593 637 2637 auctor
664 2596 922 2655 emerget.
960 2584 1025 2641 Ut
1065 2586 1227 2656 igitur
1258 2595 1375 2640 tuto
1412 2587 1471 2641 in
1498 2587 1599 2642 hac
1632 2596 1773 2642 tanta

209 2674 493 2747 supellectili
539 2676 718 2729 omnia
749 2676 1127 2745 disponantur,
1160 2679 1373 2731 nonnisi
1407 2687 1527 2747 post
1555 2693 1773 2733 accura-

210 2774 294 2819 tam
322 2766 756 2834 perquisitionem
788 2767 901 2821 lucc
932 2784 1068 2822 nova
1098 2778 1151 2821 et
1189 2783 1380 2823 recens
1410 2778 1561 2824 eruta
1594 2770 1645 2823 in
1673 2784 1772 2837 pu-

207 2854 372 2909 blicnm
415 2857 693 2910 ell‘crimus
726 2876 738 2909 :
772 2873 944 2925 eoque
990 2858 1216 2913 consilio
1272 2874 1467 2927 paucas
1520 2859 1773 2913 homilias

206 2944 459 3001 mecdotas
502 2947 555 3000 in
600 2946 810 3000 duobus
841 2949 1106 3015 prioribus
1155 2950 1313 3003 totnis
1344 2949 1567 3015 damus;
1602 2958 1661 3004 ut
1703 2964 1770 3005 ex

202 3034 479 3101 quotidiano
508 3052 610 3089 usu
641 3037 766 3106 quid
812 3038 880 3091 de
924 3038 1044 3093 aliis
1084 3040 1416 3094 censendum
1456 3041 1521 3095 sit
1564 3042 1771 3097 cautius

204 3134 449 3179 statuatur.
479 3127 720 3182 Caeteros
763 3128 814 3181 in
851 3131 1201 3199 sequentibus
1245 3132 1440 3196 tomis,
1470 3142 1526 3187 et
1548 3133 1765 3202 quidem

200 3220 502 3287 congruenti,
539 3229 799 3289 quantum
828 3220 903 3273 fas
927 3223 1048 3286 erit,
1078 3221 1266 3276 ordine
1296 3222 1611 3279 locabimus.
1636 3224 1769 3278 Sunt

201 3322 334 3373 porro
359 3310 458 3365 illae
491 3327 689 3381 magno
718 3327 963 3376 numero,
989 3313 1229 3383 variique
1250 3316 1570 3383 argumenti.
1598 3312 1769 3369 Caete-

200 3415 293 3453 rum
317 3402 449 3457 inter
476 3404 600 3458 illas
632 3404 875 3459 homilias
896 3420 926 3459 e
951 3406 1186 3461 tenebris
1208 3422 1350 3460 nunc
1378 3407 1606 3476 primum
1638 3407 1769 3462 edu-

199 3500 288 3545 ctas
312 3495 604 3564 principem
638 3495 883 3551 obtineant
928 3498 1103 3552 locum
1134 3514 1272 3553 unus
1301 3508 1354 3553 ct
1392 3500 1604 3570 triginta
1652 3516 1766 3555 ser-

200 3596 356 3637 mones
401 3585 454 3639 in
512 3586 797 3653 Psalmos,
843 3588 931 3657 qui
983 3589 1037 3641 in
1082 3588 1321 3657 ejusdcnt
1368 3592 1765 3645 commentariis

198 3671 424 3731 hactenus
452 3675 925 3745 desiderabantur,
954 3694 1126 3749 exque
1153 3680 1464 3750 Auglieanis
1493 3682 1764 3736 codicibus
1803 3718 1811 3722 -

196 3765 306 3818 eruti
328 3776 465 3821 sunt.
498 3768 708 3822 liorum
740 3770 1028 3841 apographi
1069 3780 1271 3841 partem
1289 3772 1449 3828 nobis
1471 3773 1765 3829 transmisit

195 3854 257 3909 rir
300 3857 694 3913 illustrissimus
735 3860 798 3914 Β.
850 3860 1086 3917 Joannes
1133 3861 1416 3927 Potterus,
1466 3864 1763 3934 Episc0pus

194 3944 500 4018 Oxoniensis,
533 3967 645 4005 non
668 3953 845 4005 minus
868 3952 1170 4007 eruditione
1192 3995 1206 4019 ,
1242 3970 1401 4023 quam
1432 3954 1761 4011 humanitate

193 4040 503 4108 conspicuus,
548 4042 643 4112 qui
686 4043 866 4097 multis
912 4044 1313 4114 insignibusque
1352 4046 1603 4117 operibus
1648 4062 1759 4099 rem

194 4124 445 4185 literariam
472 4132 802 4199 exornavit;
832 4142 1027 4189 cmtera
1055 4135 1205 4188 brevi
1240 4137 1672 4201 transmissurus,
1705 4148 1761 4192 ut

192 4233 374 4291 sperare
395 4224 573 4293 jubet.
606 4225 733 4280 llmc
763 4242 891 4281 sane
930 4236 1073 4281 tanta
1106 4229 1505 4282 commentariis
1532 4229 1584 4283 in
1616 4230 1759 4283 Psal-

193 4325 284 4367 mos
316 4318 561 4372 accessio
594 4334 841 4388 magnam
870 4321 945 4374 rei
973 4319 1364 4375 Ecetesmsticae
1406 4322 1760 4393 literarichue

190 4403 404 4461 studiosis
434 4407 685 4462 laetitiam
716 4411 887 4479 pariat
915 4421 1146 4480 oportet.

192 4510 378 4582 §\’l.—
408 4515 483 4573 De
512 4519 713 4591 ingenti
750 4537 957 4591 cperunt
996 4540 1233 4591 numero,
1261 4540 1377 4596 quis
1411 4525 1757 4596 Cltrysostontt'

683 4628 875 4667 nomen
889 4616 1246 4671 ementiuntur.

238 4720 290 4776 la
313 4724 395 4779 illa
420 4741 559 4780 vero
594 4734 740 4782 tanta
770 4726 1155 4781 anecdotorum
1187 4728 1340 4798 sylva
1359 4769 1374 4793 ,
1403 4729 1586 4797 spuria
1619 4729 1756 4785 bene

186 4813 319 4867 multa
346 4819 717 4887 reperiuntur.
740 4816 869 4871 Nam
898 4819 1163 4874 innumeri
1192 4836 1327 4889 pene
1357 4820 1609 4883 Grmculi,
1648 4838 1755 4877 non

184 4900 363 4974 ingenio
392 4910 580 4964 minus
606 4950 623 4975 ,
651 4924 809 4980 quam
839 4927 869 4965 a
917 4900 995 4967 ite
1021 4913 1263 4982 dispares
1283 4955 1297 4979 ,
1335 4930 1459 4970 cum
1489 4930 1589 4971 nec
1617 4916 1754 4971 fama

183 4996 563 5055 celebrarentur
607 5014 712 5056 nec
747 5016 934 5071 suapte
976 5018 1141 5072 Opera
1182 5019 1375 5061 nomen
1418 5007 1519 5061 sibi
1564 5024 1754 5078 parere

184 5098 310 5151 posse
335 5092 697 5159 conﬁderent,
723 5104 963 5151 mutuato
987 5095 1358 5169 Chrysostomi
1389 5102 1625 5163 nomine,
1652 5102 1781 5156 ali»

182 5191 309 5243 mut
336 5184 634 5251 Sperabam
672 5188 885 5255 scriptis
923 5188 1037 5242 suis
1060 5189 1218 5258 adjici
1246 5190 1596 5261 dignitatem;
1630 5193 1753 5249 hinc

181 5268 342 5324 accidit
384 5283 441 5327 ut
488 5274 810 5346 plerumque
855 5279 1226 5349 imperitorum
1274 5276 1549 5338 hominum
1599 5286 1754 5355 nugis

181 5362 293 5417 male
317 5377 507 5421 auctus
541 5367 619 5422 sit
648 5378 754 5423 tam
782 5372 983 5439 peritus
1007 5374 1218 5430 artifex.
1246 5375 1360 5430 Non
1392 5377 1507 5432 haec
1528 5394 1630 5432 una
1656 5378 1755 5434 fuit

182 5459 267 5507 tam
293 5456 542 5517 immanis
572 5464 903 5518 accessionis
935 5480 1132 5523 causa:
1164 5468 1426 5537 siquidem
1451 5470 1753 5541 bibliopola:

182 5552 385 5613 teteres,
418 5559 479 5603 ut
508 5549 685 5605 libros
702 5552 866 5621 pluris
885 5556 1200 5623 venderent,
1222 5561 1502 5629 przentisso
1527 5564 1753 5617 ementi-

180 5639 310 5704 loque
328 5638 707 5713 Cbrysostomi
736 5646 972 5715 nomine,
992 5658 1267 5718 emptores
1286 5652 1384 5707 hac
1412 5663 1525 5707 arte
1546 5654 1750 5709 allicie-

179 5721 297 5781 lnnt.
330 5730 406 5787 Ex
439 5734 551 5788 illis
579 5750 714 5791 vero
739 5738 934 5806 spuriis
958 5755 1017 5794 ea
1047 5743 1216 5796 solum
1243 5744 1517 5812 publicare
1541 5747 1748 5801 animus

177 5824 259 5883 est,
279 5835 389 5891 qua:
418 5826 655 5891 alicuius
677 5838 799 5883 sunt
830 5834 1119 5889 momenti:
1142 5845 1335 5892 caetera
1359 5849 1541 5896 autem
1572 5841 1747 5902 iuetvta

1910 499 2071 559 atque
2094 484 2284 555 iutilia,
2303 494 2486 559 utpote
2503 487 2660 559 digna
2683 488 2941 555 tenebris,
2966 488 3163 545 intacta
3185 491 3499 546 ntanebunt.

1907 578 1984 633 Ex
2034 578 2099 632 iis
2140 594 2268 634 vero
2294 580 2490 648 spuriis
2510 616 2527 645 ,
2558 580 2936 649 qum=Savilius
2965 591 3019 638 et
3046 580 3246 636 Fronto
3275 581 3503 637 Duczeus

1900 668 2009 737 jam
2042 669 2236 738 publici
2287 671 2415 751 Jttris
2442 668 2711 737 fecerant,
2750 671 2954 725 nullum
2983 671 3500 741 praetermittendum

1902 758 2177 826 duximus,
2206 777 2275 816 ne
2307 762 2433 831 quid
2465 762 2516 815 in
2544 763 2779 818 editione
2815 774 2995 817 nostra
3027 763 3319 817 desiderari
3348 763 3500 817 vide-

1903 860 2054 905 retur
2079 868 2092 906 :
2122 853 2335 907 tametsi
2367 853 2507 907 inter
2536 852 2645 917 illa,
2679 854 2904 923 plurima
2933 863 3081 908 certe
3107 864 3231 907 sunt
3250 855 3379 908 .luoe
3410 855 3499 907 in-

1903 939 2083 1009 digna,
2112 958 2232 1011 quae
2260 958 2421 998 nemo
2448 959 2609 997 sanus
2635 944 2752 999 sine
2787 945 3065 1000 stomacho
3094 946 3272 1015 legere
3294 946 3495 1016 possit.

1902 1030 2011 1085 Nec
2039 1034 2185 1087 venit
2211 1034 2263 1087 in
2296 1038 2530 1089 mentem
2557 1049 2654 1088 cur
2692 1034 2958 1099 Savilius,
3002 1036 3093 1105 qui
3142 1036 3306 1091 multa
3345 1036 3494 1105 ejus-

1903 1126 2045 1181 modi
2070 1127 2240 1183 l'utilia
2265 1130 2521 1199 epuscula
2541 1171 2553 1194 ,
2582 1145 2809 1199 quorum
2833 1131 3130 1200 catalogum
3153 1130 3267 1198 ipse
3295 1129 3491 1195 texuit,

1899 1232 1957 1272 se
2000 1219 2247 1275 consulto
2277 1222 2440 1275 missa
2484 1221 2673 1276 fecisse
2706 1220 3005 1290 profitetur,
3038 1230 3113 1275 tot
3140 1220 3271 1276 alias
3294 1219 3493 1289 hujus-

1900 1309 2042 1363 modi
2070 1326 2275 1365 merces
2306 1312 2459 1366 nobis
2476 1311 2750 1377 obtulerit,
2775 1328 2909 1381 quas
2926 1327 3054 1366 sane
3071 1310 3286 1365 :ctcrnis
3305 1310 3493 1380 dignas

1899 1416 2017 1454 esse
2051 1401 2289 1455 tenebris
2320 1418 2477 1458 nemo
2509 1418 2613 1457 non
2647 1402 2889 1471 fateatur.
2918 1403 2971 1457 Id
3002 1403 3138 1457 haud
3170 1402 3331 1457 dubie
3353 1404 3492 1456 acci-

1896 1490 1995 1556 dit,
2026 1492 2146 1561 quia
2177 1493 2227 1545 in
2260 1490 2403 1547 tanta
2433 1508 2655 1562 operum
2692 1493 2837 1565 sylva
2860 1534 2873 1556 ,
2916 1493 2967 1546 in
3002 1502 3149 1547 tanto
3187 1492 3490 1545 orationum

1872 1566 2157 1649 decursu,
2172 1596 2278 1635 non
2304 1582 2396 1652 par
2418 1598 2630 1652 semper
2648 1593 2731 1638 est
2751 1584 2960 1637 aninms
2988 1598 3159 1652 neque
3182 1582 3320 1645 idem
3339 1598 3490 1638 men-

1896 1670 1963 1724 tis
2008 1670 2301 1741 judiciique
2346 1675 2501 1728 situs.
2544 1673 2725 1743 Neque
2755 1675 2884 1730 satis
2920 1675 3205 1729 habuimus
3246 1674 3427 1743 spuria
3461 1692 3489 1727 ει

1892 1763 2164 1830 germanis
2186 1765 2553 1833 segregavisse
2574 1782 2587 1828 ;
2613 1765 2677 1819 ad
2697 1765 2952 1834 majorem
2977 1766 3171 1835 quippe
3191 1765 3489 1819 distinctio-

1893 1867 2014 1904 nem
2044 1852 2131 1905 illa
2159 1853 2223 1907 ad
2256 1854 2417 1909 linem
2448 1854 2710 1925 cujusque
2727 1856 3012 1910 voluminis
3038 1856 3406 1925 ablegavimus
3426 1870 3488 1909 ae

1891 1944 2179 1999 minutiore
2207 1944 2519 2001 charactere
2550 1945 2633 2000 edi
2662 1947 2966 2000 curavimus
2988 1989 3001 2013 ,
3028 1947 3205 2001 habita
3228 1955 3485 2017 quantum

1891 2034 2038 2089 licuit
2078 2040 2378 2107 argumenti
2413 2039 2655 2095 ratione:
2690 2053 2793 2093 non
2827 2040 2969 2093 enim
3006 2054 3220 2108 semper
3259 2054 3320 2093 ea
3366 2055 3487 2108 quae

1890 2142 1992 2180 una
2033 2128 2172 2183 serie
2202 2130 2444 2197 ponenda
2478 2130 2798 2184 videbantur
2828 2131 3018 2185 eodem
3050 2131 3101 2184 in
3128 2138 3275 2183 tomo
3307 2130 3486 2185 locare

1890 2220 2181 2287 potuimus,
2211 2237 2276 2275 ne
2305 2222 2464 2276 nimia
2494 2221 2633 2277 foret
2650 2222 2935 2275 voluminis
2953 2220 3139 2275 moles.
3162 2221 3329 2276 Dubia
3357 2236 3485 2277 vero

1886 2324 2072 2379 opera,
2097 2327 2217 2381 qua:
2246 2329 2351 2366 non
2376 2327 2541 2382 parvo
2564 2321 2689 2366 sunt
2716 2328 2971 2377 numero,
2994 2313 3059 2367 ad
3089 2314 3289 2368 calcem
3306 2310 3488 2382 genui-

1886 2416 2079 2454 norum
2102 2403 2291 2456 eadem
2320 2402 2646 2456 characterts
2673 2402 2842 2455 forma
2870 2403 3166 2471 posuimus,
3190 2403 3481 2472 praemissis

1884 2492 2346 2549 admonitionibus
2372 2501 2427 2548 et
2461 2492 2639 2548 allatis
2664 2493 2941 2548 dubitandi
2968 2495 3166 2549 causis.

1886 2620 1913 2691 ᾗ
1942 2621 2213 2678 Yll.—De
2238 2623 2389 2677 variis
2415 2623 2709 2677 lectionibus
2734 2632 2884 2691 atque
2907 2624 3058 2689 notis,
3078 2623 3235 2693 deque
3254 2624 3476 2687 monitis,

2183 2730 2298 2785 qua:
2314 2715 2381 2767 ad
2408 2715 2611 2785 singula
2637 2731 2791 2783 opera
2818 2714 3170 2785 praemisimus.

1957 2821 2143 2877 Varias
2174 2824 2433 2879 lectiones
2462 2840 2529 2879 ex
2558 2826 2930 2894 manuscriptis
2960 2834 3141 2879 erutas
3171 2826 3223 2880 in
3254 2826 3355 2879 ima
3382 2841 3476 2896 pa-

1880 2913 2001 2982 gina
2032 2914 2308 2982 posuimus
2333 2930 2425 2970 eas
2456 2915 2653 2979 solum,
2682 2932 2801 2986 qua:
2826 2916 3054 2984 alicujus
3076 2918 3331 2971 momenti
3355 2934 3475 2971 esse

1878 3005 2195 3060 videbantur
2221 3026 2235 3061 :
2261 3024 2404 3072 nam,
2438 3008 2481 3062 si
2510 3023 2699 3063 omnes
2721 3010 2838 3063 sine
2858 3009 3067 3064 delectu
3096 3010 3474 3075 cdidisscmus,

1885 3098 1935 3151 in
1969 3098 2189 3153 nimiam
2222 3102 2416 3154 molem
2445 3101 2591 3155 nullo
2617 3118 2795 3172 Operm
2823 3102 2995 3172 pretio
3025 3102 3285 3158 crevisset
3314 3119 3468 3172 opus,

1876 3190 2017 3263 quod
2044 3192 2153 3259 jam
2181 3194 2427 3261 quemvis
2456 3194 2775 3265 scriptorem
2801 3193 3047 3249 Graecum
3068 3194 3209 3249 mole
3231 3205 3468 3265 supcrat.

1875 3280 2037 3335 Notas
2062 3283 2309 3351 ponimus
2339 3283 2529 3338 breves
2552 3325 2565 3349 ,
2594 3284 2679 3338 ubi
2713 3299 2933 3339 necesse
2959 3285 3203 3339 ducimus
3230 3300 3350 3341 esse
3380 3304 3393 3339 :
3426 3287 3472 3342 si

1874 3389 1975 3442 qua
2008 3389 2137 3428 vero
2179 3375 2437 3444 majorem
2471 3378 2753 3445 requirunt
2798 3376 3261 3447 disquisitionem,
3303 3393 3369 3432 ea
3406 3379 3474 3431 ad

1875 3466 2125 3518 trutinam
2160 3467 2537 3535 examinantur
2567 3467 2616 3520 in
2649 3468 2866 3521 monitis
2886 3510 2902 3534 ,
2930 3484 3051 3538 qua:
3086 3467 3137 3522 in
3169 3466 3342 3524 fronte
3370 3483 3467 3523 cn-

1868 3553 2064 3624 jusque
2096 3555 2213 3610 libri
2244 3556 2327 3609 vel
2359 3557 2591 3611 humilia:
2623 3558 3057 3626 pra'mittuntnr:
3087 3573 3146 3613 re
3184 3566 3361 3613 tamen
3392 3560 3475 3615 sie

1873 3655 2164 3715 temperata
2184 3689 2197 3713 ,
2233 3658 2292 3703 ut
2319 3664 2440 3703 cum
2472 3650 2653 3719 plures
2679 3650 2921 3719 ejusdem
2959 3652 3261 3720 argumenti
3294 3654 3471 3707 conti—

1871 3750 1975 3787 nua
2003 3737 2142 3791 serie
2171 3748 2445 3806 ponuntur
2467 3742 2773 3805 orationes,
2808 3756 2969 3794 unum
3005 3756 3099 3809 pro
3125 3741 3189 3795 iis
3218 3740 3470 3797 omnibus

1870 3833 1921 3875 et
1968 3824 2192 3893 singulis
2224 3829 2481 3881 monitum
2524 3830 2576 3883 in
2623 3830 2799 3885 fronte
2846 3831 3040 3899 prioris
3079 3831 3306 3886 locetur.
3336 3832 3478 3899 Quzu.

1869 3913 2084 3982 quidem
2112 3917 2316 3971 monita
2337 3917 2547 3981 lectori,
2577 3928 2641 3972 ut.
2658 3935 2841 3987 spero,
2871 3935 2970 3973 nec
2992 3920 3197 3990 ingrata
3231 3936 3336 3976 nec
3374 3923 3459 3977 in,

1871 4003 2017 4057 utilia
2060 4004 2233 4059 futura
2266 4016 2410 4061 sunt.
2442 4008 2660 4061 Multum
2688 4010 2832 4063 enim
2872 4010 3023 4079 juvat
3048 4010 3115 4064 ad
3160 4012 3464 4083 intelligctt.

1870 4093 1997 4147 tiam
2029 4095 2261 4151 ltomiliae
2306 4099 2389 4153 vel
2436 4100 2728 4163 orationis,
2778 4101 2822 4154 si
2868 4116 2973 4171 qua
3019 4102 3319 4169 occasione,
3362 4120 3470 4173 quo

1869 4197 2112 4258 tempore
2134 4232 2149 4255 ,
2193 4206 2221 4243 a
2266 4192 2462 4262 quibus
2505 4194 2748 4248 inductus
2774 4204 2955 4249 orator
2978 4210 3039 4249 ea
3066 4195 3132 4251 de
3160 4211 3221 4250 re
3249 4197 3467 4251 concio-

1850 4296 1990 4335 'nem
2039 4282 2313 4351 habuerit,
2362 4285 2528 4339 lector
2551 4285 2867 4340 edidicerit:
2898 4294 2951 4340 et
2980 4286 3024 4341 si
3052 4302 3171 4356 qua:
3201 4287 3465 4357 legentem

1868 4373 2069 4426 morari
2094 4383 2382 4442 poterant,
2412 4384 2697 4445 antequam
2732 4376 2888 4431 lectio
2919 4376 3162 4445 adeatur,
3194 4378 3466 4447 explicen-

1868 4474 1972 4520 tur.
2004 4466 2135 4520 lllud
2163 4482 2292 4521 vero
2318 4469 2584 4522 commodi
2614 4468 2665 4522 in
2701 4469 2851 4539 prius
2880 4469 3036 4523 editis
3065 4485 3288 4539 prorsus
3313 4470 3458 4525 desi-

1864 4558 2173 4615 derabatur.
2205 4560 2261 4614 ln
2286 4560 2433 4614 hisce
2463 4561 2684 4615 monitis
2712 4577 2819 4615 non
2854 4559 3223 4631 infrequenter
3245 4577 3271 4615 a
3298 4562 3461 4617 'l‘ille-

1865 4652 2053 4704 montii
2108 4653 2374 4707 sententia
2437 4652 2808 4718 deﬂectimus;
2858 4654 2982 4708 licet
3032 4653 3177 4708 enim
3229 4653 3344 4724 ejus
3393 4656 3458 4708 ad

1865 4740 2144 4796 historiam
2194 4744 2625 4799 Ecelesiasticam
2673 4744 3043 4799 illustrandam
3080 4747 3459 4801 concinnatum

1862 4845 1998 4900 opus
2050 4833 2225 4902 magni
2276 4832 2570 4897 faciamus,
2620 4849 2726 4888 non
2776 4850 2942 4903 pauca
2996 4843 3172 4889 tamen
3220 4845 3377 4899 sunt,
3410 4842 3461 4891 in

1864 4922 2058 4991 quibus
2087 4939 2207 4977 cum
2234 4939 2264 4977 a
2294 4939 2420 4978 vero
2445 4924 2727 4980 aberrasse
2753 4936 3022 4994 putamus.
3048 4925 3209 4981 Certe
3237 4943 3460 4981 accura-

1864 5013 2013 5068 tione
2064 5015 2154 5069 ille
2192 5030 2255 5069 ac
2297 5014 2570 5085 diligentia
2619 5016 2821 5069 nemini
2865 5016 3152 5070 concedit:
3182 5018 3362 5071 omnia
3410 5018 3461 5071 iu

1864 5105 2095 5158 medium
2129 5104 2306 5170 affert,
2338 5106 2545 5174 singula
2577 5106 2814 5171 discutit,
2854 5107 2986 5159 nihil
3010 5110 3208 5161 omittit
3246 5123 3461 5173 eorum,

1870 5213 1989 5267 qua:
2015 5197 2080 5251 ad
2113 5214 2224 5252 rem
2258 5198 2325 5251 de
2351 5214 2452 5267 qua
2478 5199 2661 5268 agitur
2679 5198 3062 5267 explorandam
3094 5198 3406 5265 conferunt;
3432 5218 3483 5253 a,

1864 5276 2207 5357 pra-iudicata
2239 5290 2491 5359 opinione
2522 5291 2716 5343 mirtun
2753 5299 3009 5358 quantttm
3042 5294 3110 5343 sit
3135 5291 3364 5345 alienus.
3403 5292 3463 5345 In

1859 5379 2271 5448 judiciovtamen
2294 5380 2518 5435 ferendo
2546 5396 2650 5435 non
2684 5396 2899 5451 semper
2917 5381 3039 5451 pari
3064 5380 3325 5436 felicitate
3342 5398 3463 5451 pro-

1862 5471 2033 5534 ccdit;
2067 5471 2161 5526 sed
2192 5482 2316 5526 tunc
2343 5473 2503 5527 etiam
2531 5473 2601 5526 ob
2622 5472 2948 5541 diligentiam
2981 5472 3127 5524 utilis
3158 5472 3237 5525 vel
3268 5472 3333 5525 iis
3370 5474 3460 5541 qui

1861 5563 2143 5619 adversam
2188 5572 2404 5621 tuentur
2445 5566 2775 5636 opinionem.
2806 5565 3034 5622 Adaltmc
3058 5580 3188 5620 vero
3232 5582 3351 5636 qua‘
3391 5568 3460 5622 de

1865 5654 2070 5711 Joanne
2093 5654 2483 5727 Chrysoslomo
2508 5658 2595 5712 ille
2616 5658 2927 5727 scripserat,
2952 5657 3043 5712 diu
3070 5668 3191 5728 post
3219 5674 3336 5725 ejus
3365 5659 3455 5712 oh-

1859 5740 1991 5804 itum
2025 5761 2147 5805 sunt
2176 5752 2225 5805 iu
2258 5752 2427 5807 lucem
2454 5752 2644 5806 emissa
2669 5770 2683 5817 ;
2718 5766 2813 5806 nec
2836 5751 3009 5820 potuit
3032 5767 3115 5817 ea,
3140 5769 3256 5822 qua-
3280 5749 3458 5805 minus

1866 5854 2113 5899 accurate
2144 5846 2314 5913 posita
2344 5856 2529 5913 erant,
2562 5844 2949 5915 posterioribus
2980 5845 3118 5901 curis
3146 5836 3369 5899 sarcire;
