4234 6310
730 334 796 377 xv
1963 323 2026 377 Β.
2066 320 2128 377 Β.
2169 317 2305 379 DEI

2409 316 2756 391 truncos

802 434 985 491 Varias
1015 436 1271 493 lectiones
1298 445 1354 497 et
1378 435 1532 492 notas'
1562 434 1777 491 Henriei
1805 434 1984 491 Savilii
2006 443 2061 503 et
2084 434 2313 490 Fronto-

729 533 813 585 nis
854 529 1037 585 Ducari
1074 544 1179 585 non
1225 528 1461 599 integras
1504 528 1732 584 damus:
1762 542 1885 583 nam
1928 543 1994 583 ex
2032 526 2316 583 Savilianis

726 624 869 677 netis
900 622 1079 677 multa:
1104 621 1289 677 Grmca
1321 620 1619 695 respiciunt
1644 619 2019 685 restauranda,
2047 634 2167 689 qua:
2192 632 2313 673 cum

726 713 792 768 ad
822 713 980 769 fidem
1008 713 1496 795 manuscriptorum
1518 712 1631 795 jam
1654 727 1684 766 a
1706 711 1862 767 nobis
1885 710 2164 772 emendata
2196 711 2314 796 fue-

727 805 852 872 rint,
882 819 1139 879 quorsum
1168 804 1273 886 illa:
1302 813 1466 872 notar,
1491 804 1593 860 nisi
1622 813 1677 859 ut
1701 803 1812 875 jam
1836 811 2013 890 actum
2048 801 2312 874 agendum

725 912 846 967 esse
875 878 1165 966 moneant?
1186 878 1337 953 Nota:
1364 913 1497 953 vero
1519 896 1898 956 Frontonianae
1928 883 2032 951 illae
2051 937 2067 963 ,
2098 910 2218 976 qute
2246 894 2314 951 de

725 988 1038 1060 corrigenda
1063 989 1505 1060 interpretatione
1526 988 1715 1069 Latina
1730 989 1900 1056 veteri
1921 988 2148 1060 agebant
2167 989 2189 1049 (
2191 998 2316 1044 sunt

724 1068 904 1136 autem
945 1080 1147 1149 eadem
1175 1081 1304 1155 ipsa:
1339 1068 1565 1136 numero
1594 1080 1825 1161 multm),
1849 1080 1959 1151 iam
1988 1093 2212 1152 prorsus
2231 1080 2311 1135 in-

725 1174 884 1237 utiles
912 1181 1113 1239 essent,
1132 1174 1344 1245 quando
1366 1189 1429 1229 ea
1459 1174 1545 1230 vel
1561 1171 1841 1257 emendata
1870 1174 1987 1239 fuit,
2012 1174 2095 1230 vei
2116 1172 2312 1257 reiecta

726 1279 878 1320 non
908 1239 1335 1339 interpreiationi
1365 1264 1540 1321 locum
1568 1264 1736 1321 dedit.
1766 1239 1914 1321 Alias
1938 1266 2063 1321 item
2085 1239 2316 1322 Fronio-

725 1355 807 1423 nis
836 1354 1013 1408 Dueaei
1043 1363 1218 1429 notas,
1248 1355 1298 1409 in
1326 1355 1520 1425 quibus
1542 1355 1688 1410 varia
1714 1353 2083 1439 Cbrysostomi
2108 1356 2225 1435 loca
2246 1355 2313 1412 ad

725 1443 865 1510 idem
885 1455 1257 1514 argumentum
1276 1446 1572 1517 spectantia
1593 1447 1855 1519 congerit,
1878 1447 2110 1518 exempli
2126 1462 2307 1514 causa,

721 1548 855 1612 eum,
871 1535 937 1589 de
952 1534 1182 1606 jejunio,
1205 1536 1271 1591 dc
1293 1538 1658 1605 matrimonio,
1685 1537 1752 1592 de
1772 1536 2073 1595 humilitate
2100 1539 2308 1609 agitur:

724 1625 862 1697 illas,
885 1625 1122 1695 inquam,
1146 1636 1304 1681 notas
1339 1627 1541 1697 pariter
1574 1629 2057 1700 prmtermisimus:
2085 1638 2311 1698 quanta-

722 1732 952 1793 cumque
992 1718 1136 1776 enim
1169 1718 1474 1796 huiusmodi
1521 1719 1682 1790 simul
1722 1730 2009 1790 ponantur,
2054 1720 2114 1785 id
2154 1735 2313 1775 num-

721 1823 881 1883 quam
912 1816 1056 1877 tanta
1086 1810 1425 1865 accuratione
1460 1810 1821 1886 praestabitur,
1844 1820 2043 1881 quanta
2063 1811 2114 1865 in
2135 1810 2315 1867 Indice

722 1898 989 1974 generali,
1023 1898 1111 1953 ubi
1139 1900 1317 1954 omnia
1344 1901 1567 1955 omnino
1596 1900 1712 1956 loca
1743 1898 1812 1956 'ad
1851 1901 1989 1983 idem
2028 1917 2314 1974 argumen-

725 1994 835 2039 tum
868 1987 1186 2056 pertinentia
1218 1988 1319 2043 sub
1347 2004 1455 2043 uno
1484 2000 1777 2062 conspectu
1821 1991 2160 2070 locabuntur.
2186 1992 2315 2074 Bre-

723 2077 902 2131 vitatis
937 2077 1097 2148 igitur
1122 2093 1283 2134 causa
1308 2092 1462 2135 n0tas
1484 2080 1669 2136 Savilii
1703 2091 1757 2137 et
1784 2081 2075 2137 Frontonis
2100 2082 2308 2154 delegi-

723 2184 872 2245 mus,
895 2178 959 2224 et.
980 2169 1047 2224 ad
1082 2170 1285 2226 calcem
1323 2172 1581 2242 cujusque
1618 2173 1746 2229 tomi
1787 2173 2064 2241 posuimus
2097 2186 2190 2229 eas
2225 2188 2301 2248 so-

722 2261 864 2336 lum,
894 2274 1017 2336 qua:
1054 2260 1370 2317 videbantur
1404 2260 1470 2317 ad
1506 2278 1618 2318 rem
1659 2260 2029 2333 explicandam
2054 2269 2312 2332 opportu-

724 2364 825 2404 ιιω.

719 2496 748 2570 ς
772 2495 908 2555 Vill.
926 2497 1088 2557 —-'De
1118 2499 1554 2567 interpretatione
1589 2497 1785 2552 Latina
1816 2513 2036 2553 onerum
2063 2500 2302 2571 Chryso-

784 2592 962 2646 stomi.
1006 2591 1322 2660 Retinentqr
1353 2592 1594 2661 pristina:
1633 2593 2097 2661 interpretationes
2136 2590 2302 2647 variis

784 2683 839 2735 in
886 2682 1014 2735 locis
1065 2683 1390 2747 emendant;
1430 2682 1554 2737 libri
1610 2690 1815 2753 tantum
1873 2682 1945 2739 De
1997 2682 2305 2739 sacerdotio

786 2752 920 2829 nova
946 2774 1180 2828 versione
1207 2776 1494 2833 donantur.

780 2985 932 3042 Circa
974 2985 1465 3055 interpretationem
1506 2999 1728 3056 operum
1770 2984 1828 3042 S.
1868 2985 2089 3048 Joannis
2129 2985 2302 3059 Clu-y-

710 3076 932 3144 sostomi
980 3076 1071 3131 diu
1114 3075 1417 3142 haerebam,
1464 3085 1520 3131 ct
1564 3075 1704 3131 inter
1746 3075 1958 3131 diversa
2008 3076 2302 3133 amicorum

710 3167 931 3236 consilia
973 3166 1137 3221 animi
1182 3166 1507 3236 pendebam;
1548 3166 1796 3223 volebant
1836 3167 1927 3223 alii
1972 3183 2165 3224 novam
2191 3169 2305 3245 om}

712 3259 858 3319 nium
884 3257 1373 3326 interpretationem
1404 3271 1434 3311 a
1468 3273 1555 3313 me
1586 3256 1874 3326 adornari;
1906 3258 1995 3313 alii
2022 3273 2089 3314 ex
2118 3260 2304 3330 pristi-

712 3351 795 3423 nis
823 3364 1018 3419 paucas
1040 3350 1366 3414 conservari,
1388 3350 1688 3420 corrigique
1708 3358 1909 3420 tamen,
1930 3352 2101 3408 sicubi
2120 3367 2305 3409 emcn-

709 3440 925 3511 datione
967 3455 1119 3510 opus.
1143 3439 1423 3496 baberent.
1464 3440 1590 3496 llzec
1620 3456 1745 3497 vero
1774 3440 1872 3497 fuit
1908 3456 2122 3514 semper
2158 3446 2307 3500 omni

712 3532 1025 3601 exceptione
1054 3530 1313 3600 majorum
1334 3532 1733 3603 amicorumque
1757 3533 1995 3590 virorum
2017 3536 2303 3604 sententia,

710 3620 887 3678 Caroli
912 3622 1121 3692 Cangii,
1151 3622 1488 3692 Emericique
1514 3622 1721 3695 Bigotii,
1748 3625 2064 3695 quibuscum
2086 3626 2304 3682 senibus

707 3713 918 3783 juvenis
953 3712 1081 3768 olim
1111 3713 1384 3782 versabar,
1418 3722 1474 3768 ut
1501 3729 1568 3770 ne
1601 3716 1823 3771 semotis
1856 3716 2188 3771 laudatorum
2220 3717 2304 3772 in-

711 3813 1003 3876 terpretum
1024 3803 1380 3873 lversionibus
1423 3819 1571 3859 meas
1598 3806 2005 3873 substituerem;
2038 3808 2090 3862 id
2132 3807 2303 3877 ipsum

711 3896 979 3966 prtecipue
1023 3910 1118 3966 per
1156 3894 1338 3952 literas
1400 3897 1652 3954 monebat
1691 3896 1926 3963 Joannes
1967 3899 2302 3968 Cotelerius,

709 3996 993 4059 antequam
1020 3989 1331 4044 Grmcorum
1359 3989 1575 4048 Patrum
1610 3989 1933 4047 editionibns
1959 4007 2175 4050 manum
2204 3994 2303 4048 ad-

709 4094 1002 4137 moverem.
1033 4080 1215 4151 Neque
1239 4096 1369 4142 vero
1393 4082 1510 4139 sine
1532 4083 1709 4154 aliqua
1733 4085 2045 4150 temeritatis
2071 4096 2195 4149 nota
2217 4102 2304 4145 me

710 4184 1083 4241 aggressurum
1106 4171 1374 4238 dicebant,
1403 4180 1461 4228 ut
1480 4172 1876 4233 laudatissimas
1902 4174 2020 4238 illas
2043 4176 2303 4248 interpre-

713 4260 941 4315 tationes
966 4260 1098 4316 meis
1117 4263 1724 4337 postponerem.'ltaque
1746 4280 1851 4320 non
1875 4272 1941 4323 ut
1958 4268 2301 4333 convertendi

713 4350 948 4407 laborem
989 4352 1421 4424 subter-fugerem
1454 4352 1591 4426 (non
1630 4355 1778 4438 enim
1819 4355 1990 4413 multo
2014 4358 2192 4423 minus
2228 4360 2306 4414 la-

712 4440 857 4497 boris
882 4442 1023 4497 inest
1056 4443 1110 4498 in
1139 4444 1488 4507 emendandis
1526 4445 1594 4506 de
1621 4447 1786 4503 verbo
1811 4447 1887 4507 ad,
1910 4449 2128 4509 verbum
2166 4450 2301 4519 alio-

712 4550 830 4614 rum
855 4535 1401 4605 interpretationibus,
1431 4552 1590 4608 quam
1618 4538 1671 4603 in
1698 4538 1850 4602 novis
1870 4541 2301 4614 concinnandis),

712 4609 808 4694 sed
854 4635 919 4681 ut
953 4626 1109 4683 tantis
1136 4627 1265 4684 viris
1291 4643 1495 4684 morem
1524 4644 1766 4700 gererem
1786 4670 1802 4696 ,
1852 4631 1905 4687 in
1946 4630 2050 4688 hoc
2085 4609 2301 4689 demum

712 4718 985 4789 proposito
1006 4717 1215 4774 substiti
1236 4738 1251 4775 :
1282 4726 1340 4774 ut
1372 4733 1561 4777 omnes
1581 4734 1797 4791 prorsus
1817 4720 2105 4791 Frontonis
2125 4725 2301 4782 Ducaei

711 4807 1180 4880 interpretationes
1208 4826 1511 4881 servarem,
1539 4813 1641 4873 nisi
1665 4828 1788 4871 eum
1809 4856 1825 4882 ,
1852 4816 2181 4875 variantibus
2206 4833 2302 4874 co-

711 4896 949 4968 dicibus,
981 4905 1231 4959 mutanda
1270 4904 1431 4961 lectio
1458 4914 1573 4973 est,
1612 4915 1668 4962 et
1695 4907 2066 4979 interpretatio
2091 4926 2303 4981 quoque

712 4986 949 5047 mutetur
978 5000 1221 5062 oportet;
1253 4995 1339 5050 vel
1376 5009 1497 5051 eum
1527 4995 1630 5051 alia
1655 4998 1985 5061 commodior
2011 5012 2064 5056 et
2101 5000 2303 5059 Grmcis

712 5085 1090 5159 congruenti‘or
1112 5103 1215 5143 vox
1247 5099 1341 5144 aut
1378 5089 1631 5160 periodus
1654 5091 1813 5157 etiam
1854 5093 2038 5151 Latina
2072 5110 2192 5152 sese
2217 5097 2303 5153 of-

714 5168 845 5241 (ert;
874 5177 1016 5247 quod
1040 5177 1403 5250 infrequenter
1425 5182 1605 5238 evenit
1628 5200 1641 5237 :
1672 5199 1819 5251 nam,
1842 5185 2024 5255 utjam
2047 5185 2299 5256 diximus,

712 5280 854 5326 inter
904 5271 1137 5341 Optimos
1180 5274 1502 5345 interpretes
1545 5276 1665 5347 jure
1724 5276 1929 5339 Fronto~
1967 5292 2298 5342 numeratur.

715 5362 920 5417 Erasmi
955 5379 1166 5435 quoque
1192 5374 1248 5420 et
1284 5365 1468 5422 Jacobi
1508 5366 1643 5422 Billii
1683 5368 1957 5436 versiones
1986 5370 2101 5439 pari
2141 5373 2302 5428 modo

710 5444 1013 5510 retinendas
1059 5458 1262 5511 censui.
1318 5457 1560 5515 Aliorum
1610 5469 1789 5523 autem
1836 5461 2302 5532 interpretationes

711 5532 803 5623 aut
836 5546 998 5599 variis
1028 5547 1079 5601 in
1122 5547 1253 5603 locis
1281 5548 1593 5614 emendatas
1634 5551 1976 5623 rctinuimus,
2017 5568 2138 5609 eum
2169 5556 2302 5612 satis

708 5612 959 5695 accurate
984 5636 1427 5711 Chrysostomum
1463 5654 1709 5701 orantem
1737 5646 2006 5713 referunt,
2033 5650 2115 5704 vel
2143 5666 2298 5720 pror-

712 5744 801 5791 sus
830 5731 1111 5801 rejecitnus
1136 5741 1187 5787 ct
1212 5747 1378 5791 novas
1398 5733 1690 5806 edidimus,
1719 5738 1931 5815 quando
1958 5739 2063 5796 illa:
2091 5752 2299 5811 veteres

3911 346 4007 388 υη

2426 447 2534 489 non
2580 441 2826 504 poterant
2863 438 3069 502 medica
3108 450 3269 501 manu
3308 443 3378 500 ad
3415 444 3611 507 bonam
3652 449 4012 511 conditionem

2424 525 2685 614 revocari.
2717 526 2862 583 Alias
2924 531 3050 586 item
3078 533 3479 604 paraphrastice
3525 538 3842 609 adornatas,
3889 558 4018 614 qua:

2425 613 2583 687 longo
2606 616 2892 676 verborum
2922 621 3185 680 inutilium
3213 626 3437 684 circuitu
3467 630 3734 687 fastidium
3758 613 3976 704 pariunt
3996 677 4015 702 ,

2424 721 2645 777 prorsus
2680 711 3075 784 ablegavimns,
3116 734 3386 792 novasque
3438 725 3758 792 paravimus.
3810 727 4015 797 Hujus-

2423 798 2569 891 modi
2589 810 2714 858 sunt
2739 804 3014 864 Godefridi
3039 810 3304 891 Tilmanni
3333 823 3387 891 et
3411 815 3636 871 aliorum
3656 820 4017 889 quorumdam

2423 890 2909 965 interpretationes,
2937 916 3058 972 qua:
3086 889 3401 961 redundanti
3430 906 3517 962 illa
3537 908 3828 965 dictionum
3855 915 4017 983 copia

2420 980 2860 1057 Chrysoswmum
2880 1033 2894 1054 .
2921 992 3013 1062 qui
3043 993 3220 1063 inopia
3245 995 3452 1053 dicendi
3479 1014 3769 1071 numquam
3796 980 4017 1058 labora-

2420 1074 2919 1141 vit,‘verbosiorem
2957 1098 3115 1154 quam
3148 1100 3243 1156 par
3270 1089 3340 1143 sit
3375 1088 3633 1146 referunt.
3665 1075 3786 1147 Illas
3820 1108 4021 1151 omines

2420 1167 2687 1224 variorum
2719 1170 3212 1244 interpretationes,
3242 1194 3275 1235 e
3309 1180 3527 1251 regione
3560 1182 3867 1239 Gmcornm
3890 1186 4017 1243 edi-

2422 1265 2541 1347 338,
2580 1269 2869 1347 utcumque
2908 1267 3289 1333 emendaverat
3334 1270 3536 1327 Fronto
3581 1274 3805 1330 Dueteus
3835 1295 3850 1329 :
3879 1293 4018 1346 quas

2420 1341 2541 1407 cum
2581 1341 2661 1434 sic
2684 1356 2844 1412 etiam
2875 1362 3186 1419 emendatas
3230 1379 3335 1424 non
3365 1368 3586 1423 omnino
3609 1368 3891 1439 probaret,
3918 1369 4015 1425 'se-

2420 1442 2608 1500 cundis
2633 1447 2777 1502 curis
2804 1438 2998 1506 iterum
3038 1453 3308 1525 corrigere
3348 1456 3401 1511 in
3444 1438 3877 1518 annotationibus
3901 1464 4019 1516 suis

2420 1544 2503 1589 est
2524 1551 2824 1608 aggressus.
2850 1540 3045 1599 Verum
3066 1586 3082 1611 ,
3114 1547 3187 1601 uti
3209 1527 3319 1617 iam
3357 1538 3589 1609 diximus
3608 1593 3623 1617 ,
3652 1568 3835 1615 earum
3865 1540 4018 1623 qureé

2419 1623 2540 1681 dam
2580 1628 2650 1682 ita
2680 1632 3010 1688 concinnata:
3048 1646 3204 1703 sunt,
3252 1648 3310 1694 ut
3332 1641 3423 1695 vix
3459 1655 3521 1697 ac
3563 1658 3631 1699 ne
3668 1645 3754 1700 vix
3795 1646 4016 1715 quidem

2420 1721 2625 1786 possint
2650 1724 2864 1794 corrigi.
2895 1725 3177 1785 Nonnullae
3205 1747 3365 1795 vero,
3393 1735 3577 1804 quales
3605 1746 3729 1793 sunt
3766 1738 4012 1802 Erasmi,

2418 1810 2600 1909 Jacobi
2630 1813 2803 1881 Billii,
2833 1816 3086 1909 Get'mani
3115 1822 3315 1901 Bririi,
3355 1824 3683 1909 Sigismundi
3721 1828 3927 1885 Gelenii
3956 1818 4019 1886 et

2416 1901 2640 1960 aliorum
2668 1921 2775 1961 non
2802 1907 3086 1968 infeliciter
3106 1914 3380 1995 adornata:
3398 1959 3414 1985 ,
3442 1901 3634 1991 corrigi
3665 1932 3920 1991 possunt,
3953 1934 4018 1999 ut

2416 2009 2514 2049 nos
2538 1994 2706 2053 libere
2733 1997 2977 2070 fecimus,
3016 2005 3102 2059 ubi
3131 1992 3351 2064 necesse
3377 2009 3550 2065 visum
3580 2022 3681 2066 est.
3712 2014 3902 2069 Libros
3927 1993 4014 2069 ta;

2417 2101 2538 2141 men
2576 2087 2645 2144 de
2682 2088 3027 2161 Sacerdotio,
3073 2096 3195 2153 licet
3237 2126 3265 2153 ιι
3300 2099 3568 2159 Germano
3605 2104 3785 2161 Brixio
3824 2106 4017 2165 Latine

2417 2179 2657 2233 conversi
2686 2192 2897 2250 essent,
2939 2200 3073 2240 nova
3115 2188 3551 2268 interpretatione
3578 2194 3855 2254 donandus
3878 2182 4015 2254 ceu;

2414 2267 2652 2335 animus,
2691 2272 2814 2340 quia
2856 2274 3106 2332 nimirum
3126 2279 3227 2336 .ille
3259 2267 3605 2354 paraphrasin
3636 2281 3707 2343 ibi
3734 2288 3844 2345 fere
3867 2304 4016 2346 sem-

2417 2369 2510 2427 per
2535 2358 2803 2417 aii'ectavit
2822 2403 2838 2430 ,
2881 2366 3021 2436 quod
3056 2383 3227 2440 genus
3255 2372 3637 2444 interpretandi
3666 2379 3793 2435 viris
3822 2395 4014 2437 emun-

2422 2452 2697 2541 gernaris
2734 2451 3021 2512 admodum
3066 2458 3332 2531 diSplieet.
3367 2465 3442 2520 Ea
3482 2482 3643 2536 porro
3669 2484 3880 2541 semper
3914 2461 4016 2530 fuit

2414 2538 2640 2595 instituti
2685 2545 2854 2600 nostri
2887 2548 3060 2615 ratio,
3108 2559 3166 2605 ut
3205 2552 3605 2623 interpretando
3643 2538 3870 2617 mediam
3908 2555 4011 2620 ceu

2414 2629 2551 2697 viain
2576 2639 2881 2691 teneremus
2908 2639 3047 2694 inter
3065 2642 3609 2720 paraphrasticam,et
3637 2652 3917 2721 strigosam
3940 2655 4013 2710 il-

2416 2723 2518 2777 lam
2539 2724 2728 2793 aliam,
2752 2743 2873 2798 qua:
2902 2729 3087 2787 Graeca
3115 2729 3446 2804 pedetentim
3474 2749 3527 2795 ct
3558 2741 3722 2798 nimio
3752 2732 4013 2815 scrupulo

2413 2825 2767 2874 consectatur.

2418 2967 2445 3039 ᾗ
2476 2967 2565 3024 IX.
2594 3001 2665 3013 —
2696 2970 2773 3027 De
2796 2976 2974 3046 ordine
3002 2980 3280 3034 multarum
3306 2983 3436 3037 inter
3462 3000 3517 3052 se
3552 2986 3875 3043 homiliarum
3890 2991 4011 3061 jam

3078 3073 3326 3136 restituto.

2486 3194 2640 3253 Aliud
2673 3198 2724 3252 in
2770 3200 2869 3257 hac
2905 3202 3143 3260 editione
3172 3208 3519 3275 prmstitimus
3556 3227 3662 3283 non
3704 3213 3878 3275 mimis
3906 3231 4012 3291 nes

2410 3288 2722 3356 cessarium,
2754 3307 2853 3347 nec
2875 3297 3051 3349 minus
3071 3298 3138 3353 ad
3161 3298 3603 3371 Chrysostomum
3634 3288 4010 3363 illustrandum

2410 3388 2784 3451 opportunum,
2816 3383 2950 3438 Cum
2981 3401 3174 3457 nempe
3198 3382 3431 3446 Savilins‘
3460 3402 3514 3447 et
3551 3392 3749 3450 Fronto
3786 3383 4012 3454 Ducaeus

2411 3467 2606 3538 ubique
2632 3478 2896 3549 terrarum
2940 3478 3226 3546 perquisita
3258 3479 3311 3535 S.
3340 3480 3577 3537 doctoris
3605 3499 3767 3553 opera
3794 3486 4011 3543 confer-

2411 3553 2882 3631 tim'accipercnt,
2933 3581 3036 3620 non
3079 3572 3209 3642 satis
3246 3569 3531 3651 advertere
3570 3584 3855 3643 potuerunt
3897 3594 4009 3649 qua

2409 3648 2549 3702 serie
2583 3659 2638 3703 et
2676 3650 2863 3707 ordine
2898 3654 3076 3709 multa:
3105 3654 3340 3717 homilitn
3378 3648 3617 3717 locanda:
3651 3675 3865 3734 essent;
3907 3648 4010 3723 sed

2408 3737 2527 3792 illas
2565 3748 2623 3794 ut
2650 3738 2761 3795 fors
2787 3740 2991 3797 ferebat
3024 3744 3304 3825 locabant,
3344 3748 3414 3813 ab
3440 3750 3541 3817 iis,
3582 3767 3703 3834 qua:
3731 3770 3836 3809 una
3862 3742 4009 3815 serie

2405 3829 2870 3911 poni-debuerant
2894 3875 2909 3898 ,
2952 3833 3111 3907 longo
3153 3839 3327 3908 spatio
3368 3829 3685 3913 disjunctas.
3731 3845 3807 3901 Ea
3835 3848 3903 3903 de
3944 3864 4007 3906 re

2405 3934 2535 3975 vero
2561 3920 2635 3976 illi
2661 3922 2948 3993 aliquando
2976 3928 3027 3981 in
3064 3928 3212 3983 notis
3232 3938 3591 4004 monuerunt,
3625 3936 3711 3992 ubi
3739 3930 4004 3996 mutatum

2404 4025 2626 4081 operum
2663 4013 2824 4068 situm
2853 4014 3378 4089 animadverteram;
3410 4025 3605 4095 smpius
3644 4037 3820 4084 autem
3854 4021 4003 4087 illum
4046 4026 4050 4029 ’

2404 4113 2791 4187 prteposterum
2852 4106 3094 4163 ordinem
3147 4110 3452 4168 nullatenus
3495 4127 3797 4175 senserunt.
3850 4120 4003 4177 Illam

2403 4209 2533 4278 vero
2561 4198 2830 4269 pmpriam‘
2861 4199 3057 4255 seriem
3086 4218 3191 4257 non
3230 4219 3295 4261 ex
3326 4221 3646 4278 argumento
3677 4221 3879 4268 tantum
3914 4229 4005 4270 as-

2402 4283 2910 4373 sequi'possumus,
2955 4290 3049 4346 sed
3092 4294 3253 4349 etiam
3303 4296 3611 4366 frequenter
3653 4317 3723 4358 ex
3766 4300 4002 4376 Chryso-

2401 4380 2561 4435 stomi
2583 4382 2857 4450 prooemiis
2894 4368 2992 4436 ubi
3020 4385 3212 4453 prioris
3240 4387 3473 4445 homilite
3505 4389 3786 4463 bypotltesi
3812 4368 4003 4450 se'ad-

2402 4469 2507 4526 huc
2536 4471 2595 4537 in
2628 4472 2927 4542 posteriore
2954 4474 3159 4532 bterere
3199 4480 3533 4550 testificatur,
3562 4483 3644 4537 vel
3675 4485 3835 4540 etiam
3874 4500 3999 4541 cum

2401 4560 2596 4616 multas
2641 4574 2923 4619 enumerat
2947 4556 3096 4622 certo
3122 4561 3331 4635 ordine,
3352 4572 3539 4627 eadem
3575 4573 3643 4630 de
3672 4591 3728 4630 re
3763 4576 3997 4648 habitas.

2398 4649 2532 4706 Nam
2568 4652 2707 4708 solet
2735 4654 2827 4711 ille
2855 4666 3215 4727 argumentum
3268 4660 3409 4719 idem
3451 4663 3506 4719 in
3549 4665 3729 4720 multis
3758 4668 3997 4725 bomiliis

2400 4743 2762 4813 pertractare;
2794 4747 2865 4802 ita
2906 4756 2964 4802 ut
2987 4765 3108 4820 quae
3144 4750 3396 4809 dicuntur
3420 4754 3473 4809 in
3499 4754 3675 4827 aliqua
3702 4760 3994 4829 concione,

2398 4847 2518 4889 cum
2549 4846 2806 4906 sequente
2845 4838 3186 4908 coluereant,
3230 4853 3284 4898 et
3313 4844 3391 4900 sic
3434 4860 3557 4910 cum
3597 4848 3869 4920 pleriSque
3897 4866 3997 4920 po.

2396 4926 2713 4992 sterioribus
2742 4930 2891 5000 quasi
2929 4941 3177 4989 catenam
3214 4935 3468 4993 efﬁciant.
3502 4937 3626 4997 Haec
3650 4939 3994 5001 bomiliarum

2398 5018 2729 5087 perturbatio
2755 5022 2894 5093 apud
2918 5024 3173 5081 Savilium
3190 5068 3208 5096 ,
3238 5029 3333 5083 sed
3368 5031 3565 5101 saepius
3589 5034 3729 5103 apud
3758 5034 3993 5093 Fronto-

2398 5125 2519 5165 nem
2560 5112 2811 5167 Ducaeum
2855 5114 3191 5179 observatur.
3238 5119 3482 5177 Homilia:
3523 5124 3672 5180 verbi
3710 5127 3878 5188 gratia
3920 5128 3992 5184 de

2394 5201 2935 5274 lncomprehensibili
2954 5219 3009 5264 et
3032 5222 3219 5271 contra
3260 5214 3584 5282 Anomteos,
3628 5218 3835 5289 priores
3866 5221 3989 5290 qni-

2393 5294 2515 5350 dem
2560 5311 2661 5350 una
2704 5307 2759 5353 et
2801 5300 2974 5357 nativa
3015 5304 3155 5359 serie
3192 5313 3483 5374 ponuntur,
3528 5313 3621 5364 sed
3661 5311 3988 5382 poSteriores

2393 5386 2664 5444 distracta:
2707 5400 2832 5445 sunt
2873 5402 2930 5447 et
2974 5395 3169 5462 procul
3208 5388 3395 5465 positae
3442 5399 3494 5453 in
3543 5409 3774 5473 utroque
3815 5403 3985 5459 edito.

2392 5477 2531 5546 Quid
2573 5489 2751 5535 autem
2799 5482 2921 5537 hinc
2963 5482 3271 5542 detrimenti
3312 5499 3551 5561 emergat
3591 5491 3693 5548 hoc
3716 5494 3986 5564 \excmplo

2390 5571 2708 5639 comperies.
2753 5572 2996 5630 Halesius
3031 5576 3084 5630 in
3128 5576 3279 5633 Notis
3316 5579 3599 5637 Savilianis
3623 5598 3743 5638 eum
3771 5586 3986 5656 legisset

2392 5660 2672 5716 llomiliarn
2701 5662 2769 5720 de
2794 5663 2997 5725 Lazaro
3026 5669 3383 5738 quatriduano
3409 5682 3463 5728 et
3488 5672 3556 5730 de
3581 5675 3777 5733 Christi
3807 5678 3983 5747 preci-

2393 5754 2519 5817 bus.
2562 5771 2679 5825 qum
2723 5756 2859 5814 inter
2900 5759 3019 5817 il!as
3048 5772 3233 5821 contra
3262 5766 3549 5829 Anommos
3594 5767 3841 5836 homines
3872 5771 3980 5841 iam
