4234 6310
187 339 274 381 XVII

179 420 287 491 ποίη
315 439 652 500 numeratur,
680 432 828 487 illam
854 431 1243 501 Citrysostomo
1264 426 1625 496 abiudieavit:
1655 426 1747 497 qui

179 525 211 577 si
237 540 351 580 mox
371 524 595 593 legisset
623 524 770 577 illam
792 564 808 589 ,
839 536 958 592 qua:
981 520 1090 590 jam
1119 518 1243 574 huic
1269 518 1504 573 cohmret
1521 560 1537 585 ,
1566 528 1756 587 eStque

177 630 378 669 numero
400 612 646 679 decima,
690 629 722 667 a
752 613 845 668 tali
876 611 1015 665 haud
1052 610 1211 665 dubie
1235 608 1437 679 judicio
1461 608 1754 663 abstinuis-

177 714 259 762 set.
295 705 348 761 lu
376 705 477 760 hac
502 706 703 774 quippe
731 704 1049 773 posteriore,
1073 718 1192 773 qua:
1214 702 1349 756 nulli
1377 700 1477 755 fuit
1502 714 1755 770 umquam

177 798 448 867 ntspicioni
483 796 749 861 obnoxia,
791 794 978 851 eadem
1023 808 1169 863 saepe
1205 793 1399 873 repetit
1433 792 1760 863 Chrysosto—

177 905 303 954 ntus,
333 905 454 959 qua:
475 890 530 943 in
557 888 724 958 priori
748 887 978 954 dixerat,
1006 901 1171 956 seque
1196 885 1249 939 in
1275 883 1363 939 illa
1390 883 1588 938 dixisse
1606 896 1784 937 eom-'

176 989 446 1034 memorat.
490 979 691 1033 Verum
736 979 859 1049 quia
905 978 1050 1048 prior
1095 986 1243 1032 tomo
1284 976 1473 1046 quinto
1514 973 1759 1043 jacebat,

176 1070 430 1137 posterior
456 1083 587 1123 vero
612 1078 759 1123 tomo
785 1077 937 1123 sexto
965 1076 1085 1138 post
1107 1076 1367 1122 centenas
1390 1066 1558 1137 [erme
1588 1064 1760 1119 inter-

178 1160 385 1228 positas,
411 1174 520 1213 non
544 1158 779 1214 advertit
804 1157 1070 1223 Balesius,
1098 1158 1154 1212 in
1177 1157 1280 1212 hac
1298 1156 1581 1227 posteriori
1610 1155 1763 1225 prio-

176 1250 243 1303 ris
284 1248 616 1304 authentiam
660 1247 929 1303 asseri.ln
958 1247 1191 1303 editione
1240 1248 1437 1317 pariter
1478 1243 1769 1301 Frontonis

179 1340 344 1393 Durati
386 1338 472 1393 ha:
499 1338 737 1394 humilia:
780 1339 938 1408 longo
979 1338 1258 1393 inter-vallo
1296 1336 1579 1407 disjuneta:
1620 1342 1791 1389 sunt.-

178 1429 453 1499 \‘ulgatum
482 1443 615 1483 sane
656 1437 771 1495 est,
821 1444 941 1499 qua:
968 1428 1265 1499 peregrinis
1305 1428 1361 1482 in
1402 1427 1536 1482 locis
1560 1434 1771 1481 exstant

178 1522 512 1592 peregrinum
540 1521 723 1589 olere,
752 1532 807 1578 et
846 1536 1241 1593 quamcumque
1268 1537 1383 1577 rem
1426 1520 1639 1575 “Oﬁllisi
1671 1534 1773 1574 suo

179 1612 291 1665 loco
332 1626 460 1666 suas
488 1620 665 1681 partes
692 1612 915 1681 implere
952 1625 1131 1681 posse.
1175 1612 1364 1667 Parem
1407 1610 1772 1681 perturbatio-

182 1718 301 1758 nem
319 1704 692 1772 deprehendas
719 1704 772 1759 in
792 1703 1039 1760 Bomiliis
1064 1713 1252 1760 contra
1279 1704 1515 1770 Iudaeos,
1545 1719 1771 1774 quarum

181 1792 476 1847 secundam
544 1801 602 1849 et
677 1793 890 1850 tertiam
934 1794 1122 1865 quinto
1166 1805 1313 1851 temo
1351 1796 1530 1866 posuit
1570 1794 1774 1851 Fronto

184 1882 401 1945 Ducena
419 1925 439 1951 ,
465 1897 561 1938 sex
602 1898 734 1939 vero
773 1884 1007 1955 reliquas
1046 1884 1221 1955 primo
1265 1891 1413 1939 tomo
1436 1902 1450 1939 :
1476 1884 1618 1955 quod
1670 1884 1776 1939 nisi

180 1974 483 2034 advertatur
518 1982 776 2045 quantam
819 1974 874 2030 in
911 1975 1251 2045 chronologia
1282 1974 1453 2046 pariat
1489 1975 1773 2044 caliginem

181 2064 301 2122 vide
324 2060 399 2119 is
424 2064 476 2119 in
497 2064 703 2127 monitu
730 2064 1002 2137 nostrqad
1041 2064 1301 2121 Ilotnilias
1326 2052 1511 2120 contra
1536 2064 1773 2121 Judaeos.

183 2153 298 2216 Pari
321 2154 485 2218 modo
509 2155 794 2224 disiuncta:
818 2153 1031 2210 fuerant
1055 2154 1291 2211 homilias
1318 2163 1427 2211 tres
1451 2154 1523 2210 de
1556 2154 1778 2209 Diabolo

184 2251 475 2309 tentatore,
508 2257 644 2313 quas
672 2257 773 2299 suo
790 2243 981 2299 ordine
1011 2244 1067 2298 in
1092 2242 1193 2299 hac
1212 2243 1450 2299 editione
1478 2244 1765 2315 posuimus.

183 2331 304 2394 Παῖς
336 2333 389 2386 in
418 2331 594 2405 primo
622 2344 679 2387 et
697 2332 936 2387 secundo
962 2340 1131 2389 tumo.

247 2421 332 2477 Ex
360 2424 519 2477 tertio
548 2430 698 2478 tumo
733 2422 878 2477 aliud
906 2422 1210 2492 exemplum
1246 2422 1594 2493 proferimus.
1630 2422 1780 2478 Lon-

182 2529 297 2583 gam
361 2514 561 2568 seriem
613 2513 951 2585 ltomiliarum
1012 2513 1273 2569 habuerat
1324 2513 1739 2585 Chrysostomus
1761 2555 1777 2580 ,

181 2620 406 2675 quarum
432 2606 525 2661 ille
552 2605 796 2660 ordinem
818 2606 887 2660 ita
912 2605 1059 2661 clare
1084 2621 1191 2662 non
1219 2606 1389 2662 semel
1418 2607 1691 2673 enuntiat,
1719 2613 1779 2660 ut

183 2712 249 2762 pe
272 2697 361 2751 vel
402 2697 686 2778 minimum
721 2696 868 2752 dubii
902 2696 971 2752 de
1011 2696 1202 2753 ordine
1238 2712 1523 2768 superesse
1564 2698 1736 2769 possit
1762 2715 1797 2757 zu

184 2788 251 2850 ita
276 2802 408 2842 vero
434 2788 707 2857 disposita:
733 2797 890 2845 erant
914 2788 1019 2843 illa:
1043 2789 1331 2845 conciones
1349 2830 1367 2857 ,
1407 2797 1469 2844 ut
1512 2789 1793 2859 posterior

184 2876 379 2944 prioris
404 2891 622 2947 seraper
648 2887 1020 2948 argumentum
1049 2886 1482 2948 prosequeretur.
1511 2880 1783 2950 Erantque

185 2968 285 3030 illa:
310 2983 544 3024 numero
567 2984 788 3036 novem,
811 2985 1035 3040 quarum
1061 2971 1297 3042 quinque
1319 2972 1527 3042 priores
1550 2972 1604 3026 in
1624 2970 1784 3028 Prin-

186 3058 374 3123 cipiam
392 3059 1112 3129 Actormninseribehantur;
1134 3054 1362 3133 quatuor
1388 3072 1569 3118 autem
1599 3073 1784 3134 poste-

188 3148 359 3210 riores
398 3150 467 3201 de
495 3147 779 3204 Mutatione
806 3149 1120 3219 Nomium,
1149 3152 1432 3208 occasione
1470 3154 1785 3213 mutationis

189 3241 422 3297 nominis
458 3241 606 3297 Sauli
624 3242 679 3298 in
699 3242 943 3298 Paulum.
974 3244 1053 3299 Ex
1072 3244 1158 3299 his
1174 3260 1306 3303 vero
1329 3261 1521 3301 novem
1549 3246 1786 3307 homiliis

190 3342 309 3387 octo
338 3340 550 3388 tantum
582 3332 637 3388 in
658 3342 886 3405 utraque
905 3334 1139 3391 editione
1162 3346 1477 3408 comparent
1505 3356 1519 3391 :
1551 3338 1785 3394 secunda

191 3426 328 3487 enim
350 3425 658 3494 exciderat,
689 3442 808 3497 quae
830 3428 942 3499 jam
967 3438 1180 3499 reperta
1204 3438 1307 3484 est.
1326 3428 1461 3484 Octo
1474 3438 1652 3487 autem
1681 3430 1786 3486 illa:

193 3514 428 3579 humilis:
443 3525 591 3571 tomo
603 3517 789 3585 quinto
800 3517 1048 3576 editionis
1060 3518 1347 3573 Frontonia
1355 3535 1437 3573 me
1450 3520 1785 3584 exstant,sed

193 3606 460 3677 susdeque
488 3606 716 3678 positae:
745 3608 916 3677 prima
959 3624 1193 3680 namque
1227 3626 1350 3681 pag.
1381 3610 1489 3666 556.
1536 3611 1784 3684 habetur,

194 3697 429 3769 munda
469 3695 745 3757 exciderat
772 3709 829 3752 ut
865 3699 1134 3767 diximus,
1176 3701 1329 3755 tertia
1360 3717 1414 3772 p.
1445 3702 1577 3769 151,
1599 3711 1787 3771 quarta

194 3801 245 3859 ι).
269 3788 413 3854 582,
442 3789 710 3860 «ιυὶηςεικρ.
744 3790 869 3854 851,
900 3800 1051 3844 sexta
1079 3805 1132 3860 p.
1162 3791 1288 3858 5M,
1316 3792 1539 3861 septima
1568 3808 1621 3861 p.
1654 3792 1781 3859 850,

192 3889 378 3945 octava
400 3896 457 3951 p.
493 3879 616 3945 164,
640 3894 778 3941 nona
804 3897 860 3952 p.
888 3872 1014 3945 568.
1039 3881 1207 3951 Major
1229 3881 1404 3937 adhuc
1427 3882 1630 3937 ordinis
1661 3898 1787 3952 per-.-

196 3974 427 4040 turbatio
454 3973 511 4027 in
543 3974 778 4028 editione
803 3974 1070 4046 Saviltana
1100 3973 1559 4044 deprehenditur:
1591 3976 1644 4029 in
1682 3990 1789 4046 qua

194 4065 427 4120 homilias
454 4065 573 4119 ista:
604 4066 764 4119 variis
785 4065 837 4118 in
866 4066 1023 4118 tomis
1050 4064 1319 4120 distracta:
1346 4073 1401 4119 et
1425 4075 1685 4135 separata:
1714 4065 1791 4121 Ιοτ

192 4165 406 4223 guntur.
437 4154 583 4209 Cave
621 4164 800 4209 autem
827 4153 879 4208 id
905 4154 987 4208 vel
1028 4154 1227 4209 Savilio
1253 4155 1337 4209 vel
1376 4154 1634 4212 Frontoni
1662 4155 1789 4211 vitio

176 4258 370 4319 vertas
403 4264 419 4301 :
460 4262 589 4302 nam
630 4248 1035 4317 pmperantibus
1082 4247 1444 4318 typographia:
1490 4247 1671 4317 operis
1707 4247 1790 4313 ha;

194 4339 427 4393 humilia:
453 4336 746 4408 separatim
791 4338 1152 4399 accedebant,
1197 4353 1371 4408 neque
1399 4336 1625 4392 fortasse
1668 4353 1793 4409 spa-

195 4430 318 4501 tium
360 4438 482 4485 erat
525 4430 594 4484 ad
624 4446 807 4493 earum
836 4426 1245 4485 restaurandum
1282 4430 1549 4484 ordinem.
1591 4430 1648 4484 In
1688 4428 1790 4485 hac

196 4536 319 4588 vero
348 4532 540 4575 nostra
565 4519 801 4576 editione
831 4522 912 4576 lue
939 4536 1129 4576 novem
1158 4522 1390 4576 homilim
1418 4522 1565 4594 (nam
1592 4504 1790 4578 secun-

194 4608 285 4675 da,
329 4626 455 4680 qua:
490 4609 722 4675 latebat,
763 4626 828 4665 ex
871 4611 1106 4666 tenebris
1146 4612 1402 4683 emersit)
1431 4628 1529 4667 suo
1564 4613 1787 4682 ordine,

193 4700 327 4753 duce
372 4698 798 4769 Cbrysoslomo,
845 4700 899 4754 in
946 4701 1105 4755 tertio
1140 4710 1289 4756 tomo
1335 4713 1622 4773 ponentur,
1666 4719 1788 4759 cum

196 4791 398 4858 prmvio
422 4789 646 4855 Muttito,
665 4790 751 4844 ubi
771 4791 909 4845 idem
930 4791 1043 4862 ipse
1066 4792 1199 4851 ordo
1224 4804 1281 4848 ut
1299 4794 1564 4865 genuinus
1587 4796 1793 4867 perspi-

194 4893 289 4943 cue
328 4888 627 4935 asseretur.
678 4881 914 4936 Plurima
960 4884 1064 4937 alia
1096 4884 1335 4952 proferre
1379 4900 1659 4955 possemus
1688 4886 1791 4940 hu-

194 4968 426 5047 iusmodi
471 4969 895 5040 perturbationis
909 4975 1174 5041 exempla,
1198 4974 1291 5029 sed
1320 4974 1435 5030 bace
1461 4976 1511 5029 in
1543 4976 1792 5047 prcesenti

196 5042 323 5113 satis
372 5066 568 5127 erunt;
598 5072 791 5116 extera
816 5063 1025 5118 erudito
1057 5063 1242 5120 lectori
1268 5066 1324 5120 in
1363 5042 1793 5136 operis’decursu
1826 5086 1829 5090 ·

199 5150 535 5207 observanda
560 5153 933 5224 relinquimus.

202 5260 231 5333 ς
259 5262 326 5317 Χ.
348 5293 424 5303 —
452 5262 532 5317 De
548 5265 899 5318 distributione
918 5275 1167 5319 tentarunt
1188 5267 1241 5320 in
1266 5268 1532 5321 Saeitiana
1551 5276 1597 5322 et
1624 5266 1795 5323 Fron-

747 5357 955 5408 tmu'ana
983 5354 1245 5412 Editt'one.

264 5464 385 5522 lam
412 5466 478 5521 ad
508 5466 753 5520 ordinem
784 5474 841 5521 et
862 5466 1292 5523 distributionem
1322 5478 1587 5524 tomorum
1618 5470 1794 5540 Chry-

200 5555 426 5610 snstomi
449 5550 766 5611 veniamus:
798 5572 902 5627 qua
933 5558 985 5611 in
1018 5572 1078 5613 re
1104 5560 1223 5629 plus
1250 5559 1389 5615 inest
1430 5560 1794 5627 difﬁcultatis,

200 5660 359 5721 quam
388 5646 548 5717 vulgo
587 5648 864 5702 credatur.
904 5648 1087 5719 Longe
1128 5651 1395 5706 diversam
1444 5646 1795 5709 distribuendi

198 5738 503 5796 metbodum
546 5740 762 5813 sequuti
791 5750 914 5797 sunt
944 5742 1170 5799 Savilius
1194 5752 1248 5800 et
1290 5744 1499 5803 Fronto
1524 5747 1751 5802 Buequ
1772 5766 1785 5816 ;

1599 310 1984 370 PREFATIO.

3328 328 3451 368 ινιη

1863 436 2052 485 neuter
2077 436 2254 484 tamen
2297 429 2467 500 potuit
2506 444 2659 494 eam,
2700 444 2860 501 quam
2908 426 3007 484 sibi
3034 429 3453 501 prmseripsetgat,

1865 535 2108 575 normam
2126 520 2376 577 retinere.
2399 520 2542 575 Duas
2563 535 2691 591 vero
2708 521 2759 575 in
2784 530 2962 590 partes
2982 529 3203 591 possunt
3222 519 3277 576 S.
3298 521 3459 587 Joan-

1865 612 1949 667 nis
1975 611 2344 682 ChrysoStomi
2387 626 2548 679 opera
2578 612 2876 682 generatim
2920 609 3173 681 distingui
3201 653 3213 664 .
3246 611 3297 664 in
3328 627 3461 686 opu—

1864 703 2011 757 scula
2029 701 2294 766 videlicet,
2309 710 2365 757 et
2389 701 2441 756 in
2472 701 2886 777 commentarios
2903 700 3127 767 inVetus
3148 700 3226 755 No
3239 705 3464 774 rumque

1868 793 2295 849 Testamentum.
2342 792 2572 849 Savilius
2608 791 3024 847 commentarios
3054 790 3226 861 primo
3251 792 3462 860 posuit,

1870 884 1904 938 ii
1932 898 2062 939 vero
2102 893 2330 953 quatuor
2354 883 2554 953 primos
2582 892 2758 937 tomos
2785 891 3079 951 occupant;
3124 881 3381 951 Opuscula
3414 882 3464 936 iu

1870 976 2217 1046 sequentibus
2260 976 2419 1031 tomis
2467 976 2743 1040 locantur;
2794 975 2845 1029 in
2888 976 3075 1045 quinto
3124 990 3317 1045 nempe
3364 976 3465 1043 hoc

1871 1067 2016 1120 ritu:
2050 1066 2106 1120 1°
2129 1066 2419 1121 Sermones
2460 1066 2513 1119 in
2556 1065 2671 1121 loca
2713 1080 2880 1120 sacra:
2912 1050 3222 1133 Scriptum.
3252 1064 3311 1118 2°
3335 1064 3467 1120 Ser-

1871 1172 2062 1212 mones
2107 1158 2406 1230 panegyrici
2463 1154 2801 1214 Sanctorum.
2854 1156 2911 1213 5⁸
2960 1157 3249 1213 Sermones
3290 1158 3465 1228 dubize

1874 1248 1996 1303 ﬁdei
2050 1249 2102 1303 in
2144 1250 2259 1304 loca
2303 1265 2469 1305 sacras
2517 1250 2826 1320 Scriptum.
2874 1250 2933 1305 4°
2960 1250 3247 1306 Sermones
3300 1250 3460 1323 pane-

1872 1340 2038 1411 gyrici
2082 1340 2257 1395 dubiae
2307 1340 2453 1395 ﬁdei.
2512 1342 2569 1396 ln
2599 1330 2753 1397 sexto
2795 1352 2973 1397 autem
3024 1350 3169 1399 tonio
3199 1344 3301 1419 gl“
3331 1343 3466 1407 Tra-

1874 1439 2061 1486 cattus:
2086 1431 2238 1486 varii.
2285 1431 2349 1485 2°
2376 1431 2452 1486 De
2498 1430 2700 1486 Statuis
2741 1432 3011 1489 orationes
3060 1447 3163 1486 una
3197 1442 3250 1488 et
3295 1433 3468 1505 vigin-

1878 1524 1950 1588 ti,
2000 1539 2134 1592 quas
2181 1532 2479 1593 sequuntur
2521 1523 2612 1577 alii
2640 1539 2919 1593 sermones
2969 1525 3098 1578 varii
3146 1526 3469 1597 argumenti.

1876 1615 1934 1667 5°
1974 1614 2257 1671 Orationes
2304 1630 2369 1670 ex
2418 1614 2580 1669 variis
2623 1613 2991 1685 Chrysostomi
3034 1616 3167 1671 locis
3202 1615 3458 1669 consarci-

1880 1713 2039 1771 nata‘,
2070 1707 2570 1773 (ιιιζιδ’Δ⁹πσινθίσματα
2596 1720 2693 1760 seu
2713 1702 2997 1776 Florilegia
3018 1713 3232 1762 vocant.
3264 1704 3321 1759 4⁸
3342 1703 3463 1775 Ora-

1882 1794 2054 1849 tiones
2100 1794 2344 1863 quazdam
2389 1796 2654 1867 ambiguae
2694 1796 2851 1852 ﬁdei.
2897 1796 2956 1851 ln
3003 1805 3150 1852 tomo
3199 1798 3479 1877 septimo:

1885 1888 1938 1942 l°
1970 1887 2256 1957 Epistoke,
2286 1888 2580 1958 praemissis
2606 1887 2815 1946 duabus
2857 1888 3188 1954 orationibus
3216 1904 3351 1960 quas
3376 1904 3474 1957 ett-
3498 1917 3501 1923 ι

1882 1979 1986 2032 silii
2020 1981 2101 2033 sui
2133 1987 2372 2049 tempore
2409 1979 2828 2059 Chrysostomus
2864 1980 3062 2046 emisit.
3106 1979 3165 2047 2°
3190 1979 3381 2059 Spuria
3425 1980 3481 2045 in

1883 2069 1998 2125 loca
2067 2070 2379 2141 Scripturce.
2436 2058 2496 2126 δ’
2534 2060 2841 2137 Sermones
2910 2071 3216 2143 panegyrici
3287 2071 3477 2141 spurii.

1883 2162 1940 2217 4°
1965 2162 2248 2218 Tractatus
2277 2163 2409 2218 varii
2430 2163 2618 2234 spurii.
2650 2162 2716 2218 5°
2734 2162 3020 2220 Orationes
3039 2163 3283 2233 qumdam
3311 2162 3453 2217 antbi

1882 2267 2001 2324 gum
2032 2252 2174 2307 ﬁdei.
2204 2253 2262 2307 6°
2284 2252 2571 2323 Florilegia
2598 2251 2969 2324 Chrysostomi
2996 2266 3027 2306 a
3057 2252 3343 2314 Theodoro
3369 2252 3481 2305 Bla-

1885 2328 2052 2414 gistro
2093 2344 2341 2399 collecta.
2389 2345 2445 2397 7°
2485 2343 2769 2399 Orationes
2816 2343 3061 2413 qumdam
3110 2342 3481 2423 Cbrysoslomi

1886 2435 2095 2491 Latine.
2114 2436 2171 2491 lu
2192 2445 2383 2493 octavo
2404 2445 2585 2492 tomo:
2617 2436 2667 2491 ί·
2685 2436 2968 2492 Orationes
2988 2435 3231 2508 qumdam
3264 2436 3315 2489 in
3345 2451 3483 2504 prm-

1885 2527 2202 2584 cedentibus
2240 2529 2400 2582 tomis
2438 2528 2674 2583 omissae.
2702 2527 2761 2581 2°
2794 2526 2940 2583 Varii
2969 2512 3259 2597 scriptores
3287 2526 3357 2582 de
3379 2525 3483 2581 vita

1886 2618 2109 2674 Joannis
2134 2618 2535 2690 Cbrysoslomi,
2568 2626 2624 2674 et
2653 2617 2801 2674 initia
2832 2618 3073 2674 omnium
3114 2616 3483 2690 Cbrysoslomi

1885 2710 2227 2777 orationum,
2270 2724 2335 2765 ac
2374 2718 2563 2781 postea
2609 2710 2980 2787 epistolarum.
3031 2710 3089 2776 δ’
3117 2709 3269 2764 Nota:
3297 2708 3483 2773 Savilii

1888 2812 1943 2859 et
1971 2801 2200 2856 aliorum
2225 2802 2277 2856 in
2306 2803 2483 2855 omnia
2526 2801 2583 2858 S.
2608 2799 2833 2857 Joannis
2869 2799 3244 2873 Cbrysoslomi
3264 2814 3437 2870 .Opera
3466 2817 3481 2855 :

1887 2909 2007 2966 quae
2038 2901 2178 2947 nota:
2202 2891 2490 2947 maximam
2515 2891 2695 2947 octavi
2723 2891 2851 2946 tomi
2879 2900 3083 2962 partem
3112 2900 3398 2961 occupant.

1978 2983 2161 3056 Longe
2218 2984 2378 3038 aliam
2438 2982 2790 3038 distribuendi
2856 2981 3167 3037 metbodum
3225 2990 3485 3052 sequutus

1892 3076 2095 3133 Fronto
2143 3077 2388 3143 Duca'us,
2422 3076 2595 3147 primo
2621 3085 2767 3131 tomo
2792 3075 2969 3146 posuit
2997 3075 3251 3145 opuscula
3296 3074 3482 3153 multa,

1888 3183 2044 3223 orsus
2072 3166 2405 3223 abllomiliis
2448 3165 2517 3222 ad
2546 3166 2796 3237 populum
2835 3165 3232 3222 Antiocbcnum
3280 3166 3331 3220 in
3362 3164 3485 3224 Sla-

1892 3271 2029 3327 tuas,
2053 3260 2247 3330 quibus
2279 3259 2518 3315 subdidit
2553 3260 2656 3314 alia
2694 3259 2948 3330 opuscula
2985 3259 3117 3314 varii
3146 3259 3443 3329 argumenti
3470 3274 3484 3323 ;

1892 3360 2002 3407 tum
2044 3367 2325 3408 sermones
2369 3353 2739 3424 panegyricos,
2773 3352 3019 3407 homilias
3046 3351 3114 3408 de
3142 3352 3487 3419 Pmnitentia,

1892 3442 2058 3496 libros
2088 3442 2156 3507 de
2199 3441 2332 3497 Fato
2352 3483 2367 3509 ,
2395 3451 2446 3498 ct
2487 3442 2591 3496 alia
2640 3457 2829 3513 pauca.
2868 3441 3070 3497 Horum
3101 3443 3334 3499 maxima
3366 3458 3489 3513 pars

1897 3533 2211 3602 Antiocbim,
2230 3549 2331 3589 nec
2356 3534 2457 3589 nisi
2474 3533 2792 3605 paucissima
2802 3533 3265 3605 Constantinopoli
3293 3534 3487 3590 emissa

1892 3635 2033 3680 sunt.
2065 3626 2121 3680 In
2170 3627 2411 3682 secundo
2438 3635 2615 3693 tomo,
2648 3627 2905 3683 Homilias
2932 3642 3027 3682 seu
3057 3627 3488 3683 Commentarios

1892 3716 1946 3772 in
1966 3716 2217 3773 Genesim
2242 3734 2258 3785 ;
2296 3728 2347 3776 et
2375 3729 2558 3789 postea
2601 3719 2812 3789 aliquot
2844 3718 3091 3773 homilias
3118 3720 3170 3773 in
3200 3719 3364 3774 Vetus
3388 3719 3490 3774 Te-

1894 3819 2244 3879 stamentum,
2269 3811 2319 3889 in
2343 3810 2490 3867 varia
2517 3810 2718 3866 scilicet
2734 3810 2860 3865 hinc
2884 3821 2940 3866 et
2968 3809 3091 3865 inde
3112 3819 3323 3881 sumpta
3351 3811 3487 3864 loca.

1895 3904 1950 3958 In
1984 3904 2141 3959 tertio
2180 3912 2326 3958 tumo
2357 3903 2613 3959 Homilias
2655 3918 2750 3959 seu
2785 3902 3214 3959 Commentarios
3255 3903 3305 3956 in
3342 3903 3490 3955 l’sal-

1895 4012 2053 4064 mos,
2085 4006 2269 4067 postea
2312 3996 2768 4051 Commentarium
2819 3995 2870 4050 in
2918 4004 3041 4050 octo
3083 3996 3255 4064 capita
3302 3995 3488 4049 lsaize:

1897 4088 1995 4143 sub
2035 4088 2149 4144 haec
2174 4087 2431 4143 llomilias
2461 4089 2512 4142 in
2552 4088 2730 4142 varios
2758 4087 3003 4143 Psalmos
3030 4101 3124 4142 seu
3158 4086 3483 4142 Psalmorum

1898 4188 2095 4249 partes.
2148 4181 2203 4235 In
2233 4190 2425 4251 quarto
2473 4190 2619 4235 tomo
2657 4180 2824 4235 libros
2863 4182 2928 4236 de
2972 4179 3287 4236 Sacerdotio
3314 4196 3327 4233 :
3359 4195 3493 4250 quos

1895 4281 2194 4343 sequuntur
2218 4272 2433 4343 quidam
2490 4271 2609 4327 libri
2648 4271 2865 4328 ascetiei
2913 4272 3171 4327 adversus
3219 4286 3466 4343 uppngna

1901 4374 2043 4419 tores
2068 4364 2191 4418 vitae
2215 4364 2551 4430 monasticzn,
2580 4363 2647 4418 ad
2670 4363 3019 4428 Demetrium,
3041 4362 3107 4417 ad
3132 4362 3487 4428 Stelet-hitnn,

1896 4459 1961 4513 ad
1989 4459 2273 4529 Stagirium
2298 4500 2313 4523 ,
2361 4458 2428 4513 de
2468 4457 2923 4523 subintroductis,
2967 4465 3078 4511 tum
3108 4457 3208 4511 alia
3249 4455 3494 4525 qumdam

1898 4565 2060 4620 opera
2088 4550 2395 4620 permixtim
2422 4548 2586 4614 edita,
2618 4548 2826 4619 liturgia
2852 4547 3223 4621 Cbrysoslomi
3255 4548 3496 4613 nomine,

1899 4643 2399 4714 epistolze,demum
2427 4642 2519 4698 alii
2548 4641 2763 4713 quidam
2794 4641 2955 4696 libelli
2996 4636 3145 4696 citra
3188 4641 3360 4696 locum
3400 4656 3495 4710 po.-

1898 4737 2008 4799 siti.
2032 4736 2156 4805 quia
2201 4736 2405 4790 tardius
2433 4742 2788 4790 accesserant.
2823 4733 2880 4788 In
2920 4735 3109 4803 quinto
3138 4743 3284 4789 tomo
3315 4735 3493 4788 homi-

1901 4829 1999 4883 lias
2026 4828 2193 4884 edidit
2224 4828 2279 4883 in
2309 4828 2453 4882 varia
2499 4826 2629 4881 Novi
2659 4825 2988 4881 Testamenti
3021 4825 3159 4893 loca,
3186 4836 3295 4879 tum
3329 4841 3494 4895 pane-

1898 4920 2113 4991 gyricos
2139 4934 2414 4973 sermones
2442 4918 2493 4971 in
2518 4918 2882 4972 solemnitates
2908 4916 3129 4983 Christi,
3152 4924 3207 4972 et
3233 4917 3283 4970 in
3316 4916 3502 4981 divum

1903 5011 2150 5077 Paulum,
2181 5009 2396 5065 demum
2424 5010 2692 5063 orationes
2723 5019 2777 5064 et
2796 5008 3051 5079 opuscula
3086 5009 3314 5079 plurima
3346 5020 3496 5064 extra

1901 5102 2075 5157 locum
2107 5101 2298 5171 posita,
2327 5101 2450 5170 quia
2480 5099 2686 5155 tardius
2715 5099 2872 5154 allata
2910 5108 3056 5154 sunt.
3090 5097 3146 5154 ln
3173 5110 3327 5155 sexto
3355 5110 3498 5154 tmno

1903 5191 2152 5246 homilias
2179 5191 2389 5259 spurias
2439 5189 2667 5253 locavit,
2713 5204 2848 5260 quas
2888 5198 3184 5259 sequuntur
3215 5188 3496 5259 Florilegia

1903 5299 1969 5339 ex
1998 5284 2160 5337 variis
2181 5281 2552 5353 Cbrysoslomi
2583 5280 2936 5335 orationibus.
2970 5279 3046 5333 Eo
3068 5288 3244 5335 autem
3272 5280 3499 5334 consilio

1906 5375 2131 5430 Ducmus
2174 5373 2424 5427 homilias
2470 5372 2526 5427 in
2556 5373 2703 5426 varia
2740 5371 2871 5426 Novi
2910 5370 3237 5426 Testamenti
3285 5371 3401 5426 loca
3448 5372 3500 5425 in

1903 5467 2148 5538 quintum
2176 5473 2377 5519 tomum
2405 5463 2658 5534 rejecisse
2704 5463 2933 5528 videtur,
2962 5472 3020 5518 ut
3050 5478 3168 5532 qua:
3196 5462 3260 5515 ad
3294 5461 3498 5516 Novum

1904 5559 2304 5613 Testamentum
2335 5554 2692 5627 pertinebant,
2722 5563 2842 5624 post
2871 5553 3286 5609 commentarios
3317 5552 3369 5606 in
3400 5551 3500 5607 Ve-

1907 5662 1991 5707 tus
2019 5651 2423 5706 Testamentum
2477 5650 2653 5703 locum
2701 5648 2995 5703 baberent:
3035 5646 3184 5717 quasi
3216 5660 3343 5700 vero
3380 5654 3499 5699 tau-

1910 5756 2015 5803 tam
2045 5745 2357 5801 afﬁnitatem
2398 5759 2515 5799 eum
2561 5743 2961 5799 commentariis
3002 5742 3227 5798 habeant
3270 5738 3497 5797 humilia:
