4234 6310
720 299 804 337 xix
1968 287 2028 342 ἢ.
2073 288 2130 342 Β.
2174 286 2263 341 DE
2303 287 2347 341 Μ

2447 287 2763 343 TFAUCON
3914 282 3986 323 Π

722 401 847 460 illae,
878 415 993 469 qua:
1019 415 1058 455 a.
1078 400 1322 470 quapiam
1350 400 1639 473 Scripturzn
1668 415 1834 455 sacrae
1874 402 2107 456 clausula
2149 417 2303 471 argu-

722 501 957 546 mentum
990 503 1317 549 mutuantur.
1340 482 1498 549 Certe
1524 494 1567 548 si
1604 493 1904 562 huiusmodi
1937 495 2185 550 bomilias
2207 512 2302 563 pro

722 584 1118 636 commentariis
1151 583 1440 639 habeamus
1466 627 1481 650 ,
1514 600 1621 638 non
1671 600 1851 660 pauca:
1890 585 2223 654 reperientur
2248 587 2301 639 in

722 674 893 742 primo
923 684 1063 729 tomo
1092 674 1319 730 bomiliae
1365 675 1698 745 hujusmodi,
1726 695 1789 732 ex
1822 678 1952 733 Novi
1980 677 2302 735 Testamenti

718 765 969 819 clausulis
987 775 1356 838 argumentum
1387 778 1705 830 mutuantcs.
1728 786 1847 841 quae
1876 782 1999 827 ante
2020 771 2304 826 Commen-

730 856 893 911 tarios
924 858 973 911 in
1000 857 1249 913 Genesim
1294 871 1346 914 et
1395 861 1445 913 in
1480 862 1639 916 Vetus
1670 863 2069 918 Testamentum
2096 864 2162 918 ab
2190 863 2306 931 ipso

723 947 993 1003 Frontone
1009 952 1192 1020 posita:
1210 950 1441 1007 fuerunt.
1459 955 1532 1009 Ex
1557 955 1712 1010 dictis
1730 956 2145 1026 liquetsummos
2166 957 2306 1009 viros

724 1038 978 1095 Savilium
1006 1052 1058 1096 et
1095 1044 1340 1099 Duemum
1372 1046 1423 1098 in
1464 1045 1828 1105 concinnanda
1865 1062 2091 1115 operum
2140 1056 2194 1101 et
2225 1055 2309 1099 tos

723 1142 931 1185 morum
961 1129 1333 1188 distributione
1384 1150 1487 1188 non
1536 1151 1719 1205 parum
1771 1137 2097 1191 laboravisse
2143 1156 2155 1191 :
2208 1137 2305 1190 etsi

720 1222 918 1290 quippe
959 1223 1008 1276 id
1036 1240 1099 1279 ex
1126 1226 1347 1282 arbitrio
1377 1236 1431 1281 ut
1463 1226 1748 1296 plurimum
1791 1228 2026 1299 pendere
2068 1238 2299 1299 putetur,

724 1328 827 1367 non
863 1314 931 1368 ita
964 1314 1117 1371 facile
1145 1328 1231 1371 est.
1263 1319 1327 1373 ad
1357 1319 1578 1375 aliorum
1609 1320 1858 1388 placitum
1889 1330 2087 1375 tantam
2128 1320 2304 1389 supel-

723 1402 955 1459 lectilem
985 1405 1258 1461 ordinare.
1304 1407 1422 1462 Jam
1450 1410 1758 1464 monuimus
1786 1425 1884 1465 nec
1924 1409 2179 1465 Savilium
2213 1424 2311 1463 nec

724 1495 973 1549 liuereum
992 1512 1147 1566 quem
1178 1498 1275 1551 sibi
1297 1500 1687 1568 praestituerant
1708 1500 1947 1555 ordinem
1976 1515 2188 1555 servare
2212 1516 2309 1568 po-

726 1588 896 1641 tuisse
926 1605 940 1639 :
970 1589 1091 1659 quia
1125 1600 1239 1659 post
1269 1590 1439 1650 editas
1479 1592 1772 1660 cujttspiam
1805 1593 2103 1661 argumenti
2136 1591 2310 1645 homi-

730 1680 826 1731 Iias
860 1680 1235 1748 inexspectatae
1280 1681 1397 1734 alire
1444 1682 1682 1749 ejusdem
1739 1682 2035 1748 argumenti
2073 1695 2314 1735 accesse-

726 1778 867 1823 runt.
902 1770 1033 1824 llinc
1054 1781 1154 1833 est,
1182 1771 1322 1841 quod
1354 1770 1493 1839 apud
1520 1771 1777 1825 Savilinm
1809 1771 1973 1824 multa
2004 1770 2055 1824 in
2086 1770 2312 1839 septimo

729 1873 778 1913 et
808 1872 997 1915 octavo
1028 1871 1173 1915 tome
1226 1864 1580 1931 reperiantur,
1612 1878 1729 1930 qua:
1771 1862 1837 1916 ad
1872 1862 2040 1931 quinti
2082 1870 2137 1915 et
2175 1861 2311 1919 sexti

736 1952 931 2006 seriem
958 1953 1311 2020 pertinebant.
1334 1954 1642 2023 Pariterque
1671 1952 1872 2007 Fronto
1894 1953 2114 2008 Ducaeus
2143 1952 2317 2020 aliqua

731 2045 780 2096 in
822 2055 1030 2113 qu:irto.
1060 2060 1179 2113 quae
1224 2045 1379 2113 primi
1413 2047 1539 2098 tomi
1573 2054 1735 2108 sunt;
1773 2046 1936 2098 multa
1982 2043 2230 2098 similiter
2259 2043 2313 2096 in

731 2135 934 2201 quinto,
962 2150 1081 2204 qua:
1109 2135 1189 2189 vel
1220 2135 1284 2189 ad
1318 2135 1550 2204 primum
1576 2136 1658 2191 vel
1704 2134 1773 2189 ad
1818 2144 2065 2206 quartum
2111 2142 2320 2203 Specta-

733 2226 876 2291 baut,
910 2227 1164 2295 reposuit.

732 2315 759 2385 ς
787 2316 877 2368 XI.
905 2344 977 2356 -
1020 2315 1098 2369 De
1126 2316 1475 2370 distributione
1501 2326 1750 2375 tantorum
1785 2318 1838 2370 in
1868 2326 2041 2371 nostra
2066 2316 2319 2370 Editione.

803 2404 947 2459 Ordo
998 2406 1212 2472 Savitii,
1266 2408 1355 2475 qui
1406 2406 1577 2475 primo
1622 2408 1738 2473 loco
1789 2408 2219 2462 Commentarios
2267 2406 2317 2458 in

735 2497 1060 2569 Scripturam
1119 2499 1316 2567 posuit,
1346 2500 1682 2568 quantumvis
1734 2500 2038 2567 placuisset,
2070 2514 2176 2551 non
2232 2512 2324 2564 po-

737 2602 874 2645 terat
901 2607 929 2643 a
960 2591 1115 2645 nobis
1141 2592 1383 2660 usurpari
1405 2592 1514 2644 hac
1550 2590 1619 2645 de
1650 2605 1810 2645 causa
1846 2609 1857 2643 :
1892 2589 2323 2645 Commentarios

739 2686 793 2739 in
824 2684 1066 2740 Psalmos
1090 2685 1208 2755 plus
1243 2700 1399 2754 quam
1422 2683 1638 2751 dimidia
1668 2682 2007 2736 homiliarnm
2034 2690 2184 2751 parte
2212 2696 2328 2734 mn-

743 2776 867 2830 tilns
899 2776 962 2829 ad
1000 2785 1236 2828 nostram
1270 2774 1513 2843 pervenit
1539 2782 1773 2827 :etatem.
1815 2773 1949 2843 Spes
1988 2783 2165 2826 autem
2216 2781 2330 2825 erat

744 2882 839 2921 nos
885 2882 952 2921 ex
982 2865 1216 2920 bomiliis
1243 2866 1345 2920 illis
1383 2865 1675 2934 deperditis
1714 2881 1817 2919 non
1851 2880 2045 2935 paucas
2072 2881 2136 2919 ex
2176 2874 2326 2918 tene-

743 2957 852 3011 bris
881 2956 1163 3009 educturos
1184 2972 1305 3011 esse
1331 2974 1343 3009 :
1378 2971 1568 3027 resque
1590 2956 1697 3026 jam
1729 2957 1887 3012 cessit
1908 2972 1973 3010 ex
2005 2966 2127 3011 voto
2160 2972 2331 3019 rnatu

746 3057 802 3100 nt
825 3057 945 3099 ante
977 3048 1287 3113 narrabam,
1339 3063 1441 3103 una
1479 3058 1531 3101 et
1578 3047 1790 3117 triginta
1836 3047 2067 3100 bomilim
2112 3049 2333 3101 sincera:

748 3141 799 3191 in
833 3138 1017 3208 Anglia
1040 3148 1264 3207 repertae
1288 3147 1438 3205 sunt,
1464 3155 1685 3208 quarum
1714 3140 1933 3193 alteram
1980 3148 2181 3208 partem
2224 3140 2334 3208 jam

748 3233 1065 3301 exscriptam
1093 3240 1270 3298 teneo,
1298 3233 1526 3288 alteram
1551 3243 1821 3303 exspecto.
1854 3233 2045 3303 Neque
2070 3244 2335 3301 postrema

751 3326 990 3380 fortassis
1036 3325 1139 3379 erit
1187 3324 1274 3379 il'a
1324 3327 1594 3390 accessio;
1658 3342 1776 3378 nam
1828 3325 2061 3394 reliquas
2114 3328 2338 3377 amissas

756 3418 867 3487 pari
920 3415 1097 3470 studio
1144 3417 1535 3485 pcrquirimus,
1603 3426 1656 3469 et
1723 3416 1877 3486 fugax
1955 3431 2126 3467 :cvmn
2197 3430 2339 3481 Stepe

754 3510 878 3579 quid
926 3511 1178 3577 importat
1229 3510 1371 3563 novi.
1421 3509 1475 3564 Si
1531 3525 1656 3564 vero
1709 3523 1740 3567 a
1789 3507 2187 3563 commentariis
2232 3522 2341 3561 ete-

758 3602 1060 3673 pissemus,
1112 3600 1367 3670 quidquid
1428 3602 1478 3654 in
1538 3602 1777 3655 Psalmos
1831 3602 1951 3654 novi
2002 3615 2340 3655 accessurum

757 3701 871 3745 erat
898 3734 912 3755 ,
944 3700 1093 3745 extra
1124 3691 1364 3745 ordinem
1393 3703 1445 3745 et
1478 3692 1649 3745 locum
1684 3691 1981 3760 proprium,
2016 3705 2211 3759 magno
2234 3690 2341 3743 sci-

759 3784 878 3836 licet
908 3798 1027 3835 cnm
1073 3782 1385 3851 dispendio,
1431 3782 1704 3851 iacuisset.
1759 3781 1909 3835 llune
1950 3795 2079 3848 ergo
2123 3795 2347 3851 cperunt

760 3884 1130 3942 tomorumque
1176 3872 1417 3926 ordinem
1445 3914 1460 3937 ,
1501 3887 1557 3925 re
1588 3881 1833 3925 accurate
1868 3886 2121 3940 perpensa
2146 3868 2348 3935 ,_nobis

764 3964 1145 4032 przestitufmus
1177 3980 1189 4016 :
1232 3964 1483 4031 opuscula
1511 3962 1737 4029 primum
1766 3961 1966 4025 omnia,
2000 3961 2231 4030 eujusvis
2252 3974 2347 4029 ge-

765 4058 908 4111 neris
948 4058 1074 4121 sint,
1109 4057 1159 4110 in
1191 4058 1357 4110 tribus
1392 4058 1548 4109 tomis
1590 4055 1867 4124 prioribus
1898 4055 2168 4117 locamus;
2198 4069 2347 4108 com-

766 4150 1053 4204 mentarios
1083 4164 1204 4203 cum
1228 4148 1433 4203 Veteris
1466 4159 1573 4201 lum
1622 4147 1752 4201 Novi
1790 4147 2115 4205 Testamenti
2145 4154 2347 4215 septem

676 4272 683 4278 -
770 4241 1093 4310 posteriores
1135 4240 1486 4308 occupabunt.
1521 4238 1789 4307 Opuscula
1817 4254 1943 4291 vero
1976 4237 2077 4290 hoc
2121 4238 2225 4291 ritu
2266 4236 2349 4289 di-

767 4332 1018 4384 viduntur
1049 4348 1060 4382 :
1095 4332 1264 4398 primo
1297 4331 1539 4399 ponimus
1570 4345 1629 4383 ea
1678 4344 1798 4397 quze
1834 4328 1904 4382 ob
1931 4329 2241 4383 varietatem
2268 4341 2354 4381 ar.-

765 4422 1000 4490 gumenti
1031 4438 1132 4474 non
1167 4431 1383 4489 possunt
1412 4421 1461 4473 iu
1512 4437 1666 4473 unam
1696 4430 1750 4474 et
1779 4429 1980 4474 certain
2008 4419 2173 4488 redigi
2213 4420 2353 4473 clas-

766 4530 877 4568 sem
911 4530 924 4577 ;
955 4515 1145 4582 illaque
1175 4514 1467 4567 secundum
1496 4513 1736 4567 ordinem
1770 4511 2024 4582 temporis
2050 4554 2066 4577 ,
2094 4521 2353 4581 quantum

768 4606 927 4668 licet,
980 4604 1369 4657 consumimus.
1423 4606 1625 4672 Agmen
1684 4603 1883 4657 ducunt
1946 4617 2247 4672 parzeneses
2290 4602 2356 4656 ad

768 4696 1110 4748 'l‘heodornm
1160 4696 1402 4763 lapsum,
1450 4696 1570 4748 hinc
1611 4707 1907 4765 sequuntur
1938 4696 2057 4749 libri
2101 4695 2360 4749 adversus

769 4788 828 4851 0,
854 4796 1174 4855 pugnaturos
1215 4789 1334 4839 vita:
1382 4788 1707 4853 mooasticm,
1742 4787 1857 4839 libri
1886 4786 1948 4839 ad
1996 4787 2317 4840 Demetrium
2342 4827 2356 4851 ,

777 4876 840 4928 :nl
884 4876 1208 4929 Stelecbinm
1234 4918 1248 4935 .
1284 4876 1349 4929 ad
1396 4877 1680 4947 Stagirium
1708 4920 1721 4942 ,
1774 4877 1841 4931 de
1885 4877 2356 4943 Subintroductis,

776 4970 842 5023 de
867 4968 1193 5037 V'irginitate,
1228 4969 1291 5021 ad
1324 4970 1542 5023 Viduam
1565 4971 1827 5039 juniorem
1856 4989 1867 5023 :
1903 4970 2195 5024 secundum
2227 4979 2361 5024 tent-

780 5062 921 5129 poris
950 5062 1143 5114 seriem
1188 5064 1447 5115 accedunt
1499 5064 1615 5117 libri
1661 5064 1727 5117 de
1768 5064 2114 5129 Sacerdotio,
2148 5063 2360 5117 homilia

777 5170 898 5213 cum
929 5154 1210 5223 presbyter
1252 5154 1345 5207 fuit
1385 5156 1698 5208 ordinatos:
1729 5156 1793 5208 de
1840 5154 2363 5223 Incomprehcnsibili

782 5253 835 5301 et
856 5254 1042 5297 contra
1064 5244 1353 5298 Anomceos
1382 5245 1623 5299 llt)lllllitB
1647 5245 1755 5308 Xll,
1777 5254 1964 5299 contra
1987 5245 2200 5300 Judatos
2227 5244 2363 5309 Ylll;

774 5338 1019 5393 tlnmiliaa
1079 5339 1146 5393 de
1184 5339 1436 5393 Kalendis
1466 5350 1518 5393 et
1570 5340 1633 5394 de
1681 5342 1879 5394 Lazaro
1927 5342 2032 5408 jam
2075 5350 2216 5395 octo.
2275 5340 2368 5394 llae

775 5451 900 5491 vero
933 5435 1159 5503 primum
1192 5444 1392 5489 tonmm
1425 5436 1724 5489 absolvunt.
1754 5437 1827 5489 Ex
1857 5436 1957 5491 hac
2000 5437 2168 5505 prima
2200 5436 2370 5490 classe

777 5528 825 5578 in
855 5527 1101 5581 secundo
1134 5536 1279 5581 torno
1302 5528 1543 5581 llntnilim
1572 5527 1691 5582 XXI
1722 5529 1771 5581 in
1801 5528 2035 5593 Statuas,
2060 5526 2370 5581 eatecheses

779 5617 921 5684 duae,
961 5626 1072 5673 tres
1098 5620 1163 5672 de
1188 5620 1411 5674 Diabolo
1440 5630 1699 5674 tentatore
1731 5620 1981 5685 homiliae,
2008 5628 2061 5674 et
2093 5634 2282 5673 novem
2307 5618 2373 5673 de

784 5708 1119 5763 i‘mnttentia.
1162 5711 1269 5771 Iluc
1310 5712 1501 5767 desinit
1552 5712 1720 5781 prima
1751 5713 1969 5779 classis,
2002 5728 2118 5782 qum
2161 5712 2223 5766 ad
2259 5728 2371 5765 me-

2411 402 2556 456 dium
2603 403 2769 456 ferme
2807 401 3026 457 secundi
3067 400 3196 457 torni
3228 402 3492 469 pertingit.
3521 399 3763 457 Secunda
3804 401 3998 456 classis

2410 504 2493 547 est
2520 494 2838 547 coneionum
2886 494 3323 565 panegyricarum
3362 492 3428 549 de
3457 491 3607 548 festis
3654 494 3862 549 Domini
3892 508 3995 546 no.-

2409 587 2506 640 stri
2536 585 2659 640 Jesu
2689 586 2909 642 Christi.
2941 586 3184 641 Homilize
3226 587 3279 641 in
3320 587 3538 642 Paulum
3585 595 3639 640 et
3678 587 3729 640 in
3757 587 4003 657 reliquos

2412 674 2672 730 Sanctos:
2702 675 2787 730 lite
2817 676 3106 732 secundum
3134 677 3388 732 claudunt
3408 686 3628 731 tomum.
3662 676 3837 730 Tertia
3859 678 4009 732 clas-

2414 769 2489 823 sis
2514 778 2594 821 est
2625 767 2960 822 bomiliarum
2988 783 3105 838 quae
3134 783 3208 824 ex
3227 767 3392 822 variis
3419 766 3707 836 Scriptum
3745 766 4008 820 clausulis

2414 866 2781 927 argumentum
2817 864 3164 922 mutuantur;
3206 856 3288 911 lue
3316 872 3441 911 vero
3482 855 3817 923 occupabunt
3851 855 4008 923 prio—

2419 965 2531 1004 rem
2564 958 2769 1018 partem
2798 949 2926 1003 torni
2956 949 3117 1004 tertii.
3149 949 3343 1016 Quarta
3374 948 3564 1003 classis
3603 957 3686 1003 est
3710 947 4020 1017 epusculo,

2418 1056 2534 1094 rum
2558 1040 2624 1094 ad
2665 1048 2843 1094 motus
2870 1040 3511 1109 ConstantinOpolitanos,
3533 1048 3588 1093 et
3613 1039 3681 1093 ad
3712 1040 4005 1108 utrumque

2418 1133 2475 1189 S.
2490 1130 3104 1205 JoannisChrysostomi
3120 1132 3363 1187 exsilium
3383 1130 3782 1200 pertinentium.
3806 1130 4009 1197 Quinta

2416 1226 2606 1280 classis
2650 1225 2994 1293 epistolarum
3026 1224 3261 1279 omnium
3291 1241 3305 1277 :
3335 1231 3522 1293 quarta
3551 1231 3607 1277 et
3647 1223 3852 1292 quinta,
3880 1237 4013 1291 qure

2420 1331 2664 1385 magnam
2697 1316 2893 1370 habent
2921 1316 3059 1371 inter
3074 1330 3132 1369 se
3154 1315 3485 1380 afﬁnitatem,
3509 1322 3833 1384 postremam
3864 1312 4026 1366 tertii

2425 1409 2554 1464 tomi
2608 1418 2811 1478 partem
2859 1407 3225 1477 complebunt.
3267 1406 3484 1473 Septem
3529 1420 3657 1459 vero
3681 1404 4033 1474 posteriores.

2422 1504 2550 1557 torni
2587 1515 2777 1557 omnes
2821 1496 3041 1555 omnino
3086 1500 3527 1563 commentarios,
3556 1498 3644 1568 qui
3688 1506 4030 1565 supersunt,

2424 1593 2864 1663 complectantur.
2916 1594 3089 1661 Atque
3138 1590 3191 1644 in
3254 1589 3357 1643 fine
3408 1588 3661 1657 postremi
3713 1586 4014 1656 fragmenta

2426 1685 2570 1737 varia
2598 1683 2887 1737 afferentur
2919 1692 3028 1736 tum
3059 1698 3123 1736 ex
3158 1681 3349 1735 Photio
3373 1722 3386 1744 ,
3413 1690 3523 1733 tum
3550 1694 3614 1733 ex
3642 1679 3762 1732 aliis
3787 1680 4020 1747 scripto—

2431 1778 2575 1831 ribus
2605 1787 2762 1847 atque
2802 1792 2865 1829 ex
2895 1775 3269 1843 manuscriptis
3310 1780 3579 1840 excerpta.
3614 1771 3777 1823 Dubia
3809 1785 3939 1823 vero
3963 1779 4022 1824 et

2431 1870 2608 1937 spuria
2649 1885 2808 1937 opera
2840 1869 2909 1921 ita
2940 1867 3261 1921 distribuere
3305 1866 3479 1920 eonati
3511 1878 3715 1925 smnus,
3753 1872 3808 1915 ut
3838 1862 4019 1915 habita

2429 1960 2728 2031 argumenti
2760 1960 2966 2013 ratione
2997 1958 3047 2011 in
3081 1957 3239 2011 finem
3285 1955 3543 2024 cujusque
3589 1954 3716 2007 torni
3764 1953 4022 2021 ablegen-

2436 2066 2536 2108 tur.
2575 2054 2825 2108 Fatemnr
2886 2061 3065 2105 tamen
3126 2065 3231 2103 non
3292 2049 3529 2118 potn'sse
3577 2061 3676 2100 nos
3720 2044 3772 2099 id
3824 2045 4026 2112 ubique

2434 2155 2688 2215 praestare
2711 2162 2722 2195 :
2744 2143 2786 2197 si
2814 2144 2976 2205 enim,
3002 2140 3229 2209 exempli
3259 2153 3437 2202 causa,
3460 2152 3647 2192 omnes
3672 2134 4028 2204 panegyricos

2432 2237 2642 2306 spnrios
2670 2250 2946 2289 sermones
2976 2234 3025 2287 in
3050 2232 3162 2287 ﬁne
3190 2230 3408 2287 secundi
3438 2230 3569 2283 tomi
3589 2270 3603 2293 ,
3633 2229 3719 2297 qui
3748 2228 3899 2282 locus
3926 2242 4027 2280 eo-

2434 2345 2551 2383 rum
2595 2328 2843 2395 proprius
2899 2333 3052 2389 erat,
3107 2323 3492 2393 posuissemus,
3546 2321 3595 2372 in
3639 2319 3856 2373 nimiam
3910 2332 4031 2371 mos

2436 2418 2539 2471 lem
2594 2418 2848 2471 crevisset
2903 2416 2989 2468 ille
3059 2424 3233 2467 tomus
3290 2431 3302 2466 :
3356 2410 3703 2479 quamobrem
3769 2408 4032 2478 plurimos

2437 2506 2737 2576 huiusmodi
2761 2505 2824 2559 ad
2853 2511 3139 2574 sequentes
3170 2501 3586 2570 tomos,rejicere
3616 2500 3784 2555 coacti
3814 2514 4024 2553 sumus.

2436 2596 2545 2652 Sed
2579 2598 2629 2651 id
2660 2596 2988 2651 levissimum
3019 2604 3120 2657 est,
3154 2594 3207 2647 ni
3246 2593 3421 2656 fallor,
3451 2590 3848 2645 incommodum
3872 2608 3883 2641 :
3907 2604 4031 2658 spu-

2437 2691 2513 2743 ria
2544 2688 2739 2757 quippe
2770 2697 2875 2741 tam
2908 2687 3085 2754 inepta
3115 2685 3429 2754 plerumque
3458 2690 3582 2735 sunt
3612 2687 3669 2734 ut
3712 2680 3885 2733 lucem
3916 2694 4031 2732 non

2441 2790 2766 2834 mereantur.
2802 2779 2856 2833 In
2888 2778 3072 2833 decem
3104 2778 3267 2844 igitur
3300 2784 3474 2828 tomos
3516 2774 3693 2827 omnia
3726 2772 3783 2827 S.
3809 2771 4041 2831 Joannis

2443 2870 2811 2942 Chrysostomi
2857 2883 3018 2936 opera
3057 2866 3493 2921 distribuentur:
3547 2862 3886 2917 undecimum
3942 2876 4057 2932 ειν..

2443 2962 2671 3030 prndici,
2704 2961 2771 3014 de
2810 2975 2909 3028 qua
2942 2974 3064 3012 mox
3118 2965 3322 3026 agetur,
3355 2954 3705 3010 destinamus.
3739 2954 3846 3008 Sed
3870 2962 4055 3007 erunt!

2444 3056 2673 3110 fortasse
2703 3054 2790 3123 qui
2823 3062 3063 3123 qumrant
3088 3068 3100 3101 :
3128 3049 3417 3105 Frontonis
3441 3047 3616 3101 Duczci
3650 3046 3813 3100 editio
3838 3045 4047 3100 duode'

2445 3149 2547 3201 eim
2580 3147 2736 3199 tomis
2764 3187 2777 3209 ,
2812 3144 2923 3198 sive
2953 3142 3200 3197 undecim
3247 3140 3438 3208 ampla:
3484 3137 3640 3190 molis
3682 3135 4047 3189 voluminibus

2448 3238 2739 3292 absolvitur
2777 3254 2790 3289 :
2840 3249 2946 3304 quo
2999 3242 3155 3302 pacto
3207 3232 3369 3300 igitur
3411 3237 3487 3282 tot
3530 3238 3736 3281 auctam
3765 3225 4049 3279 ancchtis

2450 3341 2631 3399 totque
2658 3328 2874 3381 monitis
2904 3326 3194 3380 editionem
3227 3322 3411 3376 decem
3456 3322 3506 3374 in
3550 3318 3914 3371 voluminibus
3950 3318 4042 3370 in-

2449 3422 2675 3474 ttltttlas?
2708 3420 2759 3472 ld
2791 3418 2880 3487 qui
2926 3416 3044 3472 fieri.
3090 3415 3323 3484 potuerit
3361 3412 3514 3466 facile
3557 3410 3818 3476 intelligas
3848 3408 3891 3461 si
3924 3424 4053 3477 per—

2451 3512 2651 3583 pendas
2680 3512 2835 3579 longe
2874 3508 3061 3577 majori
3082 3507 3275 3560 charta
3316 3513 3370 3559 et
3410 3502 3595 3572 pagina
3644 3515 3768 3553 usos
3798 3508 4053 3569 typograa

2450 3607 2586 3675 p'ios
2617 3612 2826 3655 nostros
2856 3600 3012 3653 tomis
3043 3613 3233 3651 novem
3264 3606 3316 3650 et
3345 3594 3572 3648 dimidio
3598 3608 3661 3646 ea
3699 3592 3876 3644 omnia
3911 3585 4052 3644 con-

2452 3693 2668 3747 eludere
2697 3702 2853 3758 posse
2880 3729 2895 3754 ,
2929 3703 3047 3757 qua:
3080 3688 3129 3739 in
3173 3685 3420 3739 undecim
3452 3681 3737 3737 Frontonis
3765 3679 4056 3734 volumini-

2454 3785 2552 3838 bus
2598 3782 2963 3845 continentur,
2992 3778 3132 3849 quod
3178 3778 3286 3847 jam
3334 3776 3701 3844 experimento
3740 3770 4056 3825 didicimus.

2452 3879 2535 3934 Ad
2566 3878 2682 3931 bace
2708 3892 2837 3930 vero
2867 3890 3049 3945 spuria
3083 3888 3202 3943 qua:
3234 3874 3285 3926 in
3324 3870 3611 3926 Frontonis
3658 3868 3895 3923 editione
3931 3879 4057 3917 am-

2456 3972 2600 4042 plum
2634 3970 2880 4023 volumen
2924 3966 3308 4030 conficiebant,
3342 3964 3394 4016 in
3437 3971 3618 4015 nostra
3668 3959 3900 4013 editione
3929 3971 4059 4010 cum

2456 4079 2520 4116 ex
2552 4076 2709 4128 supra
2749 4068 3043 4114 memorata
3084 4056 3285 4111 charta}
3327 4052 3721 4123 magnitudine,
3757 4060 3866 4103 tum
3892 4048 4082 4107 etiam,

2457 4170 2523 4207 ex
2551 4153 2751 4206 minuta
2780 4160 3026 4221 typorum
3064 4148 3232 4201 forma
3255 4146 3321 4200 ad
3349 4143 3627 4199 dimidium
3657 4140 3941 4195 voluminis
3971 4156 4067 4195 re-

2464 4245 2727 4300 ducuntur
2756 4258 2769 4293 :
2815 4242 2946 4311 jam'
2976 4239 3143 4293 babes
3188 4236 3435 4292 undecim
3478 4235 3748 4289 volumina
3779 4232 3832 4287 in
3860 4246 4083 4287 novem.

2463 4335 2694 4390 redacta.
2728 4335 2971 4402 Insuper,
3000 4332 3221 4387 sublatis
3262 4326 3793 4399 illis‘paraphrastice
3822 4324 4064 4379 adorna-

2466 4429 2530 4481 tis
2576 4426 2778 4483 Latinis
2822 4422 3372 4491 iuterprotationibus,
3419 4436 3538 4489 qum
3578 4418 3862 4473 verborum
3902 4415 4065 4483 Copia

2465 4518 2857 4585 redundabant,
2887 4533 3004 4587 qua:
3036 4517 3142 4577 illis
3182 4514 3481 4568 substituto:
3516 4519 3639 4564 sunt
3680 4509 3835 4576 longe
3882 4506 4085 4559 minus.

2466 4612 2620 4681 Spatii
2649 4611 3005 4677 occupabunt,
3033 4606 3263 4675 hincque
3293 4602 3531 4657 nonnihil
3564 4601 3728 4656 etiam
3755 4614 3823 4653 ex
3852 4613 4055 4651 memo-

2469 4706 2597 4759 ratis
2650 4718 2839 4757 novem
2875 4698 3234 4755 voluminibus
3282 4696 3565 4751 deciditur.
3598 4693 3804 4760 Quibus
3833 4704 4067 4760 perSpc-

2469 4804 2567 4856 etis
2599 4801 2751 4855 facile
2798 4797 3061 4865 intelligas
3101 4794 3369 4848 indecem
3420 4791 3525 4845 illis
3565 4789 3818 4844 editionis
3863 4794 4067 4838 nostra:

2470 4890 2825 4949 voluminibus
2903 4899 3013 4943 tum
3078 4902 3141 4940 ea
3210 4898 3456 4955 qum.“
3528 4878 3763 4962 tenebris
3825 4876 4075 4930 eruimus

2471 4981 2841 5051 Chrysostomi
2869 4995 3059 5048 opera,
3092 4986 3204 5030 tum
3251 4975 3409 5038 etiam
3451 4971 3686 5038 munita,
3734 4969 3853 5039 plus
3903 4983 4093 5037 quam.

2474 5092 2634 5131 unum
2666 5074 2909 5129 volumen
2941 5084 3202 5140 occupare
3242 5068 3343 5137 (α).

2479 5211 2505 5283 §
2539 5210 2652 5265 ΧΗ.
2686 5239 2757 5249 -
2788 5207 2863 5261 De
2891 5205 3170 5275 appendice
3214 5217 3455 5272 perquam
3506 5194 3784 5251 necessaria
3834 5195 4076 5263 aperiens

2717 5302 2777 5355 S.
2809 5298 3026 5353 Joannis
3050 5293 3397 5365 Chrysostomi
3428 5288 3797 5361 subjnngcndn.

2555 5416 2696 5469 Inter
2725 5429 2786 5468 ea
2818 5426 2936 5483 qua?
2964 5409 3027 5463 ad
3057 5387 3503 5479 Chrysostomnm
3539 5402 3911 5459 illustramlum
3934 5412 4071 5452 con.

2528 5593 2599 5655 (η)
2628 5592 2756 5640 ttaud
2774 5590 2926 5638 multo
2947 5596 3051 5655 post
3070 5568 3223 5655 sensit
3238 5579 3873 5655 lsesomalejprzejndiqtsgse
3887 5582 4071 5655 tantulu-

2484 5642 2799 5709 ινὶίιῖςομιιιιιδι
2827 5655 2871 5700 in
2900 5642 3031 5701 tertii
3058 5651 3188 5697 enim
3211 5647 3323 5695 torni
3349 5642 3630 5709 pra‘l‘atioue
3658 5643 3755 5701 jam
3780 5648 3941 5709 monet
3972 5642 4079 5693 ccli-

2486 5705 2667 5767 ιιυιιῦἷίι
2692 5705 2827 5778 usqu;
2872 5716 2915 5761 in
2938 5712 3170 5762 tredecim
3201 5705 3359 5759 tennis
3378 5706 3498 5755 forte
3524 5716 3788 5755 evasuram.
3830 5707 3886 5749 at.
