4234 6310
225 415 305 456 im
1654 384 2043 451 PREFATIO.

226 521 359 579 terre
389 525 613 587 possunt
643 558 659 580 ,
709 516 843 570 nihil
879 511 1250 584 opportunius,
1285 525 1406 567 meo
1432 506 1650 579 quidem
1680 503 1816 573 judi-

224 615 324 676 cio,
355 609 657 680 appendice
711 607 803 661 illa
855 606 921 662 ad
966 606 1166 660 calcem
1211 616 1431 672 cperum
1480 595 1816 662 adjicienda,

227 716 339 770 qua:
370 699 625 754 editionis
652 699 899 752 ultimum
930 705 1132 751 tomum
1169 692 1457 753 constituet
1488 704 1503 744 :
1532 688 1650 754 ubi,
1679 700 1818 755 prae-

229 791 398 846 missis
461 799 703 844 veterum
755 789 822 842 de
881 786 1086 843 Joanne
1141 785 1526 856 Chrysostomo
1582 779 1824 842 testinioo.

225 888 342 943 uiis.
373 882 622 936 diatriba!
645 885 883 952 quinque
911 881 1159 937 edentur.
1196 877 1252 933 In
1276 891 1458 932 carum
1486 873 1656 943 prima
1685 885 1817 941 age-

225 985 306 1029 tur
332 973 400 1030 de
438 973 654 1029 fortuna
681 988 905 1040 cperum
943 972 1074 1027 tauti
1118 968 1394 1033 doctoris,
1435 967 1610 1036 deque
1661 961 1821 1018 variis

221 1065 608 1135 manuscriptis
633 1066 908 1119 codicibus
940 1063 1204 1132 ejusdem,
1235 1061 1324 1131 qui
1361 1059 1412 1113 in
1446 1055 1686 1128 plurimis
1709 1054 1820 1108 Eu-

224 1171 365 1224 ropa:
418 1155 763 1211 bibliothecis
804 1153 1002 1222 ingenti
1041 1167 1263 1206 numero
1309 1149 1552 1210 feruntur
1584 1165 1597 1201 :
1627 1146 1671 1198 si
1719 1157 1823 1213 qua

225 1261 348 1299 vero
380 1249 434 1303 in
463 1246 528 1303 iis
559 1255 742 1300 notatu
773 1245 926 1316 digna
956 1252 1011 1298 et
1035 1236 1330 1312 'singularia
1357 1241 1731 1302 observentur,
1760 1249 1825 1288 ea
1854 1263 1859 1272 ι

225 1354 328 1395 non
375 1338 574 1408 pigebit
602 1347 881 1396 annotare.
910 1335 1142 1396 Tunude
1182 1331 1476 1387 innumeris
1506 1343 1641 1399 pene
1666 1326 1825 1381 editis

227 1414 564 1494 tractabitur,
589 1429 678 1496 qui
724 1427 807 1481 vel
856 1434 1033 1496 partes
1076 1439 1322 1494 operum,
1346 1422 1428 1476 vel
1456 1435 1615 1490 opera
1645 1417 1824 1470 omnia

226 1521 678 1588 complectuntur,
706 1517 972 1579 antiouitis
1003 1532 1166 1580 anno,
1212 1515 1330 1568 loco
1356 1517 1408 1568 et
1448 1510 1696 1567 editionis
1726 1524 1824 1561 au-

225 1622 374 1666 ctore
408 1629 420 1664 :
455 1610 796 1680 prmfationes
838 1611 998 1664 etiam
1037 1605 1366 1676 singularum
1395 1604 1688 1657 editionum
1728 1599 1828 1652 mi-

228 1701 442 1755 untiore
497 1701 814 1754 charactere
864 1698 1146 1753 cudentnr.
1204 1695 1258 1752 lu
1311 1691 1543 1752 secunda
1594 1689 1822 1744 diatriba

228 1791 296 1845 de
337 1806 394 1844 re
436 1790 728 1844 admodum
778 1805 1002 1860 operosa
1035 1785 1432 1855 disputabitur;
1484 1782 1731 1841 nimirum
1762 1778 1827 1832 dc

227 1883 446 1938 amissis
497 1882 616 1951 ejus
663 1882 822 1937 libris
862 1879 1222 1958 operibusque
1277 1875 1436 1928 variis
1465 1915 1479 1939 ,
1525 1887 1644 1941 qua:
1694 1877 1828 1932 teste

225 1974 387 2028 Suida
437 1987 655 2028 omnem
696 1986 974 2038 numerum
1027 1967 1354 2038 superabant
1388 1983 1400 2018 :
1453 1964 1524 2017 ibi
1564 1962 1631 2018 de
1666 1962 1829 2016 Com-

228 2064 508 2132 mentariis
538 2065 587 2117 in
622 2064 854 2118 Marcum
887 2072 939 2115 et
968 2062 1018 2114 in
1066 2059 1263 2134 Lucam
1293 2055 1670 2126 disputabitur,
1695 2067 1831 2122 quos

227 2155 319 2208 alii
367 2153 604 2209 edidisse
639 2152 1082 2234 Cbrysmtumum
1137 2157 1388 2214 narrant,
1417 2147 1506 2212 alii
1539 2159 1829 2214 numquam

228 2249 503 2304 exstitisse
553 2247 921 2302 contendunt:
955 2245 1022 2301 de
1068 2241 1439 2314 Chrysoslomi
1475 2241 1601 2294 item
1634 2238 1830 2294 oratio-

230 2340 385 2393 nibus
416 2347 607 2392 contra
635 2337 862 2400 Arabas,
892 2337 980 2406 qui
1012 2335 1262 2389 dicebant
1283 2333 1517 2393 animam
1549 2331 1684 2385 mori
1707 2345 1830 2387 cum

229 2444 497 2499 corpore,
543 2443 676 2497 quas
736 2427 1007 2481 orationes
1057 2424 1218 2494 aliqui
1273 2424 1412 2476 inter
1459 2418 1832 2491 Cbrysostomi

229 2535 390 2590 opera
423 2525 711 2574 recensent
741 2536 754 2570 :
788 2517 960 2587 deque
998 2516 1117 2570 aliis
1151 2511 1454 2584 hujusmodi
1485 2512 1622 2566 bene
1649 2509 1833 2564 multis

231 2611 551 2680 disseratur.
594 2607 650 2662 ln
693 2608 847 2662 tertia
892 2606 1118 2661 diatriba
1145 2605 1212 2660 de
1243 2603 1486 2659 doctrina
1523 2601 1580 2657 Ξ.
1610 2599 1836 2656 Joannis

229 2700 604 2772 ChrySostomi
654 2701 798 2754 circa
853 2697 972 2752 ﬁdei
1033 2697 1280 2768 dogmata
1335 2693 1688 2758 tractabitur,
1743 2690 1833 2747 ubi
1883 2761 1891 2767 η

231 2793 396 2863 ipsius
442 2791 668 2862 prolatis
724 2791 786 2845 S.
840 2787 1077 2844 doctoris
1141 2787 1298 2843 dictis
1347 2799 1507 2858 atque
1553 2783 1838 2840 sententiis

230 2885 406 2938 omnia
440 2883 906 2944 recensebantur;
939 2883 1098 2953 idque
1129 2898 1234 2936 non
1262 2879 1595 2949 disceptandi
1624 2877 1834 2944 animo,
1881 2868 1889 2879 ’

233 2975 328 3034 sed
358 2991 425 3030 ex
469 2990 578 3029 uno
608 2975 718 3029 veri
762 2975 958 3030 studio.
993 2976 1048 3028 ln
1087 2984 1274 3044 quarta
1307 2973 1534 3026 diatriba
1567 2972 1636 3026 de
1672 2970 1834 3027 discie

232 3071 369 3138 plina
399 3079 647 3138 tempore
675 3067 1045 3140 Chrysostomi
1073 3083 1139 3126 ex
1168 3069 1334 3137 ipsius
1366 3067 1596 3119 maxime
1623 3062 1839 3132 scriptis

231 3169 437 3230 agetur.
478 3159 581 3215 Ubi
608 3159 902 3230 singularia
944 3169 1124 3225 eerte,
1157 3158 1271 3214 sive
1308 3157 1447 3227 quod
1475 3156 1539 3210 ad
1570 3156 1838 3224 liturgiam

199 3259 284 3310 ρει
323 3250 576 3304 sacriﬁcii
605 3251 1059 3316 celebrationem,
1091 3251 1205 3304 sive
1231 3247 1370 3318 quod
1403 3247 1467 3301 ad
1507 3247 1638 3301 alios
1668 3246 1799 3299 ritus
1819 3285 1836 3310 ,

233 3342 688 3408 observabuntur,
719 3346 913 3412 nempe
953 3341 1020 3396 de
1047 3342 1208 3394 variis
1239 3340 1426 3394 ofﬁciis
1462 3339 1672 3393 diaconi
1703 3338 1839 3392 alio-

232 3448 462 3502 rumque
504 3433 913 3496 miuistrorum;
960 3435 1027 3486 de
1070 3430 1401 3486 ornamentis
1443 3429 1837 3495 Ecclesiarum,

233 3522 296 3587 de
327 3523 467 3593 signi
515 3523 707 3577 Crucis
738 3523 884 3576 vario
912 3538 1044 3588 usu;
1085 3522 1152 3577 de
1179 3523 1296 3577 oleo
1324 3537 1387 3576 ex
1417 3521 1514 3575 SS.
1545 3530 1860 3591 martyrum.

233 3614 492 3682 sepulcris
534 3613 846 3683 desumpto,
893 3630 997 3683 quo
1040 3613 1324 3666 utebantur
1366 3612 1431 3666 ad
1459 3611 1732 3666 dminones
1760 3612 1840 3665 lu-

233 3705 434 3779 gaudos
484 3706 813 3776 morbosque
859 3705 1166 3776 pellendos;
1216 3705 1567 3775 similiterque
1612 3704 1680 3760 de
1720 3704 1840 3759 oleo

235 3812 431 3857 Sancta;
476 3799 700 3863 Crucis,
741 3800 810 3855 de
841 3817 945 3870 quo
986 3801 1036 3854 in
1071 3781 1184 3853 Vita
1215 3799 1271 3854 S.
1305 3798 1494 3864 Sabac;
1523 3798 1698 3868 deque
1724 3798 1842 3852 aliis

239 3891 535 3946 innumeris
569 3892 764 3946 veteris
805 3891 1064 3948 Ecclesia:
1107 3889 1395 3946 Orientalis
1436 3890 1664 3948 ritibus:
1707 3906 1844 3961 quos

237 3983 367 4052 ritus
391 3983 595 4053 saepius
622 3999 781 4054 quam
814 3984 991 4055 quivis
1009 3984 1145 4037 alius
1185 3991 1568 4038 commemorat
1594 3983 1652 4036 S.
1681 3982 1844 4037 Joan-

238 4090 331 4134 nes
370 4076 816 4147 Chrysostomus.
863 4076 918 4130 ln
965 4076 1150 4146 quinta
1199 4076 1428 4132 diatriba
1469 4075 1538 4130 de
1585 4076 1746 4129 variis
1789 4079 1842 4130 ’ct

240 4169 598 4237 miscellancis
625 4169 786 4223 rebus
819 4168 1136 4222 tractabitur
1160 4185 1181 4222 ι
1209 4168 1252 4220 si
1282 4166 1406 4237 quid
1435 4168 1694 4222 omissum
1725 4168 1840 4221 l'ue-

240 4260 326 4326 rit,
355 4259 406 4313 id
434 4259 799 4325 :iﬂeretttr;.si
828 4259 952 4324 quid
979 4268 1215 4314 erratum
1246 4267 1337 4311 aut
1369 4258 1543 4316 minus
1573 4269 1717 4312 recte
1749 4274 1842 4326 p0-

242 4351 391 4406 situm
415 4393 431 4417 ,
467 4350 882 4415 emendabitur;
914 4365 1035 4404 nam
1074 4367 1200 4404 usus
1227 4359 1278 4403 et
1319 4350 1562 4404 tractatio
1590 4349 1840 4404 diuturna

242 4443 624 4497 accuratiorem
656 4441 884 4497 afferunt
913 4459 1090 4496 rerum
1133 4443 1398 4497 notitiam.

305 4534 572 4604 Sequetur
599 4533 714 4590 Vita
739 4535 795 4590 S.
819 4534 1040 4590 Joannis
1059 4535 1430 4607 Chrysostomi
1458 4579 1472 4603 ,
1501 4546 1609 4590 tum
1635 4551 1697 4590 ex
1724 4537 1841 4607 ejus

245 4627 471 4681 maxime
521 4625 777 4696 scriptis,
827 4637 936 4681 tum
982 4643 1046 4681 ex
1091 4628 1315 4680 aliorum
1362 4627 1479 4683 sive
1522 4629 1839 4696 arqualtum,

243 4719 351 4774 sive
379 4720 696 4788 supparium
722 4762 736 4782 ,
769 4719 881 4774 sive
913 4721 1274 4789 posteriorum
1303 4721 1624 4790 scriptorum
1652 4737 1835 4775 narra-

246 4815 297 4863 tu
319 4851 333 4874 ,
366 4809 776 4864 accuratissime
806 4822 1064 4880 quantum
1105 4811 1284 4865 licebit
1324 4813 1662 4866 concinnata.
1708 4813 1842 4868 lluic

245 4900 594 4971 subjicientur
622 4901 738 4969 ejus
779 4903 902 4956 vita:
938 4902 1227 4971 scriptorcs
1253 4911 1499 4964 veteres.
1532 4904 1798 4961 Palladius
1827 4949 1840 4971 ,

247 4990 502 5061 Georgius
528 5035 543 5058 ,
583 4993 779 5062 aliique
807 4993 1060 5064 anonymi
1089 5036 1103 5059 ,
1134 5010 1359 5064 quorum
1383 4997 1628 5052 nonnulli
1669 4997 1841 5053 lucem

249 5086 482 5139 nondum
513 5085 776 5140 viderant.
811 5086 922 5141 Sub
946 5086 1059 5140 hate
1081 5087 1309 5144 indicem
1331 5088 1575 5142 dabimus
1603 5091 1843 5144 locorum

249 5175 536 5246 Scriptura!
565 5192 734 5232 sacra:
760 5219 775 5241 ,
806 5194 963 5247 quem
994 5148 1247 5248 sequettir
1274 5179 1436 5236 index
1468 5197 1644 5235 rerum
1678 5197 1842 5250 gene-

248 5267 372 5320 ralis
403 5267 455 5320 in
482 5267 664 5320 omnia
694 5266 811 5336 ejus
842 5283 1023 5336 opera.
1059 5269 1174 5323 Erit
1205 5285 1368 5340 porro
1396 5271 1552 5328 iudex
1585 5272 1671 5330 ille
1693 5273 1843 5328 locu-

249 5357 571 5426 pletissimus
592 5367 648 5414 et
677 5375 892 5414 summo
918 5360 1100 5416 labore
1124 5363 1569 5430 accurationeque
1590 5365 1843 5435 singulari

231 5451 617 5536 concinnatus.
647 5452 874 5521 Quantae
904 5469 1068 5514 porro
1098 5456 1346 5510 utilitatis
1375 5457 1482 5510 sint
1509 5457 1712 5513 indices
1741 5457 1843 5512 hu-

245 5541 472 5611 iusmodi
521 5547 674 5614 pauci
721 5547 952 5615 experiri
993 5548 1194 5601 volunt.
1247 5550 1316 5602 At
1354 5549 1495 5602 enim
1539 5567 1642 5604 non
1687 5551 1847 5607 modo

253 5648 372 5692 sunt
398 5638 464 5693 ad
490 5639 605 5695 loca
653 5639 1018 5710 perquirenda
1062 5641 1256 5706 utiles;
1300 5635 1392 5696 sed
1436 5644 1592 5697 etiam
1634 5646 1847 5714 quando

253 5739 494 5786 accurate
519 5731 862 5800 cogitateque
893 5731 1075 5801 scripti
1107 5745 1229 5788 sunt
1256 5776 1268 5796 ,
1310 5736 1424 5788 sine
1463 5736 1618 5789 taedio
1643 5748 1694 5790 et
1723 5753 1845 5792 cum

255 5818 422 5877 fructu
450 5825 683 5908 maxime
718 5823 1008 5891 leguntur,
1040 5813 1252 5883 omissis
1288 5826 1530 5884 videlicet
1565 5830 1840 5896 mimcris,

3406 375 3523 416 χχιι

1933 502 2022 572 qui
2054 498 2120 554 ad
2151 496 2346 564 seriem
2378 489 2600 548 minimc
2620 485 2915 560 pertinent.
2945 484 3029 539 Ex
3062 477 3366 551 huiusmodi
3397 491 3527 532 vero

1931 569 2160 647 lectione
2187 588 2231 644 is
2263 586 2464 641 {ructus
2494 580 2802 650 decerpitur
2827 619 2844 644 ,
2880 590 3039 647 quem
3069 573 3264 641 in'ipsa
3292 569 3528 625 aucturis

1930 685 2160 740 lectione
2189 682 2274 734 vix
2307 677 2566 748 reperias.
2597 674 2650 727 lu
2679 679 2898 726 auctore
2932 667 3129 738 quippe
3157 661 3336 719 omnia
3372 675 3524 728 spar-

1930 776 2030 831 sim
2057 773 2228 840 posita
2251 778 2375 825 sunt
2397 766 2479 834 ;'si
2507 765 2632 836 quid
2659 763 2725 818 de
2751 763 2880 826 Deo,
2907 758 3056 813 verbi
3082 756 3276 824 gratia,
3299 752 3531 808 senserit

1931 868 2347 939 Cbrysostomus
2376 861 2616 915 ediscere
2646 855 2830 923 cupias
2856 895 2872 918 ,
2901 852 2944 904 si
2977 848 3101 918 quid
3130 846 3195 900 de
3222 845 3487 914 baptismo
3512 881 3527 902 .

1931 958 1999 1014 de
2024 937 2192 1024 gratia
2220 998 2234 1021 ,
2261 962 2368 1010 etc.
2397 993 2411 1019 ,
2443 959 2552 1005 tota
2578 947 2764 1002 decem
2795 941 3065 998 volumina
3097 937 3340 1007 perlegas
3364 948 3529 1000 Opor-

1934 1059 2047 1115 tet,
2096 1047 2499 1118 periculumque
2544 1053 2758 1108 semper
2795 1043 2879 1090 est
2921 1047 2986 1087 ne
3028 1031 3079 1085 in
3130 1041 3233 1082 tam
3274 1025 3533 1078 diuturno

1935 1115 2179 1196 lectionis
2223 1137 2453 1192 decursu
2481 1173 2496 1199 ,
2548 1129 2690 1201 quod
2740 1128 2912 1198 primo
2954 1121 3260 1194 perceptum
3315 1115 3486 1171 fuerat
3513 1155 3528 1177 ,

1935 1240 2218 1300 antequam
2250 1227 2316 1282 ad
2350 1225 2507 1280 ﬁnem
2547 1220 2800 1278 devenias
2827 1261 2841 1282 ,
2887 1215 3132 1272 elabatur
3160 1211 3180 1265 ἰ
3232 1206 3534 1279 periculum

1904 1323 2062 1377 ‘item
2080 1299 2164 1376 inc
2193 1311 2422 1373 assidua:
2452 1325 2719 1384 tantmque
2746 1308 2990 1365 lectionis
3018 1304 3178 1360 tiedio
3202 1304 3335 1357 bene
3367 1299 3532 1353 multa

1935 1412 2278 1467 inobservata
2313 1416 2619 1478 praetereas.
2653 1403 2850 1458 Contra
2879 1414 3006 1454 vero
3039 1398 3090 1451 in
3121 1390 3417 1449 istiusmodi
3451 1391 3534 1444 in-

1936 1503 2055 1558 dice
2080 1544 2093 1568 ,
2123 1513 2472 1572 quaecumque
2492 1496 2559 1551 de
2582 1496 2695 1549 Deo
2721 1536 2734 1558 ,
2762 1503 3111 1562 quacumque
3138 1486 3204 1540 de
3226 1481 3489 1552 baptismo
3515 1520 3532 1546 ,

1936 1596 2075 1650 deve
2111 1594 2230 1648 aliis
2275 1587 2599 1662 quibuslibet
2646 1587 2698 1640 in
2745 1591 2962 1638 auctore
3003 1577 3224 1647 reperiri
3268 1581 3530 1644 possunt,

1938 1701 2098 1739 unum
2149 1683 2247 1738 sub
2287 1689 2563 1749 aspectum
2617 1673 2993 1743 subjiciuntur.
3042 1669 3401 1734 Quamobrem
3450 1661 3534 1714 vel

1940 1776 2127 1833 iisdem
2161 1773 2290 1844 ipsis
2317 1771 2405 1842 qui
2437 1779 2517 1823 tot
2546 1766 2813 1822 volumina
2855 1763 3036 1832 legunt
3062 1801 3074 1822 ,
3120 1755 3310 1811 indicis
3349 1752 3536 1809 lectio-

1940 1884 2062 1924 nem
2092 1882 2159 1921 ne
2181 1863 2593 1941 prietermittant
2611 1868 2799 1913 auctor
2818 1870 2957 1911 sum.
2983 1853 3107 1907 Post
3138 1847 3366 1902 iudicem
3388 1843 3536 1898 Ono-

1939 1935 2201 2016 masticon
2223 1935 2608 2026 amplissimum
2633 1949 2844 2004 dabitur
2868 1959 3057 1999 vocum
3085 1939 3324 1994 omnium
3354 1935 3538 2002 singu-

1939 2052 2132 2109 larium
2155 2092 2170 2116 ,
2197 2064 2316 2118 quae
2345 2047 2396 2100 in
2423 2043 2569 2099 edito
2595 2035 2966 2111 Cbrysostomi
2999 2030 3342 2102 reperiuntur
3369 2068 3383 2091 ,
3415 2041 3537 2079 cum

1912 2159 2123 2209 ‘cat‘um
2159 2117 2600 2209 interpretatione
2630 2134 2817 2187 Latina
2847 2149 2862 2184 :
2895 2124 3146 2182 idiotismi
3166 2167 3177 2188 ,
3208 2121 3296 2191 qui
3324 2117 3540 2189 pluriuti

1940 2234 2079 2304 apud
2103 2234 2250 2286 illum
2276 2235 2587 2290 occurrunt,
2616 2224 2963 2278 notabuntur.
3037 2221 3244 2285 Agnieu
3326 2210 3538 2267 claudet

1940 2303 2211 2393 catalogus
2241 2319 2607 2390 alpbabeticus
2650 2327 2872 2384 operum
2903 2307 3138 2362 omnium
3170 2303 3540 2374 Chrysustomi

1939 2426 1994 2472 et
2023 2413 2367 2485 epistularum
2409 2427 2438 2463 a
2479 2407 2664 2476 primis
2712 2403 2972 2472 cujusque
3015 2396 3195 2466 cperis
3240 2394 3412 2484 verbis
3443 2393 3543 2446 dn-

1941 2517 2060 2563 ctus
2081 2548 2095 2570 ,
2128 2505 2391 2576 longeque
2420 2497 2647 2567 amplior
2681 2508 2842 2564 quam
2877 2487 3176 2549 Savjlianus
3201 2526 3216 2551 ,
3259 2485 3311 2539 in
3352 2493 3543 2556 octavo

1943 2613 2089 2656 tonio
2119 2600 2260 2654 illius
2285 2595 2536 2653 editionis
2570 2587 2791 2662 positns’

1959 2781 1961 2783 ’
1986 2775 2016 2851 ξ
2043 2767 2183 2840 XI“.
2205 2804 2275 2814 --
2305 2772 2382 2834 De
2406 2773 2525 2827 viris
2575 2772 2858 2841 insignibus
2881 2811 2893 2831 ,
2926 2783 3140 2835 quorum
3170 2781 3264 2832 ope
3319 2766 3368 2813 in
3419 2771 3509 2814 huc

2449 2865 2662 2918 editione
2701 2863 2779 2914 ιι.ςὶ
2807 2876 2999 2915 sumus.

2017 3079 2203 3132 Restat
2230 3085 2286 3131 ut
2317 3077 2369 3130 in
2393 3075 2527 3145 grati
2560 3072 2723 3126 animi
2757 3067 3120 3125 testimonium
3156 3062 3344 3118 lectori
3377 3061 3544 3130 signi-

1947 3167 2169 3222 ﬁcemus
2194 3208 2209 3232 ,
2241 3181 2464 3236 quarum
2495 3162 2938 3217 bibliothecarum
2969 3154 3242 3211 codicibus
3271 3194 3286 3219 ,
3315 3165 3543 3220 quorum

1944 3275 2047 3328 ope
2095 3258 2332 3312 virorum
2374 3264 2438 3309 ad
2481 3263 2618 3307 hanc
2659 3252 2952 3307 editionem
3001 3247 3078 3301 usi
3118 3245 3306 3299 simus.
3339 3243 3548 3297 Primus

1944 3349 2298 3406 celebrandas
2329 3347 2483 3402 nobis
2510 3353 2593 3400 est
2623 3341 3107 3399 excellentissimus
3155 3339 3307 3392 Dom.
3345 3335 3545 3392 Ιίεδηι-

1946 3457 2041 3498 ευε
2069 3441 2316 3496 (ῖΑιιοιλτε
2363 3456 2428 3496 ou
2471 3438 2727 3492 Caunum
2770 3453 2836 3491 ne
2872 3433 3082 3490 Cossus
3111 3475 3123 3493 ,
3177 3433 3292 3490 Dux
3339 3439 3392 3484 et
3438 3429 3549 3481 l‘ttn

1945 3516 2225 3596 FranCizc',
2299 3531 2600 3601 Episcopus
2669 3527 2962 3589 llletensis,
3017 3525 3104 3594 qui
3171 3522 3547 3576 bibliothecam

1947 3640 2099 3677 suam
2129 3623 2273 3676 onmi
2307 3619 2792 3688 nianuscriptorum
2821 3659 2834 3681 ,
2868 3615 3163 3683 pratscrtim
3193 3613 3502 3667 GTiCCOI‘lllll
3531 3651 3546 3676 ,

1945 3729 2144 3784 genere
2174 3710 2425 3765 refertam
2461 3711 2561 3762 huc
2590 3708 2642 3762 in
2673 3707 2919 3763 C(Bnobio
2950 3704 3191 3774 deposuit
3225 3745 3237 3765 ,
3271 3712 3322 3755 et
3354 3716 3449 3769 pro
3471 3701 3552 3754 iu-

1948 3813 2070 3859 nata
2104 3802 2456 3857 beneﬁcentia
2496 3810 2601 3854 tam
2644 3800 2800 3852 lauta:
2830 3795 3178 3865 supellectilis
3211 3793 3363 3845 nobis
3394 3807 3550 3845 usunt

1947 3895 2216 3950 concessit
2242 3909 2255 3959 ;
2281 3891 2421 3947 unde
2449 3891 2609 3945 multa
2636 3889 3077 3960 Chrysostomum
3103 3884 3396 3956 spectantia
3428 3899 3551 3938 mu-

1947 3987 2078 4042 tuati
2117 4001 2323 4039 sumus.
2374 3984 2447 4038 Ex
2496 3982 2818 4038 bibliotheca
2865 3979 3028 4049 Regia
3077 3991 3291 4045 semper
3336 3976 3552 4029 codices

1948 4079 2104 4134 nobis
2148 4077 2214 4130 ad
2257 4074 2539 4130 arbitrium
2584 4070 2907 4144 suppeditati
2955 4078 3080 4124 sunt
3132 4068 3461 4121 humanitate
3497 4079 3554 4123 et

1947 4170 2310 4226 muniﬁcentia
2344 4167 2614 4222 illustriss.
2660 4169 2892 4220 Annuus
2929 4164 2991 4218 D.
3044 4179 3110 4216 ns
3161 4160 3390 4216 Louvms
3417 4201 3432 4220 ,
3467 4157 3550 4219 ὺίτ

1946 4263 2226 4319 bliothecae
2258 4262 2436 4329 Regia}
2469 4259 2744 4330 praefecti,
2788 4259 2888 4312 sub
2928 4256 3080 4327 cujus
3118 4254 3369 4323 auspiciis
3398 4253 3548 4322 ejus.

1947 4356 2068 4411 dem
2125 4353 2461 4409 bibliotheca:
2489 4351 2739 4406 custodes
2783 4350 2840 4403 Ι).
2885 4349 2953 4404 de
3000 4348 3273 4410 TARGNIS,
3325 4354 3554 4413 pra-sera

1949 4451 2148 4519 timque
2173 4449 2256 4501 vir
2278 4447 2345 4501 cl.
2369 4445 2605 4501 Joasses
2629 4445 2904 4499 Bowmtcs
2927 4485 2942 4508 ,
2969 4456 3074 4496 non
3100 4440 3276 4493 minus
3300 4437 3562 4492 comitate

1946 4557 2105 4612 quam
2138 4538 2440 4594 eruditione
2474 4546 2584 4590 toto
2611 4536 2742 4590 orbe
2773 4533 3012 4588 literario
3042 4531 3354 4585 notissimus
3379 4570 3394 4594 ,
3425 4528 3552 4583 soli-

1948 4633 2016 4688 tis
2041 4630 2232 4686 ol‘ticiis
2263 4644 2360 4683 nos
2394 4627 2703 4698 prosequuti
2730 4636 2873 4680 sunt.
2904 4623 3058 4679 Haud
3101 4623 3266 4677 multo
3313 4623 3556 4680 minores

1948 4723 2102 4778 nobis
2131 4722 2389 4792 suppetiae
2416 4735 2694 4774 accessere
2725 4734 2787 4772 ex
2822 4715 3147 4772 bibliotheca
3197 4712 3555 4767 illustrissimi

1947 4813 2171 4869 Contms
2201 4829 2266 4866 DE
2296 4812 2596 4866 SEIGNELAY
2621 4852 2634 4875 ,
2671 4826 2788 4880 qua:
2818 4807 3145 4863 Colbertinae
3177 4805 3391 4859 nomine
3425 4805 3559 4860 insi«

1934 4903 2090 4976 'gnita
2148 4906 2349 4976 ingenti
2400 4903 2711 4960 Graecorum
2758 4901 2884 4956 Mss.
2936 4901 3088 4971 copia
3146 4899 3407 4953 instructa
3449 4910 3552 4954 est.

1947 4999 2150 5061 [lorum
2183 4998 2339 5052 nobis
2367 4996 2433 5050 ad
2474 5006 2661 5051 nutum
2705 4995 2916 5063 copiam
2963 4993 3086 5048 fecit
3133 4993 3563 5052 humanissimus

1948 5090 2036 5145 ille
2066 5092 2145 5144 vir
2174 5132 2188 5153 ,
2218 5089 2282 5146 ad
2313 5089 2592 5143 literarum
2616 5086 2960 5142 commodum
2991 5093 3168 5138 natus.

2021 5183 2075 5235 lu
2104 5181 2427 5236 bibliotheca
2452 5179 2706 5234 Vaticana
2733 5221 2747 5244 ,
2779 5178 2905 5231 dum
2936 5177 3124 5231 Romae
3156 5191 3402 5230 versarer
3422 5215 3434 5238 ,
3471 5175 3556 5227 ius

1949 5288 2172 5327 numera
2203 5269 2462 5340 exscripsi
2490 5311 2504 5336 ,
2529 5270 2715 5340 Collegi
2744 5310 2758 5334 ,
2786 5269 3010 5322 contuli.
3040 5267 3166 5321 Post
3197 5266 3428 5320 reditum
3461 5281 3557 5316 an-

1948 5376 2054 5420 tem
2085 5407 2098 5431 ,
2129 5380 2194 5420 ex
2223 5379 2330 5434 quo
2359 5363 2756 5422 illustrissimus
2781 5361 2863 5414 vir
2905 5361 2965 5414 il.
3010 5357 3260 5414 Canows
3299 5359 3554 5412 Mutua

1949 5459 2002 5513 in
2048 5456 2509 5512 bibliothecarium
2553 5463 2833 5525 cooptatus
2881 5462 3001 5516 est,
3044 5452 3232 5506 omnia
3280 5467 3377 5520 pro
3429 5459 3558 5502 veto

1949 5549 2284 5620 suppeditata
2330 5548 2497 5603 fuere.
2546 5547 2646 5602 Est
2681 5546 2828 5601 enim
2870 5546 2953 5600 vir
3000 5545 3127 5609 ille,
3172 5553 3229 5597 ut
3269 5545 3557 5611 umnigena

1946 5644 2250 5699 eruditione
2279 5651 2499 5698 ornatus
2525 5683 2539 5707 ,
2589 5643 2659 5697 ita
2700 5642 2928 5697 literatis
2970 5640 3258 5696 admodum
3293 5647 3554 5706 opportu-

1949 5753 2066 5791 nus.
2100 5736 2174 5790 Ex
2209 5736 2306 5790 ista
2339 5749 2468 5791 vero
2511 5733 2833 5790 bibliotheca
2864 5733 3027 5788 multa
3063 5732 3217 5788 nobis
3247 5729 3554 5802 apugrapha

1955 5827 2244 5892 transmisit
2277 5827 2356 5883 vir
2386 5826 2743 5883 amicissimus
2774 5835 2826 5883 ct
2855 5825 3197 5882 doctissimus
3229 5823 3556 5878 BERNARDUS
