4234 6310
726 321 853 366 XXIII

711 432 961 488 Asnaus
984 429 1132 485 Lana
1160 474 1174 498 ,
1208 432 1293 502 qui
1321 432 1429 502 jam
1458 432 1681 492 Lutetia:
1703 436 1828 507 agit.
1861 437 1937 494 Ex
1971 440 2290 500 bibliotheca

710 521 838 575 item
867 521 1253 587 Ottoboniaua,
1301 522 1512 581 favente
1556 527 1979 584 eminentissimo
2022 530 2291 588 Cardinali

707 610 892 667 Perna
921 612 1205 668 Orronouo
1227 656 1240 677 ,
1274 630 1381 668 non
1411 630 1573 685 pauca
1598 617 1822 672 mutuati
1852 632 2053 674 smnus.

782 703 835 757 In
862 704 1048 773 Anglia
1077 706 1219 759 nulla
1248 721 1354 760 non
1383 707 1680 764 officiorum
1726 725 1923 781 genera
1962 713 2114 769 nobis
2154 730 2290 784 pra:-

706 797 826 848 stita
856 805 977 850 sunt
1000 838 1015 863 ,
1040 796 1315 867 fateorque
1342 814 1427 853 me
1450 815 1706 871 nusquam
1729 802 1984 873 majorem
2008 815 2287 876 expertum

706 886 1087 943 humanitatem
1130 904 1288 959 quam
1336 891 1473 961 apud
1519 894 1811 962 Anglorum
1855 904 2089 965 gentem.
2134 897 2292 953 Prmit

710 978 807 1034 hoc
847 980 903 1034 in
934 996 1151 1036 munere
1178 982 1259 1035 vir
1286 983 1355 1037 el.
1385 992 1439 1038 ct
1480 984 1870 1042 illustrissimus
1895 988 2130 1045 Joannes
2156 991 2290 1045 Por-

707 1083 877 1123 τείως
898 1109 914 1136 ,
941 1070 1234 1141 Episcopus
1258 1071 1577 1131 Oxoniensis
1598 1118 1610 1139 ,
1637 1079 1936 1135 eruditione
1958 1096 2078 1135 cum
2107 1083 2289 1152 primis

706 1162 1107 1228 numerandus,
1148 1164 1235 1234 qui
1284 1166 1496 1223 eximiis
1537 1168 1790 1237 operibus
1834 1187 1949 1227 rem
2002 1173 2287 1229 literarium

704 1250 1047 1321 locupletavit
1076 1271 1090 1308 :
1114 1254 1158 1308 is
1185 1254 1339 1310 nobis
1363 1258 1664 1329 apographa
1694 1275 1870 1316 rerum
1898 1262 1963 1317 ad
1991 1264 2287 1319 institutum

702 1351 943 1397 nostrum
989 1346 1365 1414 pertinentium
1411 1357 1626 1419 rogatus
1672 1366 1778 1405 non
1822 1362 2037 1422 rogatus
2074 1352 2127 1407 in
2172 1348 2293 1411 dies

702 1433 865 1488 mittit
887 1475 901 1496 ,
934 1445 987 1489 et
1016 1436 1281 1506 ingentem
1312 1437 1458 1493 illam
1488 1443 1892 1497 commentariis
1922 1443 1972 1498 in
2004 1443 2246 1500 Psalmos
2268 1485 2284 1510 ,

702 1532 759 1576 ut
785 1523 892 1591 jam
922 1525 1155 1580 diximus
1175 1568 1188 1591 ,
1219 1529 1579 1584 accessionem
1613 1533 1915 1601 procuravit
1938 1574 1953 1599 ,
1990 1535 2141 1603 cujus
2175 1535 2284 1605 jam

703 1625 907 1682 partem
938 1626 1179 1673 tenemus
1202 1660 1217 1683 ,
1247 1627 1449 1689 partem
1476 1634 1865 1689 exSpeetamus.
1896 1624 2076 1695 Neque
2104 1635 2283 1681 tacen-

699 1704 799 1758 dus
829 1705 906 1757 vir
931 1707 1287 1762 amicissimus
1312 1715 1366 1763 et
1390 1710 1782 1768 eruditissimus
1809 1714 2116 1770 Tmomeus
2143 1715 2284 1771 Con-

702 1809 870 1864 δνικιιδ
894 1837 909 1862 ,
944 1796 1239 1867 Epise0pus
1262 1799 1631 1857 Kilmoriensis
1656 1844 1671 1870 ,
1698 1805 1785 1872 qui
1815 1806 1944 1859 mihi
1973 1814 2027 1861 et
2055 1822 2209 1877 Opem
2233 1818 2287 1863 et

702 1884 1129 1941 benevolentiam
1154 1888 1496 1945 illustrissimi
1520 1891 1719 1947 Potteri
1745 1895 2083 1961 conciliavit,
2112 1913 2286 1967 neque

700 1986 877 2039 cessat
925 1978 1219 2034 commodis
1261 1983 1394 2036 meis
1432 1982 1739 2054 advigilare.
1778 1985 2133 2056 Cantabrigice
2166 1988 2287 2043 offi-

699 2066 797 2118 ciis
825 2065 936 2120 suis
961 2082 1057 2121 nos
1085 2071 1327 2125 certatim
1357 2075 1665 2142 prosequuti
1707 2085 1829 2129 sunt
1871 2077 1953 2130 vir
1992 2078 2061 2131 cI.
2106 2078 2283 2157 Bear-i

701 2171 852 2209 LEIUS
877 2196 892 2219 ,
921 2158 1227 2226 reipublicae
1254 2161 1501 2217 literaria:
1525 2162 1688 2219 decus
1717 2174 1770 2219 et
1798 2176 2167 2221 ornamentum
2190 2208 2207 2234 ,
2232 2178 2287 2223 et

701 2248 781 2301 vir
827 2248 1167 2304 doctissimus
1209 2252 1672 2324 amirissimusque
1724 2256 1936 2311 Ps'rnus
1980 2257 2281 2325 Νεειηωι,

701 2339 881 2395 rnultis
910 2339 1205 2409 insignibus
1231 2340 1389 2397 editis
1416 2344 1665 2411 operibus
1691 2344 1888 2400 clarus.

772 2430 828 2482 lu
856 2430 1138 2484 Germania
1170 2433 1323 2487 nobis
1353 2447 1565 2503 semper
1590 2443 1785 2503 prmsto
1815 2434 1948 2501 fuit,
1980 2445 2037 2492 et
2082 2438 2149 2492 ad
2189 2455 2287 2492 nu-

701 2528 811 2573 tmn
841 2520 1098 2575 beneficia
1125 2524 1349 2577 contulit
1377 2525 1457 2577 vir
1484 2525 1811 2580 clarissimus
1848 2527 2081 2581 Joannes
2110 2529 2284 2583 Bene-

702 2626 887 2679 DIC’I'US
915 2611 1290 2668 Gsurrmr'rus
1321 2630 1385 2669 an
1412 2615 1754 2673 ENGELSDRUN
1779 2659 1794 2683 ,
1818 2616 2153 2694 bibliothecae
2174 2618 2285 2674 Ca:-

698 2716 864 2755 sarezu
895 2704 1174 2773 prwfectus
1198 2747 1212 2771 ,
1246 2704 1328 2760 vir
1364 2705 1661 2761 eruditione
1703 2708 2020 2777 conspicuus
2046 2751 2060 2774 ,
2090 2708 2279 2763 huma-

2155 334 2527 393 PIIJ‘IFATIO

3844 335 3967 377 XM‘v’

2401 446 2566 500 nitate
2593 457 2711 497 cum
2741 445 2921 512 primis
2947 448 3298 508 celebrandus
3322 494 3336 518 ,
3364 453 3592 526 denique
3618 458 3854 514 omnium
3884 477 3984 516 nu-

2399 551 2690 591 mererum.
2724 535 2942 594 Vienna:
2967 558 3178 613 quoque
3205 553 3260 600 et
3289 560 3449 601 manu
3475 558 3528 603 et
3552 565 3653 620 ope
3691 562 3743 607 et
3779 554 3986 609 amico-

2397 642 2518 682 rum
2547 628 2841 685 ministerio
2863 632 2929 686 ad
2958 636 3125 688 nostri
3154 636 3493 693 commodum
3516 655 3644 696 usus
3665 658 3875 713 semper
3898 656 4003 701 est

2395 722 2627 779 Joams
2658 723 3108 783 Cnmsroruonus
3149 728 3614 787 Banrsnsrsnuus
3652 750 3838 801 meus,
3880 740 3987 793 Ar-

2394 818 2783 885 gentoratensis
2806 859 2821 883 ,
2854 833 3020 875 sacra:
3062 820 3323 878 Caesarea:
3367 823 3628 894 Majestati
3653 842 3681 879 a
3712 827 3989 884 Consiliis.

2395 907 2685 979 Ilamburgi
2712 909 2873 964 etiam
2918 912 3032 980 pari
3072 928 3167 967 nos
3211 913 3585 971 benevolentia
3628 930 3992 989 prosequutus

2393 1009 2476 1054 est
2498 999 2577 1053 vir
2596 1001 2986 1070 insignissimus
3011 1011 3071 1057 et
3090 1004 3484 1060 eruditissimus
3510 1007 3744 1064 Jounss
3773 1013 3989 1065 Arsen-

2394 1104 2492 1146 rus
2530 1090 2846 1159 humerus,
2894 1108 3053 1163 quem
3100 1094 3170 1148 ob
3209 1096 3461 1164 prmelara
3502 1099 3555 1152 in
3600 1102 3987 1170 rempublicam

2393 1181 2681 1237 literariam
2707 1184 2897 1238 collata
2926 1185 3183 1239 beneficia
3222 1187 3431 1256 ignorat
3468 1204 3625 1243 nemo
3672 1192 3759 1262 qui
3802 1192 3988 1247 literas

2391 1272 2551 1325 norit.
2581 1271 2629 1325 Is
2657 1274 3079 1345 mauuseriptum
3100 1275 3444 1344 epistolarum
3473 1277 3531 1331 S.
3563 1277 3985 1352 Joan’nistry-

2375 1362 2611 1415 sostomi
2636 1404 2651 1428 ,
2681 1378 2780 1417 nec
2810 1374 3025 1433 rogatus
3049 1405 3065 1430 ,
3095 1364 3398 1437 Ilamburgo
3421 1366 3682 1423 Lutetiam
3710 1369 3855 1423 misit
3880 1412 3893 1433 ,
3926 1382 3987 1425 ut

2390 1452 2557 1507 oculis
2572 1453 2685 1523 ipse
2704 1454 2841 1509 meis
2860 1457 3035 1509 varias
3055 1455 3179 1511 inde
3198 1456 3457 1513 lectiones
3473 1461 3720 1528 excipere
3743 1475 3982 1529 possem.

2390 1544 2573 1614 Neque
2599 1545 2812 1602 silentio
2836 1547 3327 1616 praetermittendus
3352 1550 3433 1603 vir
3461 1550 3532 1604 cl.
3559 1549 3840 1608 Cosanus
3868 1551 3985 1606 Wt-

2390 1652 2511 1692 now
2535 1678 2551 1705 ,
2583 1638 2673 1707 qui
2706 1625 2910 1693 nullum
2940 1639 3169 1707 lapidem
3200 1655 3306 1694 non
3337 1641 3503 1695 movit
3528 1652 3585 1695 ut
3609 1643 3806 1697 nostris
3835 1643 3984 1697 fave-

2390 1740 2472 1785 ret
2500 1730 2691 1786 studiis
2720 1740 2775 1787 et
2813 1731 3084 1802 operibus.
3130 1732 3211 1788 En
3250 1732 3415 1787 habes
3438 1774 3453 1800 ,
3504 1733 3728 1789 candide
3769 1736 3942 1790 lector
3965 1774 3983 1803 ,

2390 1820 2631 1876 festivam
2701 1822 3081 1891 prteclarorum
3142 1822 3419 1877 hominum
3478 1826 3934 1880 enumerationem
3965 1868 3983 1893 ,

2389 1926 2614 1982 quorum
2659 1915 3103 1969 commemoratio
3150 1915 3351 1970 nemini
3398 1916 3582 1972 literas
3626 1918 3826 1972 amanti
3877 1935 3985 1973 non

2389 2010 2539 2072 grata
2573 2010 2747 2073 potest
2774 2018 2915 2058 esse.

2459 2092 2643 2162 Neque
2695 2093 2905 2147 tacendi
2964 2101 3087 2146 sunt
3144 2094 3407 2148 carissimi
3465 2092 3676 2149 sodales
3724 2098 3827 2151 mei
3885 2098 3986 2153 viri

2389 2185 2531 2240 docti
2556 2225 2571 2249 ,
2601 2185 2688 2251 qui
2721 2200 2930 2240 meeum
2964 2185 3017 2239 in
3050 2186 3149 2239 hoe
3175 2186 3385 2241 edendo
3414 2202 3578 2258 opere
3605 2189 3937 2244 desudaruut
3966 2234 3981 2255 ,

2388 2274 2452 2327 D.
2484 2273 2731 2329 Canows
2756 2290 2823 2329 ne
2845 2290 2910 2329 LA
2937 2274 3055 2330 Rus
3076 2316 3090 2340 ,
3120 2274 3179 2329 1).
3211 2276 3489 2332 Murran
3514 2277 3767 2341 Bououn'r
3791 2322 3806 2346 ,
3835 2290 3888 2334 et
3918 2281 3981 2334 ί).

2386 2363 2650 2420 Jossrnus
2678 2364 2938 2421 Doussor.
2964 2364 3159 2420 Cameri
3188 2376 3364 2420 autem
3401 2368 3489 2436 qui
3532 2370 3695 2423 variis
3735 2371 3983 2425 lectioni-

2389 2456 2490 2512 bus
2517 2455 2843 2525 exeipiendis
2870 2471 3088 2525 Operam
3121 2456 3258 2510 bene
3286 2458 3435 2511 multi
3458 2458 3715 2512 dederunt
3738 2500 3754 2525 ,
3779 2471 3833 2515 et
3853 2461 3990 2515 dant

2389 2547 2674 2617 hodieque,
2691 2546 2742 2601 in
2756 2547 2931 2616 aliquo
2951 2555 3218 2603 tomorum
3238 2550 3574 2618 sequentium
3593 2566 3984 2606 commemora—

2386 2641 2584 2696 buntur
2605 2658 2616 2693 :
2637 2654 2758 2694 nam
2777 2639 2828 2693 in
2850 2639 2967 2695 dies
2983 2640 3104 2693 novi
3127 2638 3193 2693 ad
3216 2639 3267 2693 id
3282 2641 3516 2695 muneris
3530 2656 3589 2695 se
3605 2641 3905 2709 conferunt,
3931 2652 3987 2696 et

2607 2764 2621 2778 .
2648 2766 2660 2778 .
2692 2764 2705 2777 .
2737 2773 2745 2779 .
2774 2765 2788 2779 .
2806 2743 2905 2779 uno
2926 2730 3095 2779 avulso
3116 2743 3213 2779 non
3229 2730 3392 2780 defleit
3409 2730 3552 2781 alter.

707 2822 3987 2848 mw

1299 2919 1446 3000 DE
1494 2916 1765 3001 VITA
1818 2920 1904 3002 S.
1947 2920 2434 3004 JOANNIS
2496 2917 3365 3018 CHRYSOSTOMI,

1051 3075 1152 3133 ΕΤ
1203 3073 1449 3135 PRIMO
1493 3075 1597 3134 DE
1641 3075 2203 3137 SCRIPTORIBUS
2245 3074 2463 3137 VI'I'JE
2510 3071 2863 3133 EIUSDEM
2895 3070 3179 3133 SANCTI
3223 3072 3630 3133 DOCTORIS»

1702 3219 1881 3291 QUOS
1922 3219 2527 3277 ΡΒΑΞΤΕΒΜΙΤΤΕΠΕ
2569 3214 2774 3271 ΥΙΞΗΜ
2818 3213 2965 3280 EST,

1991 3354 2416 3410 ρ-υὲἱὲἱξτὶ

766 3486 863 3554 Qui
897 3488 1097 3557 primus
1127 3489 1193 3540 ab
1222 3487 1449 3542 llent'ieo
1484 3487 1685 3542 Savilio
1714 3487 1887 3540 editus
1928 3484 2025 3537 fuit
2056 3484 2185 3536 Vita:
2217 3478 2276 3534 S.

692 3580 773 3636 Ju'.
814 3578 1180 3648 ChrySustomi
1224 3580 1472 3649 scriptor,
1501 3588 1583 3634 est
1626 3578 1887 3648 Georgius
1940 3575 2277 3630 Alexandri-.1:

691 3668 1157 3738 archiepiseOpus,
1191 3686 1347 3740 quem
1396 3671 1610 3739 quidam
1659 3680 1843 3738 putant
1868 3668 2088 3723 Joannis
2116 3667 2277 3721 Elec—

693 3760 981 3829 ntosynarii
1029 3775 1390 3815 successorem
1424 3760 1608 3816 fuisse.
1641 3761 1740 3816 IIic
1784 3760 1971 3815 humili
2019 3769 2073 3813 et
2112 3758 2277 3812 incle-

693 3850 833 3917 ganti
861 3849 1001 3918 stylo
1023 3851 1298 3904 innumera
1321 3853 1486 3905 refert
1507 3850 1766 3916 fabulosa,
1792 3851 1856 3905 iis
1877 3848 2133 3917 exceptis,
2159 3864 2278 3918 qua:

694 3955 759 3991 ex
789 3938 1022 3992 Palladio
1053 3949 1105 3993 et
1131 3939 1350 3994 Socrate
1377 3950 1643 3995 mutuatus
1670 3949 1768 3996 est.
1801 3940 1990 3994 Narrat
2015 3938 2275 4015 Joannem

693 4030 962 4097 juvenem.
1002 4031 1111 4099 jam
1162 4032 1331 4087 literis
1369 4032 1668 4099 eruditum,
1712 4032 1951 4087 Athenas
1980 4031 2276 4102 profectum

695 4135 848 4182 esse;
883 4120 1056 4189 ibique
1102 4136 1223 4175 cum
1275 4133 1395 4191 post
1439 4121 1705 4176 modicum
1748 4123 2005 4191 temporis
2048 4122 2277 4191 spatium

694 4212 1050 4266 Athenienses
1078 4229 1263 4267 omnes
1293 4214 1696 4282 disciplinarum
1730 4216 1913 4269 notitia
1946 4224 2001 4270 ct
2033 4214 2275 4269 facundia

696 4311 998 4373 Superaret,
1028 4302 1223 4356 multos
1251 4304 1302 4356 in
1334 4304 1412 4356 sui
1435 4303 1839 4360 admirationem
1864 4304 2122 4373 rapuisse,
2146 4305 2278 4360 alio-

700 4409 815 4447 rum
846 4410 973 4448 vero
1000 4394 1246 4448 invidiam
1278 4395 1661 4459 coneitavisse,
1700 4400 2036 4466 maximeque
2066 4396 2274 4450 Anthe-

698 4484 786 4536 [IIII
818 4483 1089 4552 cujusdam
1120 4485 1214 4539 viri
1239 4485 1377 4539 docti
1402 4494 1454 4538 et
1477 4486 1712 4554 superbi,
1732 4501 1959 4556 quocum
1989 4487 2149 4541 etiam
2176 4487 2277 4542 dis-

696 4574 920 4640 putavit.
984 4573 1107 4628 lI:ec
1148 4574 1433 4642 disputatio
1476 4575 1714 4643 pluribus
1759 4587 2106 4631 memoratur.
2149 4576 2279 4631 Post

700 4661 999 4730 lmjusmodi
1028 4662 1256 4717 fabulam
1279 4662 1476 4719 fusiore
1494 4674 1536 4717 st
1545 4664 1633 4735 ylo
1655 4673 2001 4720 recensentur
2022 4665 2277 4720 miracula

699 4753 835 4808 bene
880 4753 1043 4807 multa
1091 4770 1121 4808 a
1170 4754 1377 4810 Joanne
1423 4766 1605 4810 nostro
1657 4766 1860 4825 patrata
1891 4771 2051 4812 :cum
2101 4767 2277 4813 tamen

698 4843 1108 4913 Chrysostutnus
1126 4859 1229 4898 non
1252 4846 1417 4899 semel
1439 4846 1598 4912 dicat,
1614 4848 1863 4903 miracula
1884 4848 2023 4901 nulla
2038 4863 2133 4903 suo
2148 4857 2281 4903 tem-

700 4949 828 5003 pore
854 4934 967 4988 fieri
987 4976 1002 5001 ,
1031 4949 1130 4989 nec
1156 4949 1275 4990 esse
1300 4936 1620 4991 necessaria.
1652 4936 1935 4993 lnnumera
1972 4938 2173 5008 profert
2204 4939 2279 4993 si—

701 5025 881 5090 milia,
924 5041 1023 5080 nec
1060 5026 1277 5097 majoris
1322 5027 1499 5097 pretii.
1547 5028 2025 5103 Quapropterjure
2051 5028 2280 5085 Savilius

708 5120 862 5173 talem
887 5118 953 5173 de
980 5117 1211 5187 Georgio
1241 5119 1340 5173 fert
1366 5119 1686 5174 sententiam
1714 5139 1727 5175 :
1759 5120 2003 5176 Omnibus
2029 5130 2159 5175 certe
2177 5122 2281 5175 suis

705 5212 978 5273 annalibus
1002 5254 1013 5275 ,
1043 5211 1192 5265 etiam
1224 5211 1435 5281 posteris
1473 5210 1493 5283 (
1516 5221 1569 5265 ut
1595 5213 1657 5266 de
1679 5213 2023 5267 vetustioribus
2050 5212 2276 5281 taceam)

699 5302 933 5368 infantia:
960 5301 1011 5353 in
1032 5301 1246 5354 dicendo
1277 5300 1500 5370 palmam
1529 5301 1851 5370 prwripuissc
1878 5304 2054 5356 merito
2076 5304 2279 5373 judice-

702 5402 800 5443 tur.
828 5390 910 5445 Ex
930 5390 1083 5461 hujus
1109 5399 1273 5445 tamen
1303 5390 1507 5460 fracibus
1537 5391 1809 5445 hauserunt
1840 5392 1941 5447 Leo
1971 5392 2277 5464 Imperator,

700 5492 877 5535 auctor
928 5483 1179 5548 incertus,
1222 5492 1268 5536 ct
1315 5480 1525 5536 Simcon
1569 5480 1967 5550 Metaphrastcs,
2014 5502 2138 5554 quos
2182 5502 2281 5537 una

698 5577 897 5629 damus.

775 5667 899 5736 Post
942 5666 1078 5721 hanc
1109 5666 1281 5721 Vitam
1313 5681 1343 5720 a
1373 5667 1602 5737 Georgio
1633 5668 1998 5723 Alexandrino
2029 5671 2278 5740 seriptam

713 5762 852 5830 apud
896 5760 1149 5818 Savilium
1197 5760 1432 5828 sequitur
1478 5758 1670 5817 Leonis
1720 5761 2058 5832 Imperatoris
2110 5764 2277 5819 lineo-

2432 3376 2753 3395 ——-—-

2386 3473 2551 3527 mium
2600 3474 2657 3531 S.
2697 3476 2781 3532 Jo.
2824 3479 3217 3551 Cln'ysostomi.
3261 3481 3370 3537 Leo
3400 3498 3592 3553 nempe
3623 3484 3710 3539 ille
3741 3494 3820 3540 est
3844 3529 3857 3551 ,
3889 3486 3985 3555 qui

2384 3562 2608 3632 Sapiens
2650 3574 2705 3621 et
2748 3568 3105 3639 Philosophus
3134 3571 3342 3636 dictus,
3374 3572 3644 3629 Orientale
3690 3575 3979 3644 Imperium

2387 3655 2557 3708 tenuit
2579 3654 2647 3708 ab
2668 3672 2809 3711 anno
2833 3657 2939 3713 886
2964 3658 3031 3713 ad
3057 3674 3256 3715 annum
3281 3660 3407 3716 910.
3444 3661 3534 3717 Ille
3562 3672 3735 3718 tamen
3760 3664 3980 3733 sapiens

2388 3742 2683 3812 Imperator
2728 3762 2795 3800 ex
2847 3747 3185 3804 fmtidissimo
3233 3750 3325 3804 illo
3368 3749 3583 3821 Georgii
3626 3753 3772 3807 fonte
3797 3754 3983 3807 omnia

2386 3843 2679 3901 mutuatur,
2714 3844 2811 3891 nec
2843 3838 3033 3908 majori
3062 3855 3221 3909 quam
3253 3840 3343 3895 ille
3373 3840 3698 3911 fidc'dignus
3728 3853 3831 3897 est.

2456 3924 2691 3981 Leonem
2722 3926 3105 3997 Imperatorem
3137 3930 3337 4000 excipit
3374 3931 3515 4000 apud
3556 3932 3808 3987 Savilium
3837 3948 3979 3988 ano-

2386 4031 2580 4086 nymus
2605 4019 2838 4087 scriptor
2866 4019 2997 4075 Vita:
3024 4021 3081 4076 S.
3105 4021 3263 4076 Joan.
3290 4020 3682 4093 Chrysoswmi,
3702 4025 3790 4093 qui
3820 4024 3980 4080 initio

2385 4107 2590 4178 profert
2631 4111 2845 4164 nomina
2877 4127 3063 4166 eorum
3096 4113 3184 4182 qui
3213 4112 3282 4168 de
3312 4114 3417 4167 vita
3448 4112 3821 4186 Chrysostomi
3851 4118 3981 4173 scri-

2389 4212 2629 4269 pserunt,
2657 4202 2757 4257 hoc
2786 4204 2939 4258 titulo
2970 4222 2983 4257 :
3018 4205 3237 4271 Quinam
3268 4206 3331 4260 de
3359 4206 3461 4261 vita
3489 4206 3833 4278 Chrysostomi
3852 4212 3984 4264 scri-

2386 4303 2610 4362 pserunt.
2642 4292 2841 4349 [lorum
2870 4296 3085 4350 nomina
3117 4295 3233 4352 luec
3258 4305 3420 4352 sunt:
3446 4298 3696 4354 Socrates
3720 4300 3982 4356 ecclesia-

2387 4383 2553 4437 sticus
2578 4383 3061 4455 historiographus,
3080 4387 3351 4443 Palladius
3373 4388 3763 4459 Ilclenopolcos
3780 4391 3980 4461 epise.,

2387 4473 2606 4528 Drorlus
2630 4474 3274 4545 Constantinopolitanus,
3294 4476 3526 4549 Cyrillus
3548 4480 3942 4535 Alexandrinus
3966 4525 3980 4546 ,

2384 4564 2452 4619 de
2480 4564 2635 4635 cujus
2662 4565 2868 4622 visione
2898 4568 3034 4622 infra
3063 4569 3257 4639 agitur,
3298 4570 3634 4641 Sophronius
3673 4574 3978 4643 patriarcha

2383 4653 2900 4726 Jerosolymitanus.
2944 4658 3179 4714 Joannes
3238 4661 3640 4729 Damascenus,
3693 4662 3983 4735 Martyrius

2387 4746 2753 4803 Antiochenus
2797 4749 3097 4818 patriarcha
3118 4790 3134 4811 ,
3168 4750 3390 4806 Cosmus
3424 4751 3794 4824 Chrysostomi
3838 4762 3981 4808 tem-

2386 4854 2518 4908 pore
2543 4838 2800 4897 diaconus
2824 4843 3147 4897 ἀποστολικῶν
3163 4884 3177 4907 ,
3205 4842 3575 4900 'I‘lieodoretus
3608 4844 3730 4916 Cyri
3766 4844 3937 4913 epise.
3962 4885 3979 4911 ,

2386 4927 2537 4983 Nilus
2565 4929 2785 5000 Magnus
2806 4972 2821 4995 ,
2847 4932 3088 4988 Isidorus
3115 4932 3381 4987 Pelusiota
3404 4975 3418 4999 ,
3452 4934 3715 5004 Evagrius
3742 4936 3936 4990 Aseeta
3960 4978 3977 5002 ,

2385 5019 2610 5075 Cosmas
2631 5020 2889 5086 Vestitor,
2928 5022 3038 5078 Leo
3068 5023 3384 5093 Imperator,
3416 5024 3629 5078 Nieetas
3654 5031 3943 5097 πινοφύλαξ
3964 5067 3981 5090 ,

2385 5111 2598 5166 Nieetas
2622 5112 2895 5184 Paphlago
2915 5156 2929 5179 ,
2959 5115 3273 5170 Eustathius
3307 5114 3471 5169 Primi
3492 5158 3506 5178 ,
3539 5116 3767 5171 Basilius
3794 5121 3819 5169 ὁ
3847 5142 3980 5188 npu-

2386 5212 2630 5274 τὸορονος,
2679 5204 3064 5262 Constantinus
3115 5206 3615 5279 Porphyrogenitus
3656 5195 3979 5278 Imperator.

2387 5296 2471 5351 Ea:
2502 5298 2579 5350 Itis
2610 5297 2862 5365 omnibus,
2894 5299 3067 5369 pergit
3093 5299 3203 5362 ille,
3225 5299 3590 5369 opportuniora
3612 5309 3658 5353 et
3687 5299 3981 5369 pulchriora

2388 5391 2699 5459 colligentes,
2732 5407 2948 5473 quorum
2978 5392 3213 5463 quaedam
3242 5392 3357 5445 aliis
3381 5408 3444 5446 ra:
3464 5392 3655 5452 horum,
3674 5393 3981 5462 scriptontm

2389 5498 2599 5536 numero
2621 5492 2761 5545 nota,
2785 5482 2903 5538 aliis
2923 5484 3095 5554 ignota
3118 5494 3282 5551 erant,
3308 5485 3442 5538 hunc
3470 5485 3653 5539 librum
3670 5484 3733 5539 ’in
3761 5487 3978 5554 gratiam

2389 5575 2586 5642 piorum
2632 5576 2889 5627 hominum
2930 5577 3289 5629 adornavimus
3333 5577 3400 5630 ad
3437 5577 3653 5646 gloriam
3684 5575 3808 5639 Dei,
3839 5585 3887 5629 et
3910 5578 3981 5629 ad

2388 5666 2681 5720 "tentorium
2712 5666 2877 5720 sancti
2900 5669 3013 5719 viri.

2466 5757 2556 5812 Ilic
2602 5773 2725 5812 vero
2780 5760 3094 5825 Anonymus
3142 5758 3344 5813 exteris
3394 5758 3683 5827 elegantior
3724 5767 3803 5813 est
3883 5760 3979 5817 Sed
