4234 6310
208 440 296 481 παν
1114 426 1202 482 DE
1239 425 1729 484 SCRH‘TOBIBUS
1769 427 2009 483 REB’UM
2050 421 2547 480 CHRYSOSTOMI.

212 535 325 595 nihil
353 539 525 610 magis
557 538 772 594 confert
798 539 865 593 ad
910 539 1070 594 vitam
1102 540 1157 596 S.
1188 540 1346 596 Joan.
1385 541 1749 613 Chrysostomi
1771 583 1788 607 ,

210 649 351 701 quant
377 630 671 701 Georgius,
700 645 766 685 ex
792 631 948 702 cujus
975 630 1193 687 fascibus
1217 634 1396 687 omnia
1424 632 1621 698 hausit,
1653 643 1710 687 ut
1737 641 1794 688 et

3379 429 3498 473 κκνι

1904 539 2154 610 pmnituit
2180 536 2434 608 coepisse,
2461 544 2516 590 et
2544 535 2696 589 libuit
2721 533 3003 599 desistere,
3034 546 3096 588 ac
3125 531 3361 587 Leonem
3393 528 3499 586 Im-

1903 639 2226 700 peratorem.
2248 629 2593 696 Auouymum
2616 637 2672 682 et
2697 626 3118 695 Metaphrasten,
3147 625 3235 695 qui
3253 640 3321 679 ex
3339 622 3501 681 Geor-

208 719 589 790 lletaphrastes
617 712 924 790 Scriptores
950 736 1079 777 vero
1110 723 1182 776 illi
1209 722 1272 776 de
1299 723 1400 775 vita
1421 721 1789 794 Cltrysostomi,
1817 724 1822 728 ’
1901 723 1971 792 gii
2001 720 2219 776 faecibus
2246 719 2531 773 hauserant
2559 759 2572 783 ,
2601 719 2849 773 similiter
2875 717 3185 772 amandare.
3216 716 3347 771 Nam
3376 732 3499 770 eum

209 818 332 882 quas
356 811 676 871 nominatim
707 811 823 881 ipse
848 821 1255 878 commemorat,
1280 829 1387 867 non
1411 827 1603 867 omnes
1626 822 1790 866 telam

202 901 571 972 Chrysostomi
597 902 759 956 vitam
781 902 1204 973 descripserunt,
1235 903 1328 957 sed
1351 918 1420 957 ex
1443 903 1550 957 illis
1579 902 1792 972 plurimi

209 979 454 1046 nonnulla
501 1001 709 1046 tantum
747 992 817 1056 ad
859 995 1020 1048 vitam
1061 983 1434 1064 GhrysostOmi
1473 994 1795 1065 pertinentia

204 1083 446 1137 retulere.
475 1082 753 1139 Visionem
783 1095 962 1140 autem
990 1086 1132 1140 illam
1157 1083 1340 1158 Cyrilli
1362 1118 1378 1151 δ
1405 1085 1472 1140 de
1498 1101 1601 1156 qua
1631 1101 1793 1156 supra

217 1174 433 1244 loquitur
455 1173 778 1246 Anonymus
797 1216 814 1242 ,
841 1176 896 1231 in
926 1173 1079 1230 Notis
1103 1176 1216 1231 suis
1238 1175 1396 1232 aﬂ'ert
1423 1176 1690 1242 Savilins,
1717 1184 1800 1230 at-

212 1280 305 1332 que
335 1264 402 1316 ita
429 1262 656 1318 ridicula
685 1265 796 1318 visa
825 1264 925 1319 fuit
947 1265 1312 1333 Tillemontio,
1335 1274 1480 1321 utne
1499 1280 1799 1320 memorare

209 1353 413 1423 quidem
447 1353 596 1407 illam
627 1353 879 1424 dignatus
903 1357 995 1410 sit.

279 1446 346 1498 De
375 1445 608 1515 Georgio
639 1448 1004 1503 Alexandrino
1041 1457 1096 1505 et
1136 1448 1205 1506 de
1247 1449 1417 1505 tribus
1455 1451 1802 1520 sequentibus

173 1563 191 1568 -
210 1537 320 1589 vitu
338 1538 710 1609 Chrysostomi
736 1540 1109 1611 'scrip'toribus,
1141 1555 1170 1594 a
1200 1533 1399 1598 Savilio
1423 1542 1608 1598 Grznce
1635 1541 1798 1606 ensis,

211 1626 257 1677 in
285 1625 528 1680 Latinum
557 1630 836 1684 vertendis
861 1673 876 1696 ,
908 1641 963 1686 et
992 1622 1046 1686 in
1079 1632 1177 1686 hac
1205 1631 1441 1687 editione
1470 1616 1802 1700 publicandis

209 1718 403 1785 pridem
432 1721 831 1789 cogitaveram;
866 1723 978 1777 imo“
994 1739 1122 1779 vero
1146 1723 1430 1792 Georgium
1463 1723 1649 1778 Latine
1674 1738 1803 1777 con-

208 1821 407 1867 vertere
428 1828 739 1882 cmpcram:
769 1815 865 1870 sed
891 1815 977 1870 ubi
1010 1826 1086 1870 tot
1110 1816 1421 1886 quisquilias
1452 1815 1652 1878 iuveni,
1680 1823 1803 1868 tunc

219 1943 398 1956 ..-

1321 1949 1515 1961 —

1905 812 2095 865 horum
2124 811 2244 863 vita:
2267 808 2634 880 Ghrysostomi
2665 809 2986 878 scriptorum
3013 821 3178 877 opera
3207 805 3498 859 admodum

1906 902 2111 971 prolixa
2133 901 2259 966 sint,
2285 899 2471 954 Latine
2491 913 2751 954 conversa
2776 913 2896 952 non
2908 898 3205 967 potuissent
3231 895 3282 950 in
3309 895 3501 949 eodem

1905 993 2074 1048 'I‘omo
2109 993 2367 1047 contineri
2396 1034 2412 1058 ,
2446 999 2510 1046 et
2547 991 2878 1060 oportuisset
2920 990 3082 1044 alium
3127 988 3393 1044 adornare
3421 997 3518 1041 ιιι-ρ

1906 1101 2052 1140 mum
2075 1084 2270 1155 ;idque
2295 1084 2442 1138 nullo
2471 1082 2664 1145 fructu,
2685 1099 2806 1138 cum
2833 1082 2898 1137 ad
2923 1082 3084 1136 vitam
3105 1080 3502 1152 Ghrysostomi,

1907 1183 1965 1229 ut.
1993 1175 2238 1243 superius
2263 1165 2460 1229 dictum
2488 1181 2592 1240 est,
2613 1173 2741 1228 nihil
2774 1174 2980 1242 possint
3002 1171 3194 1226 afferre
3220 1172 3501 1225 momenti.

1908 1268 2242 1337 Quapropter
2269 1267 2352 1322 his
2380 1267 2616 1335 omissis“,
2647 1282 2677 1320 a
2709 1267 2829 1321 Vita
2857 1265 3224 1336 Chrysostomi
3259 1276 3354 1334 per
3381 1264 3501 1319 Pal-

1909 1361 2106 1415 ladium
2136 1402 2152 1424 ,
2206 1360 2594 1430 lielenopoleos
2646 1360 2957 1428 episcopum
3013 1366 3068 1412 et
3116 1357 3506 1428 Chrysostomo

1909 1468 2146 1508 comvum
2168 1493 2184 1517 ,
2212 1452 2529 1521 incipiemus
2559 1469 2571 1504 :
2605 1451 2693 1521 qui
2724 1450 3093 1522 Chrysostomi
3124 1445 3304 1518 partes
3330 1457 3505 1519 secta—

1913 1554 2028 1610 tus,
2064 1546 2224 1599 multa
2258 1545 2476 1608 retulit,
2510 1559 2629 1613 qua:
2659 1544 2774 1612 ipse
2805 1543 3012 1597 viderat
3033 1551 3091 1597 et
3114 1555 3344 1612 quorum
3367 1553 3502 1594 con-

1911 1651 2029 1693 sors
2057 1635 2245 1692 fuerat.
2284 1635 2483 1690 Deinde
2522 1650 2650 1691 vero
2689 1636 2849 1688 vitam
2893 1634 2950 1688 S.
2987 1631 3225 1687 doctoris
3261 1637 3506 1701 oppone-

1913 1742 2053 1792 mus,
2072 1742 2138 1781 ex
2165 1727 2280 1795 ejus
2303 1726 2534 1781 maxime
2553 1727 2764 1795 scriptis
2779 1734 2833 1779 et
2855 1740 2920 1780 ex
2943 1723 3048 1780 fide
3073 1722 3248 1793 dignis
3273 1725 3507 1778 auctori-

1915 1815 2014 1870 bus
2038 1831 2068 1868 a
2096 1814 2250 1869 nobis
2279 1815 2612 1869 adornatam.

1061 1949 2610 2152 Eia—3mm“

1537 2243 2136 2321 ADMONITIO

1037 2378 1142 2437 DE
1186 2377 1750 2440 SCRIPTORIBUS
1793 2379 2070 2442 RERUM
2113 2373 2705 2454 CIIRYSOSTOMI,
3169 2451 3172 2454 ,

272 2496 359 2554 ΕΤ
400 2497 826 2554 ΡΠᾸΞΞΕΒΤΙΜ
866 2497 1170 2552 GEORGIO
1209 2496 1662 2564 CASTERISQUE
1705 2498 2114 2556 BIOGRAPIIIS
2151 2499 2703 2558 REGENTIORIBUS
2739 2500 2970 2557 CAUTE
3011 2494 3370 2555 LEGENDIS.

1546 2632 2178 2686 -οαὲμφςὲβ-ίεὲο·

282 2791 301 2822 ε
339 2769 416 2824 Ad
451 2769 739 2836 scriptores
772 2781 948 2822 rerum
973 2750 1342 2836 Chrysostomi
1365 2766 1606 2836 qumdam
1632 2766 1806 2821 adno-

209 2870 382 2914 taturo
426 2857 805 2913 constituenda
851 2856 981 2909 mihi
1028 2864 1153 2909 ante
1195 2857 1375 2909 omnia
1423 2856 1631 2910 videtur
1669 2857 1805 2910 ratio

212 2965 507 3020 temporum
535 2991 550 3015 ,
581 2965 684 3019 qua
718 2949 818 3004 rite
848 2948 1209 3015 constabilivi,
1238 2959 1430 3003 caetera
1461 2948 1589 3003 fient
1615 2948 1806 3003 diluci-

207 3044 378 3106 diora,
409 3052 466 3096 et
491 3043 658 3095 multa
691 3041 742 3094 in
769 3040 867 3095 hac
892 3040 1110 3094 historia
1139 3040 1296 3094 dubia
1324 3021 1636 3103 dissolvere,
1665 3041 1803 3094 mul-

207 3146 290 3191 tos
325 3134 706 3189 historicorum
752 3148 965 3188 errores
1002 3131 1285 3188 eltronicos
1315 3149 1419 3186 non
1459 3135 1562 3189 erit
1589 3133 1806 3189 difficile

211 3226 508 3294 castigare:
544 3241 663 3292 qua:
694 3233 894 3286 tamen,
926 3232 982 3276 ut
1005 3237 1122 3276 mea
1147 3223 1350 3290 omnia,
1374 3223 1633 3278 lcetorum
1659 3223 1805 3293 judi-

207 3317 286 3369 cio
313 3316 396 3370 vel
439 3314 744 3382 recipienda
769 3352 784 3379 ,
817 3314 896 3368 vel
930 3313 1258 3383 repudianda
1295 3304 1559 3382 relinquo.
1588 3316 1665 3370 Ac
1694 3314 1804 3383 pri-

209 3424 348 3460 tuum
387 3408 456 3460 de
487 3407 576 3460 die
615 3415 669 3460 et
698 3406 917 3459 consule
938 3447 953 3470 ,
1001 3420 1106 3474 quo
1138 3413 1292 3459 natus
1323 3413 1404 3459 est
1430 3405 1666 3460 Joannes
1706 3419 1804 3459 no-

207 3511 333 3562 ater,
367 3512 530 3552 nemo
571 3507 812 3550 veterum
855 3495 1163 3550 Graecorum
1208 3495 1497 3565 quidquam
1540 3495 1802 3564 prodidit,

209 3607 364 3643 nemo
407 3588 769 3643 recentiorum
803 3605 816 3639 :
848 3588 983 3641 adeo
1027 3595 1153 3640 sunt
1189 3602 1499 3656 magnortuu
1532 3587 1801 3649 virorum,

209 3680 424 3746 perinde
469 3695 532 3732 ac
561 3679 840 3732 ﬂuviorum
867 3721 881 3744 ,
915 3689 1064 3734 ortus
1105 3679 1354 3744 obscuri,
1399 3693 1712 3748 progressus
1752 3687 1806 3732 ct

208 3774 382 3824 exitus
406 3769 707 3838 conspicui.
741 3769 1043 3824 Secundum
1065 3811 1080 3836 ,
1114 3769 1334 3822 Joannis
1368 3781 1594 3838 patrem,
1625 3768 1805 3836 paucis

210 3872 322 3928 post
349 3861 685 3914 nativitatem
716 3859 805 3912 filii
834 3858 1021 3912 diebus
1041 3898 1056 3923 ,
1090 3875 1155 3912 an
1185 3858 1456 3913 mensibus
1487 3857 1703 3922 obiisse,
1734 3874 1800 3912 ex

213 3955 389 4008 matris
424 3953 494 4006 ad
520 3952 782 4007 Joannem
810 3951 986 4005 verbis
1028 3952 1228 4020 liquet,
1259 3951 1350 4004 lib.
1396 3951 1419 4004 1
1454 3950 1521 4004 de
1543 3949 1807 4004 Sacerdo-

218 4049 281 4097 tio
310 4061 367 4098 ιι.
396 4045 431 4098 5
463 4061 476 4096 :
513 4042 705 4096 Partus
733 4042 806 4094 tui
833 4040 1033 4094 dolores
1071 4043 1263 4110 excepit
1293 4041 1458 4093 obitus
1485 4041 1663 4109 patris.
1687 4038 1803 4094 Jam

216 4153 323 4191 :mn
362 4147 543 4192 mater
571 4138 738 4206 ipsius
768 4152 937 4192 annos
963 4137 1238 4191 viduitatis
1265 4136 1538 4206 eXplesset
1582 4135 1802 4206 viginti,
1850 4165 1858 4170 -

214 4241 424 4298 apparet
463 4244 588 4283 eum
627 4227 802 4282 adlmc
829 4228 1127 4288 Antiochia:
1155 4227 1205 4281 iu
1237 4228 1418 4282 schola
1447 4225 1654 4280 Libauii
1688 4242 1806 4280 ver-

210 4330 397 4385 satum,
437 4335 508 4374 ex
548 4320 716 4388 ipsius
749 4320 1119 4390 Gbrysostomi
1147 4319 1347 4384 verbis,
1379 4320 1527 4374 Orat.
1561 4320 1586 4372 1
1617 4318 1683 4372 ad
1712 4318 1808 4372 Vi—

208 4411 358 4466 duam
382 4414 506 4482 jun.
527 4431 540 4465 :
559 4411 699 4464 Nam
719 4422 766 4466 et
795 4427 884 4483 ego
905 4413 1179 4483 aliquando
1195 4429 1308 4465 cum
1327 4428 1480 4466 essent
1493 4412 1694 4482 junior,
1714 4412 1806 4464 do-

207 4506 326 4556 ctori
355 4521 468 4557 meo
505 4503 804 4576 (Libanio),
839 4514 947 4558 erat
976 4514 1144 4558 autem
1171 4504 1257 4558 ille
1285 4506 1510 4559 omnium
1540 4504 1805 4558 hominum

208 4597 420 4649 maxime
457 4596 873 4664 superstitiosus,
903 4607 1006 4652 etc.
1032 4638 1046 4662 ,
1092 4612 1261 4666 usque
1291 4597 1357 4650 ad
1391 4596 1584 4660 verba,
1632 4597 1806 4665 quales

209 4689 439 4743 mulieres
479 4689 621 4758 apud
649 4689 950 4742 christianos
985 4699 1102 4743 sunt
1134 4688 1221 4757 (Τ.
1255 4687 1296 4741 Ι.
1336 4687 1400 4743 ad
1431 4687 1659 4742 Viduam
1683 4688 1800 4757 jun.

209 4795 258 4831 η.
284 4779 377 4849 2).
412 4779 568 4845 Quod
604 4780 647 4833 si
683 4795 938 4834 numerus
980 4781 1080 4834 iste
1110 4779 1292 4849 viginti
1335 4794 1596 4833 annorum
1631 4781 1806 4848 justus

206 4879 301 4934 est,
350 4885 459 4923 non
508 4869 800 4934 rotundus,
845 4870 985 4939 quod
1016 4869 1245 4924 fortasse
1274 4870 1484 4933 verius,
1521 4879 1575 4923 ιιι
1616 4868 1804 4923 demus

209 4962 384 5013 statim
416 4970 539 5028 post
569 4960 793 5015 Joannis
830 4971 1003 5016 ortum
1034 4973 1236 5030 patrem
1281 4961 1606 5026 decessisse,
1635 4975 1804 5014 annos

209 5061 383 5104 uatum
417 5042 701 5105 minimum
731 5052 912 5121 viginti
945 5053 996 5106 in
1019 5053 1284 5106 auditorio
1311 5052 1516 5106 Libauii
1542 5051 1801 5106 Joannem

211 5140 424 5197 tersisse
453 5157 676 5197 necesse
714 5153 816 5197 est.
843 5144 1110 5198 Palladius
1155 5160 1352 5198 annum
1383 5155 1626 5198 octavum
1655 5145 1801 5199 deci-

209 5248 344 5285 mum
377 5243 627 5302 agentem
660 5234 908 5288 oratoria:
937 5250 1152 5304 operam
1194 5235 1406 5289 dedisse
1438 5245 1676 5290 testatur.
1706 5235 1806 5290 Gc-

209 5320 405 5376 dteuus
429 5323 632 5378 diserte
673 5325 860 5378 scribit
888 5341 1029 5378 anno
1059 5327 1229 5379 :etatis
1256 5325 1465 5380 decimo
1496 5335 1684 5380 octavo
1709 5325 1804 5382 de-

209 5415 438 5468 stituissc
479 5415 782 5470 Libauium.
828 5416 1088 5486 Georgius
1134 5427 1192 5472 et
1229 5416 1337 5471 Leo
1378 5418 1478 5471 hoc
1518 5418 1633 5486 ipso
1663 5433 1804 5473 anno

211 5505 430 5560 Athenis
462 5505 610 5577 (quo,
643 5516 700 5560 ut
725 5509 922 5568 ferunt,
957 5516 1076 5577 post
1098 5509 1485 5564 Antiochenam
1516 5511 1802 5565 institutio-

211 5609 325 5649 nem
353 5599 652 5653 studiorum
681 5614 841 5654 causa
879 5599 1223 5670 migraverat)
1254 5601 1478 5655 rediisse
1525 5601 1756 5670 produnt
1786 5620 1801 5656 :

206 5688 292 5742 alii
317 5705 461 5742 anno
486 5690 658 5744 anatis
687 5689 979 5766 sedecimo,
1005 5690 1213 5760 longius
1231 5691 1406 5745 adhuc
1435 5707 1464 5745 a
1492 5707 1620 5746 vero
1651 5692 1806 5747 aber-

209 5791 402 5835 rantes.
454 5781 685 5852 Expleta
737 5782 895 5852 igitur
924 5798 1064 5836 anno
1093 5782 1348 5835 vicesimo
1395 5784 1614 5853 (neque
1661 5783 1802 5837 enim

209 5873 388 5930 abires
416 5891 606 5946 ponere
633 5877 836 5947 pat'tur
855 5891 953 5931 nos
976 5875 1309 5945 sequentium
1335 5875 1567 5930 calculus
1601 5886 1806 5944 tempo-

1914 2767 2054 2816 rum,
2083 2767 2183 2806 nec
2208 2753 2488 2820 pauciores
2505 2753 2664 2808 verba
2689 2752 3062 2824 Ghrysostomi
3090 2753 3130 2822 ),
3159 2751 3386 2807 deSertis
3402 2755 3516 2805 stit-

1917 2842 2020 2896 diis
2038 2843 2361 2910 juvenilibus
2386 2845 2705 2914 eloquentia:
2730 2854 2784 2899 et
2815 2844 3166 2914 philosophiae
3189 2844 3403 2915 argutiis
3424 2859 3513 2897 so-

1915 2930 2108 3000 phislm
2133 2932 2337 2986 Libauii
2377 2933 2582 3003 longum
2611 2935 2721 2987 t-alc
2745 2935 2915 2987 dicens
2945 2935 3040 3002 (ait
3079 2933 3383 3003 Georgius),
3417 2934 3505 2986 ad-

1915 3026 2120 3081 hrerere
2147 3029 2310 3096 coepit
2345 3027 2403 3079 Β.
2455 3027 2687 3093 Meletio,
2718 3028 2972 3097 episcopo
3011 3025 3346 3081 Autiochcno
3367 3067 3380 3089 ,
3410 3040 3511 3079 nec

1914 3117 1982 3171 ab
2019 3118 2135 3186 eius
2163 3134 2412 3188 umquam
2447 3119 2612 3174 latere
2641 3119 2952 3184 discedere;
2982 3135 3008 3172 a
3047 3134 3154 3189 quo
3185 3119 3353 3172 sacris
3379 3119 3513 3188 dog-

1914 3199 2144 3263 matibus
2181 3211 2464 3280 diligenter
2486 3212 2774 3266 instructus
2795 3221 2879 3278 et,
2915 3211 3177 3282 baptismo
3206 3220 3325 3279 post
3348 3212 3513 3265 trien-

1914 3303 2060 3356 nium
2087 3303 2242 3371 [erme
2265 3303 2598 3364 illuminatus.
2635 3304 2803 3359 lector
2831 3305 3107 3359 ordinatus
3137 3314 3219 3359 est
3247 3323 3258 3356 ε
3290 3307 3364 3358 sic
3390 3305 3512 3358 Pal-

1914 3392 2114 3456 ladius,
2147 3393 2456 3457 Cedrenus,
2489 3395 2594 3448 alii.
2638 3395 2735 3449 llic
2770 3410 2896 3465 ergo
2923 3411 3091 3449 annos
3129 3395 3295 3449 habes
3326 3406 3430 3449 tres
3457 3404 3513 3449 et

1913 3483 2117 3552 viginti.
2151 3485 2300 3538 Circa
2343 3483 2444 3539 hoc
2489 3493 2697 3553 tempus
2741 3495 2963 3540 natrem
3007 3485 3206 3540 obiisse
3243 3485 3516 3554 probabile

1909 3583 2021 3634 est;
2055 3575 2333 3644 ipsumque
2355 3575 2475 3630 vitro
2507 3592 2563 3629 se
2585 3576 2837 3643 deinceps
2861 3577 3188 3641 monasticae,
3212 3592 3370 3645 quam
3403 3594 3514 3629 ma-

1915 3669 2078 3721 ternis
2107 3669 2352 3737 prccibus
2379 3669 2550 3721 victus
2585 3669 2864 3723 distulerat
2903 3671 3077 3723 verius
3103 3685 3260 3739 quam
3303 3669 3515 3738 abjere-

1914 3770 2027 3823 rat,
2071 3759 2371 3814 tradidisse.
2411 3760 2828 3826 Quadrienuium
2868 3761 3062 3815 vixisse
3092 3761 3143 3814 in
3187 3762 3513 3814 monasterio

1912 3851 2208 3906 Autiocbhe
2239 3852 2412 3906 vicino
2439 3869 2626 3908 omnes
2649 3855 2936 3923 scriptorcs
2965 3860 3246 3921 testantur,
3279 3865 3382 3908 tam
3411 3865 3511 3909 vc-

1915 3949 2053 3996 teres
2092 3957 2249 4010 quam
2297 3944 2655 4008 recentiores,
2705 3960 3090 4013 sacrorumque
3133 3945 3390 3998 librorum
3432 3947 3510 3999 le-

1911 4030 2094 4094 ctioni,
2124 4039 2170 4084 ct
2195 4032 2420 4085 asceticis
2440 4034 2604 4097 rebus,
2635 4033 2771 4101 apud
2795 4033 3094 4093 Carterium
3119 4043 3172 4088 et
3198 4034 3508 4100 Diodorum,

1914 4131 2032 4174 tunc
2058 4123 2359 4175 monasterio
2387 4124 2684 4191 prwpositos
2703 4165 2716 4184 ,
2748 4137 2964 4191 operam
2993 4122 3226 4178 dedisse.
3262 4125 3383 4177 lliec
3411 4125 3513 4178 So-

1911 4224 2103 4270 crates.
2139 4214 2215 4268 Ex
2242 4216 2432 4284 quibus
2465 4215 2746 4280 Diodorus,
2776 4221 2966 4271 postea
2995 4216 3272 4271 Tarsensis
3299 4218 3511 4285 episco-

1912 4320 2042 4375 pus,
2074 4308 2237 4359 multa
2277 4306 2491 4374 scripsit
2530 4306 2776 4360 [iteratam
2819 4307 3104 4360 divinarum
3130 4306 3512 4376 Scripturarum

1910 4415 2110 4452 sensum
2154 4400 2298 4453 unice
2333 4415 2514 4452 curans
2556 4415 2828 4468 earumque
2867 4400 3058 4468 ﬁguras
3109 4399 3409 4470 (allegorias
3457 4408 3512 4455 et

1910 4506 2207 4560 anagogas,
2245 4491 2466 4560 quibus,
2508 4505 2664 4560 supra
2707 4507 2864 4560 quam
2901 4507 2992 4560 per
3021 4501 3172 4556 erat,
3216 4492 3510 4547 delectatos

1913 4584 2085 4636 fuerat
2101 4582 2380 4651 Origenes)
2400 4583 2651 4650 reﬁciens.
2675 4581 2844 4648 Quam
2869 4582 3317 4651 interpretationis
3341 4584 3510 4636 ratio-

1912 4691 2032 4735 nem
2058 4691 2087 4731 a
2116 4672 2368 4746 magistro
2426 4686 2694 4731 mutuatus
2731 4679 2938 4729 vuletnr
2987 4676 3071 4729 hic
3103 4686 3303 4739 uoster,
3350 4689 3510 4741 quem

1911 4771 2124 4824 nonnisi
2151 4769 2365 4838 praefata
2389 4769 2541 4823 venia
2560 4767 2672 4823 fere
2688 4767 2754 4821 ad
2773 4767 3055 4837 allegorias
3072 4767 3401 4821 descendere
3433 4769 3508 4821 vi-

1909 4862 2120 4918 demus.
2136 4861 2409 4917 Gedrenus
2427 4853 2590 4915 solius
2610 4860 2850 4914 meminit
2863 4858 3108 4914 Carterii.
3126 4858 3395 4912 Palladius
3412 4858 3509 4929 Sy-

1913 4971 2029 5008 rum
2057 4953 2339 5023 quemdam
2361 4967 2543 5006 senem
2563 4960 2948 5004 commemorat
2966 4941 3310 5002 continentiae
3329 4949 3513 5014 impri-

1913 5045 2015 5104 mis
2033 5044 2350 5108 studiosum,
2369 5041 2452 5101 cui
2471 5056 2528 5095 se
2545 5041 2748 5094 socium
2770 5041 2820 5093 in
2841 5039 3169 5093 monasterio
3185 5039 3334 5093 dedit
3351 5038 3512 5094 Joan—

1911 5153 2028 5191 nes.
2061 5135 2250 5190 Utrum
2278 5150 2342 5189 ex
2370 5132 2580 5187 duobus
2608 5133 2711 5186 illis
2753 5146 2890 5184 unus
2922 5130 3080 5184 fuerit
3103 5130 3203 5184 iste
3226 5129 3414 5200 Syrus,
3445 5145 3510 5184 an

1911 5229 2089 5299 potius
2121 5227 2439 5297 Hesychius,
2476 5225 2640 5296 Syrus
2668 5241 2847 5295 genere
2876 5240 2904 5283 a
2927 5224 3508 5300 GeorgiOQnominatus.

1911 5337 2016 5377 non
2048 5336 2264 5391 possum
2297 5329 2552 5375 statuere.
2578 5318 2656 5372 Ex
2682 5327 2790 5371 tota
2827 5325 2972 5372 certe
2993 5315 3205 5386 Georgii
3239 5319 3506 5370 narratio-

1911 5429 2013 5478 ne,
2045 5412 2373 5467 monastcrio
2413 5412 2456 5470 si
2496 5426 2602 5465 non
2635 5407 2959 5479 praefuisch
2997 5417 3144 5463 certe
3187 5407 3254 5462 ad
3294 5423 3508 5462 omnem

1909 5507 2164 5576 pietatem
2197 5505 2471 5576 pracivisse
2519 5504 2772 5560 fratribus
2816 5501 2986 5572 iisque
3017 5501 3230 5570 regulas
3252 5511 3510 5556 ascettcas

1911 5597 2237 5663 condidisse,
2262 5597 2440 5666 potius
2460 5611 2618 5666 quam
2646 5594 2746 5648 sub
2767 5593 2985 5647 alterius
3011 5592 3290 5661 disciplina
3315 5592 3508 5645 vixisse

1917 5692 2190 5748 videatur.
2216 5690 2429 5745 Relicto
2454 5697 2575 5758 post
2601 5686 3008 5757 quadriennium
3038 5675 3140 5741 hoc
3159 5685 3504 5742 monasterio,

1915 5784 2183 5838 desiderio
2229 5780 2578 5837 delitescendi
2629 5778 2972 5833 remotiorem
3018 5792 3258 5832 eremum
3312 5775 3501 5845 petiit:

1918 5877 2129 5948 illieque
2171 5876 2437 5946 speluncae
2483 5871 2715 5928 inclusus
2759 5869 3032 5925 biennium
3070 5869 3235 5924 ferme
3285 5865 3504 5936 μετρῶν-η
