4234 6310
660 379 804 424 ιπγιι

660 492 832 557 Atque
854 481 919 543 de.
948 484 1046 538 hoc
1074 481 1347 549 sexennio,
1374 484 1433 537 'ut
1452 474 1581 549 diti,
1610 482 1748 537 inter
1771 488 2014 535 auctores
2035 493 2231 532 convc-

660 580 755 634 nit.
790 578 916 631 Inde
964 576 1029 631 ad
1059 576 1244 631 urbem
1280 589 1544 637 reversus,
1578 574 1837 628 diaconus
1868 588 1898 627 a
1931 574 1988 627 S.
2032 570 2239 624 Meletio

660 667 827 738 (quod
851 669 989 721 inter
1012 681 1197 721 omnes
1217 664 1447 733 constat)
1470 664 1578 734 jam
1603 665 1986 734 proticisccnte,
2014 672 2067 715 ut
2089 670 2235 731 puto,

657 759 1168 827 Constantinopolim
1187 758 1250 812 ad
1269 757 1552 813 secundam
1572 756 1829 814 svnodum
1848 754 2237 819 celebrandam,

658 865 806 905 anno
850 850 1057 903 Domini
1102 848 1201 903 ‘58!
1236 848 1471 911 ineunte,
1503 847 1796 910 ordinatus,
1824 845 2240 915 quinquennium

652 940 982 995 venerandis
1010 940 1329 993 ministravit
1356 939 1627 992 altaribus.
1660 938 1789 991 Nam
1820 936 1959 1007 quod
1987 945 2107 1007 post
2136 935 2244 989 Mc-

662 1031 769 1087 letii
804 1041 1051 1094 mortem,
1081 1045 1197 1099 qua:
1220 1030 1336 1098 ipso
1355 1037 1593 1098 tempore
1620 1036 1864 1082 secundae
1893 1026 2079 1098 synodi
2100 1024 2244 1079 acci—

663 1114 762 1177 dit,
794 1114 1043 1168 Socrates
1071 1114 1148 1167 ait
1179 1131 1192 1167 :
1225 1113 1479 1171 Recedem
1521 1113 1745 1166 Joannes
1775 1130 1807 1164 η
1830 1111 2117 1177 Μειβιὶηηὶε
2164 1110 2248 1180 (ea:

668 1202 803 1267 urbe,
834 1204 1003 1273 inquit
1018 1203 1298 1273 Georgius)
1312 1212 1410 1256 tres
1431 1205 1648 1272 integros
1665 1218 1823 1255 annos
1842 1203 2109 1271 tranquille
2120 1201 2246 1269 tegit;

668 1305 1002 1347 commoratur
1021 1296 1073 1347 in
1094 1295 1397 1348 monasterio
1424 1294 1476 1346 in
1506 1308 1605 1365 quo
1649 1295 1866 1364 primum
1896 1304 2001 1347 erat
2020 1334 2033 1356 ,
2080 1293 2248 1361 inquit

664 1382 955 1453 Georgius;
988 1385 1270 1439 triennium
1292 1384 1414 1449 hoc,
1448 1393 1506 1438 ut
1533 1386 1839 1455 importune
1864 1390 2043 1439 contra
2074 1380 2245 1438 ratio-

666 1490 791 1531 nem
820 1487 1138 1546 temporum,
1162 1486 1222 1532 ut
1248 1478 1299 1531 in
1329 1478 1675 1550 sequentibus
1700 1477 2106 1541 mdnstrabitur,
2134 1476 2250 1529 Pal-

668 1566 809 1621 ladio
834 1570 992 1623 etiam
1023 1586 1130 1625 non
1162 1569 1508 1638 suifragante,
1544 1570 1995 1639 interjectnm,cx
2027 1572 2251 1622 numero

666 1675 926 1714 annorum
957 1659 1327 1733 Chrysostomi
1360 1661 1697 1717 eximendum
1743 1668 1958 1715 censeo.
1992 1660 2116 1714 Post
2140 1660 2253 1712 ilia-

654 1764 916 1815 conatum
949 1768 1093 1824 ergo,
1140 1755 1418 1824 presbyter
1436 1753 1656 1817 deinde,
1693 1751 1833 1822 quod
1886 1752 2023 1805 inter
2066 1764 2252 1804 onmes

667 1844 937 1906 convenit,
957 1852 1077 1911 post
1104 1847 1274 1896 annos
1302 1842 1535 1913 quinque
1562 1858 1591 1895 a
1617 1838 1869 1895 Flaviano
1891 1842 2043 1910 (non,
2062 1848 2119 1893 ut
2142 1840 2254 1893 vult

668 1931 935 1995 Socrates,
972 1932 1214 2001 Evagrio,
1261 1932 1467 1986 Paulini
1499 1931 1851 2002 successore),
1889 1930 2038 2000 quod
2066 1940 2247 1999 postea

666 2025 1037 2091 ostendemus,
1078 2024 1354 2079 ordinatus
1379 2033 1481 2079 est.
1517 2025 1604 2080 Bio
1642 2024 1899 2079 habemus
1924 2039 1957 2077 a
1985 2021 2257 2077 nativitatc

674 2112 897 2179 Joannis
924 2136 1089 2190 usque
1115 2122 1180 2174 ad
1207 2120 1417 2174 deserta
1460 2120 1629 2173 studia
1652 2117 1906 2187 juvenilia
1947 2129 2133 2179 annos,
2168 2122 2256 2169 se-

668 2216 901 2270 cundum
934 2214 1370 2287 Chrysostomum
1401 2216 1593 2282 ipsum,
1614 2209 1817 2280 viginti,
1838 2204 1942 2270 vel.
1963 2205 2257 2263 secundum

672 2309 827 2371 alios,
860 2306 1155 2360 octodecim
1192 2323 1205 2358 :
1233 2304 1371 2374 apud
1416 2304 1681 2358 Meletium
1722 2308 1891 2357 annos
1916 2301 2082 2356 ferme
2115 2304 2257 2360 tres:

674 2396 797 2451 inde
822 2398 874 2451 in
903 2412 1085 2451 eremo
1108 2411 1277 2451 annos
1309 2397 1477 2450 ferme
1497 2402 1589 2449 sex
1624 2412 1637 2450 :
1666 2396 1717 2448 in
1746 2394 1953 2448 diaconi
1983 2393 2145 2463 gradu
2168 2406 2261 2445 an—

675 2506 773 2545 nos
803 2492 1054 2561 quinque,
1088 2499 1162 2557 et,
1185 2492 1434 2563 exempto
1462 2491 1550 2543 illo
1563 2489 1798 2543 Socratis
1826 2484 1880 2541 et
1905 2486 2260 2539 recentiorum

677 2581 926 2645 triennio,
959 2582 1012 2636 in
1031 2638 1038 2644 ,
1060 2580 1354 2652 presbyteri
1386 2581 1553 2649 gradu
1582 2594 1751 2633 annos
1779 2576 2083 2633 duodecim.
2111 2572 2263 2642 Quod

674 2675 721 2728 si
750 2676 888 2744 pleni
930 2674 1129 2731 fuerint
1154 2674 1210 2729 hi
1239 2674 1386 2738 anni,
1420 2690 1523 2727 non
1560 2672 1674 2726 cavi
1716 2681 1807 2726 aut
1835 2670 2075 2725 labentes
2098 2669 2261 2738 (quod

684 2752 861 2835 potius
882 2780 1021 2830 reor,
1048 2766 1101 2820 in
1129 2767 1283 2821 annis
1314 2766 1606 2834 praesertim
1634 2771 1755 2818 ante
1783 2763 2141 2826 diacOnatum,
2168 2775 2266 2829 pro

678 2860 829 2910 more
868 2855 1106 2910 omnium
1158 2854 1270 2911 fero
1311 2865 1586 2909 auctorum
1619 2869 1869 2909 numeros
1900 2866 2041 2921 sarpe
2066 2862 2266 2927 augt-n3

684 2948 839 3013 tium,
865 2955 920 3001 et
944 2947 1065 3017 quia
1096 2946 1411 3001 vocabulum
1440 2944 1606 2999 ferme
1636 2945 1716 2998 bis
1744 2959 1771 2996 a
1800 2942 2035 2998 Palladio
2066 2940 2265 3009 repeti-

684 3032 796 3111 tum
823 3035 950 3109 est),
983 3051 1011 3091 a
1042 3038 1316 3091 nativitate
1348 3034 1415 3090 ad
1457 3035 1819 3106 episcopatum
1858 3033 1984 3088 anni
2010 3031 2267 3100 colligen-

687 3137 774 3181 tur
800 3126 890 3183 ιϐ.
919 3126 1069 3195 Quod
1100 3126 1143 3181 si
1170 3126 1305 3181 duos
1330 3140 1499 3180 annos
1527 3141 1645 3181 cum
1676 3123 1911 3179 Palladio
1930 3131 1985 3178 ct
2007 3121 2270 3177 recentio—

690 3215 836 3271 ribus
856 3217 1131 3271 domamus
1154 3232 1219 3271 ex
1238 3215 1790 3286 studiisjuvenilibus;
1812 3223 1868 3269 et
1890 3227 2086 3267 annum
2106 3226 2269 3267 unum

688 3320 784 3375 pro
808 3306 895 3360 illo
925 3305 1007 3360 bis
1028 3306 1253 3374 repetito
1279 3304 1479 3369 ferme;
1506 3304 1635 3358 anni
1662 3311 1865 3358 tantum
1884 3310 2041 3358 erunt
2057 3302 2143 3356 ιδ.
2168 3300 2275 3355 Re-

691 3398 832 3466 liqua
853 3396 1105 3465 deinceps
1132 3402 1316 3465 prona,
1348 3396 1672 3465 epnchmque
1691 3401 1871 3460 certe,
1889 3408 1995 3447 non
2012 3407 2271 3446 annorum

689 3494 915 3550 tantum,
940 3487 1034 3541 sed
1064 3494 1119 3541 et
1143 3487 1403 3541 mensium
1438 3485 1820 3555 propemodum
1848 3495 1898 3539 et
1930 3483 2158 3538 dierum.
2187 3483 2272 3536 ln-

690 3586 773 3633 ter
796 3592 981 3633 omnes
1017 3578 1285 3642 convenit,
1330 3586 1435 3631 tam
1484 3586 1695 3631 veteres
1737 3592 1893 3646 quam
1926 3574 2272 3637 recentiores,

690 3662 949 3723 Joannem
984 3667 1050 3721 ab
1077 3667 1303 3721 Arcadio
1329 3669 1568 3737 Augusto
1604 3666 1905 3730 Antiochia,
1940 3665 2027 3719 ubi
2056 3664 2274 3733 presby-

693 3764 777 3812 ter
802 3757 919 3821 fuit,
959 3758 1184 3811 accitum
1228 3759 1279 3811 in
1326 3758 1455 3811 sella
1495 3757 1781 3826 episcopali
1815 3756 2278 3823 Constantinopoli

695 3852 950 3918 locatum,
970 3853 1120 3907 Coss;
1149 3852 1385 3906 Honorio
1402 3853 1434 3905 4
1449 3862 1501 3905 et
1521 3851 1870 3921 Eutychiano,
1897 3850 1995 3901 hoc
2016 3859 2117 3911 est,
2141 3861 2279 3901 anno

694 3944 909 4009 Christi,
945 3952 1001 3999 ut
1030 3960 1128 3999 nos
1154 3958 1515 4002 numeramus.
1546 3943 1671 4001 593.
1718 3940 1991 3994 Februarii
2020 3939 2111 4004 26,
2154 3937 2281 3993 sedo

696 4036 933 4106 urbeque
964 4031 1172 4105 pulsum
1196 4036 1283 4107 (de
1307 4036 1597 4103 posteriore
1617 4034 1806 4088 exsilio
1829 4033 2047 4102 loquor;
2074 4048 2193 4086 nam
2216 4032 2282 4085 de

698 4130 874 4196 priore
911 4140 1093 4199 postea
1131 4127 1448 4197 videbimus)
1478 4126 1712 4181 Honorio
1754 4128 1807 4191 6,
1853 4135 1907 4180 ct
1958 4126 2282 4180 Aristamato

699 4220 877 4285 Cass,
907 4219 994 4289 qui
1021 4233 1191 4273 annus
1215 4228 1297 4273 est
1336 4217 1547 4273 Domini
1574 4220 1699 4283 404,
1729 4218 1984 4272 vicesimo
2009 4217 2095 4271 die
2118 4216 2281 4281 Junii,

704 4312 842 4373 sive.
876 4318 933 4366 ut
959 4312 1045 4365 alii
1075 4315 1383 4382 loquuntur,
1418 4312 1650 4381 quinque
1680 4312 1872 4365 diebus
1902 4321 2021 4380 post
2046 4312 2285 4381 comple-

702 4405 809 4457 tam
841 4404 1210 4459 Pentecostcn.
1247 4405 1310 4459 Et
1336 4403 1551 4473 quidem
1578 4402 1788 4457 decimo
1830 4402 1985 4457 tertio
2033 4412 2150 4473 post
2178 4403 2285 4464 die.

705 4494 807 4549 hoc
832 4502 931 4560 est,
962 4496 1117 4549 tertio
1144 4494 1290 4559 Julii,
1319 4495 1439 4549 data
1471 4504 1552 4550 est
1575 4494 1794 4550 Joannis
1823 4496 1987 4550 nostri
2015 4495 2081 4548 ad
2105 4496 2292 4565 Clytii-

706 4585 913 4656 piadvm
954 4587 1177 4657 epistola
1215 4600 1386 4651 noua;
1428 4594 1484 4641 et
1523 4586 1777 4655 postridie
1818 4587 1937 4652 ejus
1980 4587 2106 4651 dici,
2140 4602 2218 4640 sc.
2260 4588 2292 4641 ιι

707 4677 830 4731 Julii
867 4678 949 4731 vel
991 4677 1210 4731 Panemi
1248 4678 1468 4744 mensis,
1511 4678 1675 4731 altera
1710 4676 1776 4731 ad
1815 4676 2202 4733 Constantium.
2236 4676 2291 4732 in

714 4770 815 4823 hoc
840 4768 1030 4823 exsilio
1059 4767 1189 4823 vixit
1216 4768 1409 4823 Cucusi
1441 4783 1636 4822 annum
1667 4783 1848 4831 unum.
1884 4768 2119 4824 Arahissi
2146 4769 2297 4823 hien-

711 4861 878 4927 nium,
910 4860 1130 4929 reliquis
1154 4860 1427 4914 mensibus
1456 4860 1507 4913 in
1557 4860 1744 4916 itinere
1782 4860 2082 4931 Pityuntem
2110 4874 2297 4915 versus

713 4952 1060 5019 consumptis,
1084 4967 1190 5021 quo
1208 4960 1380 5005 tamen
1401 4967 1504 5006 non
1525 4953 1786 5022 pervenit,
1810 4963 1982 5008 morte
2000 4968 2092 5023 pra
2109 4961 2298 5006 ventus

714 5042 987 5106 Comanis,
1021 5041 1256 5096 Honorio
1281 5044 1312 5095 7
1348 5054 1401 5096 et
1436 5043 1737 5098 Theodosio
1765 5044 1953 5099 iterum
1983 5044 2160 5110 Coss.,
2199 5043 2301 5098 hoc

720 5142 823 5201 est,
853 5149 993 5188 anno
1017 5132 1213 5189 Chrisn
1242 5136 1343 5190 407
1376 5155 1389 5191 :
1419 5135 1561 5205 quod
1589 5137 1725 5191 inter
1753 5152 1941 5198 omnes
1965 5144 2193 5192 constat.
2224 5137 2302 5191 De
2382 5128 2389 5132 ’

720 5241 910 5281 mense
947 5228 1305 5280 controversia
1332 5235 1416 5281 est
1447 5245 1458 5279 :
1492 5226 1740 5283 Socrates
1778 5228 1865 5283 die
1897 5229 1962 5282 Η
1987 5227 2303 5283 Novembris

721 5319 918 5373 obiisse
946 5319 1131 5373 scribit
1180 5335 1193 5369 :
1245 5317 1526 5392 Georgius,
1568 5330 1623 5375 et.
1660 5329 1779 5389 post
1814 5336 1935 5375 eum
1975 5322 2303 5377 recentiores

721 5420 926 5473 omnes,
946 5420 1000 5464 et
1024 5408 1419 5477 Calendarium,
1454 5419 1511 5466 ut
1537 5412 1763 5479 videtur,
1797 5412 2092 5468 Romanum
2128 5412 2215 5468 die
2240 5414 2305 5469 14

723 5502 1080 5572 Septembris,
1128 5505 1243 5574 ipso
1271 5505 1607 5560 exaltationis
1645 5505 1702 5561 S.
1735 5506 1925 5561 Crucis
1946 5506 2056 5562 die.
2086 5505 2224 5573 Quin
2253 5516 2305 5561 et

726 5593 865 5661 apud
897 5594 1169 5649 Socratem
1200 5594 1532 5663 Septembris
1567 5596 1845 5667 legendum
1869 5612 1991 5651 esse
2007 5605 2216 5651 constat
2241 5614 2305 5653 cx

732 5686 897 5740 interi
952 5686 1109 5739 latina
1157 5687 1594 5758 interpretatione
1630 5688 1680 5743 in
1720 5684 2023 5744 Cassiotlori
2077 5689 2305 5743 llislovia

728 5774 990 5849 tripartit:
1027 5779 1116 5832 lib.
1151 5780 1237 5845 to,
1268 5796 1313 5832 (ν.
1352 5780 1435 5834 tit.
1471 5779 1541 5833 lta
1583 5779 1649 5834 ab
1694 5778 1842 5835 initio
1882 5781 2217 5853 episcopatus
2243 5782 2307 5836 ad

1742 345 2019 410 'ltESithl
2052 336 2307 415 smmi
2348 356 2792 420 DlSSERTA'flO

3756 383 3934 423 κχνιη

2349 493 2576 537 mortem
2608 497 2800 537 novem
2828 482 2951 537 anni
2979 490 3100 537 sunt
3122 528 3137 549 ,
3168 497 3381 538 menses
3411 497 3503 539 sex
3530 482 3613 555 vel
3644 493 3782 549 octo,
3813 470 3937 539 dies

2344 574 2613 640 sedecim;
2646 584 2700 629 et
2727 590 2753 628 a
2782 575 3059 630 nativitate
3086 574 3154 629 ad
3181 582 3410 630 mortem
3440 575 3732 633 secundum
3759 575 3940 645 majo-

2348 682 2459 721 rem
2485 666 2935 739 COmputationem
2962 682 3123 737 supra
3141 667 3420 723 collectam
3448 669 3681 734 anniss,
3710 676 3763 723 et
3782 682 3937 723 men—

2347 771 2435 821 ses
2463 758 2697 828 aliquot;
2728 757 3021 814 secundum
3048 758 3308 812 minorem
3336 758 3785 827 computationem
3806 755 3937 812 anni

2349 850 2438 915 52,
2461 862 2514 905 et
2539 850 2741 921 aliquot
2761 858 3018 921 praeterea
3046 865 3276 905 menses.
3302 848 3558 914 Zonaras,
3584 848 3858 905 Cedrenus
3883 850 3943 903 et

2349 946 2439 999 alii
2468 945 2578 999 fere
2607 958 2816 1010 omnes,
2842 958 3012 999 annos
3040 958 3164 996 eum
3191 941 3389 996 vixisse
3416 941 3656 996 scribunt
3677 954 3781 996 non
3821 941 3945 1011 plu-

2350 1044 2438 1089 res
2483 1033 2859 1103 quinquaginta
2906 1032 3113 1087 dbobus
3152 1050 3165 1085 :
3207 1042 3392 1086 auctor
3434 1031 3670 1087 incertus
3706 1047 3825 1101 pag.
3868 1031 3947 1086 54

2352 1125 2493 1181 Edit.
2527 1125 2643 1179 Lat.
2676 1120 2847 1179 Paris.
2882 1124 3040 1189 1588,
3073 1114 3220 1177 addit
3255 1136 3467 1179 menses
3503 1132 3626 1178 octo
3659 1140 3671 1176 :
3699 1123 3782 1177 cui
3814 1138 3947 1193 pro-

2355 1215 2639 1285 pemodum
2661 1216 2942 1270 aSsentlor.
2969 1214 3043 1268 Ita
3064 1213 3356 1269 Secundum
3383 1212 3640 1284 majorem
3663 1222 3944 1283 computa-

2349 1301 2551 1360 tionem
2590 1298 2772 1361 incidit
2813 1321 2980 1359 annus
3009 1304 3300 1359 nativitatis
3343 1304 3563 1361 Joannis
3600 1305 3653 1358 in
3689 1304 3941 1357 consula-

2351 1394 2463 1451 tum
2486 1394 2779 1451 Constantii
2817 1395 2851 1449 5
2882 1404 2936 1449 et
2962 1394 3100 1449 Galli
3122 1394 3369 1459 Caesaris,
3403 1395 3544 1447 an'no
3576 1393 3781 1447 Donini
3806 1392 3942 1454 552;

2354 1485 2649 1542 'secundum
2679 1486 2960 1549 minorem,
2982 1486 3033 1539 in
3059 1483 3393 1539 consulatum
3414 1482 3717 1537 Arbetionis
3744 1490 3799 1535 et
3819 1480 3949 1536 Lol-

2354 1570 2503 1644 liani,
2534 1594 2672 1632 anno
2700 1578 2824 1639 555,
2856 1593 3060 1641 mense,
3082 1584 3137 1629 nt
3159 1575 3391 1640 videtur,
3416 1572 3948 1641 Januario,velMar-

2358 1670 2454 1723 tio.
2502 1662 2620 1723 Jatn
2679 1665 3345 1737 reliquias-Chrysostomi
3394 1660 3545 1734 jussu
3605 1664 3947 1734 lmperatorii

2359 1760 2648 1815 Theodosii
2682 1758 2929 1829 jnnioris,
2966 1766 3020 1813 et
3049 1773 3207 1812 suasu
3239 1756 3434 1821 Procli,
3472 1766 3580 1809 tum
3622 1753 3856 1824 episcopi
3878 1751 3944 1807 αι

2359 1852 2443 1917 P.,
2478 1852 2728 1907 Cumanis
2755 1852 2804 1905 in
2838 1851 3021 1904 urbem
3055 1849 3251 1919 regiam
3278 1847 3585 1913 depertatas
3609 1855 3661 1900 et
3691 1846 3741 1899 in
3769 1844 3951 1899 basili-

2358 1947 2476 1997 ‘cam
2508 1939 2601 1997 SS.
2632 1943 3011 2011 Apostolorum
3040 1942 3213 1993 lllatas
3250 1955 3315 1993 cx
3354 1936 3627 1992 Theodor.
3660 1936 3750 1989 lib.
3796 1935 3851 1996 5.
3896 1950 3951 1989 c.

2359 2034 2453 2100 36,
2486 2045 2539 2089 et
2564 2033 2719 2088 Socr.
2752 2034 2839 2087 lib.
2866 2034 2919 2099 7,
2942 2048 2991 2087 c.
3020 2032 3108 2087 45.
3132 2040 3361 2095 constat,
3395 2022 3699 2083 Theodosio
3735 2026 3795 2082 l6
3817 2040 3951 2081 con-

2365 2127 2500 2188 sule,
2536 2126 2635 2180 hoc
2667 2136 2747 2179 est
2788 2140 2931 2178 anno
2958 2124 3155 2177 Christi
3196 2121 3319 2183 458,
3350 2119 3585 2175 Januarii
3617 2118 3684 2172 27
3709 2117 3795 2171 die
3836 2133 3850 2169 :
3898 2101 3955 2169 id

2365 2229 2471 2283 est,
2521 2227 2637 2287 post
2677 2218 2918 2271 exsilium
2962 2215 3223 2284 p‘osterius
3266 2213 3417 2266 annis
3452 2211 3543 2274 33,
3583 2208 3854 2262 mensibus
3881 2207 3953 2269 8;

2366 2312 2483 2378 'post
2516 2318 2741 2362 mortem
2770 2307 2923 2363 annis
2947 2306 3035 2373 50,
3063 2305 3338 2359 mensibus
3360 2304 3393 2358 5
3420 2303 3501 2355 vel
3525 2302 3576 2355 5.
3602 2299 3820 2355 Cosmas
3844 2297 3923 2353 Ve
3941 2329 3958 2341 ο

2367 2400 2542 2463 stitor,
2592 2408 2703 2468 post
2742 2399 2947 2467 triginta
2990 2406 3034 2449 et
3074 2406 3172 2449 (res
3197 2411 3376 2447 annos.
3409 2391 3655 2449 Socrates
3684 2390 3775 2444 lib.
3805 2389 3859 2454 7,
3903 2404 3956 2443 c.

2369 2492 2457 2553 ἀΰ,
2508 2490 2724 2544 notabili
2768 2490 3137 2549 incOnSIantia,
3188 2486 3439 2555 trigesimo
3467 2484 3638 2551 quinto
3683 2497 3818 2534 anno
3845 2472 3961 2549 pari

2370 2581 2623 2639 exsilium.
2655 2586 2708 2634 et
2737 2579 2963 2647 septimo
2990 2587 3106 2646 post
3132 2580 3307 2640 versu,
3340 2575 3592 2645 trigesimo
3621 2573 3795 2641 quinto
3823 2570 3962 2623 anno

2370 2668 2480 2743 pos't
2502 2672 2711 2737 obitum,
2734 2688 2854 2726 cum
2884 2672 3022 2725 inter
3046 2669 3163 2724 h'rc
3188 2669 3297 2722 duo
3330 2666 3614 2721 triennium
3643 2666 3966 2717 intercesse-

2371 2768 2459 2832 rit,
2489 2775 2543 2821 et
2585 2766 2787 2834 aliquot
2813 2777 3043 2817 menses.
3077 2762 3253 2831 Atque
3283 2744 3399 2813 inec
3439 2755 3550 2811 fere
3579 2765 3721 2819 sunt,
3756 2755 3809 2809 in
3838 2753 3963 2825 qui-'-

2371 2860 2472 2913 bus
2496 2865 2760 2926 tempora,
2779 2865 2834 2910 et
2854 2859 3149 2924 temporum
3173 2865 3333 2923 prope
3357 2857 3623 2905 momenta
3642 2862 3707 2903 ex
3728 2845 3966 2901 historiis

2376 2954 2561 3002 uetare
2591 2947 2733 3001 licet.
2762 2944 2982 3015 Reliqua
3025 2946 3125 2997 tate
3168 2942 3252 2997 'ch
3296 2939 3644 3011 argumentis,
3689 2936 3773 2991 vel
3800 2936 3963 2991 etiam

2371 3038 2694 3107 c'onjecturis
2720 3036 3037 3106 colllgenda.
3080 3036 3157 3088 Ac
3201 3034 3460 3103 primum,
3503 3029 3789 3098 Eutropius
3828 3025 3966 3081 iram

2371 3128 2581 3199 fugiens
2602 3132 2769 3198 Augg.
2794 3128 2859 3183 ad
2882 3128 3161 3183 ecclesiam
3192 3125 3343 3195 fugit,
3382 3138 3440 3177 se
3468 3121 3688 3177 consule
3706 3128 3761 3175 et
3786 3116 3967 3174 Theo;

2375 3220 2531 3284 doro,
2573 3219 2676 3275 hoc
2714 3229 2817 3286 est,
2861 3234 3002 3274 anno
3046 3217 3244 3271 Christi
3291 3215 3414 3280 599,
3449 3213 3612 3267 homo
3638 3225 3744 3265 non
3788 3204 3967 3264 solum
4021 3271 4029 3278 _

2375 3310 2745 3377 Christianus,
2799 3311 2892 3365 sed
2946 3311 3105 3365 etiam
3154 3307 3513 3369 orthodoxus;
3566 3314 3624 3357 ut
3671 3302 3762 3373 qui
3802 3299 3970 3354 libros

2378 3405 2627 3460 Eunomii
2659 3402 3050 3469 hazresiarchaa,
3070 3401 3158 3471 qui
3176 3402 3358 3455 Arium
3385 3399 3556 3468 ipsum
3580 3396 3850 3465 impietate
3879 3400 3971 3446 su—

2379 3497 2607 3566 peravit,
2644 3495 2851 3565 publice
2894 3493 3053 3562 jussit
3083 3491 3330 3557 cremari,
3372 3490 3704 3557 cadaverque
3720 3484 3835 3555 ejus
3877 3487 3973 3536 exé

2382 3597 2609 3641 tractum
2658 3586 2867 3656 projici.
2908 3581 3131 3655 Niceph.
3179 3584 3271 3638 lib.
3308 3583 3394 3648 13,
3423 3596 3473 3636 c.
3520 3581 3572 3646 i,
3616 3578 3970 3633 Asiaticorqu

2383 3681 2751 3748 episeoporum
2778 3661 3044 3748 negdtium
3064 3686 3298 3745 emptum
3322 3682 3403 3727 est
3425 3670 3640 3727 tractari
3660 3674 3739 3724 επι
3759 3675 3975 3738 τρισκαιέ

2385 3775 2580 3830 δεκάτης
2605 3776 2945 3834 immoimmo),-
2962 3811 2974 3830 ,
2998 3767 3097 3820 hoc
3125 3776 3227 3830 est,
3257 3765 3545 3819 indictione
3570 3761 3697 3829 (non
3722 3758 3977 3812 όίειτὶιηιὸ

2387 3862 2552 3925 tione,
2579 3871 2635 3915 ut
2661 3860 2799 3915 male
2829 3862 3092 3928 interpres
3121 3853 3339 3912 Palladii
3368 3866 3427 3909 et
3470 3853 3604 3923 alii),
3646 3854 3796 3907 tertia
3827 3852 3979 3905 decis-

2386 3970 2508 4015 ma,
2553 3953 2589 4007 i.
2631 3968 2682 4007 e.
2724 3967 2863 4005 anno
2891 3952 3103 4005 Domini
3146 3950 3280 4014 400,
3323 3947 3639 4016 d‘uravitq'ue
3680 3945 3977 4006 biennium,

2390 4048 2525 4099 teste
2552 4038 2810 4109 Palladio,
2841 4043 2943 4101 hoc
2968 4053 3071 4107 est,
3100 4056 3269 4110 usque
3297 4039 3360 4093 ad
3395 4038 3553 4092 linem
3585 4037 3708 4091 anni
3738 4036 3861 4099 ιοι,
3894 4029 3979 4089 vei

2389 4138 2550 4190 etiam
2586 4135 2792 4189 initium
2818 4134 2942 4188 £02.
2974 4134 3046 4187 De
3072 4141 3313 4200 tempore
3344 4130 3534 4201 prioris
3564 4127 3737 4184 exsilii
3766 4143 3870 4180 non
3900 4124 3988 4180 cst.

2392 4229 2528 4281 adeo
2555 4227 2790 4297 proclive
2818 4225 3085 4280 definire:
3114 4236 3279 4292 quare
3308 4224 3659 4292 argumentis,
3690 4227 3747 4274 ut
3766 4218 3895 4281 dixi.
3930 4214 3990 4272 ei.

2394 4318 2739 4385 conjecturis,
2781 4315 2923 4385 quod
2953 4316 3267 4386 poterimus,
3310 4312 3572 4367 elicienda
3600 4311 3814 4367 veritas.
3857 4309 3991 4366 Post

2398 4408 2465 4462 12
2518 4408 2676 4462 horas
2698 4423 2727 4461 a
2756 4408 2926 4477 prima
2955 4407 3269 4477 espnlsione
3314 4405 3495 4473 (quam
3543 4386 3763 4457 meridie
3793 4400 3985 4455 factam

2398 4501 2558 4555 tradit
2599 4500 2848 4555 Socrates
2890 4508 2944 4555 et
2972 4498 3059 4554 alii
3084 4498 3153 4551 ad
3177 4509 3433 4564 vesperam
3470 4507 3764 4559 extrenmm,
3810 4492 3990 4564 Chry—

2399 4593 2621 4647 sostomi
2652 4593 2817 4659 ipsius
2842 4590 3070 4659 cpistola
3118 4588 3181 4642 ad
3212 4584 3620 4655 Innocentium).
3646 4584 3796 4654 jussu
3819 4584 3994 4652 impc-

2400 4687 2635 4738 ratorum
2655 4691 2933 4737 revocatus
2952 4680 3187 4736 Joannes
3218 4679 3316 4744 (sic
3343 4664 3656 4747 Palladius),
3691 4686 3996 4746 paucosque

2404 4782 2519 4842 post
2547 4772 2683 4839 dies,
2707 4772 2902 4826 invitus
2932 4771 3058 4825 licet
3076 4770 3405 4839 multumque
3428 4768 3685 4832 renitens,
3704 4768 3759 4821 in
3790 4766 3990 4821 throno

2404 4865 2631 4932 locatus,
2672 4865 2985 4920 concionem
3031 4862 3213 4917 habuit
3250 4861 3386 4933 apud
3416 4861 3671 4931 populum
3699 4874 3842 4927 eam,
3874 4870 4000 4929 quas

2404 4966 2579 5011 exstat
2619 4958 2672 5010 in
2724 4955 2828 5011 fine
2875 4954 3117 5023 Georgii,
3167 4954 3291 5007 Cum
3338 4952 3552 5008 Sarrana
3594 4953 3658 5006 ab
3705 4950 3997 5014 Abraham;

2407 5038 2707 5119 Theophilo
2734 5048 2905 5104 adhuc
2933 5048 2997 5102 ad
3051 5047 3236 5101 urbem
3282 5057 3555 5109 manente,
3593 5056 3765 5113 neque
3790 5041 4003 5114 hiseer'e

2408 5149 2593 5197 contra
2633 5139 2881 5200 audente.
2928 5138 3140 5193 Soaont.
3185 5137 3278 5193 lib.
3311 5135 3365 5197 8.
3415 5151 3464 5189 c.
3521 5134 3588 5189 i8
3618 5152 3633 5188 :
3662 5134 3889 5201 cumque
3932 5134 4006 5187 ob

2406 5232 2664 5300 judicium
2708 5228 3003 5285 Heraclida:
3049 5228 3303 5297 episcOpo
3350 5225 3620 5295 Ephesino
3658 5222 3865 5279 alnentl
3911 5232 4007 5291 per

2415 5317 2697 5392 Theophili
2750 5320 3037 5375 factionem
3088 5321 3427 5382 intentatum,
3454 5317 3789 5371 velitationes
3817 5312 4009 5369 ﬂerent

2332 5471 2339 5477 ,
2416 5417 2467 5470 in
2482 5416 2613 5471 urbe
2628 5414 2831 5469 crebrae
2846 5414 2983 5467 inter
2996 5410 3437 5479 Constantinopol
3448 5411 3620 5463 itanos
3636 5417 3687 5462 et
3703 5405 4013 5477 iﬁgyptios,

2415 5509 2486 5561 ita
2506 5516 2561 5560 ut
2578 5507 2724 5560 multi
2737 5504 2986 5559 vulnerati
3006 5504 3127 5569 sint,
3146 5500 3382 5555 nonnulli
3402 5507 3514 5554 tlcro
3531 5499 3680 5553 occisi
3686 5492 4018 5565 mitesceret-

2417 5614 2521 5669 que
2539 5596 2895 5665 Theophilum
2909 5596 3096 5649 civitas
3119 5593 3168 5646 in
3190 5608 3337 5647 mare
3353 5590 3682 5661 prmcipitare
3696 5604 3711 5652 ς
3726 5586 3824 5641 sibi
3839 5592 4020 5647 metu-

2419 5707 2513 5743 ens
2535 5687 2863 5757 Theophilus
2882 5685 3010 5756 fugit
3027 5686 3078 5739 in
3102 5682 3413 5755 Egyptum,
3430 5682 3535 5746 iam
3549 5678 4016 5745 hiemeincipimte,

2424 5780 2593 5850 inquit
2615 5776 2970 5845 Sozomenus,
2988 5786 3043 5831 et
3069 5773 3399 5845 Nicephorus
3421 5771 3513 5825 lib.
3541 5771 3628 5839 is,
3650 5784 3699 5824 c.
3733 5768 3819 5839 Π,
3846 5766 4020 5821 adeo-
