4234 6310
137 357 239 399 χχιι

141 471 231 527 que
259 454 400 509 diem
432 453 604 522 ipsius
631 452 839 507 reditus
857 451 923 508 ab
948 452 1141 507 exsilio
1159 451 1390 507 Joannes
1418 454 1723 524 Anonynms

141 564 249 616 cap.
283 546 409 610 100,
437 541 833 614 Metapbrastes
868 558 983 613 cap.
1008 544 1097 607 '56,
1130 553 1185 597 et
1218 542 1512 611 Mcnologia
1544 542 1725 596 Graeca

143 645 337 713 ponunt
364 638 435 692 15
457 636 781 691 Novembris
805 655 817 690 :
841 650 996 706 quem
1028 635 1169 689 diem
1196 650 1361 703 usque
1387 634 1451 687 ad
1482 648 1574 687 sua
1595 643 1729 689 tem-

144 745 261 801 pora
288 745 389 802 pro
419 729 560 784 festo
586 730 845 784 celebrari
879 727 1334 796 Constantinopoli
1376 728 1558 781 scribit
1586 727 1724 781 idem

144 827 452 892 Anooymus
476 830 532 875 ct
558 820 966 890 Mctaplirastes,
997 827 1051 873 et
1078 819 1308 872 indicant
1333 817 1515 873 Grmca
1542 818 1722 872 Meno-

144 915 291 984 logia.
323 913 460 968 Cum
496 915 673 983 itaque
701 929 763 966 ex
787 912 975 966 horum
1003 911 1459 965 consentientibus
1486 910 1723 964 testimo-

147 1009 239 1061 niis
281 1021 472 1061 mense
519 1005 801 1060 Novembri
843 1004 1057 1058 redierit
1099 1003 1165 1057 ab
1209 1003 1431 1068 exsilio,
1477 1005 1543 1055 de
1584 1018 1724 1056 anno

148 1097 397 1165 deinceps
438 1094 816 1165 qua'rendttm,
862 1102 1035 1147 utrum
1080 1092 1361 1148 Novembri
1409 1107 1550 1145 anno
1594 1092 1719 1158 403,

147 1185 447 1241 Theodosio
472 1198 527 1240 et
549 1185 844 1240 Rumorido
871 1183 1047 1249 Coss.,
1078 1199 1143 1237 an
1167 1183 1447 1238 Novembri
1478 1182 1601 1247 409.,
1625 1184 1727 1236 Ar-

141 1276 288 1331 eadio
312 1276 346 1331 5
369 1286 427 1330 et
445 1276 684 1331 Honorio
707 1276 760 1343 5,
786 1274 1020 1329 redierit.
1052 1276 1198 1340 Dico,
1224 1274 1469 1343 clareque
1489 1289 1720 1344 pronun-

145 1368 232 1431 tio,
264 1365 317 1418 in
346 1364 701 1420 Novembrem
730 1379 871 1418 anno
910 1364 1016 1418 403
1044 1363 1269 1417 reditum
1301 1364 1419 1432 ejus
1444 1364 1511 1418 ab
1537 1364 1721 1417 exsilio

135 1456 324 1510 cadere
354 1470 463 1509 non
504 1450 773 1523 potuisse;
808 1454 1048 1523 quamvis
1075 1453 1229 1508 Card.
1261 1453 1521 1506 Baronius
1549 1463 1598 1506 et
1634 1452 1718 1506 alii

137 1561 199 1598 eo
244 1560 391 1601 anno
434 1546 631 1599 loccnt.
664 1544 952 1615 Gregorius
982 1559 1100 1613 cap.
1128 1543 1197 1599 5'5
1226 1561 1237 1596 :
1264 1542 1494 1612 Dumque
1522 1543 1596 1594 illi
1626 1543 1717 1607 sic,

136 1638 318 1706 inquit,
337 1638 431 1689 alii
447 1636 550 1689 alia
572 1636 869 1688 molirentur
893 1635 1119 1701 (scilicet
1145 1635 1194 1686 in
1218 1634 1453 1688 secundo
1495 1634 1719 1687 concilio

133 1736 317 1780 contra
345 1725 658 1795 Joannem),
691 1726 1002 1778 transierunt
1049 1740 1240 1777 menses
1285 1740 1460 1777 norem
1501 1724 1713 1791 (decem,

140 1817 301 1882 inquit
330 1816 445 1873 Leo
471 1816 602 1884 Imp.
630 1832 748 1884 cap.
786 1814 875 1868 26.
907 1814 1172 1868 Palladius
1199 1823 1481 1883 utrumque
1510 1815 1713 1882 ponit);

150 1918 314 1958 altera
350 1908 617 1976 festivitate
662 1906 905 1958 natalium
944 1904 1223 1958 Saluatoris
1263 1906 1580 1967 adveniente,
1611 1914 1714 1957 etc.

133 1996 209 2051 Ex
235 1996 437 2065 quibus
480 1996 660 2050 verbis
701 2003 922 2063 apparet
969 2010 1109 2047 anno
1139 1994 1241 2047 405
1278 2005 1510 2063 emptum
1557 1996 1716 2048 luisse

130 2086 418 2140 secundum
439 2096 621 2139 contra
636 2084 905 2139 Joannem
925 2085 1331 2138 conciliabulum
1352 2100 1537 2139 mense
1557 2087 1713 2154 Apri-

131 2176 165 2229 li
192 2193 206 2226 :
236 2185 293 2229 nt
316 2190 541 2229 necesse
566 2175 635 2228 sit
665 2175 812 2243 prius
833 2174 1073 2227 exsilium
1122 2175 1171 2227 in
1194 2173 1547 2229 Novembrem
1574 2190 1716 2229 anno

135 2265 236 2317 402
263 2264 525 2325 incidere,
553 2278 674 2316 cum
699 2264 749 2315 in
784 2263 1061 2316 Novembri
1099 2280 1237 2315 anno
1263 2264 1369 2317 4Οό
1394 2265 1584 2317 cadere
1610 2282 1712 2318 non

136 2355 382 2422 potuerit.
410 2352 565 2419 Quod
582 2353 729 2406 sicui
758 2352 967 2420 Georgii
997 2353 1126 2405 levis
1145 2353 1382 2406 videatur
1405 2356 1710 2418 auctoritas,

134 2447 313 2499 credat
338 2446 529 2499 saltum
563 2443 820 2505 Palladio,
856 2444 972 2497 testi
1004 2444 1103 2511 ﬁde
1150 2444 1389 2512 diguiori,
1417 2445 1482 2497 de
1526 2446 1712 2498 eadem

128 2552 186 2591 re
225 2552 363 2605 pene
405 2535 594 2590 eadem
640 2534 895 2603 loquenti.
941 2534 1111 2599 Quid,
1138 2534 1376 2602 inquies,
1408 2544 1581 2587 aetum
1629 2537 1713 2587 in-

130 2629 310 2679 tcrca?
337 2625 683 2695 Respondet),
714 2624 973 2677 Joannem
1020 2635 1133 2692 post
1180 2625 1323 2691 prius
1353 2625 1583 2677 exsiliunt
1622 2642 1714 2693 per

130 2718 339 2788 aliquod
370 2728 583 2786 tempus
612 2718 897 2786 quievisse.
952 2716 1002 2769 in
1046 2731 1338 2784 magnaque
1385 2716 1543 2771 fuisse
1575 2718 1709 2785 apud

133 2809 429 2873 Eudoxiam
474 2806 665 2876 gratia,
712 2807 907 2875 quippe
933 2806 1136 2873 magnis
1164 2805 1231 2858 ab
1262 2806 1374 2873 ipso
1407 2806 1711 2860 decoratum

133 2900 375 2953 laudibus
396 2900 451 2951 in
475 2898 716 2951 oratiooe
742 2911 897 2965 supra
941 2906 1228 2949 memorata
1272 2896 1334 2947 ad
1361 2896 1514 2950 linem
1543 2897 1709 2951 Geor-

132 2991 216 3058 gii.
263 2989 444 3042 Testis
486 2988 625 3041 idem
665 2986 955 3056 Palladius,
992 2985 1141 3053 cujus
1184 2985 1342 3039 verba
1386 2995 1509 3039 sunt
1541 3004 1552 3037 :
1589 2986 1714 3041 l’ost

134 3080 261 3131 duos
302 3079 500 3133 iterum
534 3091 747 3130 menses
777 3092 802 3128 a
836 3077 985 3145 plaga
1010 3075 1219 3137 inﬂicta
1250 3075 1391 3146 (fuga
1430 3091 1506 3130 sc.
1535 3076 1711 3131 Theo-

134 3169 257 3238 phili
285 3177 344 3223 et
368 3168 745 3237 Egyptiorum
777 3164 1170 3236 episcoporum)
1202 3166 1409 3221 modice
1447 3168 1714 3236 respiran-

139 3272 216 3314 tes
247 3261 479 3330 (inimici
506 3259 747 3327 Joannis)
778 3257 1011 3311 secundo
1038 3256 1292 3311 adversus
1316 3256 1574 3311 Joannem
1607 3257 1710 3311 fre-

135 3363 279 3405 munt
311 3369 327 3403 :
360 3352 462 3405 hoc
498 3358 600 3413 est,
632 3349 781 3418 quasi
810 3362 993 3402 mense
1026 3346 1275 3402 Januario
1302 3362 1443 3400 anno
1468 3348 1591 3411 40⁸5,
1622 3364 1718 3415 per

136 3445 474 3496 occasionem
496 3450 681 3495 statum
707 3446 975 3507 argentea:
999 3436 1357 3506 linperatricis
1371 3437 1617 3490 clilamitlt
1640 3440 1719 3491 in-

136 3535 289 3598 daur,
336 3548 499 3601 supra
532 3531 964 3600 porphyreticam
991 3530 1289 3584 columnam
1321 3532 1524 3599 positae.
1556 3529 1716 3598 Cujus

138 3627 211 3678 rei
250 3625 611 3679 meminerunt
650 3623 751 3676 hoc
793 3638 934 3676 anno
979 3621 1282 3675 Theodosio
1324 3634 1376 3673 ct
1425 3621 1745 3674 Ruinoritlo'

136 3719 307 3781 (loss,
355 3725 554 3785 praeter
581 3717 851 3769 Socratem
886 3716 977 3768 lib.
1005 3715 1058 3780 6,
1102 3715 1267 3779 c.18,
1300 3714 1530 3783 Prosper
1553 3716 1717 3783 Aqui-

140 3807 365 3866 tanicus,
388 3818 440 3859 ct
491 3805 825 3860 Marcellinus
853 3804 1043 3863 Comes
1066 3806 1115 3857 in
1145 3804 1441 3858 Clironieis.
1480 3805 1555 3858 Ad
1585 3806 1718 3858 hanc

138 3905 391 3959 statuam,
417 3895 547 3964 ipsis
579 3893 804 3948 fortasse
836 3894 1085 3948 Kalendis
1105 3893 1359 3955 Januarii,
1387 3895 1473 3961 qui
1505 3894 1619 3946 dies
1639 3904 1719 3946 est

138 3986 396 4038 solemnis
420 3986 546 4037 anni
578 3984 800 4037 Romani
833 3982 1598 4052 incipientis,dedieatamcum
1627 4001 1718 4050 pu-

139 4075 253 4126 blici
281 4078 475 4127 tierent
520 4072 625 4127 ludi
652 4083 705 4126 et
729 4073 972 4135 chorea‘;
1018 4073 1180 4124 iratus
1216 4072 1447 4125 Joannes
1486 4073 1716 4141 linguam

136 4173 319 4217 contra
347 4178 466 4224 eos,
491 4164 580 4229 qui
613 4162 749 4215 ludis
774 4161 856 4215 liis
884 4162 1225 4222 interessent,
1247 4166 1403 4215 acuit.
1435 4163 1545 4226 Qua
1568 4177 1721 4216 occa-

134 4254 287 4309 sione
316 4251 441 4307 freti
470 4253 690 4306 Joannis
717 4253 936 4317 inimici,
966 4255 1052 4321 qui
1077 4254 1250 4306 adlmc
1279 4254 1329 4306 in
1360 4255 1507 4315 urbe,
1530 4265 1721 4320 prauer

143 4342 446 4413 Εεῃπίοε,
478 4344 721 4406 aderant,
766 4345 1048 4412 instigante
1090 4348 1343 4413 Augusta,
1393 4346 1719 4399 clandestina

139 4436 435 4489 moliuntur
476 4445 662 4489 contra
705 4435 876 4504 ipsum
916 4436 1168 4500 consilia;
1214 4452 1377 4505 reque
1429 4437 1721 4505 Theophilo

137 4526 343 4579 δικωιὶ
374 4539 473 4593 per
501 4516 712 4578 nuntios
737 4534 791 4578 et
816 4525 998 4578 literas
1025 4526 1432 4594 communicata,
1469 4526 1723 4595 incipien-

140 4623 215 4676 te,
244 4623 301 4666 ut
327 4620 479 4679 puto,
508 4612 675 4682 Aprili
720 4614 998 4667 concilium
1030 4614 1318 4669 secundum
1350 4621 1531 4669 contra
1557 4616 1719 4669 Joan-

138 4718 260 4755 nem
287 4710 491 4769 cogunt
516 4720 530 4754 :
561 4703 699 4772 quod
730 4705 894 4756 variis
933 4703 1000 4757 de
1029 4704 1203 4757 causis
1229 4719 1397 4773 usque
1428 4705 1491 4757 ad
1518 4704 1720 4757 Natali-

138 4796 211 4847 tia
240 4794 485 4861 proxime
526 4793 797 4860 sequentia
827 4802 1142 4855 extr-aetum,
1183 4802 1237 4846 et
1269 4792 1461 4846 deinde
1487 4792 1552 4846 ad
1579 4794 1720 4859 Qua-

140 4886 497 4955 dragesimam
523 4898 663 4937 anno
684 4883 804 4946 404,
828 4892 878 4937 et
900 4882 964 4935 ad
993 4882 1192 4936 Pascha
1215 4891 1335 4951 post
1359 4885 1589 4951 quinque
1610 4884 1723 4938 dies

142 4992 171 5025 a
200 4976 465 5043 completa
499 4974 813 5029 PentecOstc
840 4973 1030 5027 Joanni
1074 4984 1255 5026 nosu-o
1300 4988 1455 5027 causa
1506 4975 1722 5029 secundi

143 5064 314 5116 exsilii
340 5061 468 5128 fuit,
499 5077 640 5116 anno
667 5065 892 5131 integro,
919 5072 1122 5130 septem
1156 5063 1427 5117 mensibus
1446 5072 1499 5116 et
1519 5076 1724 5132 septem

145 5153 330 5208 diebus
354 5164 480 5229 post
505 5152 730 5206 reditum
755 5154 822 5205 ab
842 5154 1027 5206 exsilio
1048 5154 1248 5222 priore.
1263 5156 1446 5221 ‘Atquc
1476 5154 1586 5208 lucc
1608 5171 1720 5210 mea

148 5251 237 5296 est
260 5244 328 5298 de
357 5254 601 5311 Inrupere
631 5243 823 5311 prioris
842 5243 1009 5295 exsilii
1037 5244 1320 5296 sententia.
1348 5243 1529 5313 Neque
1551 5245 1727 5299 obs1at

146 5334 286 5402 quid
314 5329 690 5389 Theodoretus
713 5333 805 5386 lib.
834 5333 887 5396 5,
914 5347 965 5385 c.
995 5332 1085 5398 54,
1112 5334 1206 5394 ait,
1242 5332 1426 5387 Paucis
1454 5336 1726 5400 interiectis

151 5425 395 5479 aientibus
430 5426 649 5494 (netnpe
688 5440 717 5477 a
762 5422 992 5487 reditu),
1040 5428 1325 5494 congregati
1368 5428 1726 5486 suntiterum.

150 5531 408 5587 me
432 5516 756 5589 requirebant
789 5532 881 5582 pro
910 5516 1126 5567 exercito
1161 5526 1269 5583 post
1290 5517 1539 5571 decretum
1565 5521 1729 5573 exsilii

453 5610 589 5664 Nam
639 5615 767 5677 post
810 5605 1041 5673 quinque
1078 5618 1287 5659 menses
1332 5615 1384 5661 et
1432 5607 1587 5674 paulo
1624 5610 1727 5663 mi-

154 5712 277 5768 na,
303 5710 592 5775 coegerunt
613 5696 940 5760 concilium;
969 5694 1109 5764 quod
1136 5696 1339 5750 duravit
1370 5708 1551 5766 postea
1584 5716 1731 5755 men-

1076 334 1167 390 ‘DE
1198 335 1695 396 SCRIPTORIBUS
1736 338 1971 395 liERUM
2009 341 2145 395 ΕΗΒ
2164 342 2496 399 iSOSTOMl.

3314 372 3417 416 ΧΧῖ

1841 467 1924 506 scs
1948 453 2030 507 lt.
2074 453 2255 524 Neque
2282 460 2470 510 mirum
2499 472 2582 527 ea,
2606 474 2723 529 quae
2751 462 3073 531 sesquianno
3101 477 3245 535 gesta
3275 482 3418 534 sunt,

1836 543 2005 596 tribus
2051 560 2184 614 pene
2230 547 2405 601 verbis
2442 563 2469 601 a
2512 547 2847 605 Theodoreto
2886 554 3127 619 narrari,
3168 559 3257 625 qui
3296 562 3416 613 stri-

1834 636 1961 687 ctim
1994 645 2044 690 et
2080 637 2263 691 timide
2294 650 2457 693 totum
2503 639 2602 695 hoc
2638 644 2846 713 attingit
2889 647 3180 715 negotium,
3212 650 3275 703 iis
3302 667 3417 719 per-

1834 733 2010 780 motus
2037 729 2365 796 rationibus,
2409 747 2524 800 qua:
2564 732 2617 786 in
2650 733 2907 803 principio
2956 736 3081 790 dicti
3121 740 3308 807 tapitis
3351 742 3417 798 54

1833 814 2145 871 all'cruntur.
2191 820 2502 891 Anonymus
2533 836 2563 873 a
2601 821 2772 877 reditu
2810 822 3121 879 att-Pascha
3162 836 3287 881 ante
3325 844 3415 881 se-

1828 905 2058 959 cundum
2107 907 2350 961 exsilium
2398 910 2761 965 intercessisse
2806 913 2990 966 scribit
3035 932 3223 967 annum
3281 918 3413 969 inte-‘-

1826 1016 1994 1069 grum;
2012 1000 2088 1055 sic
2111 1003 2268 1055 etiam
2295 1002 2674 1072 Metaphrastcs
2697 1022 2709 1058 :
2731 1006 3009 1079 quiannus
3036 1004 3241 1075 inti-ger
3267 1026 3411 1063 men-

1827 1092 1965 1146 sium
1990 1109 2208 1147 necesse
2234 1105 2315 1150 est
2333 1095 2488 1150 fuerit
2509 1097 2593 1162 17,
2618 1111 2737 1151 cum
2757 1110 2977 1169 uterque
2994 1100 3078 1154 die
3102 1101 3168 1155 43
3186 1100 3433 1157 Novem:

1825 1181 1935 1237 bris
1966 1184 2185 1239 rediisse
2214 1187 2431 1240 scribat.
2896 1180 2902 1185 ’
3171 1190 3175 1194 ’

1901 1293 1919 1326 ι
1956 1275 2209 1346 Expedita
2229 1292 2487 1358 annorum
2504 1280 2866 1352 Chrysostomi
2887 1284 3299 1352 c0mputationc,
3321 1299 3406 1340 se—

1824 1365 2022 1434 quitur,
2040 1377 2095 1421 ut
2119 1369 2184 1421 de
2207 1371 2587 1440 subrogatione
2609 1373 2809 1427 Arsacii
2830 1414 2845 1437 ,
2875 1384 2929 1427 et
2960 1377 3402 1447 successionem-

1828 1455 1913 1507 tici
1945 1456 2300 1527 Eudoxia‘que
2323 1462 2571 1529 Augusuc
2603 1471 2773 1515 morte
2796 1478 2956 1529 pauca
2988 1466 3314 1533 adjiciamus.
3351 1466 3404 1519 in

1823 1544 2040 1601 Joannis
2069 1550 2256 1602 iterum
2299 1552 2501 1619 expulsi
2546 1552 2717 1605 locum
2755 1554 3071 1623 subrogatur
3121 1556 3401 1620 Arsacias,

1824 1639 1997 1706 paucis
2030 1640 2297 1710 interjectis
2319 1641 2510 1707 diebus,
2550 1643 2717 1711 inquit
2747 1642 2993 1697 Socrates
3014 1644 3107 1697 lib.
3141 1646 3192 1708 6,
3221 1661 3271 1700 c.
3314 1647 3399 1700 ll).

1822 1727 2055 1781 Annales
2092 1727 2282 1793 Graeci,
2317 1730 2441 1783 editi
2474 1747 2642 1799 nuper
2665 1747 2692 1783 a
2725 1731 2958 1800 Joscpho
2999 1732 3269 1802 Scaligcro
3294 1746 3397 1788 una

1823 1828 1942 1868 cum
1974 1816 2204 1871 Eusebio
2223 1859 2236 1883 ,
2271 1821 2541 1874 Arsacium
2571 1835 2687 1875 es~c
2720 1820 2908 1874 factum
2930 1824 3235 1892 episcopum
3265 1825 3400 1880 refe-

1823 1917 1945 1959 runt
1972 1907 2021 1960 in
2056 1911 2251 1978 templo
2274 1910 2484 1978 Sophia:
2518 1922 2785 1977 cremato,
2815 1912 2883 1966 96
2913 1913 3076 1979 Junii,
3102 1927 3252 1968 sexto
3284 1918 3397 1985 post

1819 1994 2039 2049 Joannis
2087 1999 2455 2067 cxpulsioncm
2501 2001 2607 2054 die.
2658 2003 2864 2065 Olijis'se
2922 2004 3197 2057 Arsaeium
3260 2021 3401 2060 anno

1820 2088 2061 2162 sequenti
2088 2089 2229 2142 circa
2262 2091 2317 2143 11
2358 2090 2707 2155 Novembris,
2737 2093 2886 2144 Coss.
2919 2093 3175 2148 Stilicone
3208 2096 3396 2150 iterum

1818 2186 1871 2231 et
1908 2178 2217 2243 Anthemio,
2253 2179 2353 2234 hoc
2391 2189 2472 2234 est
2498 2196 2640 2234 anno
2681 2182 2887 2234 Domini
2930 2184 3067 2247 404,
3096 2194 3281 2237 auctor
3318 2197 3399 2239 est

1817 2269 2061 2320 Socrates
2105 2268 2200 2322 lib.
2226 2271 2285 2331 6,
2318 2286 2366 2321 c.
2395 2269 2485 2323 ‘20.
2517 2270 2658 2323 Vixit
2705 2272 2861 2339 igitur
2904 2272 3152 2325 Arsacius
3194 2273 3245 2325 in
3280 2274 3393 2340 cpio

1817 2368 2035 2426 scopatu
2063 2373 2256 2411 annum
2295 2375 2477 2421 unum,
2512 2373 2724 2412 menses
2752 2360 2818 2423 4,
2848 2360 2960 2413 dies
3001 2362 3084 2413 16.
3132 2361 3398 2415 Palladius

1818 2453 1872 2499 et
1891 2447 1979 2499 alii
2008 2463 2111 2500 non
2140 2448 2315 2516 plures
2335 2447 2630 2502 attribuunt
2656 2450 2717 2501 14
2742 2450 3015 2504 mensibus
3038 2467 3049 2500 :
3071 2450 3398 2520 Nicephorum

1816 2538 2119 2591 Patriarclta
2152 2540 2447 2592 biennium.
2476 2540 2601 2592 Post
2640 2540 2841 2592 Arsacii
2887 2550 3134 2602 mortem,
3172 2558 3308 2609 quae,
3339 2552 3397 2596 ut

1816 2628 1949 2690 divi,
1999 2628 2192 2682 accidit
2225 2630 2281 2682 ll
2328 2629 2646 2682 Novembris
2688 2630 2809 2692 405,
2844 2629 3022 2683 Multis
3057 2633 3411 2700 episcopatum.

1814 2717 2143 2771 ambientibus
2166 2759 2178 2780 ,
2206 2718 2373 2787 inquit
2401 2717 2668 2779 Socrates,
2704 2719 2959 2787 multoque
2982 2722 3239 2799 interpecto
3267 2733 3394 2774 tem-

1816 2825 1954 2877 pore,
2000 2808 2235 2862 succedit
2264 2810 2470 2863 Atticus
2488 2851 2501 2874 ,
2526 2807 2742 2879 quatuor
2770 2812 2954 2879 elapsis
2998 2815 3267 2880 mensibus,
3305 2816 3388 2868 iu-

1814 2900 1929 2966 quit
1958 2899 2246 2969 Georgius,
2285 2900 2383 2954 hoc
2410 2900 2642 2953 factum:
2676 2910 2734 2954 ut
2776 2901 2826 2953 in
2873 2888 3109 2956 mensem
3149 2904 3397 2960 Martium

1816 3004 1957 3042 anno
1982 2989 2107 3053 406,
2137 2990 2286 3043 Coss.
2319 2991 2545 3066 Arcadio
2572 2978 2603 3043 6
2636 3000 2687 3043 et
2722 2990 2895 3046 Probo
2914 3031 2929 3055 ,
2963 3007 3179 3047 necesse
3208 2995 3273 3047 sit
3300 2996 3396 3047 At-

1819 3080 1906 3133 tici
1956 3083 2280 3134 creationem
2337 3082 2592 3134 incidere.
2644 3081 2829 3135 Restat
2877 3083 3105 3137 maxima
3160 3086 3396 3138 omnium

1820 3172 2043 3238 quzrstio
2061 3172 2127 3224 (le
2148 3182 2318 3225 morte
2342 3173 2592 3226 Eudoxitn
2615 3178 2862 3242 Angusta:
2888 3191 2900 3225 :
2927 3176 2977 3227 in
3000 3175 3152 3244 cujus
3169 3179 3400 3231 notando

1821 3274 2060 3332 tempore
2106 3267 2431 3318 recentiores
2459 3265 2525 3317 ab
2568 3266 2814 3318 omnibus
2862 3264 2912 3317 in
2944 3268 3247 3337 universum
3268 3308 3282 3331 ,
3309 3268 3399 3337 qui

1821 3354 2008 3405 mortis
2031 3352 2145 3421 ejus
2173 3354 2372 3407 diserte
2400 3354 2771 3417 meminerunt,
2802 3356 3075 3409 veteribus
3099 3334 3405 3410 discedunt.-

1819 3442 2065 3496 Srrratcs
2090 3444 2179 3499 lib.
2216 3442 2268 3502 6.
2300 3458 2346 3497 c.
2378 3444 2460 3502 l9.
2483 3444 2747 3511 ingentem
2777 3445 3110 3512 grandinem,
3143 3448 3302 3498 instar
3324 3449 3402 3499 la-

1822 3531 1993 3598 pidum
2023 3532 2264 3599 (nucibus
2313 3534 2515 3598 p‘ttrent,
2559 3533 2725 3601 inquit
2768 3534 3048 3585 Annalium
3091 3534 3397 3602 Gratcorutn’

1820 3618 2048 3689 auctor),
2076 3621 2214 3672 circa
2243 3619 2310 3673 50
2336 3619 2668 3689 Septembris
2717 3622 2994 3685 occidisse,
3027 3623 3213 3676 eodem
3235 3665 3251 3687 ,
3296 3638 3403 3692 quo

1820 3710 2055 3765 Joannes
2098 3712 2411 3778 pulsns'est,
2443 3728 2605 3779 anno,
2639 3713 2689 3765 in
2719 3714 2997 3765 Consulatu
3032 3714 3247 3767 llotiorii
3287 3715 3318 3768 6
3347 3724 3403 3768 et

1823 3800 2147 3861 Aristo-neti,
2196 3801 2399 3863 scribit,
2452 3800 2550 3855 hoc
2595 3811 2677 3855 est
2725 3816 2864 3854 anno
2923 3803 3130 3855 Domini
3178 3803 3303 3866 404,
3351 3815 3406 3858 et

1824 3901 2047 3960 quarto,
2081 3902 2196 3958 post
2241 3891 2325 3944 die
2365 3892 2562 3943 obiisse
2600 3892 2916 3945 Eudoxiatn.
2962 3894 3193 3946 Annales
3233 3893 3405 3947 Graeci

1823 3983 1992 4051 pridie
2020 3982 2195 4035 Nonas
2224 3982 2469 4034 Octobris
2497 3982 2693 4036 abiisse
2716 4024 2735 4055 ,ς
2758 3990 2812 4035 et
2850 3983 2884 4036 4
2913 3982 3032 4036 ldus
3057 3981 3304 4038 Octobris
3350 3983 3403 4036 iu

1828 4076 2050 4129 Basilica
2102 4073 2198 4126 SS.
2250 4075 2649 4142 Apostolorum,
2700 4075 2960 4142 sepultam
3011 4074 3199 4127 iisdem
3250 4073 3402 4128 Cossi

1825 4165 2056 4218 llooorio
2073 4173 2129 4218 et
2148 4164 2486 4227 Aristmncto,
2503 4172 2819 4217 memorant.
2837 4164 3172 4217 Marcellinus
3189 4164 3403 4228 Comes.

1825 4258 2013 4312 iisdem
2045 4256 2221 4317 Coss.,
2262 4256 2452 4324 inquit,
2490 4254 2749 4322 Eudoxio,
2790 4271 2923 4309 uxor
2962 4256 3199 4321 Arcadii,
3233 4257 3402 4311 obiit:

1825 4347 2054 4414 Prosper
2067 4347 2429 4415 Aquitanieus,
2457 4347 2645 4400 iisdem
2670 4347 2849 4399 itidem
2871 4346 3025 4400 Coss.
3050 4348 3310 4414 Eudoxio,
3329 4350 3404 4403 inc

1824 4440 1957 4507 quis,
1983 4453 2116 4491 uxor
2141 4438 2373 4502 Arcadii,
2394 4424 2537 4491 diem
2560 4439 2764 4491 clausit.
2788 4438 2986 4491 Contra
3009 4440 3144 4492 hanc
3168 4450 3405 4494 veterum

1826 4530 2142 4598 scriptorum
2190 4526 2503 4596 phalangem
2531 4528 2654 4597 quid
2695 4526 2850 4582 faciet
2892 4528 3100 4581 infirma
3145 4531 3409 4584 recentio-

1818 4610 1943 4671 rum
1976 4632 2193 4681 manus;
2218 4618 2305 4686 qui
2335 4633 2527 4671 omnes
2567 4633 2673 4671 uno
2710 4634 2808 4672 ore
2849 4618 3040 4672 Joanui
3071 4629 3250 4673 nostro
3289 4632 3408 4674 eam

1826 4708 2169 4775 superstitem
2197 4706 2358 4761 inisse
2381 4716 2490 4760 tres
2517 4722 2748 4770 mensos,
2781 4706 2882 4762 hoc
2911 4717 2991 4761 est
3013 4709 3151 4762 circa
3177 4709 3410 4764 medium

1830 4797 2135 4851 Decembris
2155 4838 2170 4860 ,
2202 4812 2343 4849 anno
2370 4797 2495 4857 407,
2529 4796 2611 4849 vel
2639 4798 2780 4851 circa
2807 4798 3044 4851 medium
3072 4798 3236 4853 Febr.
3267 4815 3411 4852 anno

1828 4887 1954 4953 408,
1986 4886 2308 4941 decessisse
2352 4888 2656 4941 testantur?
2693 4902 2852 4957 quam
2896 4891 3056 4941 etiam
3106 4889 3410 4956 opinionem

1828 4993 1927 5047 ego
1975 4986 2029 5030 ut
2078 4978 2245 5045 magis
2294 4978 2620 5045 probabilem
2658 4977 2975 5044 amplector.
3021 4977 3209 5030 Causae
3262 4989 3410 5045 sunt,

1828 5070 2055 5137 primum
2086 5068 2225 5137 quod
2256 5069 2370 5121 illas
2398 5068 2786 5137 inhumanitate:
2816 5077 2871 5120 et
2900 5069 3260 5132 immanitates
3286 5084 3411 5123 eon-

1833 5169 1909 5212 tra
1939 5160 2220 5228 episcopos
2251 5159 2449 5229 legatos
2488 5159 2553 5213 ab
2579 5157 2864 5213 Occidente
2885 5201 2900 5223 ,
2928 5169 3113 5214 contra
3151 5160 3411 5215 Joannem

1836 5258 2073 5302 nostrmn
2109 5250 2174 5302 ad
2205 5261 2431 5302 mortem
2465 5264 2629 5319 usque
2660 5250 2826 5318 ipsam
2872 5261 3058 5305 contra
3088 5268 3272 5304 omnes
3302 5253 3413 5317 epi-

1833 5356 2044 5410 scopos.
2066 5342 2308 5404 clericos,
2336 5352 2387 5394 et
2413 5334 2545 5396 alios
2576 5342 2800 5411 partium
2822 5340 3063 5406 Joannis,
3096 5359 3197 5395 non
3221 5345 3286 5396 ab
3305 5345 3411 5397 alio

1836 5434 2099 5501 profectas
2131 5433 2275 5487 fonte
2298 5443 2502 5501 putem,
2532 5449 2689 5504 quam
2714 5433 2782 5493 ab
2810 5434 3129 5503 implacabili
3152 5435 3417 5502 impotem

1838 5524 2055 5577 tissimae
2085 5522 2295 5578 femina:
2323 5523 2503 5579 fin-ore
2534 5543 2549 5579 :
2580 5540 2703 5578 eum
2730 5526 2963 5594 alioquin
3009 5524 3267 5579 Arcadius
3298 5527 3415 5594 ipse

1842 5612 2098 5682 simplicis
2124 5612 2279 5667 fuerit
2309 5622 2363 5668 et
2380 5615 2524 5679 mitis
2555 5614 2772 5684 ingenii,
2800 5621 3137 5670 ct‘tantorum
3163 5614 3270 5669 fere
3297 5633 3413 5668 nta-

1839 5703 2009 5757 lorum
2052 5703 2299 5774 ignarus;
2331 5720 2502 5775 neque
2529 5704 2785 5761 credibile
2824 5705 2889 5760 sit
2934 5715 3131 5761 tantum
3168 5705 3415 5761 habuisse
