4234 6310
799 425 915 463 XXII

798 526 1048 599 ponderis
1068 525 1205 597 apud
1239 524 1455 589 milites,
1483 520 1730 578 CUSIOdCS
1762 529 2029 591 portuum,
2062 527 2117 574 et
2146 526 2371 574 ceteros

798 618 1007 689 imperii
1035 618 1324 677 ministros,
1349 615 1653 684 episcopos,
1674 611 2014 682 reliquosque
2029 606 2247 666 Joannis
2274 609 2388 662 ini-.

802 712 991 770 micos.
1021 710 1121 764 nisi
1152 707 1403 763 Eudoxia:
1433 705 1641 762 feminae
1671 720 1830 774 supra
1859 719 2043 759 sexum
2075 701 2295 765 “necis,
2319 710 2374 755 et

799 804 992 857 marito
1013 801 1357 861 dominantis,
1376 800 1562 869 opibus
1584 797 1765 867 fultos,
1783 797 2096 852 auctoritate
2116 795 2369 881 munitos.

795 894 901 950 Sed
928 893 1069 965 quod
1101 908 1187 948 me
1214 892 1295 947 vel
1334 891 1563 945 maxime
1604 898 1809 954 movet,
1842 880 1899 942 ut
1926 902 2022 957 pro
2061 880 2371 941 recentiori-

796 972 921 1050 bus,
946 984 1084 1054 quod
1116 984 1463 1038 invitissimus
1489 977 1644 1045 facio,
1684 990 1870 1035 contra
1908 989 2116 1033 veteres
2140 992 2369 1046 pronun-

793 1077 952 1140 tiem,
983 1072 1111 1128 illud
1140 1084 1257 1127 est:
1299 1072 1443 1141 quod
1491 1070 1727 1125 Joannes
1756 1080 1974 1131 noster,
2016 1084 2177 1138 quem
2219 1068 2263 1121 si
2284 1084 2373 1122 ve-

795 1167 936 1221 t'eres
966 1180 1273 1234 sequamur,
1306 1173 1475 1218 totum
1508 1163 1795 1217 triennium
1821 1153 2057 1231 epor'tuit
2085 1160 2249 1214 fuisse
2279 1156 2371 1212 sn-

796 1257 1070 1328 perstitem
1099 1256 1372 1321 Endovize,
1398 1255 1451 1308 in
1484 1261 1562 1308 tot
1584 1244 1824 1323 epistolis
1847 1252 1913 1305 ad
1948 1251 2271 1320 pontiﬁcem,
2303 1250 2370 1303 ad

794 1349 1095 1418 episcOpos,
1139 1346 1204 1399 ad
1245 1344 1379 1399 alios
1420 1344 1641 1407 amicos,
1688 1360 1781 1413 per
1826 1343 2113 1397 triennium
2160 1330 2373 1409 scriptis

794 1436 1055 1506 n'uSquam
1096 1437 1399 1490 meminerit
1450 1436 1635 1488 mortis
1666 1434 1941 1498 Eudoxize,
1983 1449 2142 1503 quam
2183 1432 2372 1486 morbo

790 1527 1043 1581 diuturno
1064 1536 1117 1581 et
1140 1526 1431 1590 cruciabili,
1459 1525 1597 1580 addo
1624 1528 1783 1581 etiam
1817 1524 1977 1591 fmdo,
2018 1519 2242 1593 periisse
2267 1524 2373 1577 tra-

794 1601 926 1670 dunt
957 1634 969 1672 :
1001 1616 1067 1671 de
1098 1626 1243 1672 tanta
1276 1627 1329 1672 et
1365 1627 1471 1671 tam
1504 1617 1696 1687 insigni
1742 1617 1835 1671 Dei
1864 1616 2094 1671 vindicta
2141 1630 2246 1671 non
2289 1625 2371 1669 ta-

794 1709 1037 1771 hilarus;
1068 1707 1305 1776 quihimo
1340 1707 1407 1762 ad
1437 1722 1585 1776 spem
1630 1716 1829 1762 certam
1871 1706 2094 1773 reditus,
2135 1716 2222 1760 aut
2254 1698 2370 1760 me-

791 1778 953 1853 Iiores
983 1796 1209 1852 fortnam
1241 1810 1307 1853 'eo
1338 1800 1452 1868 ipso
1475 1799 1807 1869 arrigendns.
1839 1792 2106 1852 Palladius
2133 1810 2368 1866 Quoque,

794 1889 1002 1943 illorum
1032 1890 1358 1961 temporum
1413 1890 1663 1958 aqualis,
1721 1904 1841 1942 cum
1892 1903 2081 1958 ptenas
2118 1893 2371 1950 θεηλάτςυς

791 1979 858 2033 de
887 1979 1117 2033 inimicis
1143 1977 1362 2035 Joannis
1383 1981 1559 2033 statim
1591 1988 1828 2049 sumptas
1866 1978 2136 2047 sigillatim
2185 1992 2373 2033 recen-

791 2078 927 2137 seat,
960 2071 1027 2125 d‘e
1054 2071 1291 2125 Eudo'xia
1329 2070 1653 2139 'silet,-qu:un
1683 2070 1858 2124 ferunt
1886 2068 2074 2123 morbo
2113 2064 2255 2123 ft'edo
2275 2108 2288 2132 ,
2318 2064 2372 2122 et

799 2174 916 2233 post
947 2178 1166 2232 magnos
1194 2160 1462 2217 cruciatus
1489 2164 1707 2217 obiisSe.

870 2272 887 2305 ι
922 2252 1221 2308 Constituta
1262 2254 1752 2322 itaqueyquantum
1783 2254 1813 2303 a
1842 2247 1997 2305 nubis
2025 2244 2138 2306 ﬁeri
2167 2240 2367 2319 potuit,

790 2354 1089 2413 temporum
1140 2345 1366 2408 ratione,
1414 2340 1481 2397 ad
1522 2344 1667 2413 ip'sos
1712 2343 2026 2397 accedamus
2072 2352 2366 2397 auctores:

788 2448 1014 2505 quorum
1054 2434 1207 2489 facile
1257 2437 1506 2503 princeps
1535 2430 1832 2497 Palladius,
1871 2440 1964 2488 seu
2006 2435 2249 2503 quisquis
2288 2443 2369 2487 est

787 2525 928 2579 illius
958 2524 1151 2595 dialogi
1183 2533 1388 2587 auctor,
1418 2525 1505 2594 qui
1528 2527 1645 2593 ejus
1674 2524 1838 2578 fertur
1865 2525 2101 2579 nomine.
2135 2542 2153 2574 ι

859 2612 958 2669 llic
1000 2614 1105 2668 duo
1133 2622 1415 2668 moventur
1455 2615 1807 2682 quaestiones,
1860 2612 2055 2681 quibus
2100 2599 2369 2667 solvendis

788 2705 1020 2759 Savilius
1042 2720 1341 2774 seprorsus
1373 2706 1630 2773 imparem
1660 2719 1780 2758 esse
1806 2704 1955 2757 dicit.
1985 2704 2161 2759 Prima
2190 2713 2272 2757 est
2300 2705 2368 2756 de

783 2800 1000 2849 auctore
1033 2796 1172 2849 illius
1216 2794 1440 2864 dialogi,
1472 2800 1647 2847 utrum
1688 2795 1826 2849 idem
1857 2795 1925 2848 sit
1953 2810 2019 2849 an
2050 2794 2295 2850 diversus
2334 2812 2361 2848 a

784 2887 1035 2955 Palladio,
1080 2887 1469 2957 llelenopoleos
1510 2890 1781 2957 episcopo,
1823 2886 2201 2943 Lausiacorum
2232 2891 2365 2943 seri-

782 2990 935 3049 ptore
959 2998 970 3032 :
1004 2978 1247 3033 eumdem
1267 2995 1384 3034 esse
1403 2980 1613 3048 quidem
1635 2981 1860 3036 suadere
1881 2991 1933 3035 et
1966 2970 2172 3035 titulum
2193 2984 2363 3050 ipsum

786 3069 1000 3138 dialogi,
1018 3081 1070 3124 et
1091 3072 1227 3137 quod
1251 3071 1512 3124 Palladius
1542 3070 1817 3141 dialogista
1841 3087 1898 3126 se
1920 3073 1970 3126 in
1989 3074 2220 3127 ASiatica
2241 3090 2363 3142 pcr-

780 3161 1109 3229 cgrinatione
1125 3175 1434 3231 perpetuum
1449 3164 1695 3217 comitem
1710 3162 1897 3218 Joanni
1911 3166 2365 3237 adhmsisseproli-

780 3262 952 3307 teatur
980 3271 992 3303 :
1024 3252 1162 3321 quod
1188 3252 1252 3307 de
1284 3253 1518 3307 l'alladio
1536 3254 1790 3310 Lausiaco
1820 3273 2000 3309 verum
2019 3272 2138 3311 esse
2177 3273 2363 3311 omnes

780 3343 964 3396 sciant.
987 3342 1039 3395 ld
1054 3359 1281 3412 quoque,
1304 3342 1442 3412 quod
1460 3343 1731 3416 dialogista
1751 3348 1995 3401 canitiem
2011 3362 2157 3401 suam
2174 3349 2365 3416 prmdi-

778 3444 881 3499 “cet,
898 3437 1234 3503 opliltlcmttc
1254 3440 1301 3490 in
1322 3438 1634 3493 Lausiacum
1652 3440 1863 3507 cadere,
1878 3440 1965 3505 qui
1982 3442 2361 3511 aliquotannos

779 3537 897 3595 post
928 3526 1149 3580 Romam
1178 3538 1383 3596 captam
1412 3531 1619 3584 vixerit.
1648 3530 1839 3585 Verum
1864 3532 2076 3586 obstare
2099 3532 2167 3585 ab
2192 3532 2360 3586 altera

780 3627 925 3685 pnth
946 3660 959 3681 ,
990 3618 1129 3685 quod
1174 3630 1277 3673 tam
1305 3619 1619 3675 Theodorus
1646 3639 1802 3691 quant
1851 3622 1962 3689 ipse
2011 3623 2277 3676 Palladius
2309 3624 2360 3676 in

776 3709 984 3777 dialogo
1001 3709 1067 3762 de
1092 3710 1180 3763 illo
1204 3710 1589 3780 llelenopoleos
1615 3728 1865 3782 episcopo
1882 3714 1931 3765 in
1957 3714 2110 3766 tertia
2135 3729 2359 3782 persona

777 3801 1077 3869 loquantur.
1104 3802 1341 3855 Alterum
1364 3802 1592 3856 occurrit
1615 3801 1809 3857 Savilio
1835 3805 2135 3872 scrupulum
2157 3820 2187 3858 e
2212 3821 2361 3859 men-

776 3892 918 3945 tione
944 3892 1137 3946 Zosimi
1162 3895 1427 3963 pontilicis
1455 3894 1691 3948 ductum.
1728 3894 1799 3948 De
1831 3895 1926 3949 hac
1958 3880 2236 3965 posteriori
2260 3898 2359 3951 ob-

771 3978 1002 4055 jectiOne
1027 3982 1143 4036 vide
1173 3981 1301 4038 infra
1326 3972 1511 4053 Bigotii
1538 3979 1989 4039 dissertationetn.
2032 3973 2354 4052 Secundum,

779 4074 947 4141 inquit
974 4072 1232 4141 Savilins,
1263 4086 1344 4129 est
1373 4072 1622 4141 dnbiutn,
1656 4078 1921 4145 quomodo
1960 4066 2072 4133 (icti
2106 4074 2355 4149 potuerit,

778 4168 834 4218 ut
864 4168 997 4219 intra
1033 4167 1260 4221 triduum
1299 4164 1523 4239 (Pallad.
1558 4169 1718 4237 Dial.)
1760 4181 1877 4239 post
1905 4182 2151 4241 acceptas
2180 4173 2357 4227 Theo-

775 4257 900 4324 phili
930 4259 1138 4324 literas,
1169 4260 1357 4329 quibus
1386 4261 1474 4314 ille
1501 4261 1828 4331 signiﬁcabat
1856 4257 2013 4333 Papa:
2056 4264 2359 4319 lnnoeentio

772 4348 1028 4403 Joannem
1048 4368 1146 4406 ase
1165 4353 1654 4421 luissedepositum,
1675 4355 1773 4408 ilhe
1791 4355 2009 4409 Joannis
2027 4358 2212 4423 litem,
2230 4375 2359 4427 qua-

775 4456 889 4493 rum
912 4441 1139 4507 initium,
1166 4441 1329 4495 Etiam
1358 4454 1625 4513 antequam
1647 4447 2002 4511 reddita-sunt,
2025 4448 2089 4501 ad
2110 4451 2355 4504 eumdem

778 4525 971 4594 Papam
990 4533 1323 4599 pervenerint
1340 4551 1351 4585 :
1368 4533 1771 4603 natnThoOphili
1790 4538 2091 4591 necessario
2105 4555 2222 4593 esse
2236 4542 2357 4593 scri-

776 4626 889 4688 ptas
918 4637 980 4674 cx
1008 4623 1233 4676 concilio
1266 4623 1329 4677 ad
1366 4623 1652 4691 Quercum,
1678 4642 1795 4679 cum
1829 4630 2104 4695 posteriori
2131 4631 2358 4685 concilio

774 4710 884 4779 ipse
911 4728 1007 4765 nec
1029 4713 1344 4775 interfuerit,
1365 4730 1535 4783 neque
1565 4715 1614 4769 in
1638 4731 1700 4770 eo
1722 4719 1882 4773 ullum
1900 4723 2251 4776 accusationis
2278 4741 2360 4777 ea-

776 4802 868 4870 p'ut
896 4802 964 4855 sit
994 4803 1278 4871 prolatum,
1310 4805 1400 4859 sed
1441 4823 1615 4860 merus
1644 4824 1813 4864 canon
1834 4812 2044 4866 concilii
2071 4803 2357 4870 Antioche-

774 4890 826 4943 ni
871 4882 1137 4947 adhibitus
1166 4910 1178 4947 :
1207 4905 1390 4949 contra
1420 4896 1638 4952 Joannis
1671 4901 1850 4955 literas
1901 4913 2020 4971 post
2059 4906 2351 4960 secundam

774 4981 935 5051 ipsius
954 4984 1318 5051 cspnlsionem
1339 4988 1564 5057 scriptas
1589 5006 1728 5057 esse,
1749 4990 2004 5048 declarari
2035 4998 2116 5051 vel
2140 4996 2222 5050 his
2243 4999 2357 5068 ejus

777 5078 969 5143 verbis,
992 5074 1227 5133 Secundo
1257 5074 1463 5135 ecclesia
1492 5099 1601 5135 sum
1624 5086 1808 5154 ejecta;
1837 5104 1855 5141 :
1886 5092 2021 5144 inter
2045 5090 2152 5144 duo
2178 5103 2353 5149 autem

769 5171 953 5223 chilia
979 5171 1339 5229 intercessisse
1367 5180 1577 5231 menses
1600 5180 1983 5236 novemdecim.

850 5279 867 5311 ‹
905 5263 958 5315 In
988 5261 1207 5317 Socrate
1244 5278 1469 5335 quatuor
1498 5260 1682 5324 eadem
1714 5272 1924 5342 pagina,
1970 5283 2063 5328 aut
2099 5276 2351 5347 quinque,

772 5363 893 5404 sunt
918 5363 1093 5407 errata
1119 5355 1365 5409 historica
1393 5360 1440 5410 in
1471 5362 1747 5417 narrandis
1771 5362 2135 5435 Chrysostomi
2155 5370 2315 5424 rebus
2339 5388 2352 5423 :

774 5456 893 5493 nam
922 5456 1112 5497 czelera
1138 5462 1239 5500 noo
1264 5448 1482 5518 attingo.
1514 5456 1705 5521 Atque,
1730 5466 1785 5508 ut
1812 5456 1879 5510 ab
1903 5458 2102 5513 ultimis
2131 5462 2309 5514 ordiar
2339 5480 2353 5517 :

774 5534 912 5599 quod
944 5533 1199 5590 Joannem
1230 5540 1295 5591 ab
1341 5541 1587 5617 Evagrio,
1622 5544 1821 5600 Paulini
1868 5563 2210 5617 succcssom,
2248 5554 2353 5605 lin-

774 5628 1156 5684 stathianarttm
1190 5636 1413 5701 partium
1439 5640 1734 5693 Antiochia:
1761 5643 2042 5712 episcopo,
2074 5646 2353 5717 presbyte-

774 5733 891 5772 rum
923 5721 1105 5775 scribit
1131 5736 1251 5779 esse
1291 5728 1588 5783 ordinatum
1618 5749 1628 5783 :
1659 5747 1688 5784 a
1732 5733 1965 5788 Palladio
2003 5738 2353 5807 omnibusan

774 5810 889 5864 aliis
918 5813 1183 5869 veteribus
1220 5825 1271 5870 et
1302 5820 1686 5876 recentioribus
1726 5824 2003 5893 refellitur,
2037 5828 2125 5899 qui
2158 5830 2206 5885 id
2240 5848 2343 5887 uno

1910 394 2188 450 ΙΙΙ-ΖΜΝ]⁴
2223 393 2469 450 διιγιιιι
2525 392 2973 454 υΙΞΞΕΙίΤΑΪὶΟ

3923 427 4067 464 IS!"

2482 524 2577 569 ere
2606 528 2791 571 omnes
2819 515 3077 573 Flaviano
3108 520 3365 588 tribuunt,
3396 522 3639 589 aliarum,
3693 524 3793 579 hoc
3820 535 3922 592 est,
3951 526 4069 582 Mc-

2483 604 2795 661 letianarum
2835 608 3061 676 partium
3090 612 3367 681 episeopo.
3392 603 3536 680 Quas
3557 623 3733 685 partes
3760 616 3812 671 in
3840 632 3907 673 eo
3924 618 4063 674 schi-

2478 706 2648 752 smate
2674 708 2727 752 et
2753 698 2820 753 ab
2847 698 3000 754 initio
3028 709 3243 755 secutus
3268 710 3351 757 est
3392 688 3649 771 Joannes,
3678 714 3735 761 ut
3756 720 3789 761 e
3824 708 4074 777 superio-

2480 788 2629 842 ribus
2646 799 2808 858 patet,
2827 798 2880 844 et
2903 789 2955 843 in
2971 790 3161 845 iisdem
3184 807 3352 861 usque
3370 792 3437 847 ad
3455 793 3612 849 linem
3633 797 4074 851 constantissime

2484 872 2797 948 permansit.
2842 881 2958 936 Non
2984 882 3155 949 enim,
3200 882 3452 955 nisipost
3492 896 3718 942 mortem
3759 886 4065 960 Porphyrii,

2479 970 2567 1038 qui
2633 969 2885 1025 Flaviano
2951 975 3240 1038 successit,
3302 977 3583 1044 prudentia
3638 986 3695 1032 et
3748 977 4070 1035 dexteritate

2481 1058 3041 1132 Alexandri,.episcopi
3065 1073 3190 1118 tunc
3202 1065 3545 1134 Antiocheni,
3562 1070 3734 1138 sopita
3752 1079 3835 1124 est
3852 1071 3939 1125 illa
3952 1072 4065 1126 dis-

2477 1152 2655 1206 cordia
2675 1156 2811 1207 inter
2830 1152 3206 1212 Eustathianos
3236 1168 3291 1212 et
3320 1148 3649 1228 Mcletianos,
3669 1172 3803 1218 teste
3818 1162 4070 1219 Theodo-

2479 1252 2596 1297 rcto
2623 1242 2714 1297 lib.
2748 1246 2802 1308 5,
2832 1261 2881 1300 c.
2910 1246 2998 1300 35.
3032 1240 3135 1302 Sed
3167 1249 3232 1302 ad
3277 1243 3625 1306 refellendum
3654 1246 3794 1307 hunc
3822 1268 4068 1309 errorem

2478 1332 2716 1390 Socratis
2742 1351 2857 1389 non
2875 1346 2954 1390 est
2984 1353 3205 1393 necesse
3224 1341 3558 1395 extrinsecus
3578 1344 3917 1412 probationes
3946 1360 4071 1398 mu—

2478 1424 2614 1478 tuari
2630 1443 2645 1479 :
2664 1440 2784 1479 cum
2802 1429 3068 1481 sexcentis
3085 1429 3135 1482 in
3155 1430 3283 1484 locis
3294 1445 3357 1485 ex
3378 1420 3541 1500 ipsius
3555 1420 3920 1504 Chrysostomi
3940 1450 4068 1489 ver-

2476 1512 2559 1569 bis
2584 1511 2704 1570 lucc
2722 1511 2919 1571 clarius
2946 1519 3034 1583 sit,
3058 1534 3087 1572 a
3104 1518 3371 1574 Flaviano
3403 1536 3527 1575 eum
3554 1520 3719 1577 fuisse
3754 1522 4065 1578 ordinatum

2478 1596 2867 1677 presbyterum,
2888 1608 2987 1663 sub
3001 1626 3170 1681 eoque
3190 1611 3444 1683 deinceps
3461 1629 3627 1685 usque
3646 1614 3713 1669 ad
3727 1618 4069 1685 episcopatus

2479 1709 2718 1767 tempora
2745 1690 2959 1755 vixiSse.
2988 1691 3293 1757 Proiimum
3315 1714 3417 1769 est,
3442 1721 3547 1758 non
3573 1705 3786 1775 quidem
3808 1706 3856 1760 id
3888 1708 4069 1763 minus

2479 1784 2691 1853 falsum,
2716 1786 2809 1845 sed
2836 1792 2977 1860 quod
3004 1793 3210 1863 aliquos
3230 1794 3417 1849 saltem
3449 1810 3480 1849 e
3506 1797 3891 1851 recentioribus
3917 1798 3995 1849 im
4007 1813 4069 1852 c-

2479 1883 2616 1937 tterit
2643 1883 2941 1939 laudatores
2971 1886 3114 1954 (nam
3134 1886 3272 1961 apud
3302 1886 3591 1941 Palladium
3619 1888 3819 1941 nullum
3843 1886 4068 1967 hujusce

2478 1972 2552 2028 rei
2578 1970 2877 2046 vestigium)
2907 1976 2974 2030 de
3003 1986 3115 2030 toto
3148 1977 3238 2030 illo
3267 1974 3497 2031 triennio
3516 2020 3530 2043 ,
3575 1994 3683 2048 quo
3722 1988 3841 2048 post
3868 1978 4066 2035 Meletii

2478 2065 2728 2129 mortem,
2760 2067 3033 2134 tranquille
3058 2068 3177 2136 egit,
3208 2068 3378 2136 inquit
3410 2068 3693 2133 Socrates;
3723 2080 4067 2123 commoratus

2476 2166 2548 2208 est
2578 2157 2629 2208 in
2659 2158 2961 2211 monasterio
3000 2158 3085 2211 ubi
3127 2159 3292 2226 fuerat
3337 2160 3510 2232 prius,
3549 2160 3718 2231 inquit
3752 2160 4011 2232 Georgius
4048 2179 4064 2215 :

2476 2245 2617 2301 uu‘dc
2650 2258 2956 2317 assumptus
2992 2236 3076 2302 est
3107 2260 3285 2317 postea
3309 2231 3374 2303 ad
3424 2250 3867 2321 presbyteratum.
3908 2234 4064 2317 Quod

2476 2347 2620 2391 stare
2644 2338 2791 2392 nullo
2827 2338 2987 2391 modo
3014 2346 3220 2407 potest,
3251 2339 3350 2392 nisi
3381 2351 3565 2393 contra
3597 2356 3783 2394 omnes
3810 2340 4066 2394 historias

2474 2441 2578 2479 non
2611 2427 2696 2491 12,
2723 2426 2817 2480 sed
2847 2427 2912 2481 14
2942 2442 3111 2480 annos
3138 2437 3191 2482 et
3214 2428 3442 2497 amplius
3468 2428 3690 2483 Joannis
3718 2431 4065 2501 presbytera-

2471 2512 2556 2574 lui
2578 2518 2937 2588 assignemus.
2971 2519 3099 2572 Nam
3142 2522 3369 2588 prinnnn
3402 2536 3429 2573 a
3460 2532 3630 2575 morte
3669 2522 3883 2588 Meletii,
3911 2539 4058 2590 qun,

2474 2620 2528 2662 ut
2559 2624 2715 2679 supra
2739 2610 2999 2674 diximus,
3027 2611 3217 2665 accidit
3244 2595 3367 2674 581,
3389 2620 3627 2682 tempore
3654 2614 3898 2667 secundm
3924 2630 4064 2685 syn-

2471 2702 2583 2765 odi,
2612 2716 2782 2769 usque
2827 2685 2894 2754 ad
2938 2703 3303 2769 episeopatum
3330 2702 3553 2758 Joannis
3576 2719 3719 2758 anno
3760 2705 3898 2772 598,
3929 2709 4061 2761 anni

2470 2803 2595 2857 sunt
2625 2794 2765 2863 pleni
2799 2781 2864 2847 16
2893 2812 2906 2847 :
2933 2810 2963 2848 e
2990 2794 3184 2863 quibus
3224 2808 3369 2850 recte
3408 2811 3524 2859 nos,
3558 2807 3614 2850 ut
3660 2807 3803 2866 puto,
3836 2797 4065 2852 Joannis

2469 2884 2771 2937 diaetmatni
2818 2884 2871 2950 4,
2901 2893 2955 2938 et
2984 2886 3369 2955 presbyteralni
3420 2889 3505 2951 12,
3536 2886 3941 2958 assignavimns.
3980 2892 4061 2944 Et

2472 2976 2553 3027 his
2583 2975 2628 3028 si
2672 2975 2856 3029 demas
2887 2961 2977 3041 12,
3018 2975 3211 3045 quibus
3250 2977 3378 3030 vixit
3406 2979 3704 3053 presbyter,
3749 2995 3855 3033 non
3886 2981 4061 3033 trien-

2469 3066 2656 3132 nium,
2698 3075 2755 3119 ut
2791 3053 2976 3119 volunt
3014 3065 3122 3132 illi,
3168 3067 3260 3121 sed
3297 3068 3703 3137 quadriennium
3751 3072 4060 3138 supererit,

2467 3169 2754 3229 antequam
2796 3150 2863 3213 ad
2916 3144 3342 3230 presbyteratnm
3391 3173 3754 3216 aSsumeretnr
3798 3162 4057 3219 Joannes.

2470 3252 2671 3307 Deinde
2699 3250 2837 3307 hanc
2864 3252 3169 3321 Opinionem
3202 3256 3549 3323 sequentibus
3579 3271 3801 3311 necesse
3843 3256 3945 3310 erit
3972 3257 4061 3311 di—

2466 3357 2588 3396 cere
2600 3358 2721 3396 cum
2741 3353 2915 3395 morte
2936 3342 3129 3397 Meletii
3147 3344 3354 3398 [initum
3369 3360 3487 3399 esse
3507 3346 3927 3415 quinquennium
3942 3347 4060 3401 dia—

2466 3445 2711 3489 conatus.
2742 3435 2916 3505 Atque
2942 3436 3011 3489 ita
3038 3436 3124 3491 ﬁet
3149 3436 3382 3491 Joannes
3408 3438 3596 3490 mortis
3641 3448 3878 3507 tempore
3919 3454 4060 3508 pene

2466 3530 2936 3598 septuagenarius,
2995 3530 3126 3583 inter
3178 3534 3429 3598 longarvos
3477 3532 3683 3590 scilicet,
3714 3546 3842 3595 non,
3874 3541 3930 3583 ut
3973 3544 4061 3586 est

2467 3619 2707 3672 onmium
2746 3630 2962 3688 recepta
3001 3620 3219 3697 opinio,
3262 3626 3392 3674 inter
3431 3631 3737 3697 pramature
3764 3622 4054 3691 defunctos.

2465 3708 2643 3779 Itaque
2669 3708 2771 3765 hoc
2793 3695 3080 3765 triennium
3113 3728 3235 3765 cum
3268 3695 3505 3766 Palladio
3544 3714 3699 3782 plane
3722 3712 3951 3766 eximam
3989 3732 4053 3767 ex

2464 3818 2724 3857 annorum
2744 3794 3113 3875 Chrysostomi
3137 3807 3553 3873 computatione.
3587 3815 3695 3859 tum
3728 3808 3843 3860 aliis
3867 3806 4057 3861 ductus

2465 3894 2760 3949 rationibus
2778 3937 2789 3955 ,
2812 3904 2921 3948 tum
2947 3912 3012 3949 ne
3032 3898 3251 3949 nimium
3270 3908 3603 3951 excrcscerct
3617 3898 3875 3952 annorum
3894 3900 4059 3953 Joan-

2466 3984 2547 4038 nis
2588 4001 2861 4038 ntnnertts.
2893 3986 3131 4040 Tertium
3161 3999 3263 4049 ρει,
3296 3988 3437 4053 qttod
3466 3988 3725 4041 Joannem
3754 4004 3781 4041 a
3811 3989 4052 4055 Zenone,

2462 4079 2717 4147 episcopo
2739 4076 2979 4146 Majumre
3007 4080 3055 4132 in
3094 4081 3391 4146 Pala‘sltna,
3427 4080 3811 4152 Hierosolymis
3834 4098 4055 4135 reverso

2466 4172 2609 4244 (nam
2638 4156 3127 4243 Hierosolymorum
3156 4170 3467 4242 episc0pum
3491 4192 3645 4228 itetno
3668 4176 3821 4239 dixit,
3845 4178 3945 4229 ctsi
3976 4180 4057 4230 vir

2465 4280 2687 4333 magnus
2720 4279 2877 4319 secus
2912 4266 3179 4333 acceperit
3201 4270 3237 4329 l,
3265 4277 3625 4334 anagnosten,
3656 4266 3769 4319 sive
3795 4267 4055 4321 lectorem

2462 4356 2774 4410 scribitcsse
2791 4367 3025 4410 creatum
3048 4376 3060 4410 :
3085 4374 3203 4411 cum
3222 4358 3271 4410 id
3293 4374 3319 4410 a
3342 4358 3551 4411 Mclolio
3569 4358 3760 4411 factum
3788 4375 3851 4413 ex
3878 4359 4056 4413 Palla-

2462 4434 2553 4501 dio
2591 4464 2751 4518 supra
2796 4448 3221 4513 ostenilezimus;
3271 4468 3442 4519 neque
3490 4468 3723 4507 canones
3768 4454 3949 4507 sinunt
4002 4456 4055 4508 in

2462 4540 2631 4593 aliena
2655 4534 2923 4608 provincia
2946 4542 3307 4596 ordinationes
3337 4544 3530 4598 facere.
3565 4546 3821 4612 Quartum
3853 4556 3935 4600 est
3964 4548 4059 4601 ille

2462 4630 2526 4683 de
2548 4631 2738 4686 Basilio
2755 4632 2942 4700 Magno
2964 4643 3017 4687 ct
3042 4633 3249 4687 Joanne
3273 4634 3658 4705 Chrysostomo
3682 4637 3902 4705 insignis
3926 4648 4059 4691 tem-

2465 4740 2641 4789 porum
2661 4725 2987 4793 perturbatio,
3013 4742 3040 4777 ιι
3062 4725 3269 4785 Photio,
3294 4727 3592 4797 Anonymo,
3612 4727 3859 4782 Simeone
3889 4730 4061 4783 Meta-

2467 4814 2703 4881 phraste,
2736 4814 2895 4869 Cartl.
2931 4816 3162 4870 Baronio
3187 4829 3315 4872 satis
3345 4818 3625 4873 rcl'utatus.
3658 4819 3877 4887 Quinto,
3908 4826 4061 4892 quod

2464 4906 2742 4962 Lectorem
2774 4902 2968 4962 factum
2998 4910 3158 4966 fuisse
3192 4921 3308 4981 post
3335 4913 3573 4969 relictam
3600 4916 3759 4969 vitam
3790 4920 4057 4971 monasti-

2463 5013 2580 5051 cam
2612 5014 2855 5054 asserere
2884 5002 3093 5056 videtnr
3118 5015 3300 5058 contra
3329 5018 3581 5075 eXprcssa
3614 5009 3774 5061 verba
3802 5008 4057 5064 Palladii.

2462 5092 2593 5145 Nam
2644 5090 2783 5161 (ιιιοά
2836 5094 2904 5149 ab
2958 5096 3144 5150 eodem
3200 5110 3491 5167 anagnoste
3546 5110 3882 5169 conscriptos
3931 5104 4060 5155 illos

2464 5196 2648 5240 contra
2674 5187 2888 5242 Judaeos
2919 5204 3197 5245 sermones
3229 5194 3441 5251 asserit.
3472 5194 3818 5247 refutavimus
3849 5195 3899 5247 in
3945 5194 4059 5248 Na

2465 5279 2530 5330 tis
2560 5296 2573 5331 :
2603 5288 2655 5331 et
2682 5280 2823 5347 quod
2872 5282 3035 5336 libros
3060 5283 3128 5337 de
3157 5283 3501 5351 Sacerdotio,
3535 5286 3599 5339 ad
3627 5287 3935 5355 Stagikinm,
3980 5289 4059 5345 de

2462 5370 2794 5438 Acalalepto,
2826 5383 2880 5426 et
2906 5372 2971 5426 de
3002 5374 3464 5439 Stthinlrodttclis,
3495 5380 3561 5430 ah
3605 5379 3793 5435 eodem
3822 5380 4061 5436 diaCOm)

2461 5465 2787 5529 Cotnpositos
2816 5465 3064 5518 al'lirtnat.
3096 5468 3320 5521 Silaitne
3368 5486 3494 5538 ergo
3538 5472 3772 5525 divinum
3812 5474 3937 5527 illud
3970 5478 4055 5529 in«

2460 5554 2696 5618 genium,
2721 5566 2772 5607 et
2791 5571 2849 5608 os
2872 5570 3113 5620 aureum,
3136 5569 3297 5612 totmn
3322 5561 3369 5611 in
3392 5563 3678 5618 solitudine
3694 5565 4015 5627 sexennium
4042 5572 4065 5619 ‘.'

2461 5646 2523 5699 Et
2553 5648 2766 5715 quidem
2800 5650 2841 5700 si
2887 5652 3209 5719 conjecturis
3255 5654 3406 5708 locus
3436 5666 3611 5722 esset,
3657 5658 3818 5710 libros
3858 5659 4063 5713 deSa-

2460 5739 2723 5799 cet-datio,
2750 5740 2815 5793 ad
2844 5742 3154 5813 Stagirium:
3189 5759 3429 5813 putarem
3458 5749 3525 5799 ab
3556 5765 3641 5815 eo,
3672 5760 3965 5818 anagnoste
3999 5766 4066 5807 et.

2468 5832 2752 5897 monacho,
2796 5836 3060 5905 scriptos:
3091 5839 3167 5893 sic
3196 5841 3339 5894 enim
3380 5841 3595 5898 Simcon
3639 5844 4061 5913 Metapbrastu.
