4234 6310
234 306 386 349 ιιιιη

230 404 511 463 Orationes
563 418 701 459 vero
732 413 923 460 contra
966 402 1184 459 Judzeos
1224 413 1430 459 certum
1477 410 1561 457 cst
1582 416 1647 457 ex
1697 400 1827 470 ipsis

230 495 602 566 Cbrysostomi
635 496 826 551 verbis
874 494 1084 550 habitas
1114 509 1234 549 csse
1282 507 1426 548 anno
1454 489 1693 547 secundo
1741 489 1828 546 vel

230 590 384 642 tertio
413 587 773 648 diaconatus;
806 601 912 655 quo
937 587 1098 641 etiam
1125 598 1267 639 anno
1288 584 1427 638 dicta
1452 592 1535 638 cst
1566 582 1651 636 illa
1676 596 1827 653 egre-

226 681 306 749 gia
335 680 389 732 in
422 678 685 749 Babylam
704 679 899 732 oratio.
921 681 1093 748 Atque
1116 678 1221 743 hic,
1246 678 1491 747 quamvis
1512 685 1662 731 extra
1689 690 1823 741 rem,

227 772 484 825 nonnulla
530 786 599 824 ex
633 770 876 824 historiis
904 780 1135 823 atteram
1178 769 1248 823 de
1288 768 1506 836 scriptis
1544 767 1661 837 ejus
1706 774 1828 836 post

226 861 588 917 diaconatum.
624 862 982 933 Nicephorus,
1012 864 1101 932 qui
1133 861 1340 917 scinde
1368 862 1435 915 ab
1464 860 1826 916 adolescentia

226 956 339 1024 ejus
364 969 555 1008 amore
584 954 858 1025 flagrasse,
890 967 1051 1024 atque
1092 955 1143 1008 in
1189 954 1330 1009 illius
1349 994 1363 1018 ,
1394 952 1614 1022 perinde
1643 967 1706 1007 ac
1734 951 1825 1006 Del

224 1045 388 1115 ipsius
406 1086 423 1111 ,
446 1046 671 1099 vocibus
696 1045 1029 1115 acquievisse
1059 1044 1279 1110 scribit,
1310 1059 1339 1097 a
1364 1043 1570 1099 Joanne
1600 1042 1822 1113 presby-

224 1150 337 1193 ιρι-ο
363 1138 705 1206 conscriptas
730 1139 891 1193 tradit
930 1138 1297 1207 expositiones
1335 1137 1386 1190 in
1417 1136 1698 1205 Evangelia
1723 1175 1737 1198 ,
1770 1134 1821 1188 in

222 1226 485 1292 Psalmos.
530 1229 599 1284 de
624 1228 850 1294 Statnis,
882 1228 947 1281 de
974 1228 1287 1298 Virginitate
1308 1230 1648 1298 (Anonymus
1675 1225 1824 1280 addit

220 1319 624 1389 Expositionem
668 1321 719 1373 in
771 1319 1015 1389 Isaiam);
1047 1320 1116 1371 ab
1155 1318 1347 1373 eodem
1396 1320 1671 1387 episcopo,
1708 1316 1819 1371 Ex-

217 1414 515 1485 positiones
543 1413 597 1466 iu
617 1412 678 1466 Β.
702 1413 1021 1482 Apostolnm
1048 1410 1137 1483 (de
1157 1426 1259 1482 qua
1278 1427 1335 1466 re
1353 1410 1560 1481 supra),
1588 1411 1639 1464 in
1664 1411 1815 1476 Acta,

212 1515 265 1559 et
290 1503 691 1576 Panegyricos:
723 1519 950 1575 quorum
998 1516 1174 1559 tamen
1228 1504 1364 1558 bona
1406 1518 1559 1571 pars,
1609 1511 1669 1556 ut
1708 1502 1818 1558 suis

214 1594 347 1648 locis
373 1596 737 1651 ostendimus.
767 1596 966 1665 scripta
1005 1605 1087 1651 est
1114 1595 1444 1659 Antioehim;
1476 1605 1531 1649 et
1562 1610 1628 1649 ne
1658 1594 1816 1663 longe

210 1686 425 1746 abeam.
459 1686 551 1741 ille
579 1687 632 1740 in
664 1686 936 1741 Meletium
968 1696 1090 1756 post
1116 1701 1287 1741 annos
1316 1688 1551 1756 quinque
1580 1701 1610 1739 a
1644 1695 1817 1741 morte

212 1775 409 1831 Melctii
441 1776 659 1830 habitus
684 1785 799 1843 est,
830 1777 932 1831 hoc
960 1786 1073 1840 est.
1108 1777 1281 1847 primo
1305 1792 1446 1829 anno
1476 1776 1814 1847 presbytera-

210 1876 313 1921 tus.
342 1868 450 1922 Sed
484 1871 771 1923 redeamus
801 1868 867 1923 ad
890 1868 1203 1923 Socratem:
1233 1868 1384 1937 cujus
1414 1868 1542 1921 illud
1567 1868 1811 1921 ultimum

209 1973 312 2010 non
347 1958 550 2027 injuria
584 1959 952 2027 reprehendas
976 2000 990 2023 ,
1019 1960 1160 2029 quod
1188 1958 1464 2029 expressis
1491 1958 1667 2013 verbis
1696 1959 1813 2013 sine

208 2050 307 2102 ulla
334 2051 678 2105 dubitatione
720 2051 1024 2105 incendium
1056 2051 1241 2121 templi
1266 2062 1320 2105 et
1352 2053 1517 2105 curia;
1547 2052 1812 2106 Joannitis

207 2140 306 2209 (sic
329 2145 475 2195 enim
500 2145 588 2209 qui
608 2142 832 2197 Joannis
855 2144 1023 2196 nostri
1054 2144 1280 2211 partium
1303 2154 1473 2203 erant,
1499 2141 1805 2214 audiebant)

208 2234 435 2287 tribuit:
473 2249 598 2287 cunt
651 2237 810 2289 mittis
854 2236 1115 2289 bonorum
1155 2235 1632 2304 atlSt‘l‘ipIittttiblIS,
1678 2234 1809 2289 diris

202 2324 535 2379 cruciatibus
574 2333 632 2378 et
660 2325 1101 2395 exquisitissimis
1142 2316 1427 2379 tormentis
1455 2328 1506 2379 in
1542 2326 1705 2390 viros,
1755 2326 1806 2379 in

204 2416 430 2473 feminas
453 2417 700 2471 saevitum
724 2427 871 2471 esset
894 2436 907 2470 :
938 2417 1075 2471 adeo
1098 2426 1155 2471 ttt
1176 2417 1390 2487 quidam
1423 2417 1809 2487 qurcstionibus

202 2512 657 2573 lmtnorcrentur,
687 2512 909 2581 quidam
941 2510 1099 2579 paulo
1132 2520 1253 2578 post
1283 2515 1623 2581 exspirarent
1657 2528 1670 2563 :
1710 2526 1806 2565 nc-

198 2616 301 2670 qne
342 2614 526 2655 tamen
565 2602 733 2655 ullum
764 2602 882 2671 ejus
910 2600 1170 2656 facinoris
1204 2612 1537 2671 compertum
1566 2602 1637 2655 sit
1666 2600 1805 2670 apud

197 2691 479 2749 Joannitas
508 2694 821 2765 vestigium.

271 2804 290 2837 r
316 2785 465 2851 Jam,
493 2787 537 2837 si
568 2786 767 2853 placet,
791 2785 858 2839 ad
879 2785 1169 2855 Georgium
1200 2783 1619 2839 Alexandrinum
1649 2798 1807 2839 accc—

195 2879 427 2932 damus:
464 2878 551 2933 eui
586 2878 827 2944 Photius,
859 2878 1033 2948 magni
1057 2877 1241 2947 judicii
1272 2876 1373 2939 vir,
1414 2885 1469 2929 et
1512 2875 1808 2930 acerrimus

201 2981 448 3023 veterum
481 2969 805 3037 sei-iptornm
832 2983 1047 3032 censor,
1102 2967 1209 3020 duo
1263 2966 1506 3036 impingit
1557 2966 1803 3033 crimina,

195 3060 513 3117 llellenismi
566 3074 671 3113 non
718 3059 1020 3124 observati,
1065 3067 1119 3113 et
1155 3059 1471 3129 ignorantia:
1517 3058 1806 3114 factorum.

205 3156 279 3208 De
305 3154 476 3226 priori
507 3153 673 3206 multa
704 3152 1010 3206 monuimus
1032 3140 1310 3219 passim'in
1336 3150 1507 3215 Notis,
1540 3160 1594 3206 et
1618 3166 1701 3204 res
1724 3160 1807 3206 est

198 3248 372 3301 cuivis
427 3246 586 3298 obvia
618 3263 631 3297 ε
661 3245 731 3300 de
782 3243 1086 3312 posteriori,
1135 3261 1296 3313 quain
1354 3244 1590 3298 hiStorizn
1638 3244 1808 3300 Geor-

196 3339 371 3409 giana:
398 3345 608 3409 partem
636 3345 825 3392 notare
857 3326 1106 3403 voluerit,
1136 3352 1256 3390 cum
1288 3337 1416 3390 nihil
1466 3338 1666 3391 diserte
1709 3354 1805 3392 cx-

198 3434 488 3500 pritnatur,
514 3428 738 3483 difiieile
764 3438 845 3482 est
875 3438 1129 3482 statuere.
1161 3426 1267 3482 Nos
1295 3436 1473 3481 tamen
1506 3443 1572 3482 ne
1605 3428 1703 3481 hac
1754 3428 1804 3483 in

198 3532 351 3594 prtc
392 3520 654 3575 studiosis
698 3519 989 3573 lectoribus
1016 3518 1249 3573 defuisse
1282 3518 1577 3584 videamur,
1619 3520 1805 3587 conje-

198 3624 380 3666 eturas
402 3623 620 3666 nostras
639 3609 968 3664 adducemus
998 3610 1047 3662 in
1083 3609 1340 3673 medium,
1371 3609 1690 3674 rationibus,
1748 3618 1808 3663 ut

200 3716 351 3774 puto,
385 3720 495 3757 non
524 3702 844 3772 spernendis
870 3700 1134 3755 iirmatas.
1161 3706 1236 3755 Ac
1268 3702 1460 3771 primo,
1511 3702 1805 3770 scriptores

201 3812 380 3853 rerum
426 3794 801 3867 Chry~ostomi
858 3802 909 3848 tu
967 3794 1101 3850 duas
1154 3793 1417 3848 distribuo
1469 3794 1692 3849 classes.
1748 3793 1803 3849 lu

204 3891 382 3957 priore
408 3898 623 3940 veteres
652 3900 813 3955 pono,
844 3885 1137 3939 Palladium
1162 3884 1582 3948 Theodoretum,
1611 3885 1805 3939 Socra-

204 3986 305 4033 tem
334 3986 390 4032 et
418 3977 808 4041 Sozomeuum,
834 3976 924 4047 qui
955 3983 1049 4028 aut
1073 3974 1295 4028 Joannis
1347 3991 1483 4041 azvo,
1539 3985 1633 4029 aut
1681 3990 1803 4044 pro-

202 4068 345 4124 ximo
378 4077 502 4137 post
522 4065 874 4135 scripserunt,
902 4075 1007 4120 etc
1049 4064 1279 4121 diversis
1331 4065 1564 4121 fontibus
1618 4068 1807 4121 hausec

203 4172 344 4217 runt.
378 4160 569 4229 Neque
591 4159 735 4213 enim
766 4157 1043 4228 probabile
1093 4166 1196 4221 est,
1248 4158 1434 4213 eorum
1482 4172 1805 4228 quemquam

204 4250 424 4307 alterius
448 4250 732 4303 historiam
759 4250 978 4304 vidisse.
1033 4248 1129 4304 llis
1176 4264 1438 4304 acccuseo
1472 4249 1807 4319 antiquitatis

205 4345 369 4413 gratia
405 4354 648 4409 nostros,
681 4343 1001 4412 Prosperum
1034 4343 1434 4413 Aquitanicum,
1462 4353 1519 4398 et
1544 4343 1809 4397 Marcelli-

208 4449 327 4488 num
359 4432 633 4488 Comitem
664 4450 677 4485 :
713 4434 764 4486 in
794 4433 961 4488 altera
993 4434 1145 4487 lance
1177 4434 1394 4487 unicum
1446 4449 1590 4503 pono
1634 4434 1805 4490 Geor-

206 4525 366 4596 gium.
400 4524 541 4579 Nam
573 4540 739 4594 quum
764 4540 830 4579 ex
859 4525 1026 4593 ipsius
1052 4540 1145 4579 ore
1175 4525 1462 4592 loquantur
1482 4527 1663 4581 e;rteri
1692 4542 1809 4580 om-

206 4633 315 4672 nes.
350 4618 463 4673 Leo
494 4618 815 4687 Imperator,
848 4619 1185 4687 AnOnymus,
1211 4616 1617 4685 .‘iletaphrastes,
1642 4616 1809 4671 Zona-

214 4725 316 4775 ras,
344 4708 573 4779 Glycas,
604 4707 963 4778 Nicephorus,
988 4709 1290 4776 Cedrenus,
1326 4708 1437 4773 alii,
1466 4708 1681 4762 nonnisi
1712 4724 1808 4777 pro

211 4817 310 4860 uno
332 4813 478 4858 teste
502 4802 822 4856 numerandi
845 4812 990 4856 Sunt.
1017 4802 1073 4856 In
1120 4804 1315 4872 quibus
1361 4802 1519 4871 igitur
1546 4800 1810 4871 Georgius

204 4909 235 4947 ι
261 4895 543 4949 veteribus
571 4891 823 4957 discedit,
849 4903 941 4947 aut
964 4894 1237 4947 veteribus
1260 4908 1394 4946 nova
1412 4892 1479 4946 de
1500 4908 1598 4946 suo
1616 4894 1804 4959 assuit,

207 5001 265 5043 ea
291 4987 406 5043 fere
436 4985 623 5039 omnia
658 4986 740 5039 vel
769 4986 821 5040 in
853 4984 1000 5039 falsis
1030 4986 1294 5054 relinquo,
1327 4986 1407 5040 vel
1439 4986 1487 5038 in
1520 4988 1805 5054 suspectis.

277 5098 298 5131 ι
345 5083 428 5133 Ac
452 5081 686 5148 primum
737 5078 837 5131 hac
865 5092 1025 5148 scopa
1080 5077 1209 5129 Il.illl
1266 5078 1537 5146 purganda
1590 5080 1808 5133 Veniunt

204 5171 466 5228 miracula
493 5171 586 5224 illa
613 5170 979 5233 sanationum,
1012 5169 1277 5223 visionum
1302 5179 1360 5223 et
1378 5172 1578 5235 omnia,
1606 5172 1674 5226 de
1693 5175 1809 5241 qni-

206 5266 306 5321 bus
325 5264 474 5336 apud
503 5272 723 5320 veteres
748 5263 1079 5317 obstinatum
1106 5262 1404 5325 silrntium,
1461 5279 1582 5318 cum
1636 5264 1809 5319 Geor-

202 5359 321 5431 gius
347 5358 418 5415 iis
440 5356 939 5414 commemorandis
980 5370 1083 5411 nec
1108 5356 1325 5410 modum
1353 5356 1512 5412 faciat
1545 5374 1719 5427 neque
1749 5360 1810 5413 fi-

202 5464 349 5507 ιαιι.
383 5447 552 5507 Certe
575 5449 630 5504 in
658 5449 763 5503 hoc
784 5456 1011 5519 peccant
1040 5462 1147 5501 non
1170 5445 1435 5515 Georgius
1454 5456 1683 5514 tantum,
1713 5448 1806 5504 sed

203 5554 262 5601 et
286 5543 385 5601 alii
405 5541 695 5614 Georgium
713 5540 886 5596 secuti
915 5558 931 5595 :
959 5541 1194 5611 quicum
1223 5539 1419 5593 nudam
1443 5549 1497 5595 et
1516 5542 1807 5597 solitariam

202 5642 492 5698 veritatem
520 5649 628 5693 non
674 5640 934 5705 putarent
971 5631 1105 5686 satis
1129 5646 1255 5686 esse
1300 5630 1658 5702 magnificam,
1716 5642 1807 5687 aut

202 5724 334 5783 illud
364 5725 695 5796 Thucydidis
721 5731 1065 5785 vererentur,
1114 5737 1182 5777 ne
1210 5740 1310 5778 non
1355 5722 1590 5791 fabulosa
1638 5724 1804 5777 minus

528 5817 813 5879 Ριτιιοι.
855 5813 975 5871 Gn.
1024 5811 1270 5871 XLVI}.

1153 287 1243 344 DE
1281 285 1775 346 SCRIPTORIBUS
1810 283 2054 343 RERUJI
2082 285 2579 344 CHRYSOSTOMI.

3377 316 3533 361 ιιτιν

1882 474 1887 477 _
1937 408 2084 468 grata
2102 398 2409 467 viderentur,
2441 402 2758 457 immensam
2806 417 3195 475 congesserunt
3242 413 3538 479 miraculae

1935 502 2054 543 rum
2091 490 2196 543 vim
2220 507 2234 557 ;
2260 501 2313 545 et
2340 506 2445 561 quo
2473 492 2736 562 fingendis
2763 496 3037 552 miraculis
3057 499 3206 556 locus
3233 514 3376 559 esset
3395 504 3533 562 libe-

1934 580 2063 644 rior,
2096 581 2264 650 ipsam
2296 581 2532 638 historia:
2555 596 2913 640 contcSIatam
2944 592 3224 646 veritatem
3260 609 3359 649 nec
3408 612 3533 654 raro
3560 642 3568 651 .

1934 688 2032 728 nec
2057 674 2247 729 leviter
2268 676 2637 731 immutarunt.
2663 677 2896 736 Proinde
2927 697 3047 751 qua:
3072 684 3214 753 apud
3239 686 3531 757 Georgium

1933 775 2058 819 sunt
2089 766 2157 820 de
2187 768 2498 834 Anthemio,
2553 769 2621 826 de
2649 770 2899 845 Ilesyclu'i
2951 774 3185 843 visione,
3242 778 3310 833 de
3366 778 3532 834 nobili

1933 856 2291 921 Antiocheno,
2320 860 2386 914 de
2412 859 2743 915 hemieranio
2799 864 3093 932 laborante,
3141 866 3209 921 de
3256 868 3533 924 Archelao

1933 947 2146 1017 lcproso
2175 988 2190 1013 ,
2237 948 2537 1005 Christiana
2585 954 2730 1023 ﬂuxu
2765 958 3027 1025 sanguinis
3073 957 3365 1024 laborante,
3424 960 3531 1014 Ett-

1931 1038 2050 1093 cleo
2073 1041 2535 1109 monopbtbalmo,
2571 1045 2727 1099 leone
2748 1057 3036 1114 prostrato,
3062 1048 3130 1103 de
3146 1050 3263 1104 alba
3280 1052 3529 1106 columba

1928 1132 2088 1199 capiti
2116 1132 2361 1197 Joannis,
2393 1150 2514 1188 cum
2545 1136 2825 1206 presbyter
2846 1131 3207 1206 ordinaretur,
3235 1141 3524 1209 insidente,

1928 1222 1995 1275 de
2018 1224 2216 1277 Euelia:
2248 1224 2379 1291 filio,
2413 1227 2478 1281 de
2507 1242 2674 1282 uxore
2702 1228 2943 1296 prmfecti
2973 1231 3292 1295 Antiochire,
3324 1232 3393 1287 de
3416 1232 3525 1287 da:-

1928 1316 2176 1369 moniaco
2208 1316 2436 1371 liberato
2466 1319 2554 1374 die
2580 1323 3005 1376 consecrationis
3027 1365 3041 1386 ,
3085 1323 3153 1377 de
3204 1327 3397 1394 angelo
3442 1322 3522 1379 di-

1925 1409 2114 1460 stricto
2138 1407 2315 1477 gladio
2342 1410 2664 1478 prohibente
2686 1414 3032 1467 centuriones
3048 1423 3103 1469 et
3124 1414 3321 1468 milites
3342 1414 3523 1469 Eudo-

1925 1497 2029 1551 xiae
2059 1499 2126 1551 ah
2150 1500 2391 1569 ingressu
2419 1503 2595 1570 palatii
2627 1505 2949 1573 episcopalis
2975 1546 2990 1571 ,
3022 1506 3091 1560 de
3116 1522 3181 1560 eo
3209 1508 3292 1561 cui
3334 1521 3524 1561 manus

1926 1587 2190 1644 miraculo
2230 1600 2283 1644 et
2305 1592 2535 1647 arefacta
2566 1604 2619 1648 et
2641 1603 2825 1650 sanata
2867 1606 2969 1661 est,
3024 1597 3091 1652 de
3121 1599 3414 1669 paralytico
3466 1599 3520 1653 in

1924 1681 2181 1735 Armenia
2212 1684 2423 1737 sanitati
2452 1686 2722 1753 restitute,
2758 1687 2826 1741 de
2858 1687 3105 1757 Adelphii
3135 1688 3361 1751 visione.
3390 1698 3446 1745 et
3472 1688 3520 1747 si

1920 1787 2039 1841 qure
2063 1772 2165 1825 alia
2189 1773 2430 1841 ejusdem
2452 1778 2700 1846 generis;
2731 1793 2851 1832 cum
2887 1791 3128 1835 veterum
3163 1782 3376 1835 illorum
3404 1795 3517 1836 uno

1921 1862 2086 1916 verbo
2108 1864 2372 1929 omnium,
2407 1876 2461 1921 et
2489 1882 2553 1921 ex
2579 1869 2989 1934 recentioribus,
3024 1871 3358 1937 Damasceni,
3412 1870 3519 1927 Zo-

1919 1954 2709 2027 nar:e,Nicephori,Cedreni,
2766 1963 3083 2017 auctoritate
3139 1964 3516 2025 destituautur.

1919 2051 1971 2104 iu
2024 2054 2228 2107 incertis
2268 2053 2533 2122 relinquo.
2582 2054 2647 2107 Et
2692 2054 2907 2124 quidem
2936 2057 3188 2127 pleraque
3219 2073 3424 2122 eorum,
3471 2056 3518 2112 si

1916 2144 2038 2213 quis
2083 2147 2303 2215 propius
2353 2146 2721 2213 introspiciat,
2761 2148 2897 2200 mula
2926 2147 3251 2202 nuntiatione
3286 2149 3518 2219 quadam

1914 2233 1980 2288 ad
2004 2236 2407 2290 similitudinem
2443 2238 2823 2290 miraculorum
2864 2238 2915 2292 in
2948 2238 3005 2293 S.
3034 2239 3313 2305 Scriptura
3349 2240 3519 2295 confi-

1914 2338 1998 2379 οι.)
2039 2325 2341 2379 videantur.
2374 2326 2566 2381 Totum
2593 2327 2717 2381 illud
2765 2328 2951 2381 dratna
2986 2330 3257 2383 Anthemii
3286 2332 3517 2401 philoso-

1916 2416 2027 2484 plti,
2055 2416 2431 2472 Demosthenis
2460 2417 2723 2487 prasfecti,
2745 2429 2798 2472 et
2820 2418 3045 2473 Joannis
3072 2419 3246 2475 doctis
3270 2422 3523 2490 judican-

1918 2506 2043 2559 dum
2073 2508 2343 2575 permitto,
2376 2524 2553 2561 annon
2587 2508 2652 2562 ad
2681 2510 2986 2577 exemplum
3044 2511 3189 2565 illius
3242 2512 3292 2564 in
3344 2514 3513 2568 sacris

1915 2596 2087 2650 literis
2116 2599 2183 2651 de
2217 2597 2429 2668 Etyma,
2456 2598 2644 2663 Sergio
2688 2599 2851 2652 Paulo
2901 2608 2955 2654 et
3001 2601 3061 2655 Β.
3114 2602 3394 2671 Apostolo,
3447 2602 3517 2659 ab

1913 2689 2091 2741 otioso
2121 2687 2349 2742 cerebro
2380 2703 2695 2756 cXpressum
2730 2689 2998 2745 videatur.
3035 2690 3179 2745 Idem
3211 2693 3279 2745 de
3310 2692 3515 2748 Archo-

1913 2777 1999 2831 lao
2028 2777 2093 2831 ad
2120 2778 2407 2847 imaginem
2438 2778 2673 2833 Naaman
2699 2780 2839 2850 Syri,
2889 2781 2955 2835 de
2985 2783 3319 2837 Antiocheuo
3347 2784 3517 2838 hemi-

1912 2871 2098 2925 cranio
2122 2871 2423 2937 laborante,
2466 2881 2520 2926 ct
2546 2872 2844 2926 Christiana
2876 2873 3023 2944 ﬂuxu
3061 2876 3323 2944 sanguinis
3369 2875 3512 2930 laba.

1912 2974 2057 3018 rantc
2076 2965 2141 3018 ad
2166 2964 2444 3019 mulierem
2474 2966 2620 3035 ﬂuxu
2646 2967 2909 3036 sanguinis
2938 2965 3249 3021 laborantem
3272 2969 3322 3022 itt
3351 2985 3518 3023 evan-

1912 3056 2084 3125 gelio,
2145 3055 2214 3109 de
2268 3056 2598 3110 dtemoniaco
2653 3057 2720 3111 ad
2781 3056 3171 3111 dzmuoniacutn
3232 3059 3514 3116 liberatum

1915 3146 2077 3201 Marci
2102 3161 2279 3211 neno;
2311 3157 2365 3199 et
2388 3147 2529 3216 quod
2560 3147 2677 3203 sine
2700 3147 3071 3218 indignatione
3100 3163 3206 3204 non
3256 3151 3396 3219 lego,
3448 3152 3517 3207 de

1914 3237 2161 3292 columba
2210 3238 2476 3292 insidente
2506 3240 2667 3308 capiti
2695 3239 2917 3294 Jonnnis
2944 3240 2995 3294 in
3024 3240 3393 3307 ordinatione,
3445 3243 3517 3298 ad

1915 3330 2203 3401 imaginem
2234 3335 2490 3402 unigeniti
2522 3333 2640 3388 Filii
2687 3335 2777 3388 Dei
2813 3334 2862 3389 in
2915 3336 3201 3405 baptismo.
3257 3338 3389 3392 Nam
3443 3338 3516 3392 illi

1913 3420 2085 3476 l’roeli
2116 3423 2325 3485 visioui,
2359 3440 2477 3493 qua:
2511 3424 2572 3478 D.
2608 3424 2829 3478 Paulum
2862 3425 3052 3480 Joanni
3097 3427 3206 3495 jam
3259 3429 3518 3500 episeopo

1913 3515 2304 3581 expositionem
2337 3516 2387 3569 in
2416 3517 2668 3587 epistolas
2699 3518 2867 3585 ipsius
2892 3520 3171 3573 meditanti
3226 3538 3319 3589 per
3372 3523 3519 3576 fora-

1914 3622 2037 3660 tnen
2068 3608 2199 3661 vidit
2240 3608 2294 3662 in
2322 3624 2504 3663 aurem
2533 3610 2821 3663 dictantcm
2851 3628 2971 3679 qua:
3022 3614 3302 3676 scribi-ret,
3357 3614 3518 3672 ftdcm

1916 3698 2135 3769 derogat
2166 3719 2179 3755 :
2210 3701 2349 3770 quod
2384 3702 2636 3771 pleraque
2662 3701 2777 3771 ejus
2807 3712 2861 3757 et
2885 3703 3171 3757 lectissima
3206 3706 3257 3758 in
3286 3706 3520 3774 Aposto-

1914 3791 2021 3845 lum
2052 3793 2102 3845 in
2126 3792 2235 3845 otio
2266 3793 2358 3846 illo
2382 3793 2715 3846 Antioclieno
2746 3794 2941 3861 scripta
2973 3793 3133 3848 fuisse
3155 3806 3387 3860 constet,
3416 3796 3517 3850 de-

1919 3884 2112 3937 teriora
2153 3896 2202 3937 et
2233 3884 2408 3950 inﬁmo
2460 3885 2569 3937 loco
2599 3883 2829 3937 habenda
2879 3885 3366 3955 Constantinopoli,
3425 3888 3512 3941 vix

1912 3973 2317 4045 Cliry~ostomo,
2356 3973 2548 4027 nedum
2576 3974 2757 4027 divino
2787 3973 2844 4028 S.
2881 3975 3031 4030 Pauli
3084 3976 3287 4044 Spiritu
3336 3980 3519 4045 digna.

1914 4062 1971 4117 In
2044 4065 2392 4118 translatione
2450 4066 2793 4134 reliquiarum
2842 4065 3067 4121 Joannis
3134 4068 3518 4140 Imperatortm

1914 4156 2273 4211 Theodosium
2325 4158 2513 4209 oculos
2557 4171 2621 4209 ac
2671 4155 2899 4210 frontem
2953 4158 3299 4227 reliquiarum
3371 4176 3521 4215 urna:

1914 4250 2233 4313 aﬂt'icuisse,
2262 4249 2420 4303 tidem
2450 4248 2573 4303 facit
2593 4248 2989 4317 Theodoretus,
3017 4252 3166 4305 testis
3183 4253 3286 4320 ﬁdo
3311 4255 3522 4322 dignus;

1915 4342 2009 4399 sed
2035 4343 2103 4397 de
2126 4342 2329 4395 [terniue
2354 4341 2602 4410 serpentis
2625 4341 2773 4395 dente
2793 4343 2913 4396 (meo
2939 4352 2994 4398 et
3027 4344 3273 4413 podalgo,
3296 4350 3520 4399 eodem-

1915 4447 2017 4507 que
2036 4434 2295 4503 chiralgo,
2325 4432 2375 4486 in
2420 4434 2703 4501 praesentia
2731 4435 2968 4487 omnium
3003 4434 3075 4487 ibi
3105 4436 3326 4500 sanatis,
3360 4450 3519 4489 assu-

1916 4534 2156 4578 mentum
2179 4534 2260 4578 est
2287 4522 2521 4593 Georgii.
2553 4540 2620 4579 ne
2644 4524 2853 4579 Cosma-
2883 4526 3099 4595 quidem
3122 4526 3399 4593 Vestitori,
3424 4528 3520 4581 In»

1916 4614 2043 4670 mini
2067 4618 2303 4670 omnium
2334 4619 2553 4670 mnav'me
2599 4620 2949 4687 superstitioso
2982 4632 3360 4674 memoratum.
3408 4621 3515 4678 Sed

1916 4708 1980 4764 ad
2028 4709 2202 4776 priora
2227 4720 2485 4763 revertor.
2512 4708 2773 4764 Joannem
2798 4712 3027 4779 primum
3059 4725 3089 4765 a
3118 4711 3519 4783 Meletiobapti-

1916 4810 2090 4853 zatum
2124 4801 2302 4865 tradit,
2336 4810 2389 4854 et
2416 4800 2612 4855 deinde
2642 4813 2889 4869 parentes
2914 4802 3099 4871 ipsius,
3129 4818 3249 4857 cum
3280 4804 3522 4860 Joannes

1923 4893 2056 4961 ipse,
2073 4903 2203 4945 utex
2227 4892 2460 4945 Palladio
2472 4900 2702 4954 constat,
2722 4908 2825 4946 non
2840 4903 2964 4947 ante
2976 4910 3174 4947 amuuu
3191 4897 3362 4948 a-tatis
3379 4896 3520 4952 τίθει

1916 4988 2109 5039 simum
2143 4984 2438 5053 baptizatus
2466 4985 2647 5047 fuerit,
2677 4997 2830 5053 prout
2860 5000 2976 5039 mos
3007 4986 3206 5039 ferebat
3231 4988 3368 5041 illius
3390 5000 3517 5042 teta-

1918 5078 2005 5143 tis,
2038 5077 2331 5145 [ll'iUSCl'IIIII
2362 5077 2412 5129 in
2438 5077 2537 5129 illis
2567 5079 2654 5146 qui
2685 5093 2789 5129 non
2819 5086 2999 5130 essent
3040 5077 3357 5131 Christianis
3404 5080 3514 5135 nati

1918 5170 2248 5238 parentibus,
2270 5180 2481 5223 mortuo
2498 5180 2619 5223 ante
2644 5171 2861 5223 totidem
2882 5188 3052 5224 annos
3074 5182 3223 5239 patre
3243 5174 3518 5240 Secundo,

1916 5260 2055 5313 sicut
2084 5275 2242 5327 supra
2272 5269 2545 5313 ostensum
2571 5270 2671 5314 est.
2718 5260 2884 5314 Matre
2921 5262 3135 5331 quidem
3166 5261 3330 5317 fuisse
3355 5262 3514 5318 Clu-i-

1916 5351 2107 5416 stiana,
2126 5351 2313 5406 saltem
2337 5352 2451 5421 ipso
2476 5366 2675 5405 annum
2702 5363 2893 5421 agente
2914 5352 3249 5413 vicesimum,
3268 5368 3333 5407 ex
3353 5352 3519 5418 ipsius

1914 5443 2283 5513 Clirysostomi
2317 5446 2492 5499 verbis
2528 5454 2752 5514 apparet
2791 5445 2845 5500 in
2884 5443 3140 5501 Oratione
3187 5446 3254 5499 ad
3287 5445 3513 5502 Viduam

1910 5536 2201 5607 juniorem.
2233 5537 2307 5592 De
2334 5547 2487 5608 patre
2517 5538 2647 5593 nihil
2677 5550 2880 5595 temere
2911 5539 3325 5603 aflirntaverim;
3356 5549 3445 5594 aut
3471 5538 3518 5594 si

1916 5628 2077 5683 ambo
2101 5627 2298 5683 fuerint
2318 5630 2607 5685 Christiani
2627 5632 2695 5685 ab
2717 5633 2891 5695 initio,
2920 5632 3062 5702 quod
3083 5632 3311 5687 fortasse
3332 5630 3516 5684 verius

1918 5736 2021 5789 est,
2053 5723 2218 5777 lilium
2240 5739 2406 5793 usque
2424 5725 2487 5777 ad
2513 5740 2630 5779 eam
2648 5735 2860 5781 tetatem
2875 5724 3199 5795 baptismum
3215 5719 3516 5778 distulisse.

3098 5816 3138 5874 2
