4234 6310
750 356 888 394 κλκν

752 473 855 511 non
891 455 992 509 erit
1019 453 1065 508 ei
1098 455 1309 515 mirum,
1340 450 1426 519 qni
1450 444 1791 510 Nazianzeni,
1835 453 2057 512 utroque
2109 453 2326 512 parente

752 546 1051 603 Christiano
1076 544 1204 607 nati,
1231 550 1376 611 patre
1400 540 1559 593 etiam
1589 537 1860 605 episcopo,
1885 533 2060 587 Vitam
2089 534 2327 603 perlege.

750 641 837 694 rit.
869 638 1118 693 Proximo
1146 635 1261 689 loco
1288 614 1764 702 peregrinationém
1794 627 1938 680 illam
1965 626 2191 681 Atticam
2214 635 2329 681 stu-

748 730 956 785 diorum
982 742 1108 795 ergo
1136 738 1294 795 pono.
1327 722 1493 791 Hujus
1514 717 1955 789 peregrinationis
1974 715 2173 771 mentio
2191 713 2330 784 apud

748 830 976 884 veteres,
1006 815 1319 880 Palladium,
1341 814 1635 877 Socratem,
1658 808 1819 873 nulla,
1845 822 1910 861 ne
1933 807 2095 861 ullum
2116 804 2328 876 quidem

749 912 1051 980 vestigium,
1085 910 1175 979 qui
1206 916 1379 961 tamen
1408 903 1619 957 curiose
1640 900 1768 956 satis
1797 898 1971 953 studia
2010 897 2125 966 ejus
2172 895 2328 965 juve-

748 1006 875 1058 nilia
899 1003 1069 1057 literis
1104 998 1441 1055 mandarunt.

826 1114 844 1145 ι
892 1091 1138 1148 Secundo
1161 1088 1363 1144 nullum
1383 1086 1595 1155 reperio
1617 1092 1822 1153 tempus
1841 1097 2059 1138 vacuum
2091 1081 2140 1134 in
2167 1094 2325 1133 anno«

749 1200 867 1240 rum
907 1180 1267 1252 Chrysostomi
1296 1176 1714 1247 computatione,
1742 1173 1881 1243 quod
1926 1172 2047 1227 huic
2092 1169 2329 1240 peregri-

750 1272 951 1327 nationi
979 1270 1174 1341 possim
1202 1267 1491 1323 destinare.
1524 1264 1703 1318 Tertio
1733 1272 1954 1317 matrem
1983 1259 2331 1330 indulgentis-

751 1369 965 1433 simam,
999 1380 1115 1433 qua:
1143 1362 1247 1432 pati
1280 1375 1383 1415 non
1412 1358 1602 1428 potuit,
1636 1365 1693 1409 ut
1732 1356 1783 1409 in
1811 1355 2013 1409 vicinos
2032 1353 2330 1407 Antiochiae

751 1466 960 1511 montes
1004 1452 1298 1514 secederet,
1349 1450 1469 1504 dico
1519 1446 1739 1502 minime
1788 1458 2201 1515 perpessurum,
2258 1455 2320 1501 ut

750 1547 1010 1609 Athenas,
1045 1552 1189 1596 tanto
1230 1542 1465 1595 locorum
1502 1537 1674 1607 spatio
1699 1544 1838 1590 terra
1866 1534 2103 1603 marique
2131 1531 2326 1599 disjunv

748 1647 884 1699 etas,
905 1636 1178 1704 migraret,
1212 1628 1507 1700 prtesertim
1533 1642 1653 1681 cum
1675 1627 1834 1681 vitam
1867 1623 2209 1678 monasticam
2238 1628 2313 1674 au'

752 1728 965 1797 apicatis
990 1725 1192 1778 crimen
1219 1721 1499 1790 apostasia:
1530 1731 1634 1772 non
1664 1716 1823 1771 fuerit
1848 1714 1950 1768 illis
1980 1711 2327 1781 temporibus,

751 1818 964 1871 deserto
989 1812 1331 1877 monasterio,
1360 1810 1411 1864 in
1444 1809 1627 1863 urbem
1650 1806 1848 1873 redire,
1881 1804 2021 1875 quod
2047 1803 2159 1872 ipse
2189 1802 2328 1857 ultro

751 1908 873 1962 fecit
897 1905 1331 1973 Chrysostomns,
1366 1898 1632 1953 ulterioris
1658 1896 1799 1949 illius
1827 1893 2128 1949 solitudinis
2151 1892 2219 1946 ob
2249 1892 2327 1945 in-

749 1996 1103 2051 valetutlinem
1130 2001 1404 2063 pertaesus.
1452 1990 1623 2057 Atque
1653 1994 1710 2041 ut
1732 1986 1902 2040 dicam
1938 1983 2081 2054 quod
2132 1982 2326 2046 sentio,

748 2098 919 2144 totum
943 2088 1045 2142 hoc
1068 2087 1133 2141 ad
1161 2085 1463 2154 exemplum
1488 2082 1669 2137 Basilii
1695 2081 1864 2150 Magni
1904 2089 1958 2133 et
1982 2078 2196 2146 Georgii
2228 2076 2330 2130 Na-

751 2180 985 2235 zianzeni
1040 2179 1324 2231 conﬁetum
1373 2174 1646 2237 arbitror;
1690 2185 1824 2240 quos
1874 2170 2059 2222 ambos
2110 2167 2332 2221 Athenis

750 2270 1021 2324 studuisse
1049 2276 1230 2321 notum
1264 2272 1378 2329 est;
1409 2279 1475 2318 ne
1506 2263 1705 2317 scilicet
1735 2259 1968 2315 Joannes
1995 2268 2176 2312 noster
2204 2256 2331 2311 reli-

752 2362 872 2431 quis
903 2358 1152 2413 Ecclesite
1197 2354 1482 2411 Orientalis
1534 2351 1738 2421 magnis
1784 2350 2071 2404 luminibus
2116 2346 2333 2401 inferior

752 2452 1044 2505 videretur.
1075 2447 1358 2517 Georgius,
1384 2460 1500 2514 cap.
1530 2444 1615 2509 16,
1644 2442 1903 2496 Joannem
1936 2457 1966 2494 e
2008 2438 2334 2493 monasterio

753 2553 872 2614 post
901 2540 1215 2596 triennalem
1249 2538 1396 2591 illam
1419 2535 1781 2590 secessionem
1804 2548 1832 2585 a
1859 2530 2113 2584 Flaviano
2144 2544 2333 2598 magna

754 2650 945 2707 pompa
1011 2645 1305 2702 arreptum,
1357 2627 1728 2699 presbyterum
1775 2622 2074 2678 ordinatum
2129 2620 2330 2675 scribit.

756 2730 938 2785 Primo
968 2727 1054 2781 illa
1090 2724 1362 2779 triennalis
1391 2721 1625 2775 secessio
1652 2719 1851 2773 nullum
1879 2717 1929 2769 in
1954 2718 2060 2769 vita
2097 2714 2336 2785 Chryso-

755 2824 913 2877 stomi
936 2822 1111 2875 locum
1146 2819 1324 2883 habet,
1354 2823 1463 2868 tum
1494 2813 1562 2867 ob
1585 2827 1666 2876 ea,
1694 2826 1812 2880 quae
1837 2824 1992 2877 supra
2015 2807 2335 2861 monstravi-

756 2928 897 2976 ntus,
932 2920 1040 2964 tum
1065 2907 1205 2978 quod
1234 2906 1297 2960 iis
1322 2904 1450 2974 ipsis
1476 2901 1631 2955 annis
1656 2908 1864 2955 constet
1891 2898 2331 2968 Chrysostomtnn

757 3004 810 3057 in
845 3000 1071 3056 ecclesia
1094 2997 1363 3051 orationes
1394 2993 1643 3049 habuisse
1664 3006 1775 3057 eas,
1805 3005 1923 3060 qucc
1951 2994 2161 3042 exstant
2204 3000 2334 3040 con-

756 3105 832 3147 tra
864 3091 1097 3151 Judteos,
1126 3095 1179 3141 et
1206 3087 1257 3140 in
1284 3084 1535 3154 Babylam
1560 3092 1867 3152 martyrem,
1903 3087 2133 3147 ntsupra
2156 3075 2337 3129 videre

760 3184 902 3237 licet.
955 3178 1176 3242 Deinde,
1226 3183 1453 3246 quantos
1502 3174 1747 3242 plausus,
1799 3178 2025 3238 quantos
2075 3168 2339 3221 clamores

755 3275 922 3328 cieret
948 3287 1011 3325 os
1033 3268 1159 3325 illud
1188 3265 1496 3332 aureum,.si
1519 3280 1583 3320 ex
1616 3261 1941 3318 monasterio
1968 3268 2113 3314 tanto
2141 3258 2337 3327 petitus

756 3366 973 3429 ambitu,
1008 3369 1152 3417 tanto
1178 3359 1333 3413 datus
1355 3357 1512 3423 foret,
1561 3365 1614 3411 et
1642 3371 1744 3409 non
1777 3369 1842 3409 ex
1864 3353 2042 3407 medio
2079 3352 2335 3407 diacono-

758 3470 871 3509 wm
899 3468 1057 3524 grege
1082 3451 1147 3505 ad
1168 3450 1265 3504 hoc
1284 3448 1634 3503 ministerium
1662 3446 1944 3516 sumptus?
1975 3443 2125 3512 Quod
2150 3458 2335 3497 verum

756 3561 876 3598 esse
902 3558 1110 3598 mecum
1133 3539 1403 3604 fatebitur,
1448 3537 1687 3608 quisquis
1732 3551 1851 3590 cum
1899 3534 2102 3604 judicio
2157 3534 2343 3603 legerit

759 3636 1054 3692 orationem
1102 3632 1271 3696 illam,
1306 3629 1447 3682 Num
1488 3644 1606 3681 tera
1646 3635 1791 3693 sunt,
1825 3635 1861 3678 t.
1888 3625 1938 3691 1,
1970 3640 2022 3694 p.
2049 3624 2173 3680 693.
2224 3622 2339 3676 Jam

763 3726 906 3795 quod
938 3724 1122 3778 scribit
1146 3722 1404 3791 Georgius
1429 3734 1545 3788 cap.
1577 3718 1664 3783 52,
1694 3732 1798 3771 non
1831 3732 1924 3771 sex
1952 3702 2154 3781 solum,
2178 3714 2269 3768 sed
2289 3723 2343 3767 et

761 3818 898 3870 alios
930 3831 1021 3871 se:
1051 3813 1365 3884 depositosa
1384 3812 1589 3866 Joanne
1614 3812 1665 3864 in
1697 3808 1821 3863 Asia
1849 3808 2150 3878 episcopos,
2180 3805 2365 3860 Palla».

764 3911 881 3967 dius
902 3916 1084 3976 aperte
1098 3913 1284 3972 negat,
1311 3915 1363 3957 et
1392 3920 1420 3956 a
1449 3916 1672 3956 numero
1702 3900 1766 3954 16
1794 3900 1879 3953 vel
1910 3900 1996 3963 17,
2054 3895 2195 3967 quod
2246 3895 2341 3949 ειιὶ-

763 3999 983 4054 versarii
1008 3998 1227 4052 Joannis
1271 3995 1599 4064 objecerunt,
1634 3993 1848 4061 propius
1892 3992 2063 4045 abest.
2114 3989 2342 4043 Historia

762 4091 1081 4158 Callitropcs
1148 4088 1235 4156 (c,
1270 4084 1381 4155 54)
1438 4085 1629 4139 multas
1677 4082 1835 4137 habet
1885 4080 2339 4143 circumstantias,

762 4196 984 4251 quarunt
1014 4179 1146 4233 nihil
1167 4177 1341 4232 simile
1364 4174 1582 4229 memini
1605 4173 1798 4227 vidisse
1828 4172 1880 4224 in
1934 4181 2116 4226 vetere
2168 4171 2343 4225 eccle-

762 4274 974 4327 siastica
1001 4269 1248 4332 historia,
1279 4282 1452 4336 neque
1482 4268 1615 4330 seio,
1647 4279 1712 4317 an
1743 4278 1931 4318 omnes
1983 4262 2194 4317 defendi
2224 4278 2345 4332 pos-

762 4364 887 4420 sint.
923 4364 1071 4418 llanc
1092 4360 1369 4417 historiam
1400 4358 1678 4413 confundit
1701 4356 1975 4411 Gedrenus
2003 4372 2123 4411 eum
2163 4357 2249 4409 illa
2280 4356 2346 4410 de

764 4457 918 4509 vidua
948 4451 1376 4528 Theognosti(c.
1402 4452 1462 4504 41
1492 4452 1531 4520 ),
1557 4464 1677 4519 quae
1697 4449 1829 4502 adeo
1854 4448 2047 4505 similis
2074 4456 2156 4501 est
2183 4449 2253 4502 illi
2277 4448 2350 4503 de

766 4546 973 4602 Nabuth
1000 4555 1052 4598 et
1076 4544 1309 4606 Jezabel,
1335 4550 1392 4596 ut
1420 4541 1583 4595 altera
1614 4555 1680 4595 ex
1704 4540 1869 4594 altera
1892 4553 2141 4607 expressa
2170 4538 2346 4591 videa-

767 4649 870 4692 tur.
905 4636 1178 4703 Rceipitur
1218 4640 1393 4686 tamen
1447 4631 1560 4684 haec
1601 4629 1823 4684 historia
1876 4629 1943 4683 de
1986 4629 2139 4682 vidua
2172 4627 2346 4681 Theo—

764 4728 994 4800 gnostia
1026 4727 1376 4787 Damasceno,
1419 4723 1493 4776 uti
1516 4732 1568 4777 ct
1611 4722 1678 4776 ab
1726 4722 1970 4776 omnibus
2002 4722 2111 4776 fere
2155 4736 2344 4775 recen-

766 4822 993 4875 tioribus
1025 4818 1350 4887 biographis.
1395 4817 1526 4871 Nam
1568 4816 1705 4886 apud
1745 4828 1954 4871 veteres
2000 4817 2141 4871 nulla
2191 4817 2347 4886 lmjus

769 4911 1005 4966 historizn
1028 4909 1225 4962 mentio
1255 4916 1373 4973 est;
1405 4923 1504 4963 nec
1535 4908 1848 4975 rescriptum
1880 4916 1979 4972 est,
2000 4906 2138 4975 quod
2158 4908 2343 4970 sciam,

773 5005 936 5057 ullum
969 5003 1019 5053 in
1050 5009 1160 5054 toto
1186 5000 1305 5068 jure
1335 4999 1577 5052 Romano
1608 4998 1732 5062 tale,
1786 4997 1940 5066 quale
1993 4997 2060 5049 ab
2106 4996 2349 5051 Eudoxia

776 5110 822 5150 tn
850 5095 949 5148 hoc
979 5092 1189 5161 negotio
1213 5092 1425 5145 eitatur.
1452 5089 1533 5143 Ad
1556 5088 1671 5143 haec
1698 5089 1837 5143 inter
1864 5088 2165 5143 testimonia
2192 5088 2345 5158 igno-

771 5187 958 5239 rantite
979 5183 1192 5252 Georgii
1224 5196 1385 5251 pono,
1414 5180 1554 5250 quod
1579 5179 1839 5234 Joannem
1864 5180 1931 5234 ab
1956 5179 2143 5249 exsilio
2167 5182 2349 5247 priore

774 5285 1075 5331 revocatum
1099 5276 1246 5341 jussu
1271 5272 1478 5326 Arcadii
1508 5270 1713 5337 scribit,
1746 5286 1863 5324 cum
1904 5270 2082 5339 populi
2105 5269 2352 5324 clamori-

776 5370 892 5435 bus,
923 5377 1033 5423 tnm
1066 5368 1283 5421 Honorii
1314 5365 1488 5419 fratris
1520 5364 1721 5428 literis;
1754 5380 1874 5419 cum
1907 5367 2041 5417 intra
2069 5363 2349 5418 duodecim

778 5462 931 5514 horas
970 5459 1037 5513 ab
1088 5458 1398 5526 expulsione
1444 5456 1595 5525 jussu
1645 5456 2027 5524 lmperatornm
2072 5464 2352 5509 revocatus

779 5550 969 5613 fuerit;
1002 5564 1171 5616 neque
1198 5547 1479 5615 quidquam
1530 5546 1761 5614 potuerit
1808 5546 2005 5599 interea
2059 5545 2347 5611 Honorius,

780 5641 866 5702 qui
897 5640 1164 5693 Ravenna:
1195 5639 1303 5691 fere
1320 5646 1409 5690 aut
1435 5636 1715 5691 Mediolani
1740 5636 1946 5705 agebat,
1978 5634 2042 5689 de
2097 5637 2211 5705 ejus
2254 5652 2349 5690 ex-

778 5734 1018 5807 puldone
1045 5733 1351 5791 resciscere.
1394 5730 1523 5788 Nam
1549 5729 1687 5801 quod
1721 5731 2000 5799 epistolam
2031 5727 2348 5800 Chrysosto-

1842 328 2112 384 HENlilCl
2150 328 2391 385 SAVILH
2421 328 2862 387 DISSERTATIO

3852 350 4013 389 )XXV!

2439 449 2529 510 mi,
2552 447 2715 500 Etiam
2730 459 3009 517 antequam
3035 446 3245 503 redditio
3268 458 3404 514 sunt,
3422 449 3672 519 scriptam
3695 462 3813 503 esse
3836 452 4017 517 prodit

2438 548 2555 607 post
2583 541 2730 609 prius
2779 539 3023 593 exsilium
3048 555 3062 605 ;
3116 554 3269 593 error
3296 538 3509 611 quidem
3540 539 4014 594 manifestissimus

2435 639 2539 696 est,
2586 629 2679 683 sed
2720 643 2839 683 cum
2892 628 3130 685 Palladio
3177 630 3498 683 communis.
3559 629 3693 683 Illud
3744 630 4019 698 peculiare

2436 735 2611 787 suum,
2636 729 2689 775 et
2709 734 2947 774 crassum
2978 720 3129 784 satis,
3162 720 3306 789 quod
3335 736 3455 774 cum
3482 735 3600 790 cap.
3631 720 3693 775 61
3734 722 4020 791 episcopos

2436 826 2499 865 ex
2554 809 2929 865 communione
2970 809 3195 866 Joannis
3242 825 3337 880 per
3387 810 3787 865 Theotechnum
3832 811 4023 866 literas

2436 917 2686 957 exarasse
2713 902 2897 957 scribit
2934 902 3001 957 ad
3048 903 3413 958 innocentium
3455 917 3667 973 papam,
3696 903 3888 972 quibus
3944 904 4023 957 si-

2435 993 2782 1061 gniﬁcabatur
2805 991 3066 1047 Joannem
3103 992 3370 1049 Cueusum
3401 994 3735 1064 relegatum:
3767 994 3909 1048 idem
3934 1002 4019 1047 ta-

2438 1101 2557 1139 men
2580 1100 2695 1155 cap.
2725 1083 2814 1151 64,
2847 1086 2999 1154 quasi
3024 1085 3107 1139 sui
3136 1085 3355 1152 oblitus,
3412 1085 3786 1141 Innocentium
3838 1085 3941 1141 hoc
3985 1101 4020 1142 ι

2436 1177 2842 1243 mercatoribus,
2871 1185 2927 1231 ut
2956 1185 3103 1246 puto,
3133 1177 3318 1232 aliisve
3346 1178 3434 1247 qui
3455 1176 3515 1232 ob
3542 1178 3777 1247 quadam
3815 1178 4023 1247 negotia

2435 1267 2572 1323 forte
2616 1269 2839 1322 Romam
2869 1277 3147 1335 venerant,
3202 1266 3436 1337 primum
3478 1264 3762 1323 rescivisse
3810 1279 4019 1322 narrat.

2438 1358 2681 1412 Nondum
2709 1359 2862 1425 enim,
2896 1358 3086 1429 inquit,
3120 1359 3182 1413 de
3206 1360 3345 1413 illius
3367 1360 3583 1414 secundo
3607 1360 3785 1414 exsilio
3806 1359 4018 1413 audive-

2434 1466 2562 1503 ram.
2596 1450 2745 1518 Quod
2777 1465 2894 1519 cap.
2925 1451 2994 1506 58
3020 1451 3194 1521 Epidii
3215 1453 3483 1506 servulum
3505 1467 3627 1506 eum
3657 1453 3765 1515 sica
3785 1453 4020 1507 submis-

2435 1554 2551 1600 sum
2582 1540 2647 1593 ad
2676 1539 3103 1595 interficiendum
3129 1540 3568 1606 Clirvsostomum
3593 1540 3784 1597 Cucusi
3813 1551 4019 1605 narrat;

2436 1630 2487 1685 id
2516 1630 2709 1685 factum
2741 1630 2858 1687 sine
2886 1632 3031 1686 omni
3058 1631 3219 1686 dubio
3240 1631 3705 1701 Constantinopoli
3731 1640 3833 1687 est.
3862 1632 4022 1699 Quod

2436 1720 2755 1791 Adelphium
2783 1721 3023 1777 Arabissi
3046 1730 3200 1777 vocet
3228 1722 3562 1792 episcopum,
3594 1737 3714 1777 cum
3764 1736 3831 1777 eo
3880 1731 4021 1776 tem-

2437 1826 2567 1880 pore
2588 1812 2874 1882 episcopus
2905 1812 3166 1876 Arabissi,
3224 1821 3359 1867 teste
3387 1811 3575 1867 eodem
3603 1811 3811 1867 Joanne
3858 1811 4024 1881 epist.

2439 1900 2562 1967 121,
2593 1900 2753 1957 fuerit
2776 1902 2989 1971 Otrejus
3015 1921 3029 1958 :
3060 1902 3204 1973 quod
3222 1902 3483 1957 Joannem
3530 1903 3584 1957 in
3632 1902 3911 1973 ejusdem,
3966 1912 4027 1956 ut

2438 2002 2584 2061 pttto,
2614 1992 2857 2061 Adelphii
2876 1992 3079 2048 aedibus
3107 1992 3302 2049 Cueusi
3328 2002 3632 2061 susceptum
3654 1992 3861 2059 scribit,
3879 1994 4026 2061 quod

2438 2084 2783 2139 humanitatis
2830 2084 3060 2140 officium
3094 2085 3249 2156 (nam
3302 2085 3403 2138 alia
3453 2085 3800 2139 humanitatis
3847 2082 4027 2138 officia

2439 2177 2720 2245 episcopus
2746 2175 2964 2242 Cucusi,
3019 2177 3071 2230 id
3118 2185 3219 2240 est,
3268 2185 3326 2229 ut
3372 2184 3520 2246 puto,
3570 2175 3866 2244 Adelphius
3910 2175 4029 2245 ipse

2439 2266 2707 2335 pta-stitit,
2737 2275 2795 2320 nt
2823 2268 2986 2335 liquet
3006 2267 3165 2335 epist.
3198 2267 3265 2320 15
3290 2265 3356 2319 ad
3385 2264 3724 2337 Olympiad.)
3778 2281 3886 2319 non
3933 2266 4029 2319 alii

2438 2372 2595 2425 quam
2622 2358 2881 2411 Dioscoro
2906 2358 3089 2413 tribuit
3115 2358 3227 2425 ipse
3247 2357 3482 2411 Joannes
3498 2358 3655 2425 epist.
3678 2356 3745 2410 12
3765 2356 3831 2410 ad
3844 2356 4032 2427 Olym-

2443 2447 2674 2515 piadem,
2699 2446 2851 2517 cujus
2884 2448 3027 2501 nulla
3070 2447 3210 2517 apud
3257 2447 3545 2516 Georgium
3594 2449 3832 2503 mentio:
3882 2449 4031 2517 quod

2442 2543 2688 2597 Proclum
2714 2543 2766 2595 in
2793 2542 3139 2596 translatione
3167 2542 3513 2611 reliquiarum
3540 2542 3851 2610 episcopum
3874 2552 4032 2596 vocet

2439 2631 2646 2704 Cyzici,
2677 2633 2765 2702 qui
2795 2633 2981 2687 relicta
3013 2632 3213 2703 Cyzico
3236 2633 3671 2701 archiepiscopus
3694 2641 3806 2685 tum
3851 2631 4033 2685 fuerat

2440 2724 3070 2795 Constantinopolitanus
3099 2744 3111 2780 :
3143 2734 3324 2795 aperta
3350 2733 3496 2791 sunt,
3526 2733 3584 2779 ut
3628 2725 3759 2779 mihi
3792 2725 4031 2787 videtur,

2441 2824 2738 2871 commenta.

2520 2926 2538 2959 ι
2585 2907 2842 2975 Superest
2880 2907 2948 2961 de
2976 2907 3216 2977 epistolis
3265 2922 3329 2963 ex
3372 2907 3661 2963 Occidente
3705 2919 3781 2969 et,
3808 2908 4035 2964 Oriente

2445 2999 2584 3057 ultro
2606 3000 2848 3068 citroque
2874 3000 3049 3054 missis
3062 3015 3250 3070 magna
3264 3001 3573 3069 cumprimis
3608 3008 3661 3054 et
3691 3000 3853 3054 ardua
3876 3016 4034 3070 quaa-

2443 3090 2547 3143 stio
2569 3106 2582 3155 ;
2606 3089 2672 3143 de
2693 3103 2797 3159 qua
2818 3089 3137 3144 sententiam
3157 3104 3327 3143 meam
3356 3091 3583 3159 ingenue
3609 3098 3663 3144 et
3689 3090 3856 3144 libere
3879 3105 4037 3145 more

2445 3181 2704 3249 majorum
2730 3180 2985 3250 aperiam,
3012 3180 3158 3235 nullo
3184 3180 3411 3250 partium
3434 3180 3611 3235 studio
3638 3181 3847 3244 ductus,
3877 3180 4028 3236 nulla

2444 3273 2753 3343 cujusquam
2785 3272 2951 3343 gratia
2982 3272 3065 3327 vel
3084 3272 3227 3327 odio.
3269 3272 3439 3327 Hasce
3484 3273 3641 3343 igitur
3680 3274 3929 3341 epistolas
3976 3273 4036 3327 in

2449 3366 2542 3418 tria
2567 3365 2823 3419 di:.tribuo
2847 3379 3040 3433 genera
3070 3384 3082 3419 :
3112 3364 3196 3419 vel
3224 3365 3365 3419 enim
3399 3366 3575 3418 missa:
3597 3373 3858 3434 suntpost
3878 3369 4035 3434 prius

2449 3456 2712 3518 exsilium,
2739 3456 2821 3509 vel
2853 3466 2974 3524 post
3016 3456 3261 3509 exsilium
3292 3457 3576 3525 posterius,
3606 3457 3689 3511 vel
3721 3466 3840 3525 post
3886 3470 4042 3512 mor-

2450 3554 2553 3598 tem
2583 3545 2822 3599 Joannis.
2854 3544 2905 3598 In
2932 3546 3102 3614 primo
3128 3553 3182 3599 et
3205 3546 3443 3600 secundo
3471 3562 3669 3617 genere
3700 3547 3897 3600 nullam
3920 3546 4040 3603 Ge-

2450 3638 2601 3705 orgio
2631 3637 2776 3690 litem
2804 3652 3011 3699 moveo,
3045 3647 3238 3705 przeter
3262 3652 3400 3702 eam,
3430 3653 3547 3706 qua:
3580 3639 3677 3706 ipsi
3703 3654 3823 3692 eum
3855 3639 4040 3693 Palla-

2450 3726 2538 3780 dio
2568 3728 2864 3780 communis
2894 3736 3008 3791 est;
3036 3727 3103 3781 de
3129 3742 3234 3795 qua
3273 3712 3434 3795 supra
3482 3728 3549 3781 ad
3599 3728 3916 3782 Palladium.
3957 3730 4045 3784 De

2453 3821 2829 3888 tertiogenere
2856 3819 3278 3888 disquirendum,
3331 3820 3398 3875 de
3434 3835 3539 3889 quo
3568 3822 3645 3876 sic
3670 3821 3930 3892 Georgius
3978 3838 4035 3877 c.

2452 3911 2519 3965 (38
2546 3929 2555 3962 :
2588 3911 2793 3964 Mortuo
2818 3910 2926 3979 jam
2953 3910 3013 3965 B.
3047 3911 3270 3975 Joanne,
3304 3911 3430 3975 dno,
3464 3912 3653 3979 inquit,
3684 3912 3907 3967 Romam
3943 3930 4045 3969 ve-

2453 4009 2645 4055 nerunt
2666 4001 2990 4071 Presbyteri,
3024 4011 3076 4056 et
3102 4002 3359 4057 diaconus
3388 4004 3638 4071 unus,qui
3669 4018 3791 4056 cum
3818 4018 3883 4056 eo
3913 4002 4040 4059 fue-

2454 4102 2572 4144 rant
2604 4091 2655 4145 in
2681 4092 2890 4157 exsilio,
2924 4100 2975 4145 et
3002 4091 3142 4161 apud
3198 4090 3568 4146 innocentium
3624 4108 3814 4162 papam
3858 4095 4041 4162 queri-

2454 4183 2686 4240 moniam
2709 4182 2981 4251 deponunt
3008 4182 3074 4236 de
3101 4182 3471 4236 vexationibus
3500 4181 3693 4236 Joanni
3723 4182 3883 4237 illatis
3909 4200 3922 4235 :
3947 4184 4041 4251 qui

2456 4279 2529 4331 rei
2552 4276 2831 4330 atrocitate
2847 4286 3146 4331 commotus
3168 4275 3346 4329 statim
3368 4275 3434 4328 ad
3465 4275 3757 4329 Honorium
3786 4276 4040 4329 accurrit.

2454 4367 2591 4435 Quid
2625 4367 2787 4420 multa
2810 4367 2831 4419 ?
2859 4366 3017 4420 ambo
3046 4366 3172 4419 dant
3197 4380 3388 4434 graece,
3416 4375 3471 4419 ut
3499 4364 3729 4431 videtur,
3763 4365 3947 4419 literas
3972 4367 4045 4420 ad

2456 4456 2762 4522 Arcadium,
2805 4455 3141 4514 innocentius
3171 4455 3305 4520 illas,
3337 4470 3433 4507 vox
3458 4454 3718 4524 sanguinis
3746 4454 3919 4522 fratris
3946 4458 4051 4508 mei

2455 4551 2673 4604 Joannis
2703 4550 2907 4614 clamat,
2959 4548 3013 4602 in
3060 4547 3251 4617 quibus
3300 4546 3587 4601 Arcadium
3637 4554 3692 4601 et
3744 4546 4051 4600 Endoxiam

2457 4640 2918 4703 cxcommunicat;
2950 4638 3216 4692 Honorius
3248 4638 3385 4702 illas,
3419 4638 3586 4691 nescio
3606 4652 3720 4706 qua:
3764 4639 4047 4702 contraria,

2458 4742 2559 4783 etc.
2592 4733 2685 4785 llis
2712 4731 2880 4785 literis
2907 4728 3158 4798 acceptis,
3184 4728 3463 4794 Arcadius,
3497 4739 3552 4782 ut
3579 4738 3659 4781 est
3684 4728 3821 4797 apud
3867 4727 4051 4781 Geor-

2456 4824 2620 4890 gium,
2649 4838 2765 4892 cap.
2798 4820 2885 4885 69,
2919 4828 3036 4889 post
3058 4834 3243 4888 poenas
3270 4818 3337 4873 de
3367 4819 3613 4872 omnibus
3636 4818 4043 4871 inimicisJoan-

2459 4914 2540 4965 nis
2569 4924 2828 4982 sumptas,
2855 4911 3145 4965 Eudoxiam
3174 4925 3394 4963 uxorem
3427 4910 3565 4963 intra
3595 4909 3893 4962 cubiculum
3919 4925 4049 4963 eum

2461 5000 2769 5071 pedisequis
2816 5001 3047 5054 clausam
3077 5000 3263 5064 tenuit,
3310 4998 3470 5067 virgis
3513 5000 3672 5052 etiam
3720 5014 3934 5061 casam,
3986 5010 4051 5053 ut

2462 5096 2774 5163 Anonymus
2806 5092 2899 5155 ait,
2928 5092 3069 5145 male
3096 5089 3370 5154 multavit;
3403 5090 3614 5151 Aeacio,
3641 5088 3953 5170 Severiano,
3989 5102 4053 5143 et

2461 5183 2740 5252 Theophili
2774 5183 3087 5253 propinquis,
3133 5182 3324 5235 mirum
3353 5181 3405 5234 ni
3433 5181 3491 5233 Β.
3521 5178 3719 5250 Cyrillo
3771 5181 3910 5233 inter
3940 5196 4053 5235 cn:-

2464 5285 2624 5339 teros,
2662 5275 2870 5337 vinctis,
2906 5275 3240 5342 Romamque
3292 5272 3359 5327 ad
3412 5273 3777 5327 innocentium
3836 5273 4047 5339 missis,

2460 5366 2646 5421 scribit
2674 5365 2739 5418 ad
2768 5365 3128 5418 innocentium
3159 5364 3301 5418 illam
3328 5364 3603 5433 epistolam
3632 5363 4050 5432 cnjusrinitium,

2465 5456 2649 5510 Omnes
2681 5456 2903 5509 homines
2933 5458 3118 5521 sciunt,
3149 5455 3445 5509 humillime
3473 5465 3682 5525 petens,
3736 5465 3791 5508 ut
3842 5455 3941 5508 sibi
3990 5468 4055 5514 et

2464 5548 2717 5602 Eudoxiae
2767 5548 2919 5601 venia
2946 5547 3298 5616 impertiatur,
3330 5548 3591 5617 amboque
3623 5549 3674 5601 in
3705 5549 4053 5602 communio-

2462 5655 2585 5694 nem
2613 5640 2953 5710 recipiantur.
2987 5641 3211 5715 Scripsit
3236 5642 3393 5695 etiam
3422 5641 3659 5696 Eudoxia
3690 5641 3754 5695 ad
3780 5640 4013 5696 ln‘nocen
4032 5670 4055 5681 -

2471 5731 2621 5796 tium,
2652 5739 2704 5783 et
2732 5729 2986 5783 Arcadius
3011 5728 3076 5784 ad
3102 5730 3387 5784 Honorium
3420 5729 3655 5785 fratrem.
3686 5730 4067 5801 Innocentius,
