4234 6310
160 396 318 437 ιιτγη

156 497 373 567 acceptis
397 497 573 551 literis
605 496 826 551 Arcadii
863 506 912 550 et
945 495 1228 559 Eudoxizr,
1288 495 1476 548 scribit
1536 493 1748 558 Proclo,

156 590 404 659 Cyziceno
436 587 720 657 episcopo,
775 596 833 641 ut
876 584 1391 653 Constantinopolim
1444 584 1641 647 veniat,
1702 591 1755 637 et

157 681 507 748 Imperatores
554 679 610 732 in
637 676 1078 731 communionem
1112 675 1363 744 recipiat;
1419 672 1755 741 Arcadioqnc

154 770 390 826 rescribit
418 785 601 840 graece
632 769 821 834 etiam,
870 777 928 821 ut
970 765 1199 832 videtur,
1248 764 1533 836 epistolam
1583 764 1749 828 illam,

156 867 336 920 Ratun:
359 865 516 917 habui
541 863 713 917 zelum
734 873 951 918 vestrum
971 860 1248 915 secundum
1279 859 1458 925 Deum,
1483 859 1535 913 et
1563 857 1753 912 Proclo

152 962 301 1014 etiam
328 959 613 1030 praecepit,
641 967 697 1011 ut
722 972 907 1011 curam
937 954 1189 1024 suscipiat
1214 953 1465 1007 Ecclesia:
1490 951 1754 1006 Constan-

154 1054 543 1122 tinopolitance,
569 1052 731 1104 donec
762 1050 826 1104 de
849 1048 997 1103 rebus
1022 1047 1175 1101 Attici
1204 1046 1459 1100 decretum
1483 1045 1568 1098 sit.

220 1168 238 1199 ι
267 1146 625 1202 Conﬁdenter
649 1145 794 1211 dico,
826 1153 992 1199 totum
1023 1143 1125 1197 hoc
1150 1141 1419 1211 negotium
1445 1154 1631 1209 parum
1658 1154 1742 1193 re-

150 1252 227 1296 cte
256 1238 595 1309 temporibus
625 1238 878 1301 divisum,
904 1245 1062 1305 atque
1092 1234 1229 1288 adeo
1260 1234 1411 1302 plane
1437 1230 1750 1285 inco/twreits

147 1348 278 1387 esse.
308 1330 446 1386 Nam
491 1331 745 1401 primum,
789 1330 833 1383 si
866 1337 1073 1383 mortua
1119 1337 1200 1381 est
1232 1325 1471 1379 Eudoxia
1520 1324 1749 1379 triennio

144 1415 264 1479 anie
294 1434 527 1478 mortem
556 1422 801 1485 Joannis,
822 1420 963 1492 quod
985 1434 1172 1474 omnes
1200 1427 1409 1473 veteres
1438 1428 1562 1472 aute
1582 1417 1747 1471 Geor-

114 1519 282 1588 -gium
303 1515 548 1570 historici
580 1529 688 1567 uno
714 1528 978 1568 consensu
1003 1510 1305 1574 affirmant;
1341 1510 1608 1563 neminem
1634 1508 1747 1563 fore

144 1620 266 1675 puto
298 1618 409 1660 tam
439 1605 706 1675 perfrictze
741 1605 951 1671 frontis,
981 1603 1071 1672 qui
1098 1602 1235 1656 ausit
1272 1617 1467 1671 negare
1500 1600 1749 1669 supposi-

143 1702 281 1753 titias
316 1714 442 1753 esse
470 1712 660 1752 omnes
692 1696 790 1751 has
823 1696 1096 1766 epistolas.
1132 1693 1326 1749 Verum
1370 1703 1426 1748 ut
1464 1694 1654 1747 demus
1695 1692 1745 1746 id

145 1806 328 1844 verum
351 1804 499 1851 esse,
532 1788 673 1858 quod
707 1804 772 1842 ex
805 1786 1196 1841 recentioribus
1224 1785 1462 1839 nonnulli
1491 1785 1742 1850 aﬂ‘erunt,

140 1892 245 1935 tres
274 1890 496 1935 menses
526 1879 870 1948 superstitem
896 1878 1057 1933 fuisse
1084 1876 1295 1941 loanui,
1332 1892 1398 1931 ne
1427 1877 1503 1930 sic
1529 1876 1744 1947 quidem

141 1988 444 2046 temporum
478 1974 616 2027 ratio
645 1973 936 2028 constabit.
974 1972 1127 2026 Addo
1151 1972 1311 2025 etiam
1339 1970 1551 2024 Arcadii
1596 1985 1744 2023 mor-

140 2078 264 2133 tein,
297 2083 442 2137 quae,
476 2075 535 2120 ut
558 2081 623 2120 ex
666 2065 817 2119 fastis
841 2064 1068 2135 publicis
1108 2072 1331 2132 apparet
1357 2072 1410 2117 et
1438 2063 1745 2118 testimonio

136 2160 373 2215 Socratis
402 2158 495 2213 lib.
524 2159 575 2223 7,
599 2171 649 2211 c.
676 2158 729 2218 1,
755 2156 980 2226 contigit
1009 2156 1182 2225 primo
1204 2155 1325 2209 Maii
1355 2154 1509 2210 Coss.
1544 2156 1741 2228 Philip-

138 2266 201 2321 po
224 2260 281 2305 et
303 2251 496 2317 Basso,
522 2264 666 2305 anno
686 2249 812 2315 408,
841 2249 944 2304 hbe
965 2258 1065 2314 est,
1090 2250 1323 2319 quinque
1343 2249 1637 2313 mensibus,
1661 2248 1744 2304 vel

138 2344 299 2397 utalii
328 2354 564 2413 septem,
608 2352 665 2397 et
690 2340 927 2396 sedecim
954 2341 1143 2396 diebus
1173 2350 1295 2411 post
1323 2350 1551 2396 mortem
1580 2340 1745 2396 Joan-

138 2436 235 2499 nis,
286 2434 499 2488 nullum
552 2432 701 2488 hisce
746 2432 962 2502 ineptiis
1010 2431 1190 2487 locum
1235 2428 1744 2500 relinquere.-Quid

139 2529 238 2582 ita?
266 2528 457 2582 Primo
478 2526 688 2581 duobus
716 2524 821 2579 illis
842 2524 1189 2595 presbyteris,
1216 2533 1270 2578 et
1291 2524 1379 2579 uni
1403 2524 1630 2578 diacono
1650 2539 1744 2593 per

140 2632 345 2689 tempus
373 2617 591 2687 aliquod
627 2614 953 2670 manendum
1009 2616 1105 2669 fuit
1144 2615 1417 2682 Comanis,
1446 2616 1573 2671 dum
1599 2615 1741 2685 justo

139 2724 279 2765 tanto
306 2710 456 2765 Patri
500 2711 865 2775 solverentur,
912 2708 1039 2763 dum
1072 2698 1328 2763 solemnis
1369 2708 1459 2763 ille
1498 2709 1739 2762 omnium

138 2809 379 2861 ordinum
410 2805 664 2859 fortuitus
708 2811 1005 2858 conventus
1041 2802 1421 2878 dimitteretur,
1466 2802 1593 2856 dum
1639 2816 1738 2857 ne-

137 2900 364 2953 cessarit!
393 2894 733 2950 tantoitincri
759 2904 1094 2964 pararentur.
1127 2892 1275 2963 Nego
1299 2893 1477 2963 itaque
1500 2892 1740 2962 potuisse

137 3006 219 3043 τοι
244 2971 789 3057 ιὶοηειιιιιιῑπιοροιίιῆ
816 2985 999 3041 venire
1038 2993 1163 3039 ante
1203 2994 1430 3039 mortem
1459 2985 1737 3039 Eudoxitn.

137 3081 256 3133 Nam
281 3098 348 3136 eo
378 3080 616 3151 primum
666 3076 889 3149 profecti
921 3086 1064 3142 sunt,
1113 3093 1202 3146 per
1230 3092 1410 3129 novam
1442 3074 1658 3129 Romam
1684 3078 1737 3130 in

137 3186 360 3235 ueterem,
391 3174 567 3240 inquit
595 3175 919 3240 Anonymus
947 3177 1002 3223 et
1022 3166 1380 3238 Nicephorus,
1413 3178 1468 3223 et
1488 3169 1622 3224 situs
1652 3184 1738 3224 re-

136 3269 343 3332 giaiium
388 3262 599 3317 suadet.
648 3261 782 3317 Nam
827 3261 1037 3315 Cucuso
1076 3259 1596 3331 Constantinopolim
1635 3261 1738 3315 iter

135 3369 207 3410 est
231 3358 513 3410 mulierum
532 3353 972 3424 (Chrysostomus
988 3351 1233 3421 epistolis
1258 3350 1324 3405 ad
1356 3350 1665 3406 Simeonem
1684 3360 1737 3405 et

136 3446 461 3513 lirisonem),
500 3460 675 3513 neque
701 3443 804 3496 dici
838 3444 1033 3512 poterit
1063 3443 1282 3513 propius
1308 3441 1497 3498 abesse
1523 3443 1735 3498 Cucuso

136 3538 388 3601 Commta,
416 3553 538 3589 cum
566 3535 698 3589 satis
729 3544 942 3589 constet
961 3534 1225 3588 Joannem
1256 3549 1470 3603 semper
1500 3535 1565 3589 ad
1593 3536 1733 3589 ulte-

136 3634 265 3685 riora
297 3632 646 3699 deportatum
680 3628 842 3681 fuisse
870 3628 1077 3682 exsilia.
1118 3627 1236 3681 Jam
1266 3625 1734 3697 ConstantinOpoli

136 3721 581 3791 proﬁciscendum
614 3719 711 3772 fuit
740 3719 996 3782 Romam;
1029 3719 1363 3787 querimonia
1391 3719 1529 3789 apud
1554 3719 1731 3789 penti-

137 3818 278 3869 ticem
299 3812 625 3882 deponenda
648 3831 661 3876 ;
688 3811 1090 3867 conveniendus
1114 3812 1425 3866 Innocentio
1446 3812 1730 3877 lionorius,

134 3913 214 3979 qui
237 3911 406 3965 Roma
430 3909 542 3963 fere
558 3908 777 3972 aberat;
802 3906 1087 3961 exoranda:
1106 3916 1161 3960 et
1181 3905 1454 3959 mittendae
1478 3905 1735 3958 Constan-

137 4004 407 4073 tinopolim
435 4002 577 4056 bina:
604 4001 707 4055 illa:
736 3999 905 4054 litera:
927 4040 942 4065 ,
978 4014 1074 4052 v0.1:
1102 3997 1387 4068 sanguinis,
1424 4006 1497 4061 et,
1534 3997 1732 4061 nescio;

135 4105 209 4147 tot
230 4096 377 4165 prius
398 4090 871 4160 Constantinopoli
892 4086 1223 4143 conficienda
1247 4088 1497 4153 Arcadio,
1520 4090 1735 4142 mitten-

134 4190 208 4242 σε
240 4187 461 4243 Arcadii
500 4186 691 4249 literae,
737 4200 907 4238 omnes
953 4184 1202 4249 homines,
1236 4191 1288 4237 et
1339 4183 1595 4237 Eudoxio:
1627 4183 1734 4236 Ro-

137 4300 289 4349 mam,
321 4285 498 4337 litera:
534 4296 688 4335 nova:
722 4280 904 4333 Roma:
938 4277 1224 4333 exarandzc
1274 4277 1483 4340 Proclo,
1517 4288 1570 4331 et
1606 4277 1731 4330 mit-

137 4379 299 4431 tenda:
344 4376 636 4445 Cyzicum;
668 4373 786 4427 alim
816 4373 1034 4440 insuper
1060 4370 1290 4425 Arcadio
1310 4413 1323 4435 ,
1355 4381 1524 4423 rulttm
1554 4370 1730 4435 habui,

136 4482 230 4523 etc.
264 4469 519 4523 Proclum
550 4466 785 4535 denique
806 4464 1018 4519 venisse
1046 4462 1241 4533 Cyzico
1272 4464 1527 4531 oportuit,
1553 4472 1607 4517 et
1640 4464 1735 4517 lm-

138 4572 402 4627 ςιρςπιιπεε
431 4558 503 4612 ad
529 4557 965 4611 communionem
992 4555 1238 4623 recipere
1278 4556 1428 4609 vivos
1459 4567 1512 4609 et
1552 4556 1736 4610 valen-

137 4666 237 4707 lcS:
264 4654 464 4723 quibus
497 4650 729 4719 negotiis
752 4646 1103 4717 expediendis
1134 4662 1238 4700 non
1267 4648 1503 4716 quinque
1534 4658 1624 4700 aut
1649 4662 1734 4702 se-

136 4759 267 4813 ptem
295 4756 540 4805 menses,
570 4739 767 4794 nedum
805 4748 935 4805 tres,
967 4738 1063 4792 sed
1090 4737 1176 4792 vix
1220 4737 1485 4808 integrum
1517 4737 1733 4807 quidem

133 4835 398 4891 sufﬁceret
425 4835 723 4889 biennium.
748 4836 919 4901 Atque
950 4843 1006 4886 ut
1035 4832 1411 4901 intelligamus,
1440 4847 1598 4901 quam
1632 4841 1736 4887 tar-

134 4930 192 4982 da
218 4932 320 4984 sint
341 4928 657 4985 Occidentis
678 4927 909 4991 auxilia;
945 4926 1130 4996 primae
1150 4936 1266 4995 post
1284 4926 1533 4980 exsilium
1562 4937 1735 4997 poste-

135 5024 238 5077 rius
260 5023 489 5079 Joannis
510 5022 685 5076 litera:
716 5020 959 5086 Honorii,
984 5018 1127 5088 apud
1159 5019 1454 5073 Palladium
1485 5030 1539 5075 et
1567 5020 1737 5076 Geor-

133 5116 287 5183 gium,
333 5130 447 5169 non
491 5122 616 5166 sunt
657 5112 874 5181 perlatae
908 5109 1449 5179 Constantinopolim,
1484 5111 1583 5167 nisi
1616 5122 1735 5181 post

136 5206 505 5271 biennium;‘si
532 5204 750 5276 quidem
783 5204 1008 5271 Atticus,
1040 5214 1095 5258 ut
1135 5213 1217 5259 est
1244 5203 1385 5271 apud
1415 5204 1731 5279 Palladium,

138 5312 257 5356 tunc
281 5298 448 5355 fuerit
469 5299 785 5367 episcopus,
814 5310 935 5349 cum
958 5296 1117 5366 legati
1148 5296 1482 5366 appellerent
1506 5298 1731 5365 Athyra.

140 5391 245 5445 lmo
290 5392 366 5446 illi
421 5391 522 5460 ipsi
570 5386 1191 5459 episeopi,Gaudcntius
1232 5397 1286 5443 et
1318 5388 1590 5455 ASmilius,
1623 5391 1731 5444 Ro-

139 5501 302 5540 mana:
342 5484 489 5539 sedis
516 5483 716 5548 vicarii,
750 5480 963 5535 nonnisi
1007 5494 1099 5535 sex
1144 5480 1421 5535 mensibus
1460 5481 1592 5536 illud
1634 5485 1736 5537 iter

139 5576 297 5632 semel
326 5577 699 5639 coniecerunt,
738 5582 875 5629 teste
905 5572 1105 5635 Leone,
1140 5573 1300 5626 velut
1328 5572 1438 5638 alii,
1473 5584 1730 5643 quatuor:

138 5671 273 5737 quod
298 5669 385 5726 hic
415 5670 696 5724 minimum
731 5666 815 5720 bis
846 5666 1038 5719 factum
1072 5665 1329 5734 Oportuit,
1370 5676 1564 5735 praeter
1602 5678 1734 5721 ιιιιιι-

142 5778 239 5829 pus
271 5764 413 5821 illud.
452 5762 592 5833 quod
622 5758 812 5816 itineri
842 5756 1091 5811 Cumanis
1130 5757 1649 5826 ConstantinOpolim
1683 5768 1736 5813 et

142 5855 325 5919 ςςιιρο
352 5849 880 5921 Constantinopolim
915 5848 1250 5901 tribuentium
1285 5856 1379 5901 est.
1414 5847 1544 5903 Nam
1589 5852 1731 5920 quod

1068 376 1153 431 DE
1193 372 1684 430 SCRIPTOIHUL'S
1724 372 1965 433 RERUM
2007 375 2504 440 CilRYSOSTOMi.

3263 415 3467 461 XXXVI“

1869 495 1941 547 ait
1968 499 2298 571 Anonymus,
2341 503 2535 558 decima
2562 505 2641 558 die
2667 509 2736 559 ad
2766 508 3254 585 Constantinobulim
3294 540 3467 590 μιν-νε-

1869 602 2049 644 uerunt
2070 594 2237 663 (puta,
2263 597 2519 652 Romanae
2539 601 2681 655 sedis
2699 602 2894 672 vicarii,
2915 605 3267 676 Gaudentius,
3294 613 3467 669 [Emi-

1868 682 1988 749 lius,
2022 687 2174 754 etc),
2207 698 2335 756 puto
2364 699 2599 745 erratum
2628 706 2749 747 esse
2778 693 2830 748 in
2860 710 3107 766 numero,
3146 717 3321 773 neque
3354 708 3473 761 ulto

1867 775 2025 829 modo
2051 779 2464 848 admittendum,
2494 792 2554 841 ut
2575 782 2663 853 qui
2694 793 2926 854 quatuor
2955 805 3173 847 menses
3202 796 3254 849 in
3285 799 3458 854 reditu

1863 872 2312 939 consumpserint,
2331 875 2466 927 intra
2487 874 2673 931 decem
2692 878 2807 933 dies
2848 894 2913 935 eo
2934 884 3456 959 appulerint.Quart-,

1863 966 1922 1010 ut
1963 960 2090 1013 nihil
2120 961 2261 1016 aliud
2302 963 2405 1029 sit,
2451 966 2561 1034 ipsa
2607 975 2781 1023 tamen
2828 979 3130 1043 temporum
3180 982 3317 1035 ratio
3360 982 3458 1042 hoc

1862 1048 2197 1111 mendacium
2238 1063 2424 1122 aperte
2470 1056 2685 1113 refellit.
2728 1059 2842 1116 liuc
2888 1065 3115 1133 accedit,
3162 1071 3306 1139 quod
3351 1091 3456 1131 mu

1860 1141 1991 1196 alios
2021 1143 2251 1199 habeant
2277 1157 2574 1205 assertores
2617 1152 2858 1222 epistolae
2898 1157 3022 1223 illm,
3061 1174 3222 1230 quam
3264 1180 3455 1221 recen~

1863 1231 2051 1297 tiores,
2101 1251 2276 1306 neque
2302 1253 2398 1294 eos
2438 1256 2660 1297 omnes:
2690 1261 2812 1299 nam
2845 1249 2986 1318 apud
3017 1251 3287 1322 Photium,
3318 1258 3458 1313 Leo-

1859 1338 2000 1388 nem,
2032 1325 2316 1395 Zonaram,
2346 1330 2739 1402 lilctaphrasl'en
2769 1338 2934 1393 altum
2963 1340 3031 1396 de
3068 1343 3131 1397 iis
3162 1346 3454 1413 silentium,

1862 1433 2034 1487 neque
2060 1421 2261 1475 eodem,
2281 1424 2418 1493 apud
2448 1436 2539 1480 eos
2568 1429 2746 1493 modo,
2770 1431 2864 1486 sed
2900 1434 2954 1488 in
2980 1450 3167 1507 magna
3201 1445 3459 1499 varietare

1856 1518 1907 1562 et
1936 1510 2309 1608 inconstantia.
2340 1517 2468 1573 Nam
2495 1520 2601 1575 alio
2628 1523 2788 1578 modo
2809 1523 3005 1582 habent
3025 1528 3304 1602 Georgius,
3325 1534 3458 1608 Gly.

1855 1617 1966 1669 cas,
2016 1615 2068 1659 et
2110 1605 2469 1677 Nicephorus;
2504 1612 2611 1668 alio
2642 1616 2957 1689 Anonymus
2996 1629 3051 1675 et
3095 1622 3190 1678 Jus
3233 1605 3461 1683 GrtrcoJ

1856 1693 2176 1763 Romanum,
2203 1707 2258 1753 ut
2285 1715 2347 1755 ex
2380 1708 2779 1773 comparatione
2806 1710 3147 1768 manifestum
3175 1716 3296 1773 erit.
3321 1719 3455 1775 Nam

1854 1786 1992 1878 apud
2036 1798 2266 1857 veteres,
2299 1793 2492 1863 quibus
2522 1812 2608 1853 res
2636 1813 2756 1856 esse
2786 1801 2969 1857 debuit
3005 1807 3303 1878 n0tissima,
3338 1811 3457 1867 Pal-

1854 1875 2072 1946 ladium,
2104 1882 2191 1951 qui
2225 1882 2409 1939 Romae
2434 1886 2522 1942 diu
2552 1890 2679 1944 vixit
2707 1891 2838 1961 (tibi,
2865 1896 2996 1949 vela
3027 1913 3104 1967 se,
3130 1901 3257 1955 vela
3280 1875 3458 1959 'l‘heo-

1852 1968 1987 2023 doro
2008 1970 2274 2028 Romame
2302 1976 2557 2033 Ecclesiae
2582 1980 2831 2051 diacono,
2858 1985 2972 2041 haec
2998 1991 3177 2045 omnia
3206 1992 3455 2048 facillime

1854 2070 2062 2129 poterat
2102 2066 2436 2138 resciscere),
2485 2070 2865 2140 Sozomeuum,
2908 2079 2997 2147 qui
3041 2080 3222 2135 literas
3266 2099 3455 2141 omnes

1852 2152 2139 2223 diligenter
2170 2168 2435 2214 scrutatus
2461 2162 2691 2231 videtur,
2724 2166 3057 2241 cmterosque
3080 2173 3309 2231 fidenter
3333 2178 3458 2234 dico

1852 2245 2054 2301 nullum
2082 2265 2201 2308 esse
2223 2252 2443 2307 istarum
2469 2255 2742 2312 literarum
2773 2262 3077 2333 vestigium,
3109 2270 3309 2325 nullam
3340 2288 3456 2326 um-

1852 2338 2022 2434 liram.
2055 2341 2237 2410 Neque
2271 2360 2357 2399 res
2402 2358 2518 2401 erat
2552 2365 2713 2419 parva
2754 2363 2844 2406 aut
2870 2361 3285 2429 contemnenda,
3333 2380 3453 2434 qua:

1847 2425 2032 2511 (inbuit.
2060 2432 2139 2486 vel
2168 2434 2335 2499 potuit
2367 2437 2560 2503 omitti,
2592 2438 2944 2508 Imperatores
2986 2446 3220 2505 Orientis
3306 2425 3451 2508 Poti-

1852 2519 1990 2574 ttfice
2016 2520 2258 2577 Romano
2287 2530 2803 2599 exeommunicatos,
2833 2535 3127 2603 ιώςυιυιοε,
3165 2553 3295 2609 etc.,
3316 2518 3450 2601 cum

1850 2611 1925 2664 rei
1960 2612 2126 2665 multo
2165 2615 2407 2683 minoris,
2452 2618 2737 2677 Theodosii
2787 2630 3065 2693 prmsentis
3110 2646 3139 2686 a
3189 2649 3452 2704 prwsente

1850 2702 2135 2759 Ambrosio
2166 2708 2392 2762 ecclesia
2425 2724 2518 2764 sua
2554 2712 2804 2781 prohibiti
2833 2717 3005 2786 plena:
3033 2721 3141 2777 sint
3162 2702 3349 2783 otunes
3372 2728 3453 2785 hi-

1848 2794 2048 2883 storim.
2084 2796 2302 2853 Accedit
2332 2801 2552 2870 insuper
2577 2804 2644 2859 ad
2682 2806 2868 2863 harum
2901 2811 3248 2881 epistularum
3290 2816 3449 2878 iidem

1846 2885 2180 2957 elevandam,
2207 2892 2347 2961 qttod
2370 2894 2554 2951 Graece
2585 2905 2790 2953 tantum
2819 2903 3033 2974 scriptce
3064 2907 3363 2980 videantur,
3394 2928 3447 2970 et

1843 2988 1991 3034 certe
2032 2980 2310 3038 character
2349 2986 2462 3055 ipse
2504 2988 2803 3045 Graeculum
2836 2994 3067 3066 aliquem
3096 3002 3447 3063 semidoctum

1846 3086 1950 3125 non
1999 3074 2225 3131 obscure
2268 3079 2426 3147 sapit,
2477 3095 2598 3136 cum
2644 3082 2988 3143 innocentius
3027 3092 3282 3161 epistolas
3322 3113 3451 3154 suas

1843 3164 2003 3219 etiam
2029 3166 2081 3220 in
2112 3167 2385 3226 Orientem
2418 3174 2612 3231 missas
2636 3178 2836 3234 soleret
2864 3184 3075 3239 nonnisi
3107 3185 3297 3246 Latine
3319 3207 3448 3247 exa-

1844 3270 1984 3322 rare,
2012 3267 2065 3311 ut
2087 3270 2296 3314 constat
2318 3279 2347 3317 e
2372 3262 2656 3321 Sozomeni
2683 3269 2818 3324 libro
2841 3280 3049 3329 octavo.
3077 3272 3194 3332 Jam
3216 3289 3269 3334 et
3296 3280 3445 3346 illud,

1845 3357 1897 3400 ut
1918 3357 2063 3416 puto,
2082 3348 2295 3416 falsum,
2320 3352 2387 3408 de
2406 3355 2659 3425 adempto
2681 3360 2855 3416 Attico
2880 3363 3281 3435 episcopatu,et
3302 3387 3449 3426 cum-

1844 3443 2002 3495 tnissa
2037 3444 2227 3514 Proelo
2276 3446 2760 3519 administratione,
2794 3467 2914 3508 cum
2960 3466 3014 3511 et
3054 3472 3225 3515 annos
3262 3463 3446 3533 viginti

1843 3537 2077 3592 tenuisse
2109 3540 2472 3609 episcopatum
2522 3538 2732 3599 constet
2774 3546 3032 3617 Atticum,
3080 3567 3311 3622 eumque
3354 3572 3449 3625 per

1842 3643 2033 3683 manus
2065 3629 2320 3697 Sisinuio,
2343 3633 2620 3700 ‘Nestorio,
2655 3635 3033 3696 Maximiniano
3064 3646 3366 3712 tradidisse,
3392 3662 3449 3705 ut.

1842 3719 2056 3774 nonnisi
2085 3732 2237 3775 sexto
2280 3733 2398 3792 post
2429 3724 2689 3782 Joannem
2720 3729 2839 3783 loco
2880 3731 3102 3789 Proclus
3142 3736 3195 3790 in
3226 3753 3287 3792 ea
3315 3742 3445 3794 sedo

1841 3813 2179 3877 successerit,
2216 3813 2331 3883 Ego
2361 3816 2486 3884 quid
2527 3818 2577 3871 in
2610 3819 2707 3873 hac
2735 3837 2792 3875 re
2822 3823 2950 3877 mihi
2981 3826 3255 3893 probabile
3298 3832 3446 3887 vide-

1842 3904 2015 3969 batur,
2052 3906 2218 3960 libere
2245 3907 2351 3961 dixi
2380 3909 2652 3978 :judicent
2680 3912 2841 3967 docti.

1920 4015 1936 4047 ι
1977 3995 2118 4052 inter
2142 4014 2337 4053 errores
2367 4001 2631 4056 historicos
2656 4002 2868 4075 Georgii
2900 4010 3060 4062 etiam
3093 4010 3219 4065 illud
3251 4030 3443 4071 nume-

1842 4104 1921 4154 ro,
1956 4088 2097 4158 quod
2130 4100 2356 4145 mortem
2385 4092 2678 4163 innocentii
2728 4097 2959 4165 priorem
2995 4098 3171 4156 facere
3202 4104 3443 4161 videatur

1840 4193 2013 4235 morte
2055 4182 2372 4252 Theophili:
2406 4187 2548 4253 quod
2595 4200 2777 4257 aperte
2823 4190 3014 4245 falsum
3051 4204 3153 4248 est.
3201 4197 3443 4254 Mortuus

1840 4283 1922 4327 est
1953 4274 2093 4327 enim
2125 4274 2474 4344 Theophilus,
2506 4288 2640 4333 teste
2668 4280 2889 4335 Socrate
2926 4284 3018 4337 lib.
3045 4286 3095 4351 7,
3126 4302 3174 4340 c.
3201 4287 3253 4352 7,
3288 4291 3440 4347 (loss.

1842 4365 2079 4421 lionorio
2101 4368 2132 4421 9
2159 4376 2214 4422 et
2241 4368 2545 4425 Theodosio
2570 4371 2625 4437 5,
2651 4371 2753 4426 hoc
2774 4382 2877 4442 est,
2908 4391 3052 4431 anno
3082 4378 3291 4435 Domini
3315 4385 3441 4441 412.

1840 4458 1926 4513 die
1950 4459 2021 4513 25
2042 4459 2289 4515 Octobris
2324 4479 2336 4513 :
2375 4461 2741 4531 Innocentius,
2772 4473 2830 4519 ut
2859 4480 2924 4521 ex
2941 4463 3123 4527 Fastis
3141 4476 3443 4543 pontificiis

1842 4558 2006 4618 patet,
2032 4551 2242 4605 nonnisi
2270 4551 2395 4618 416,
2426 4552 2509 4607 vel
2534 4553 2661 4608 415.
2693 4554 2847 4623 Quod
2869 4559 2911 4611 si
2935 4562 3021 4612 cui
3044 4559 3237 4614 mirum
3264 4562 3444 4617 videa-

1842 4649 1945 4704 tur,
1972 4657 2092 4695 cum
2126 4642 2453 4711 Theophilus
2476 4644 2712 4714 quinque
2738 4660 2909 4702 annos
2937 4648 3129 4704 Joanni
3160 4654 3443 4721 supervix-

1840 4733 1962 4797 erit,
1992 4733 2334 4789 Innocentius
2364 4744 2504 4799 octo,
2538 4736 2663 4805 quid
2688 4737 2775 4803 sit,
2801 4738 2941 4808 quod
2965 4741 3251 4797 consilium
3283 4760 3447 4799 omne

1840 4824 2095 4893 abiecerit
2123 4822 2462 4879 innocentius
2492 4825 2559 4881 de
2596 4828 2834 4897 cogenda
2861 4830 3069 4901 synodo
3095 4832 3450 4892 Thessaloni-

1841 4931 1938 4981 cae,
1983 4916 2068 4971 cui
2100 4916 2361 4971 interesse
2392 4915 2748 4987 TheOphilum
2783 4930 2926 4973 tanta
2956 4924 3243 4981 severitate
3280 4936 3335 4981 et
3380 4944 3451 4983 ri-

1840 5025 1969 5079 gore
1991 5008 2231 5063 edixerat
2257 5019 2381 5065 ante
2408 5019 2634 5065 mortem
2668 5009 2735 5084 (si
2764 5011 2844 5067 fas
2875 5023 2960 5068 est
2993 5015 3240 5091 credere)
3276 5020 3447 5075 Arca-

1840 5101 1960 5157 dius
2003 5102 2227 5171 epistola
2266 5101 2406 5171 apud
2449 5103 2759 5173 Georgium,
2793 5105 2945 5175 cujus
2990 5108 3221 5179 initium,
3261 5112 3452 5168 Omnia

1842 5198 2067 5261 climata,
2101 5213 2273 5265 neque
2303 5196 2466 5250 ullum
2509 5199 2575 5251 de
2612 5210 2677 5252 eo
2721 5210 2904 5268 postea
2949 5202 3172 5257 verbum
3213 5204 3404 5260 fecerit
3441 5228 3450 5258 :

1841 5288 2073 5343 iortasse
2102 5287 2154 5341 id
2186 5288 2378 5342 factum
2411 5298 2511 5352 est,
2539 5290 2659 5360 quia
2686 5292 2945 5346 Arcadius
2975 5294 3130 5363 paulo
3150 5306 3269 5365 post
3290 5298 3447 5355 Joan-

1843 5398 1966 5436 nem
1996 5381 2325 5448 decesserat,
2357 5382 2507 5451 cujus
2535 5398 2701 5452 opera
2730 5385 2973 5452 etjussu,
3010 5386 3082 5438 uti
3108 5402 3167 5441 ea
3200 5391 3445 5444 terebant

1846 5484 2105 5544 tempora,
2138 5485 2447 5543 cogeretur;
2482 5476 2564 5529 vel
2594 5460 2733 5544 quod
2766 5491 2826 5530 ea
2873 5478 2981 5531 sint
3019 5492 3307 5534 consecuta
3340 5484 3447 5535 re;

1845 5568 2068 5635 publica:
2102 5580 2360 5636 tempora,
2395 5571 2693 5638 prtescrtitn
2728 5570 2778 5623 iu
2808 5569 3117 5638 Occidente,
3153 5572 3323 5627 Roma
3352 5591 3444 5628 ca-

1842 5670 1953 5731 pta,
1987 5661 2132 5715 italia
2176 5660 2403 5732 direpta,
2438 5664 2654 5717 vastatis
2684 5665 2994 5731 provinciis,
3035 5681 3152 5734 qua:
3190 5667 3272 5721 vel
3313 5682 3446 5721 cono

1844 5756 2157 5811 Stantissimi
2188 5756 2282 5811 viri
2316 5767 2547 5811 mentem
2582 5770 2799 5815 nossent
2823 5776 2849 5813 a
2876 5759 3069 5814 minori
3093 5775 3217 5815 cura
3247 5762 3311 5818 2d
3333 5778 3441 5816 Ina-

1843 5851 2014 5921 jorem
2048 5859 2246 5903 metum
2281 5848 2575 5905 traducere.
