  <div class='ocr_page' id='page_1' title='image "/cluster/home/n/w/nwhite01/storage/ocr_20150623/47/pst.000005712441/031.png"; bbox 0 0 4234 6310; ppageno 0'>
   <div class='ocr_carea' id='block_1_1' title="bbox 676 370 837 415">
    <p class='ocr_par' dir='ltr' id='par_1_1' title="bbox 676 370 837 415">
     <span class='ocr_line' id='line_1_1' title="bbox 676 370 837 415; baseline -0.006 -2"><span class='ocrx_word' id='word_1_1' title='bbox 676 370 837 415; x_wconf 67' lang='grc' dir='ltr'><strong>ιικιι</strong></span> 
     </span>
    </p>
   </div>
   <div class='ocr_carea' id='block_1_2' title="bbox 754 473 2266 548">
    <p class='ocr_par' dir='ltr' id='par_1_2' title="bbox 754 473 2266 548">
     <span class='ocr_line' id='line_1_2' title="bbox 754 473 2266 548; baseline 0.001 -18"><span class='ocrx_word' id='word_1_2' title='bbox 754 475 1039 544; x_wconf 79' lang='lat' dir='ltr'><strong>ﬂuensque</strong></span> <span class='ocrx_word' id='word_1_3' title='bbox 1062 473 1133 531; x_wconf 87' lang='lat' dir='ltr'><strong>de</strong></span> <span class='ocrx_word' id='word_1_4' title='bbox 1159 473 1410 546; x_wconf 69' lang='lat' dir='ltr'><strong>Georgio.</strong></span> <span class='ocrx_word' id='word_1_5' title='bbox 1443 474 1499 531; x_wconf 84' lang='lat' dir='ltr'><strong>in</strong></span> <span class='ocrx_word' id='word_1_6' title='bbox 1521 475 1741 547; x_wconf 82' lang='lat' dir='ltr'><strong>reliquis</strong></span> <span class='ocrx_word' id='word_1_7' title='bbox 1764 490 1858 531; x_wconf 90' lang='lat' dir='ltr'><strong>cro</strong></span> <span class='ocrx_word' id='word_1_8' title='bbox 1883 475 2116 545; x_wconf 87' lang='lat' dir='ltr'><strong>brevior,</strong></span> <span class='ocrx_word' id='word_1_9' title='bbox 2144 478 2266 548; x_wconf 86' lang='lat' dir='ltr'><strong>quia</strong></span> 
     </span>
    </p>
   </div>
   <div class='ocr_carea' id='block_1_3' title="bbox 680 566 2265 642">
    <p class='ocr_par' dir='ltr' id='par_1_3' title="bbox 680 566 2265 642">
     <span class='ocr_line' id='line_1_3' title="bbox 680 566 2265 642; baseline 0.002 -20"><span class='ocrx_word' id='word_1_10' title='bbox 680 566 931 639; x_wconf 81' lang='lat' dir='ltr'><strong>pleraque</strong></span> <span class='ocrx_word' id='word_1_11' title='bbox 956 567 1135 624; x_wconf 83' lang='lat' dir='ltr'><strong>omnia</strong></span> <span class='ocrx_word' id='word_1_12' title='bbox 1162 566 1277 623; x_wconf 81' lang='lat' dir='ltr'><strong>fere</strong></span> <span class='ocrx_word' id='word_1_13' title='bbox 1302 567 1499 623; x_wconf 78' lang='lat' dir='ltr'><strong>habent</strong></span> <span class='ocrx_word' id='word_1_14' title='bbox 1526 583 1649 624; x_wconf 90' lang='lat' dir='ltr'><strong>cum</strong></span> <span class='ocrx_word' id='word_1_15' title='bbox 1675 569 1905 641; x_wconf 79' lang='lat' dir='ltr'><strong>Georgio</strong></span> <span class='ocrx_word' id='word_1_16' title='bbox 1938 574 2265 642; x_wconf 83' lang='lat' dir='ltr'><strong>communia,</strong></span> 
     </span>
    </p>
   </div>
   <div class='ocr_carea' id='block_1_4' title="bbox 677 659 2271 732">
    <p class='ocr_par' dir='ltr' id='par_1_4' title="bbox 677 659 2271 732">
     <span class='ocr_line' id='line_1_4' title="bbox 677 659 2271 732; baseline 0.003 -17"><span class='ocrx_word' id='word_1_17' title='bbox 677 674 853 729; x_wconf 90' lang='lat' dir='ltr'><strong>neque</strong></span> <span class='ocrx_word' id='word_1_18' title='bbox 877 674 1055 732; x_wconf 78' lang='lat' dir='ltr'><strong>opera:</strong></span> <span class='ocrx_word' id='word_1_19' title='bbox 1076 661 1305 730; x_wconf 82' lang='lat' dir='ltr'><strong>pretium</strong></span> <span class='ocrx_word' id='word_1_20' title='bbox 1327 659 1488 715; x_wconf 75' lang='lat' dir='ltr'><strong>fuerit</strong></span> <span class='ocrx_word' id='word_1_21' title='bbox 1518 660 1707 718; x_wconf 80' lang='lat' dir='ltr'><strong>iisdem</strong></span> <span class='ocrx_word' id='word_1_22' title='bbox 1735 663 1951 732; x_wconf 83' lang='lat' dir='ltr'><strong>ineptiis</strong></span> <span class='ocrx_word' id='word_1_23' title='bbox 1973 663 2271 720; x_wconf 75' lang='lat' dir='ltr'><strong>refutandis</strong></span> 
     </span>
    </p>
   </div>
   <div class='ocr_carea' id='block_1_5' title="bbox 675 748 2269 825">
    <p class='ocr_par' dir='ltr' id='par_1_5' title="bbox 675 748 2269 825">
     <span class='ocr_line' id='line_1_5' title="bbox 675 748 2269 825; baseline 0.002 -17"><span class='ocrx_word' id='word_1_24' title='bbox 675 748 763 808; x_wconf 73' lang='lat' dir='ltr'><strong>bis</strong></span> <span class='ocrx_word' id='word_1_25' title='bbox 779 752 1071 807; x_wconf 79' lang='lat' dir='ltr'><strong>immorari.</strong></span> <span class='ocrx_word' id='word_1_26' title='bbox 1101 752 1210 808; x_wconf 88' lang='lat' dir='ltr'><strong>Leo</strong></span> <span class='ocrx_word' id='word_1_27' title='bbox 1230 752 1554 809; x_wconf 84' lang='lat' dir='ltr'><strong>breviarium</strong></span> <span class='ocrx_word' id='word_1_28' title='bbox 1582 754 1735 811; x_wconf 87' lang='lat' dir='ltr'><strong>nobis</strong></span> <span class='ocrx_word' id='word_1_29' title='bbox 1750 754 1895 810; x_wconf 92' lang='lat' dir='ltr'><strong>dedit</strong></span> <span class='ocrx_word' id='word_1_30' title='bbox 1914 754 2148 825; x_wconf 84' lang='lat' dir='ltr'><strong>Georgii,</strong></span> <span class='ocrx_word' id='word_1_31' title='bbox 2168 757 2269 811; x_wconf 89' lang='lat' dir='ltr'><strong>nisi</strong></span> 
     </span>
    </p>
   </div>
   <div class='ocr_carea' id='block_1_6' title="bbox 685 842 2269 918">
    <p class='ocr_par' dir='ltr' id='par_1_6' title="bbox 685 842 2269 918">
     <span class='ocr_line' id='line_1_6' title="bbox 685 842 2269 918; baseline 0.006 -23"><span class='ocrx_word' id='word_1_32' title='bbox 685 842 818 914; x_wconf 56' lang='lat' dir='ltr'><strong>quod</strong></span> <span class='ocrx_word' id='word_1_33' title='bbox 846 843 896 898; x_wconf 91' lang='lat' dir='ltr'><strong>in</strong></span> <span class='ocrx_word' id='word_1_34' title='bbox 925 843 1033 899; x_wconf 83' lang='lat' dir='ltr'><strong>illis</strong></span> <span class='ocrx_word' id='word_1_35' title='bbox 1061 844 1306 914; x_wconf 86' lang='lat' dir='ltr'><strong>epistolis</strong></span> <span class='ocrx_word' id='word_1_36' title='bbox 1328 844 1613 917; x_wconf 79' lang='lat' dir='ltr'><strong>Georgium</strong></span> <span class='ocrx_word' id='word_1_37' title='bbox 1636 855 1910 918; x_wconf 81' lang='lat' dir='ltr'><strong>sequatur,</strong></span> <span class='ocrx_word' id='word_1_38' title='bbox 1941 848 2131 905; x_wconf 85' lang='lat' dir='ltr'><strong>saltem</strong></span> <span class='ocrx_word' id='word_1_39' title='bbox 2162 863 2269 905; x_wconf 91' lang='lat' dir='ltr'><strong>non</strong></span> 
     </span>
    </p>
   </div>
   <div class='ocr_carea' id='block_1_7' title="bbox 677 931 2267 1013">
    <p class='ocr_par' dir='ltr' id='par_1_7' title="bbox 677 931 2267 1013">
     <span class='ocr_line' id='line_1_7' title="bbox 677 931 2267 1013; baseline 0.006 -26"><span class='ocrx_word' id='word_1_40' title='bbox 677 931 972 1000; x_wconf 80' lang='lat' dir='ltr'><strong>abbreviet,</strong></span> <span class='ocrx_word' id='word_1_41' title='bbox 999 942 1053 989; x_wconf 90' lang='lat' dir='ltr'><strong>ut</strong></span> <span class='ocrx_word' id='word_1_42' title='bbox 1082 951 1252 1005; x_wconf 90' lang='lat' dir='ltr'><strong>neque</strong></span> <span class='ocrx_word' id='word_1_43' title='bbox 1297 936 1520 993; x_wconf 89' lang='lat' dir='ltr'><strong>Photius</strong></span> <span class='ocrx_word' id='word_1_44' title='bbox 1563 938 1615 993; x_wconf 92' lang='lat' dir='ltr'><strong>in</strong></span> <span class='ocrx_word' id='word_1_45' title='bbox 1661 940 1895 1009; x_wconf 91' lang='lat' dir='ltr'><strong>epitome</strong></span> <span class='ocrx_word' id='word_1_46' title='bbox 1920 940 2267 1013; x_wconf 79' lang='lat' dir='ltr'><strong>Gregoriana,</strong></span> 
     </span>
    </p>
   </div>
   <div class='ocr_carea' id='block_1_8' title="bbox 677 1025 2273 1108">
    <p class='ocr_par' dir='ltr' id='par_1_8' title="bbox 677 1025 2273 1108">
     <span class='ocr_line' id='line_1_8' title="bbox 677 1025 2273 1108; baseline 0.006 -26"><span class='ocrx_word' id='word_1_47' title='bbox 677 1025 813 1083; x_wconf 86' lang='lat' dir='ltr'><strong>Cod.</strong></span> <span class='ocrx_word' id='word_1_48' title='bbox 845 1027 935 1084; x_wconf 77' lang='lat'><strong>96.</strong></span> <span class='ocrx_word' id='word_1_49' title='bbox 964 1028 1141 1084; x_wconf 79' lang='lat' dir='ltr'><strong>Potuit</strong></span> <span class='ocrx_word' id='word_1_50' title='bbox 1166 1037 1313 1085; x_wconf 92' lang='lat' dir='ltr'><strong>certe</strong></span> <span class='ocrx_word' id='word_1_51' title='bbox 1331 1030 1449 1087; x_wconf 86' lang='lat' dir='ltr'><strong>sine</strong></span> <span class='ocrx_word' id='word_1_52' title='bbox 1478 1030 1674 1087; x_wconf 91' lang='lat' dir='ltr'><strong>damno</strong></span> <span class='ocrx_word' id='word_1_53' title='bbox 1698 1035 1869 1091; x_wconf 90' lang='lat' dir='ltr'><strong>omitti</strong></span> <span class='ocrx_word' id='word_1_54' title='bbox 1897 1053 1911 1091; x_wconf 91' lang='lat'><strong>:</strong></span> <span class='ocrx_word' id='word_1_55' title='bbox 1939 1037 2273 1108; x_wconf 85' lang='lat' dir='ltr'><strong>nequeenim</strong></span> 
     </span>
    </p>
   </div>
   <div class='ocr_carea' id='block_1_9' title="bbox 679 1120 2271 1202">
    <p class='ocr_par' dir='ltr' id='par_1_9' title="bbox 679 1120 2271 1202">
     <span class='ocr_line' id='line_1_9' title="bbox 679 1120 2271 1202; baseline 0.007 -27"><span class='ocrx_word' id='word_1_56' title='bbox 679 1120 879 1190; x_wconf 81' lang='lat' dir='ltr'><strong>aliquid</strong></span> <span class='ocrx_word' id='word_1_57' title='bbox 902 1122 1132 1193; x_wconf 79' lang='lat' dir='ltr'><strong>Georgio</strong></span> <span class='ocrx_word' id='word_1_58' title='bbox 1152 1122 1375 1190; x_wconf 83' lang='lat' dir='ltr'><strong>addidit,</strong></span> <span class='ocrx_word' id='word_1_59' title='bbox 1402 1135 1598 1196; x_wconf 60' lang='lat' dir='ltr'><strong>praeter</strong></span> <span class='ocrx_word' id='word_1_60' title='bbox 1618 1126 1917 1184; x_wconf 66' lang='lat' dir='ltr'><strong>affectatam</strong></span> <span class='ocrx_word' id='word_1_61' title='bbox 1929 1129 2129 1187; x_wconf 89' lang='lat' dir='ltr'><strong>alicubi</strong></span> <span class='ocrx_word' id='word_1_62' title='bbox 2147 1130 2271 1202; x_wconf 83' lang='lat' dir='ltr'><strong>styli</strong></span> 
     </span>
    </p>
   </div>
   <div class='ocr_carea' id='block_1_10' title="bbox 683 1213 2272 1294">
    <p class='ocr_par' dir='ltr' id='par_1_10' title="bbox 683 1213 2272 1294">
     <span class='ocr_line' id='line_1_10' title="bbox 683 1213 2272 1294; baseline 0.008 -27"><span class='ocrx_word' id='word_1_63' title='bbox 683 1213 1064 1271; x_wconf 87' lang='lat' dir='ltr'><strong>obscuritatem</strong></span> <span class='ocrx_word' id='word_1_64' title='bbox 1088 1234 1101 1271; x_wconf 86' lang='lat'><strong>:</strong></span> <span class='ocrx_word' id='word_1_65' title='bbox 1125 1214 1227 1271; x_wconf 82' lang='lat' dir='ltr'><strong>nisi</strong></span> <span class='ocrx_word' id='word_1_66' title='bbox 1253 1218 1394 1288; x_wconf 90' lang='lat' dir='ltr'><strong>quod</strong></span> <span class='ocrx_word' id='word_1_67' title='bbox 1422 1218 1488 1273; x_wconf 88' lang='lat' dir='ltr'><strong>ad</strong></span> <span class='ocrx_word' id='word_1_68' title='bbox 1514 1220 1773 1290; x_wconf 87' lang='lat' dir='ltr'><strong>reliquam</strong></span> <span class='ocrx_word' id='word_1_69' title='bbox 1804 1220 2027 1294; x_wconf 78' lang='lat' dir='ltr'><strong>Joannis</strong></span> <span class='ocrx_word' id='word_1_70' title='bbox 2050 1222 2272 1294; x_wconf 77' lang='lat' dir='ltr'><strong>gloriam</strong></span> 
     </span>
    </p>
   </div>
   <div class='ocr_carea' id='block_1_11' title="bbox 686 1303 2274 1383">
    <p class='ocr_par' dir='ltr' id='par_1_11' title="bbox 686 1303 2274 1383">
     <span class='ocr_line' id='line_1_11' title="bbox 686 1303 2274 1383; baseline 0.007 -24"><span class='ocrx_word' id='word_1_71' title='bbox 686 1303 816 1361; x_wconf 89' lang='lat' dir='ltr'><strong>inde</strong></span> <span class='ocrx_word' id='word_1_72' title='bbox 836 1320 1028 1377; x_wconf 86' lang='lat' dir='ltr'><strong>magna</strong></span> <span class='ocrx_word' id='word_1_73' title='bbox 1050 1306 1319 1362; x_wconf 79' lang='lat' dir='ltr'><strong>videretur</strong></span> <span class='ocrx_word' id='word_1_74' title='bbox 1340 1307 1474 1363; x_wconf 80' lang='lat' dir='ltr'><strong>facta</strong></span> <span class='ocrx_word' id='word_1_75' title='bbox 1501 1311 1761 1380; x_wconf 86' lang='lat' dir='ltr'><strong>accessio,</strong></span> <span class='ocrx_word' id='word_1_76' title='bbox 1785 1312 1925 1383; x_wconf 92' lang='lat' dir='ltr'><strong>quod</strong></span> <span class='ocrx_word' id='word_1_77' title='bbox 1944 1321 2148 1369; x_wconf 92' lang='lat' dir='ltr'><strong>tantum</strong></span> <span class='ocrx_word' id='word_1_78' title='bbox 2171 1316 2274 1370; x_wconf 87' lang='lat' dir='ltr'><strong>lm-</strong></span> 
     </span>
    </p>
   </div>
   <div class='ocr_carea' id='block_1_12' title="bbox 689 1398 2277 1471">
    <p class='ocr_par' dir='ltr' id='par_1_12' title="bbox 689 1398 2277 1471">
     <span class='ocr_line' id='line_1_12' title="bbox 689 1398 2277 1471; baseline 0.006 -19"><span class='ocrx_word' id='word_1_79' title='bbox 689 1407 991 1468; x_wconf 87' lang='lat' dir='ltr'><strong>peratorem</strong></span> <span class='ocrx_word' id='word_1_80' title='bbox 1022 1398 1239 1454; x_wconf 85' lang='lat' dir='ltr'><strong>laudum</strong></span> <span class='ocrx_word' id='word_1_81' title='bbox 1268 1415 1481 1455; x_wconf 89' lang='lat' dir='ltr'><strong>suarum</strong></span> <span class='ocrx_word' id='word_1_82' title='bbox 1505 1415 1805 1471; x_wconf 57' lang='lat' dir='ltr'><strong>praeconem</strong></span> <span class='ocrx_word' id='word_1_83' title='bbox 1837 1405 2098 1461; x_wconf 83' lang='lat' dir='ltr'><strong>invenerit</strong></span> <span class='ocrx_word' id='word_1_84' title='bbox 2128 1408 2277 1463; x_wconf 83' lang='lat' dir='ltr'><strong>Ano-</strong></span> 
     </span>
    </p>
   </div>
   <div class='ocr_carea' id='block_1_13' title="bbox 689 1492 2275 1569">
    <p class='ocr_par' dir='ltr' id='par_1_13' title="bbox 689 1492 2275 1569">
     <span class='ocr_line' id='line_1_13' title="bbox 689 1492 2275 1569; baseline 0.009 -26"><span class='ocrx_word' id='word_1_85' title='bbox 689 1505 881 1563; x_wconf 76' lang='lat' dir='ltr'><strong>nymus</strong></span> <span class='ocrx_word' id='word_1_86' title='bbox 909 1508 1071 1547; x_wconf 88' lang='lat' dir='ltr'><strong>unum</strong></span> <span class='ocrx_word' id='word_1_87' title='bbox 1097 1501 1188 1548; x_wconf 90' lang='lat' dir='ltr'><strong>aut</strong></span> <span class='ocrx_word' id='word_1_88' title='bbox 1226 1492 1451 1549; x_wconf 88' lang='lat' dir='ltr'><strong>alterum</strong></span> <span class='ocrx_word' id='word_1_89' title='bbox 1494 1494 1656 1551; x_wconf 86' lang='lat' dir='ltr'><strong>habet</strong></span> <span class='ocrx_word' id='word_1_90' title='bbox 1683 1512 1921 1553; x_wconf 91' lang='lat' dir='ltr'><strong>errorem</strong></span> <span class='ocrx_word' id='word_1_91' title='bbox 1954 1500 2275 1569; x_wconf 87' lang='lat' dir='ltr'><strong>peculiarem</strong></span> 
     </span>
    </p>
   </div>
   <div class='ocr_carea' id='block_1_14' title="bbox 684 1584 2279 1649">
    <p class='ocr_par' dir='ltr' id='par_1_14' title="bbox 684 1584 2279 1649">
     <span class='ocr_line' id='line_1_14' title="bbox 684 1584 2279 1649; baseline 0.009 -13"><span class='ocrx_word' id='word_1_92' title='bbox 684 1590 741 1637; x_wconf 85' lang='lat' dir='ltr'><strong>et</strong></span> <span class='ocrx_word' id='word_1_93' title='bbox 776 1596 952 1637; x_wconf 91' lang='lat' dir='ltr'><strong>suum.</strong></span> <span class='ocrx_word' id='word_1_94' title='bbox 986 1584 1221 1640; x_wconf 84' lang='lat' dir='ltr'><strong>Primum</strong></span> <span class='ocrx_word' id='word_1_95' title='bbox 1250 1595 1333 1641; x_wconf 88' lang='lat' dir='ltr'><strong>est</strong></span> <span class='ocrx_word' id='word_1_96' title='bbox 1356 1586 1517 1641; x_wconf 87' lang='lat' dir='ltr'><strong>latum</strong></span> <span class='ocrx_word' id='word_1_97' title='bbox 1546 1590 1675 1643; x_wconf 83' lang='lat' dir='ltr'><strong>satis</strong></span> <span class='ocrx_word' id='word_1_98' title='bbox 1702 1598 1757 1644; x_wconf 89' lang='lat' dir='ltr'><strong>et</strong></span> <span class='ocrx_word' id='word_1_99' title='bbox 1784 1605 2023 1646; x_wconf 90' lang='lat' dir='ltr'><strong>crassum</strong></span> <span class='ocrx_word' id='word_1_100' title='bbox 2057 1593 2279 1649; x_wconf 86' lang='lat' dir='ltr'><strong>menda-</strong></span> 
     </span>
    </p>
   </div>
   <div class='ocr_carea' id='block_1_15' title="bbox 684 1676 2280 1760">
    <p class='ocr_par' dir='ltr' id='par_1_15' title="bbox 684 1676 2280 1760">
     <span class='ocr_line' id='line_1_15' title="bbox 684 1676 2280 1760; baseline 0.009 -31"><span class='ocrx_word' id='word_1_101' title='bbox 684 1676 848 1741; x_wconf 86' lang='lat' dir='ltr'><strong>cium,</strong></span> <span class='ocrx_word' id='word_1_102' title='bbox 883 1678 1025 1747; x_wconf 91' lang='lat' dir='ltr'><strong>quod</strong></span> <span class='ocrx_word' id='word_1_103' title='bbox 1054 1678 1332 1735; x_wconf 82' lang='lat' dir='ltr'><strong>Libaninm</strong></span> <span class='ocrx_word' id='word_1_104' title='bbox 1372 1680 1533 1741; x_wconf 79' lang='lat' dir='ltr'><strong>faciat</strong></span> <span class='ocrx_word' id='word_1_105' title='bbox 1568 1683 1638 1738; x_wconf 88' lang='lat' dir='ltr'><strong>ad</strong></span> <span class='ocrx_word' id='word_1_106' title='bbox 1676 1683 1940 1741; x_wconf 89' lang='lat' dir='ltr'><strong>Jnlianum</strong></span> <span class='ocrx_word' id='word_1_107' title='bbox 1964 1686 2073 1757; x_wconf 85' lang='lat' dir='ltr'><strong>jam</strong></span> <span class='ocrx_word' id='word_1_108' title='bbox 2102 1688 2280 1760; x_wconf 80' lang='lat' dir='ltr'><strong>Augu-</strong></span> 
     </span>
    </p>
   </div>
   <div class='ocr_carea' id='block_1_16' title="bbox 686 1768 2283 1850">
    <p class='ocr_par' dir='ltr' id='par_1_16' title="bbox 686 1768 2283 1850">
     <span class='ocr_line' id='line_1_16' title="bbox 686 1768 2283 1850; baseline 0.011 -31"><span class='ocrx_word' id='word_1_109' title='bbox 686 1774 826 1820; x_wconf 84' lang='lat' dir='ltr'><strong>stum</strong></span> <span class='ocrx_word' id='word_1_110' title='bbox 851 1768 1141 1835; x_wconf 84' lang='lat' dir='ltr'><strong>dicentem,</strong></span> <span class='ocrx_word' id='word_1_111' title='bbox 1172 1772 1439 1827; x_wconf 88' lang='lat' dir='ltr'><strong>neminem</strong></span> <span class='ocrx_word' id='word_1_112' title='bbox 1468 1774 1677 1829; x_wconf 91' lang='lat' dir='ltr'><strong>illorum</strong></span> <span class='ocrx_word' id='word_1_113' title='bbox 1710 1792 2020 1848; x_wconf 83' lang='lat' dir='ltr'><strong>magnorum</strong></span> <span class='ocrx_word' id='word_1_114' title='bbox 2049 1781 2283 1850; x_wconf 85' lang='lat' dir='ltr'><strong>philoso-</strong></span> 
     </span>
    </p>
   </div>
   <div class='ocr_carea' id='block_1_17' title="bbox 687 1858 2281 1943">
    <p class='ocr_par' dir='ltr' id='par_1_17' title="bbox 687 1858 2281 1943">
     <span class='ocr_line' id='line_1_17' title="bbox 687 1858 2281 1943; baseline 0.011 -30"><span class='ocrx_word' id='word_1_115' title='bbox 687 1858 917 1929; x_wconf 90' lang='lat' dir='ltr'><strong>phorum</strong></span> <span class='ocrx_word' id='word_1_116' title='bbox 946 1860 1151 1919; x_wconf 89' lang='lat' dir='ltr'><strong>Joanne</strong></span> <span class='ocrx_word' id='word_1_117' title='bbox 1172 1863 1504 1934; x_wconf 85' lang='lat' dir='ltr'><strong>superiorem</strong></span> <span class='ocrx_word' id='word_1_118' title='bbox 1530 1882 1672 1933; x_wconf 87' lang='lat' dir='ltr'><strong>esse,</strong></span> <span class='ocrx_word' id='word_1_119' title='bbox 1700 1884 1769 1924; x_wconf 89' lang='lat' dir='ltr'><strong>ne</strong></span> <span class='ocrx_word' id='word_1_120' title='bbox 1796 1887 2045 1942; x_wconf 79' lang='lat' dir='ltr'><strong>magnum</strong></span> <span class='ocrx_word' id='word_1_121' title='bbox 2067 1874 2281 1943; x_wconf 85' lang='lat' dir='ltr'><strong>quidem</strong></span> 
     </span>
    </p>
   </div>
   <div class='ocr_carea' id='block_1_18' title="bbox 692 1953 2283 2034">
    <p class='ocr_par' dir='ltr' id='par_1_18' title="bbox 692 1953 2283 2034">
     <span class='ocr_line' id='line_1_18' title="bbox 692 1953 2283 2034; baseline 0.009 -27"><span class='ocrx_word' id='word_1_122' title='bbox 692 1953 844 2008; x_wconf 91' lang='lat' dir='ltr'><strong>illum</strong></span> <span class='ocrx_word' id='word_1_123' title='bbox 873 1962 927 2009; x_wconf 92' lang='lat' dir='ltr'><strong>et</strong></span> <span class='ocrx_word' id='word_1_124' title='bbox 952 1954 1189 2011; x_wconf 87' lang='lat' dir='ltr'><strong>divinum</strong></span> <span class='ocrx_word' id='word_1_125' title='bbox 1217 1956 1515 2034; x_wconf 73' lang='lat' dir='ltr'><strong>Platonem,</strong></span> <span class='ocrx_word' id='word_1_126' title='bbox 1552 1974 1649 2015; x_wconf 91' lang='lat' dir='ltr'><strong>nec</strong></span> <span class='ocrx_word' id='word_1_127' title='bbox 1676 1962 1727 2015; x_wconf 92' lang='lat' dir='ltr'><strong>in</strong></span> <span class='ocrx_word' id='word_1_128' title='bbox 1750 1960 2052 2033; x_wconf 88' lang='lat' dir='ltr'><strong>eloquentia</strong></span> <span class='ocrx_word' id='word_1_129' title='bbox 2086 1965 2283 2021; x_wconf 80' lang='lat' dir='ltr'><strong>Demo-</strong></span> 
     </span>
    </p>
   </div>
   <div class='ocr_carea' id='block_1_19' title="bbox 687 2044 2289 2122">
    <p class='ocr_par' dir='ltr' id='par_1_19' title="bbox 687 2044 2289 2122">
     <span class='ocr_line' id='line_1_19' title="bbox 687 2044 2289 2122; baseline 0.01 -24"><span class='ocrx_word' id='word_1_130' title='bbox 687 2044 969 2111; x_wconf 78' lang='lat' dir='ltr'><strong>sthenem;</strong></span> <span class='ocrx_word' id='word_1_131' title='bbox 995 2047 1138 2116; x_wconf 91' lang='lat' dir='ltr'><strong>quod</strong></span> <span class='ocrx_word' id='word_1_132' title='bbox 1166 2057 1224 2103; x_wconf 91' lang='lat' dir='ltr'><strong>ut</strong></span> <span class='ocrx_word' id='word_1_133' title='bbox 1250 2064 1435 2105; x_wconf 89' lang='lat' dir='ltr'><strong>verum</strong></span> <span class='ocrx_word' id='word_1_134' title='bbox 1469 2061 1653 2121; x_wconf 83' lang='lat' dir='ltr'><strong>postea</strong></span> <span class='ocrx_word' id='word_1_135' title='bbox 1678 2052 1839 2109; x_wconf 79' lang='lat' dir='ltr'><strong>fuisse</strong></span> <span class='ocrx_word' id='word_1_136' title='bbox 1868 2055 2074 2122; x_wconf 90' lang='lat' dir='ltr'><strong>demus,</strong></span> <span class='ocrx_word' id='word_1_137' title='bbox 2101 2057 2168 2112; x_wconf 89' lang='lat' dir='ltr'><strong>ad</strong></span> <span class='ocrx_word' id='word_1_138' title='bbox 2193 2058 2289 2113; x_wconf 80' lang='lat' dir='ltr'><strong>Ju-</strong></span> 
     </span>
    </p>
   </div>
   <div class='ocr_carea' id='block_1_20' title="bbox 689 2134 2287 2215">
    <p class='ocr_par' dir='ltr' id='par_1_20' title="bbox 689 2134 2287 2215">
     <span class='ocr_line' id='line_1_20' title="bbox 689 2134 2287 2215; baseline 0.011 -26"><span class='ocrx_word' id='word_1_139' title='bbox 689 2134 889 2192; x_wconf 90' lang='lat' dir='ltr'><strong>lianum</strong></span> <span class='ocrx_word' id='word_1_140' title='bbox 916 2146 1061 2193; x_wconf 89' lang='lat' dir='ltr'><strong>certe</strong></span> <span class='ocrx_word' id='word_1_141' title='bbox 1096 2139 1203 2195; x_wconf 89' lang='lat' dir='ltr'><strong>dici</strong></span> <span class='ocrx_word' id='word_1_142' title='bbox 1229 2156 1336 2197; x_wconf 90' lang='lat' dir='ltr'><strong>non</strong></span> <span class='ocrx_word' id='word_1_143' title='bbox 1375 2145 1566 2211; x_wconf 87' lang='lat' dir='ltr'><strong>potuit,</strong></span> <span class='ocrx_word' id='word_1_144' title='bbox 1596 2145 1685 2215; x_wconf 91' lang='lat' dir='ltr'><strong>qui</strong></span> <span class='ocrx_word' id='word_1_145' title='bbox 1712 2155 1952 2202; x_wconf 90' lang='lat' dir='ltr'><strong>mortuus</strong></span> <span class='ocrx_word' id='word_1_146' title='bbox 1972 2158 2055 2204; x_wconf 90' lang='lat' dir='ltr'><strong>est</strong></span> <span class='ocrx_word' id='word_1_147' title='bbox 2081 2150 2287 2207; x_wconf 81' lang='lat' dir='ltr'><strong>Joanne</strong></span> 
     </span>
    </p>
   </div>
   <div class='ocr_carea' id='block_1_21' title="bbox 694 2225 2285 2313">
    <p class='ocr_par' dir='ltr' id='par_1_21' title="bbox 694 2225 2285 2313">
     <span class='ocr_line' id='line_1_21' title="bbox 694 2225 2285 2313; baseline 0.013 -36"><span class='ocrx_word' id='word_1_148' title='bbox 694 2225 777 2281; x_wconf 82' lang='lat' dir='ltr'><strong>vix</strong></span> <span class='ocrx_word' id='word_1_149' title='bbox 802 2242 865 2282; x_wconf 90' lang='lat' dir='ltr'><strong>ac</strong></span> <span class='ocrx_word' id='word_1_150' title='bbox 890 2243 956 2285; x_wconf 92' lang='lat' dir='ltr'><strong>ne</strong></span> <span class='ocrx_word' id='word_1_151' title='bbox 985 2231 1069 2285; x_wconf 86' lang='lat' dir='ltr'><strong>vix</strong></span> <span class='ocrx_word' id='word_1_152' title='bbox 1094 2230 1308 2301; x_wconf 86' lang='lat' dir='ltr'><strong>quidem</strong></span> <span class='ocrx_word' id='word_1_153' title='bbox 1332 2244 1579 2289; x_wconf 89' lang='lat' dir='ltr'><strong>octavum</strong></span> <span class='ocrx_word' id='word_1_154' title='bbox 1606 2238 1779 2292; x_wconf 67' lang='lat' dir='ltr'><strong>aetatis</strong></span> <span class='ocrx_word' id='word_1_155' title='bbox 1802 2253 1999 2293; x_wconf 89' lang='lat' dir='ltr'><strong>annum</strong></span> <span class='ocrx_word' id='word_1_156' title='bbox 2024 2241 2285 2313; x_wconf 75' lang='lat' dir='ltr'><strong>ingresso;</strong></span> 
     </span>
    </p>
   </div>
   <div class='ocr_carea' id='block_1_22' title="bbox 697 2320 1277 2389">
    <p class='ocr_par' dir='ltr' id='par_1_22' title="bbox 697 2320 1277 2389">
     <span class='ocr_line' id='line_1_22' title="bbox 697 2320 1277 2389; baseline 0.012 -17"><span class='ocrx_word' id='word_1_157' title='bbox 697 2327 753 2373; x_wconf 83' lang='lat' dir='ltr'><strong>ut</strong></span> <span class='ocrx_word' id='word_1_158' title='bbox 772 2320 1076 2377; x_wconf 79' lang='lat' dir='ltr'><strong>exclamare</strong></span> <span class='ocrx_word' id='word_1_159' title='bbox 1098 2322 1277 2389; x_wconf 89' lang='lat' dir='ltr'><strong>libeat,</strong></span> 
     </span>
    </p>
   </div>
   <div class='ocr_carea' id='block_1_23' title="bbox 941 2415 1663 2476">
    <p class='ocr_par' dir='ltr' id='par_1_23' title="bbox 941 2415 1663 2476">
     <span class='ocr_line' id='line_1_23' title="bbox 941 2415 1663 2476; baseline 0.012 -14"><span class='ocrx_word' id='word_1_160' title='bbox 941 2419 994 2462; x_wconf 76' lang='lat' dir='ltr'><strong>Et</strong></span> <span class='ocrx_word' id='word_1_161' title='bbox 1010 2415 1125 2476; x_wconf 89' lang='lat' dir='ltr'><strong>quid</strong></span> <span class='ocrx_word' id='word_1_162' title='bbox 1150 2430 1248 2466; x_wconf 88' lang='lat' dir='ltr'><strong>non</strong></span> <span class='ocrx_word' id='word_1_163' title='bbox 1263 2419 1442 2469; x_wconf 67' lang='lat' dir='ltr'><strong>Graecia</strong></span> <span class='ocrx_word' id='word_1_164' title='bbox 1458 2420 1663 2471; x_wconf 88' lang='lat' dir='ltr'><strong>mendax</strong></span> 
     </span>
    </p>
   </div>
   <div class='ocr_carea' id='block_1_24' title="bbox 822 2494 1362 2561">
    <p class='ocr_par' dir='ltr' id='par_1_24' title="bbox 822 2494 1362 2561">
     <span class='ocr_line' id='line_1_24' title="bbox 822 2494 1362 2561; baseline 0.011 -18"><span class='ocrx_word' id='word_1_165' title='bbox 822 2494 975 2545; x_wconf 77' lang='lat' dir='ltr'><strong>Audet</strong></span> <span class='ocrx_word' id='word_1_166' title='bbox 992 2497 1041 2546; x_wconf 90' lang='lat' dir='ltr'><strong>in</strong></span> <span class='ocrx_word' id='word_1_167' title='bbox 1058 2497 1362 2561; x_wconf 80' lang='lat' dir='ltr'><strong>bistoria....,</strong></span> 
     </span>
    </p>
   </div>
   <div class='ocr_carea' id='block_1_25' title="bbox 701 2580 2294 2661">
    <p class='ocr_par' dir='ltr' id='par_1_25' title="bbox 701 2580 2294 2661">
     <span class='ocr_line' id='line_1_25' title="bbox 701 2580 2294 2661; baseline 0.012 -29"><span class='ocrx_word' id='word_1_168' title='bbox 701 2580 998 2648; x_wconf 65' lang='lat' dir='ltr'><strong>praesertim</strong></span> <span class='ocrx_word' id='word_1_169' title='bbox 1034 2581 1132 2637; x_wconf 85' lang='lat' dir='ltr'><strong>ista</strong></span> <span class='ocrx_word' id='word_1_170' title='bbox 1153 2586 1455 2641; x_wconf 86' lang='lat' dir='ltr'><strong>recentior!</strong></span> <span class='ocrx_word' id='word_1_171' title='bbox 1485 2587 1619 2642; x_wconf 84' lang='lat' dir='ltr'><strong>Huic</strong></span> <span class='ocrx_word' id='word_1_172' title='bbox 1643 2589 1817 2644; x_wconf 90' lang='lat' dir='ltr'><strong>simile</strong></span> <span class='ocrx_word' id='word_1_173' title='bbox 1838 2604 1902 2645; x_wconf 88' lang='lat' dir='ltr'><strong>ac</strong></span> <span class='ocrx_word' id='word_1_174' title='bbox 1926 2607 2063 2659; x_wconf 89' lang='lat' dir='ltr'><strong>pene</strong></span> <span class='ocrx_word' id='word_1_175' title='bbox 2086 2607 2294 2661; x_wconf 78' lang='lat' dir='ltr'><strong>germa-</strong></span> 
     </span>
    </p>
   </div>
   <div class='ocr_carea' id='block_1_26' title="bbox 700 2670 2296 2748">
    <p class='ocr_par' dir='ltr' id='par_1_26' title="bbox 700 2670 2296 2748">
     <span class='ocr_line' id='line_1_26' title="bbox 700 2670 2296 2748; baseline 0.009 -23"><span class='ocrx_word' id='word_1_176' title='bbox 700 2687 826 2726; x_wconf 89' lang='lat' dir='ltr'><strong>num</strong></span> <span class='ocrx_word' id='word_1_177' title='bbox 849 2682 951 2740; x_wconf 88' lang='lat' dir='ltr'><strong>est,</strong></span> <span class='ocrx_word' id='word_1_178' title='bbox 981 2670 1296 2746; x_wconf 81' lang='lat' dir='ltr'><strong>Gregorium</strong></span> <span class='ocrx_word' id='word_1_179' title='bbox 1324 2677 1737 2748; x_wconf 82' lang='lat' dir='ltr'><strong>Nazianzenum,</strong></span> <span class='ocrx_word' id='word_1_180' title='bbox 1766 2697 1843 2737; x_wconf 89' lang='lat' dir='ltr'><strong>sc.</strong></span> <span class='ocrx_word' id='word_1_181' title='bbox 1868 2682 1993 2738; x_wconf 90' lang='lat' dir='ltr'><strong>dum</strong></span> <span class='ocrx_word' id='word_1_182' title='bbox 2018 2684 2193 2739; x_wconf 87' lang='lat' dir='ltr'><strong>adhuc</strong></span> <span class='ocrx_word' id='word_1_183' title='bbox 2210 2700 2296 2741; x_wconf 84' lang='lat' dir='ltr'><strong>es-</strong></span> 
     </span>
    </p>
   </div>
   <div class='ocr_carea' id='block_1_27' title="bbox 699 2763 2297 2845">
    <p class='ocr_par' dir='ltr' id='par_1_27' title="bbox 699 2763 2297 2845">
     <span class='ocr_line' id='line_1_27' title="bbox 699 2763 2297 2845; baseline 0.01 -28"><span class='ocrx_word' id='word_1_184' title='bbox 699 2771 783 2819; x_wconf 87' lang='lat' dir='ltr'><strong>set</strong></span> <span class='ocrx_word' id='word_1_185' title='bbox 809 2763 1112 2822; x_wconf 84' lang='lat' dir='ltr'><strong>Patriarcba</strong></span> <span class='ocrx_word' id='word_1_186' title='bbox 1133 2763 1204 2822; x_wconf 53' lang='lat' dir='ltr'><strong>CQ</strong></span> <span class='ocrx_word' id='word_1_187' title='bbox 1226 2768 1307 2837; x_wconf 91' lang='lat' dir='ltr'><strong>P.,</strong></span> <span class='ocrx_word' id='word_1_188' title='bbox 1338 2785 1461 2825; x_wconf 91' lang='lat' dir='ltr'><strong>cum</strong></span> <span class='ocrx_word' id='word_1_189' title='bbox 1483 2771 1785 2828; x_wconf 81' lang='lat' dir='ltr'><strong>Theodosio</strong></span> <span class='ocrx_word' id='word_1_190' title='bbox 1811 2774 2000 2845; x_wconf 81' lang='lat' dir='ltr'><strong>Magno</strong></span> <span class='ocrx_word' id='word_1_191' title='bbox 2020 2790 2297 2833; x_wconf 87' lang='lat' dir='ltr'><strong>sermones</strong></span> 
     </span>
    </p>
   </div>
   <div class='ocr_carea' id='block_1_28' title="bbox 706 2858 2299 2933">
    <p class='ocr_par' dir='ltr' id='par_1_28' title="bbox 706 2858 2299 2933">
     <span class='ocr_line' id='line_1_28' title="bbox 706 2858 2299 2933; baseline 0.009 -22"><span class='ocrx_word' id='word_1_192' title='bbox 706 2869 893 2913; x_wconf 72' lang='lat' dir='ltr'><strong>serere</strong></span> <span class='ocrx_word' id='word_1_193' title='bbox 920 2858 987 2914; x_wconf 90' lang='lat' dir='ltr'><strong>de</strong></span> <span class='ocrx_word' id='word_1_194' title='bbox 1012 2858 1231 2916; x_wconf 83' lang='lat' dir='ltr'><strong>Joannis</strong></span> <span class='ocrx_word' id='word_1_195' title='bbox 1260 2863 1591 2920; x_wconf 89' lang='lat' dir='ltr'><strong>orationibus</strong></span> <span class='ocrx_word' id='word_1_196' title='bbox 1615 2864 1952 2933; x_wconf 87' lang='lat' dir='ltr'><strong>Statuarum;</strong></span> <span class='ocrx_word' id='word_1_197' title='bbox 1982 2884 2104 2923; x_wconf 90' lang='lat' dir='ltr'><strong>cum</strong></span> <span class='ocrx_word' id='word_1_198' title='bbox 2134 2872 2299 2925; x_wconf 73' lang='lat' dir='ltr'><strong>nons-</strong></span> 
     </span>
    </p>
   </div>
   <div class='ocr_carea' id='block_1_29' title="bbox 701 2946 2297 3027">
    <p class='ocr_par' dir='ltr' id='par_1_29' title="bbox 701 2946 2297 3027">
     <span class='ocr_line' id='line_1_29' title="bbox 701 2946 2297 3027; baseline 0.008 -25"><span class='ocrx_word' id='word_1_199' title='bbox 701 2946 896 3003; x_wconf 77' lang='lat' dir='ltr'><strong>simum</strong></span> <span class='ocrx_word' id='word_1_200' title='bbox 928 2950 1020 3018; x_wconf 90' lang='lat' dir='ltr'><strong>sit,</strong></span> <span class='ocrx_word' id='word_1_201' title='bbox 1056 2950 1371 3023; x_wconf 78' lang='lat' dir='ltr'><strong>Gregorium</strong></span> <span class='ocrx_word' id='word_1_202' title='bbox 1400 2954 1645 3011; x_wconf 88' lang='lat' dir='ltr'><strong>abdicato</strong></span> <span class='ocrx_word' id='word_1_203' title='bbox 1670 2958 1999 3027; x_wconf 86' lang='lat' dir='ltr'><strong>episcopatu,</strong></span> <span class='ocrx_word' id='word_1_204' title='bbox 2032 2970 2085 3015; x_wconf 92' lang='lat' dir='ltr'><strong>et</strong></span> <span class='ocrx_word' id='word_1_205' title='bbox 2111 2960 2297 3015; x_wconf 87' lang='lat' dir='ltr'><strong>relicta</strong></span> 
     </span>
    </p>
   </div>
   <div class='ocr_carea' id='block_1_30' title="bbox 701 3037 2299 3123">
    <p class='ocr_par' dir='ltr' id='par_1_30' title="bbox 701 3037 2299 3123">
     <span class='ocr_line' id='line_1_30' title="bbox 701 3037 2299 3123; baseline 0.009 -28"><span class='ocrx_word' id='word_1_206' title='bbox 701 3037 1185 3114; x_wconf 85' lang='lat' dir='ltr'><strong>Constantinopoli,</strong></span> <span class='ocrx_word' id='word_1_207' title='bbox 1214 3045 1268 3100; x_wconf 92' lang='lat' dir='ltr'><strong>in</strong></span> <span class='ocrx_word' id='word_1_208' title='bbox 1287 3045 1675 3118; x_wconf 87' lang='lat' dir='ltr'><strong>Cappadociam</strong></span> <span class='ocrx_word' id='word_1_209' title='bbox 1703 3052 2053 3120; x_wconf 85' lang='lat' dir='ltr'><strong>concessisse,</strong></span> <span class='ocrx_word' id='word_1_210' title='bbox 2078 3052 2192 3123; x_wconf 89' lang='lat' dir='ltr'><strong>ipso</strong></span> <span class='ocrx_word' id='word_1_211' title='bbox 2209 3068 2299 3110; x_wconf 59' lang='lat' dir='ltr'><strong>se-</strong></span> 
     </span>
    </p>
   </div>
   <div class='ocr_carea' id='block_1_31' title="bbox 704 3133 2298 3210">
    <p class='ocr_par' dir='ltr' id='par_1_31' title="bbox 704 3133 2298 3210">
     <span class='ocr_line' id='line_1_31' title="bbox 704 3133 2298 3210; baseline 0.011 -23"><span class='ocrx_word' id='word_1_212' title='bbox 704 3133 895 3190; x_wconf 70' lang='lat' dir='ltr'><strong>cundze</strong></span> <span class='ocrx_word' id='word_1_213' title='bbox 940 3136 1131 3207; x_wconf 76' lang='lat' dir='ltr'><strong>synodi</strong></span> <span class='ocrx_word' id='word_1_214' title='bbox 1180 3145 1441 3210; x_wconf 90' lang='lat' dir='ltr'><strong>tempore,</strong></span> <span class='ocrx_word' id='word_1_215' title='bbox 1472 3156 1613 3197; x_wconf 90' lang='lat' dir='ltr'><strong>anno</strong></span> <span class='ocrx_word' id='word_1_216' title='bbox 1657 3142 1865 3198; x_wconf 88' lang='lat' dir='ltr'><strong>Domini</strong></span> <span class='ocrx_word' id='word_1_217' title='bbox 1909 3145 2032 3210; x_wconf 74' lang='lat'><strong>38!,</strong></span> <span class='ocrx_word' id='word_1_218' title='bbox 2083 3147 2298 3205; x_wconf 78' lang='lat' dir='ltr'><strong>vixdum</strong></span> 
     </span>
    </p>
   </div>
   <div class='ocr_carea' id='block_1_32' title="bbox 703 3222 2303 3305">
    <p class='ocr_par' dir='ltr' id='par_1_32' title="bbox 703 3222 2303 3305">
     <span class='ocr_line' id='line_1_32' title="bbox 703 3222 2303 3305; baseline 0.014 -28"><span class='ocrx_word' id='word_1_219' title='bbox 703 3222 936 3283; x_wconf 79' lang='lat' dir='ltr'><strong>diacono</strong></span> <span class='ocrx_word' id='word_1_220' title='bbox 959 3227 1186 3296; x_wconf 86' lang='lat' dir='ltr'><strong>Joanne.</strong></span> <span class='ocrx_word' id='word_1_221' title='bbox 1218 3239 1272 3289; x_wconf 93' lang='lat' dir='ltr'><strong>et</strong></span> <span class='ocrx_word' id='word_1_222' title='bbox 1292 3247 1464 3291; x_wconf 88' lang='lat' dir='ltr'><strong>annos</strong></span> <span class='ocrx_word' id='word_1_223' title='bbox 1492 3234 1770 3294; x_wconf 86' lang='lat' dir='ltr'><strong>minimum</strong></span> <span class='ocrx_word' id='word_1_224' title='bbox 1798 3248 2003 3305; x_wconf 82' lang='lat' dir='ltr'><strong>septem</strong></span> <span class='ocrx_word' id='word_1_225' title='bbox 2029 3250 2153 3299; x_wconf 84' lang='lat' dir='ltr'><strong>ante</strong></span> <span class='ocrx_word' id='word_1_226' title='bbox 2170 3249 2303 3298; x_wconf 84' lang='lat' dir='ltr'><strong>tem-</strong></span> 
     </span>
    </p>
   </div>
   <div class='ocr_carea' id='block_1_33' title="bbox 1879 320 3965 424">
    <p class='ocr_par' dir='ltr' id='par_1_33' title="bbox 1879 320 3965 424">
     <span class='ocr_line' id='line_1_33' title="bbox 1879 320 3965 424; baseline 0.003 -7"><span class='ocrx_word' id='word_1_227' title='bbox 1879 362 2217 419; x_wconf 68' lang='lat' dir='ltr'><strong>mnrvnn</strong></span> <span class='ocrx_word' id='word_1_228' title='bbox 2254 361 2691 422; x_wconf 79' lang='lat' dir='ltr'><strong>ANTIOCHENI.</strong></span> <span class='ocrx_word' id='word_1_229' title='bbox 2850 338 2851 343; x_wconf 8' lang='grc' dir='ltr'>γ</span> <span class='ocrx_word' id='word_1_230' title='bbox 3390 320 3391 323; x_wconf 4' lang='grc' dir='ltr'><strong><em>Ν</em></strong></span> <span class='ocrx_word' id='word_1_231' title='bbox 3900 382 3965 424; x_wconf 74' lang='grc' dir='ltr'><strong>ιι</strong></span> 
     </span>
    </p>
   </div>
   <div class='ocr_carea' id='block_1_34' title="bbox 2376 477 3972 550">
    <p class='ocr_par' dir='ltr' id='par_1_34' title="bbox 2376 477 3972 550">
     <span class='ocr_line' id='line_1_34' title="bbox 2376 477 3972 550; baseline 0.005 -22"><span class='ocrx_word' id='word_1_232' title='bbox 2376 488 2473 545; x_wconf 86' lang='lat' dir='ltr'><strong>pus</strong></span> <span class='ocrx_word' id='word_1_233' title='bbox 2499 487 2811 529; x_wconf 81' lang='lat' dir='ltr'><strong>eversarnm</strong></span> <span class='ocrx_word' id='word_1_234' title='bbox 2841 483 3158 531; x_wconf 83' lang='lat' dir='ltr'><strong>statuarum.</strong></span> <span class='ocrx_word' id='word_1_235' title='bbox 3191 477 3271 533; x_wconf 78' lang='lat' dir='ltr'><strong>Ad</strong></span> <span class='ocrx_word' id='word_1_236' title='bbox 3308 478 3562 536; x_wconf 85' lang='lat' dir='ltr'><strong>miracula</strong></span> <span class='ocrx_word' id='word_1_237' title='bbox 3592 479 3733 550; x_wconf 89' lang='lat' dir='ltr'><strong>quod</strong></span> <span class='ocrx_word' id='word_1_238' title='bbox 3763 491 3972 550; x_wconf 82' lang='lat' dir='ltr'><strong>spectat</strong></span> 
     </span>
    </p>
   </div>
   <div class='ocr_carea' id='block_1_35' title="bbox 2375 564 3969 643">
    <p class='ocr_par' dir='ltr' id='par_1_35' title="bbox 2375 564 3969 643">
     <span class='ocr_line' id='line_1_35' title="bbox 2375 564 3969 643; baseline 0.004 -22"><span class='ocrx_word' id='word_1_239' title='bbox 2375 565 2501 621; x_wconf 90' lang='lat' dir='ltr'><strong>licet</strong></span> <span class='ocrx_word' id='word_1_240' title='bbox 2524 580 2706 621; x_wconf 89' lang='lat' dir='ltr'><strong>eorum</strong></span> <span class='ocrx_word' id='word_1_241' title='bbox 2738 564 3045 637; x_wconf 78' lang='lat' dir='ltr'><strong>diligentem</strong></span> <span class='ocrx_word' id='word_1_242' title='bbox 3073 569 3442 624; x_wconf 84' lang='lat' dir='ltr'><strong>collectionem</strong></span> <span class='ocrx_word' id='word_1_243' title='bbox 3482 569 3672 627; x_wconf 80' lang='lat' dir='ltr'><strong>iecisse</strong></span> <span class='ocrx_word' id='word_1_244' title='bbox 3710 572 3969 643; x_wconf 74' lang='lat' dir='ltr'><strong>Georgius</strong></span> 
     </span>
    </p>
   </div>
   <div class='ocr_carea' id='block_1_36' title="bbox 2379 655 3973 734">
    <p class='ocr_par' dir='ltr' id='par_1_36' title="bbox 2379 655 3973 734">
     <span class='ocr_line' id='line_1_36' title="bbox 2379 655 3973 734; baseline 0.004 -23"><span class='ocrx_word' id='word_1_245' title='bbox 2379 657 2564 728; x_wconf 81' lang='lat' dir='ltr'><strong>posset</strong></span> <span class='ocrx_word' id='word_1_246' title='bbox 2592 655 2780 723; x_wconf 87' lang='lat' dir='ltr'><strong>videri,</strong></span> <span class='ocrx_word' id='word_1_247' title='bbox 2815 662 2945 714; x_wconf 89' lang='lat' dir='ltr'><strong>satis</strong></span> <span class='ocrx_word' id='word_1_248' title='bbox 2973 669 3149 715; x_wconf 87' lang='lat' dir='ltr'><strong>tamen</strong></span> <span class='ocrx_word' id='word_1_249' title='bbox 3172 671 3415 728; x_wconf 71' lang='lat' dir='ltr'><strong>amptum</strong></span> <span class='ocrx_word' id='word_1_250' title='bbox 3446 662 3660 731; x_wconf 89' lang='lat' dir='ltr'><strong>reliquit</strong></span> <span class='ocrx_word' id='word_1_251' title='bbox 3687 665 3973 734; x_wconf 82' lang='lat' dir='ltr'><strong>Anonymo</strong></span> 
     </span>
    </p>
   </div>
   <div class='ocr_carea' id='block_1_37' title="bbox 2376 748 3976 824">
    <p class='ocr_par' dir='ltr' id='par_1_37' title="bbox 2376 748 3976 824">
     <span class='ocr_line' id='line_1_37' title="bbox 2376 748 3976 824; baseline 0.004 -20"><span class='ocrx_word' id='word_1_252' title='bbox 2376 748 2728 822; x_wconf 80' lang='lat' dir='ltr'><strong>spicilegium.</strong></span> <span class='ocrx_word' id='word_1_253' title='bbox 2760 749 2908 805; x_wconf 81' lang='lat' dir='ltr'><strong>Visio</strong></span> <span class='ocrx_word' id='word_1_254' title='bbox 2937 749 3196 821; x_wconf 86' lang='lat' dir='ltr'><strong>Gregorio</strong></span> <span class='ocrx_word' id='word_1_255' title='bbox 3222 750 3498 824; x_wconf 78' lang='lat' dir='ltr'><strong>&#39;l&#39;heologo</strong></span> <span class='ocrx_word' id='word_1_256' title='bbox 3528 753 3664 809; x_wconf 83' lang='lat' dir='ltr'><strong>facta</strong></span> <span class='ocrx_word' id='word_1_257' title='bbox 3700 755 3769 811; x_wconf 90' lang='lat' dir='ltr'><strong>de</strong></span> <span class='ocrx_word' id='word_1_258' title='bbox 3808 754 3976 814; x_wconf 83' lang='lat' dir='ltr'><strong>Joan-</strong></span> 
     </span>
    </p>
   </div>
   <div class='ocr_carea' id='block_1_38' title="bbox 2377 841 3978 919">
    <p class='ocr_par' dir='ltr' id='par_1_38' title="bbox 2377 841 3978 919">
     <span class='ocr_line' id='line_1_38' title="bbox 2377 841 3978 919; baseline 0.001 -21"><span class='ocrx_word' id='word_1_259' title='bbox 2377 858 2445 898; x_wconf 88' lang='lat' dir='ltr'><strong>ne</strong></span> <span class='ocrx_word' id='word_1_260' title='bbox 2472 858 2591 913; x_wconf 86' lang='lat' dir='ltr'><strong>cap.</strong></span> <span class='ocrx_word' id='word_1_261' title='bbox 2624 843 2722 905; x_wconf 76' lang='lat'><strong>37;</strong></span> <span class='ocrx_word' id='word_1_262' title='bbox 2746 841 2814 897; x_wconf 91' lang='lat' dir='ltr'><strong>de</strong></span> <span class='ocrx_word' id='word_1_263' title='bbox 2836 842 2897 898; x_wconf 90' lang='lat' dir='ltr'><strong>S.</strong></span> <span class='ocrx_word' id='word_1_264' title='bbox 2929 842 3095 898; x_wconf 79' lang='lat' dir='ltr'><strong>Paulo</strong></span> <span class='ocrx_word' id='word_1_265' title='bbox 3119 844 3338 899; x_wconf 89' lang='lat' dir='ltr'><strong>Joannis</strong></span> <span class='ocrx_word' id='word_1_266' title='bbox 3365 846 3725 916; x_wconf 83' lang='lat' dir='ltr'><strong>expositiones</strong></span> <span class='ocrx_word' id='word_1_267' title='bbox 3746 849 3837 902; x_wconf 74' lang='lat' dir='ltr'><strong>sub</strong></span> <span class='ocrx_word' id='word_1_268' title='bbox 3868 849 3978 919; x_wconf 74' lang='lat' dir='ltr'><strong>for-</strong></span> 
     </span>
    </p>
   </div>
   <div class='ocr_carea' id='block_1_39' title="bbox 2378 934 3981 1007">
    <p class='ocr_par' dir='ltr' id='par_1_39' title="bbox 2378 934 3981 1007">
     <span class='ocr_line' id='line_1_39' title="bbox 2378 934 3981 1007; baseline 0.002 -18"><span class='ocrx_word' id='word_1_269' title='bbox 2378 950 2463 989; x_wconf 84' lang='lat' dir='ltr'><strong>ma</strong></span> <span class='ocrx_word' id='word_1_270' title='bbox 2493 951 2736 1006; x_wconf 84' lang='lat' dir='ltr'><strong>corporea</strong></span> <span class='ocrx_word' id='word_1_271' title='bbox 2763 934 3115 990; x_wconf 85' lang='lat' dir='ltr'><strong>conﬁrmante</strong></span> <span class='ocrx_word' id='word_1_272' title='bbox 3136 951 3255 1005; x_wconf 87' lang='lat' dir='ltr'><strong>cap.</strong></span> <span class='ocrx_word' id='word_1_273' title='bbox 3284 936 3383 999; x_wconf 81' lang='lat'><strong>59;</strong></span> <span class='ocrx_word' id='word_1_274' title='bbox 3410 937 3549 1007; x_wconf 82' lang='lat' dir='ltr'><strong>quod</strong></span> <span class='ocrx_word' id='word_1_275' title='bbox 3582 937 3815 994; x_wconf 81' lang='lat' dir='ltr'><strong>Joannes</strong></span> <span class='ocrx_word' id='word_1_276' title='bbox 3848 936 3981 994; x_wconf 78' lang='lat' dir='ltr'><strong>Pro-</strong></span> 
     </span>
    </p>
   </div>
   <div class='ocr_carea' id='block_1_40' title="bbox 2379 1026 3984 1099">
    <p class='ocr_par' dir='ltr' id='par_1_40' title="bbox 2379 1026 3984 1099">
     <span class='ocr_line' id='line_1_40' title="bbox 2379 1026 3984 1099; baseline 0.002 -18"><span class='ocrx_word' id='word_1_277' title='bbox 2379 1026 2464 1081; x_wconf 90' lang='lat' dir='ltr'><strong>clo</strong></span> <span class='ocrx_word' id='word_1_278' title='bbox 2484 1026 2881 1081; x_wconf 89' lang='lat' dir='ltr'><strong>successionem</strong></span> <span class='ocrx_word' id='word_1_279' title='bbox 2901 1026 2952 1081; x_wconf 92' lang='lat' dir='ltr'><strong>in</strong></span> <span class='ocrx_word' id='word_1_280' title='bbox 2975 1027 3102 1081; x_wconf 89' lang='lat' dir='ltr'><strong>sede</strong></span> <span class='ocrx_word' id='word_1_281' title='bbox 3126 1027 3184 1082; x_wconf 93' lang='lat' dir='ltr'><strong>C.</strong></span> <span class='ocrx_word' id='word_1_282' title='bbox 3211 1028 3270 1081; x_wconf 87' lang='lat' dir='ltr'><strong>P.</strong></span> <span class='ocrx_word' id='word_1_283' title='bbox 3296 1029 3535 1097; x_wconf 74' lang='lat' dir='ltr'><strong>pra-dicit</strong></span> <span class='ocrx_word' id='word_1_284' title='bbox 3553 1045 3671 1099; x_wconf 86' lang='lat' dir='ltr'><strong>cap.</strong></span> <span class='ocrx_word' id='word_1_285' title='bbox 3696 1030 3794 1096; x_wconf 82' lang='lat'><strong>60;</strong></span> <span class='ocrx_word' id='word_1_286' title='bbox 3817 1029 3984 1086; x_wconf 85' lang='lat' dir='ltr'><strong>Joan-</strong></span> 
     </span>
    </p>
   </div>
   <div class='ocr_carea' id='block_1_41' title="bbox 2380 1114 3980 1191">
    <p class='ocr_par' dir='ltr' id='par_1_41' title="bbox 2380 1114 3980 1191">
     <span class='ocr_line' id='line_1_41' title="bbox 2380 1114 3980 1191; baseline 0.002 -20"><span class='ocrx_word' id='word_1_287' title='bbox 2380 1116 2465 1171; x_wconf 89' lang='lat' dir='ltr'><strong>nis</strong></span> <span class='ocrx_word' id='word_1_288' title='bbox 2520 1114 2824 1185; x_wconf 81' lang='lat' dir='ltr'><strong>frequentes</strong></span> <span class='ocrx_word' id='word_1_289' title='bbox 2866 1122 3093 1173; x_wconf 72' lang='grc' dir='ltr'><strong>ὸπτασίαι</strong></span> <span class='ocrx_word' id='word_1_290' title='bbox 3144 1119 3283 1173; x_wconf 92' lang='lat' dir='ltr'><strong>inter</strong></span> <span class='ocrx_word' id='word_1_291' title='bbox 3336 1122 3559 1191; x_wconf 75' lang='lat' dir='ltr'><strong>synaxin</strong></span> <span class='ocrx_word' id='word_1_292' title='bbox 3601 1121 3980 1177; x_wconf 84' lang='lat' dir='ltr'><strong>celebrandam</strong></span> 
     </span>
    </p>
   </div>
   <div class='ocr_carea' id='block_1_42' title="bbox 2381 1207 3983 1285">
    <p class='ocr_par' dir='ltr' id='par_1_42' title="bbox 2381 1207 3983 1285">
     <span class='ocr_line' id='line_1_42' title="bbox 2381 1207 3983 1285; baseline 0.004 -23"><span class='ocrx_word' id='word_1_293' title='bbox 2381 1221 2499 1277; x_wconf 87' lang='lat' dir='ltr'><strong>cap.</strong></span> <span class='ocrx_word' id='word_1_294' title='bbox 2534 1207 2624 1274; x_wconf 74' lang='lat'><strong>79.,</strong></span> <span class='ocrx_word' id='word_1_295' title='bbox 2665 1208 2753 1273; x_wconf 78' lang='lat'><strong>75,</strong></span> <span class='ocrx_word' id='word_1_296' title='bbox 2803 1208 2900 1273; x_wconf 63' lang='grc' dir='ltr'><strong>Ἶσις</strong></span> <span class='ocrx_word' id='word_1_297' title='bbox 2932 1209 3198 1280; x_wconf 86' lang='lat' dir='ltr'><strong>apparitio</strong></span> <span class='ocrx_word' id='word_1_298' title='bbox 3240 1210 3489 1276; x_wconf 71' lang='lat' dir='ltr'><strong>Andrem,</strong></span> <span class='ocrx_word' id='word_1_299' title='bbox 3535 1210 3796 1285; x_wconf 81' lang='lat' dir='ltr'><strong>Stacliyos</strong></span> <span class='ocrx_word' id='word_1_300' title='bbox 3834 1222 3889 1268; x_wconf 90' lang='lat' dir='ltr'><strong>et</strong></span> <span class='ocrx_word' id='word_1_301' title='bbox 3918 1212 3983 1268; x_wconf 85' lang='grc' dir='ltr'><strong>Β.</strong></span> 
     </span>
    </p>
   </div>
   <div class='ocr_carea' id='block_1_43' title="bbox 2383 1301 3985 1372">
    <p class='ocr_par' dir='ltr' id='par_1_43' title="bbox 2383 1301 3985 1372">
     <span class='ocr_line' id='line_1_43' title="bbox 2383 1301 3985 1372; baseline 0.002 -16"><span class='ocrx_word' id='word_1_302' title='bbox 2383 1301 2617 1371; x_wconf 78' lang='lat' dir='ltr'><strong>Virginis</strong></span> <span class='ocrx_word' id='word_1_303' title='bbox 2644 1317 2762 1371; x_wconf 88' lang='lat' dir='ltr'><strong>cap.</strong></span> <span class='ocrx_word' id='word_1_304' title='bbox 2794 1302 2895 1366; x_wconf 86' lang='lat'><strong>79;</strong></span> <span class='ocrx_word' id='word_1_305' title='bbox 2920 1303 3194 1372; x_wconf 69' lang='lat' dir='ltr'><strong>praedictio</strong></span> <span class='ocrx_word' id='word_1_306' title='bbox 3222 1302 3358 1357; x_wconf 85' lang='lat' dir='ltr'><strong>facta</strong></span> <span class='ocrx_word' id='word_1_307' title='bbox 3385 1303 3575 1358; x_wconf 69' lang='lat' dir='ltr'><strong>Nicaea:</strong></span> <span class='ocrx_word' id='word_1_308' title='bbox 3614 1304 3682 1359; x_wconf 90' lang='lat' dir='ltr'><strong>de</strong></span> <span class='ocrx_word' id='word_1_309' title='bbox 3724 1305 3985 1361; x_wconf 81' lang='lat' dir='ltr'><strong>Mauricio</strong></span> 
     </span>
    </p>
   </div>
   <div class='ocr_carea' id='block_1_44' title="bbox 2386 1396 3981 1470">
    <p class='ocr_par' dir='ltr' id='par_1_44' title="bbox 2386 1396 3981 1470">
     <span class='ocr_line' id='line_1_44' title="bbox 2386 1396 3981 1470; baseline 0.001 -17"><span class='ocrx_word' id='word_1_310' title='bbox 2386 1396 2715 1467; x_wconf 82' lang='lat' dir='ltr'><strong>Imperatore</strong></span> <span class='ocrx_word' id='word_1_311' title='bbox 2730 1411 2849 1467; x_wconf 90' lang='lat' dir='ltr'><strong>cap.</strong></span> <span class='ocrx_word' id='word_1_312' title='bbox 2870 1398 3000 1461; x_wconf 72' lang='lat'><strong>107;</strong></span> <span class='ocrx_word' id='word_1_313' title='bbox 3021 1398 3252 1452; x_wconf 85' lang='lat' dir='ltr'><strong>visiones</strong></span> <span class='ocrx_word' id='word_1_314' title='bbox 3273 1398 3430 1453; x_wconf 84' lang='lat' dir='ltr'><strong>Marci</strong></span> <span class='ocrx_word' id='word_1_315' title='bbox 3450 1410 3501 1453; x_wconf 88' lang='lat' dir='ltr'><strong>et</strong></span> <span class='ocrx_word' id='word_1_316' title='bbox 3515 1398 3697 1470; x_wconf 71' lang='lat' dir='ltr'><strong>Cyl-illi</strong></span> <span class='ocrx_word' id='word_1_317' title='bbox 3715 1416 3833 1470; x_wconf 84' lang='lat' dir='ltr'><strong>cap.</strong></span> <span class='ocrx_word' id='word_1_318' title='bbox 3858 1400 3981 1466; x_wconf 73' lang='lat'><strong>19.8,</strong></span> 
     </span>
    </p>
   </div>
   <div class='ocr_carea' id='block_1_45' title="bbox 2390 1489 3989 1559">
    <p class='ocr_par' dir='ltr' id='par_1_45' title="bbox 2390 1489 3989 1559">
     <span class='ocr_line' id='line_1_45' title="bbox 2390 1489 3989 1559; baseline 0.002 -16"><span class='ocrx_word' id='word_1_319' title='bbox 2390 1489 2530 1553; x_wconf 70' lang='lat'><strong>129;</strong></span> <span class='ocrx_word' id='word_1_320' title='bbox 2565 1498 2765 1544; x_wconf 89' lang='lat' dir='ltr'><strong>tremor</strong></span> <span class='ocrx_word' id='word_1_321' title='bbox 2809 1490 3037 1558; x_wconf 88' lang='lat' dir='ltr'><strong>sepulcri</strong></span> <span class='ocrx_word' id='word_1_322' title='bbox 3089 1489 3344 1544; x_wconf 78' lang='lat' dir='ltr'><strong>Eudoxia:</strong></span> <span class='ocrx_word' id='word_1_323' title='bbox 3385 1505 3502 1559; x_wconf 90' lang='lat' dir='ltr'><strong>cap.</strong></span> <span class='ocrx_word' id='word_1_324' title='bbox 3550 1490 3671 1555; x_wconf 69' lang='lat'><strong>159.,</strong></span> <span class='ocrx_word' id='word_1_325' title='bbox 3720 1500 3773 1547; x_wconf 92' lang='lat' dir='ltr'><strong>ct</strong></span> <span class='ocrx_word' id='word_1_326' title='bbox 3801 1492 3989 1547; x_wconf 87' lang='lat' dir='ltr'><strong>nescio</strong></span> 
     </span>
    </p>
   </div>
   <div class='ocr_carea' id='block_1_46' title="bbox 2389 1579 3984 1654">
    <p class='ocr_par' dir='ltr' id='par_1_46' title="bbox 2389 1579 3984 1654">
     <span class='ocr_line' id='line_1_46' title="bbox 2389 1579 3984 1654; baseline 0.003 -21"><span class='ocrx_word' id='word_1_327' title='bbox 2389 1595 2509 1649; x_wconf 68' lang='lat' dir='ltr'><strong>qua:</strong></span> <span class='ocrx_word' id='word_1_328' title='bbox 2537 1579 2674 1635; x_wconf 83' lang='lat' dir='ltr'><strong>facta</strong></span> <span class='ocrx_word' id='word_1_329' title='bbox 2706 1580 2959 1634; x_wconf 85' lang='lat' dir='ltr'><strong>miracula</strong></span> <span class='ocrx_word' id='word_1_330' title='bbox 2982 1581 3035 1634; x_wconf 82' lang='lat' dir='ltr'><strong>in</strong></span> <span class='ocrx_word' id='word_1_331' title='bbox 3062 1581 3397 1634; x_wconf 80' lang='lat' dir='ltr'><strong>translatione</strong></span> <span class='ocrx_word' id='word_1_332' title='bbox 3426 1582 3774 1654; x_wconf 84' lang='lat' dir='ltr'><strong>reliquiarum,</strong></span> <span class='ocrx_word' id='word_1_333' title='bbox 3802 1600 3925 1653; x_wconf 77' lang='lat' dir='ltr'><strong>qum</strong></span> <span class='ocrx_word' id='word_1_334' title='bbox 3955 1598 3984 1638; x_wconf 87' lang='lat' dir='ltr'><strong>a</strong></span> 
     </span>
    </p>
   </div>
   <div class='ocr_carea' id='block_1_47' title="bbox 2388 1672 3988 1747">
    <p class='ocr_par' dir='ltr' id='par_1_47' title="bbox 2388 1672 3988 1747">
     <span class='ocr_line' id='line_1_47' title="bbox 2388 1672 3988 1747; baseline 0.003 -19"><span class='ocrx_word' id='word_1_335' title='bbox 2388 1672 2659 1728; x_wconf 83' lang='lat' dir='ltr'><strong>Vestitore</strong></span> <span class='ocrx_word' id='word_1_336' title='bbox 2680 1682 2948 1728; x_wconf 89' lang='lat' dir='ltr'><strong>mutuatus</strong></span> <span class='ocrx_word' id='word_1_337' title='bbox 2967 1682 3082 1728; x_wconf 90' lang='lat' dir='ltr'><strong>est:</strong></span> <span class='ocrx_word' id='word_1_338' title='bbox 3111 1672 3226 1728; x_wconf 71' lang='lat' dir='ltr'><strong>hate</strong></span> <span class='ocrx_word' id='word_1_339' title='bbox 3252 1676 3450 1741; x_wconf 91' lang='lat' dir='ltr'><strong>omnia,</strong></span> <span class='ocrx_word' id='word_1_340' title='bbox 3475 1676 3712 1746; x_wconf 89' lang='lat' dir='ltr'><strong>inquam,</strong></span> <span class='ocrx_word' id='word_1_341' title='bbox 3744 1678 3988 1747; x_wconf 84' lang='lat' dir='ltr'><strong>ejusdem</strong></span> 
     </span>
    </p>
   </div>
   <div class='ocr_carea' id='block_1_48' title="bbox 2390 1770 3990 1843">
    <p class='ocr_par' dir='ltr' id='par_1_48' title="bbox 2390 1770 3990 1843">
     <span class='ocr_line' id='line_1_48' title="bbox 2390 1770 3990 1843; baseline 0.002 -19"><span class='ocrx_word' id='word_1_342' title='bbox 2390 1770 2599 1825; x_wconf 89' lang='lat' dir='ltr'><strong>ordinis</strong></span> <span class='ocrx_word' id='word_1_343' title='bbox 2632 1770 2841 1841; x_wconf 89' lang='lat' dir='ltr'><strong>locique</strong></span> <span class='ocrx_word' id='word_1_344' title='bbox 2870 1781 2993 1825; x_wconf 89' lang='lat' dir='ltr'><strong>sunt</strong></span> <span class='ocrx_word' id='word_1_345' title='bbox 3022 1786 3144 1825; x_wconf 92' lang='lat' dir='ltr'><strong>cum</strong></span> <span class='ocrx_word' id='word_1_346' title='bbox 3178 1772 3284 1827; x_wconf 92' lang='lat' dir='ltr'><strong>illis</strong></span> <span class='ocrx_word' id='word_1_347' title='bbox 3308 1772 3427 1827; x_wconf 90' lang='lat' dir='ltr'><strong>aliis</strong></span> <span class='ocrx_word' id='word_1_348' title='bbox 3453 1772 3790 1843; x_wconf 76' lang='lat' dir='ltr'><strong>Georgianis.</strong></span> <span class='ocrx_word' id='word_1_349' title='bbox 3831 1770 3990 1838; x_wconf 85' lang='lat' dir='ltr'><strong>Quod</strong></span> 
     </span>
    </p>
   </div>
   <div class='ocr_carea' id='block_1_49' title="bbox 2391 1863 3995 1933">
    <p class='ocr_par' dir='ltr' id='par_1_49' title="bbox 2391 1863 3995 1933">
     <span class='ocr_line' id='line_1_49' title="bbox 2391 1863 3995 1933; baseline 0 -14"><span class='ocrx_word' id='word_1_350' title='bbox 2391 1865 2437 1919; x_wconf 83' lang='lat' dir='ltr'><strong>si</strong></span> <span class='ocrx_word' id='word_1_351' title='bbox 2469 1864 2599 1919; x_wconf 90' lang='lat' dir='ltr'><strong>illud</strong></span> <span class='ocrx_word' id='word_1_352' title='bbox 2627 1865 2825 1933; x_wconf 81' lang='lat' dir='ltr'><strong>Ephori</strong></span> <span class='ocrx_word' id='word_1_353' title='bbox 2865 1864 3004 1933; x_wconf 89' lang='lat' dir='ltr'><strong>apud</strong></span> <span class='ocrx_word' id='word_1_354' title='bbox 3030 1865 3351 1920; x_wconf 86' lang='lat' dir='ltr'><strong>Strabonem</strong></span> <span class='ocrx_word' id='word_1_355' title='bbox 3378 1865 3450 1920; x_wconf 90' lang='lat' dir='ltr'><strong>de</strong></span> <span class='ocrx_word' id='word_1_356' title='bbox 3487 1865 3705 1920; x_wconf 89' lang='lat' dir='ltr'><strong>oraculo</strong></span> <span class='ocrx_word' id='word_1_357' title='bbox 3734 1863 3995 1932; x_wconf 80' lang='lat' dir='ltr'><strong>Delphico</strong></span> 
     </span>
    </p>
   </div>
   <div class='ocr_carea' id='block_1_50' title="bbox 2395 1956 3995 2026">
    <p class='ocr_par' dir='ltr' id='par_1_50' title="bbox 2395 1956 3995 2026">
     <span class='ocr_line' id='line_1_50' title="bbox 2395 1956 3995 2026; baseline -0.001 -16"><span class='ocrx_word' id='word_1_358' title='bbox 2395 1956 2680 2025; x_wconf 88' lang='lat' dir='ltr'><strong>scripturi:</strong></span> <span class='ocrx_word' id='word_1_359' title='bbox 2707 1956 2945 2026; x_wconf 90' lang='lat' dir='ltr'><strong>ineptum</strong></span> <span class='ocrx_word' id='word_1_360' title='bbox 2972 1971 3093 2012; x_wconf 89' lang='lat' dir='ltr'><strong>esse</strong></span> <span class='ocrx_word' id='word_1_361' title='bbox 3119 1956 3185 2011; x_wconf 93' lang='lat' dir='ltr'><strong>de</strong></span> <span class='ocrx_word' id='word_1_362' title='bbox 3210 1958 3427 2012; x_wconf 89' lang='lat' dir='ltr'><strong>oraculo</strong></span> <span class='ocrx_word' id='word_1_363' title='bbox 3447 1959 3684 2011; x_wconf 90' lang='lat' dir='ltr'><strong>omnium</strong></span> <span class='ocrx_word' id='word_1_364' title='bbox 3708 1957 3995 2011; x_wconf 83' lang='lat' dir='ltr'><strong>verissimo</strong></span> 
     </span>
    </p>
   </div>
   <div class='ocr_carea' id='block_1_51' title="bbox 2395 2050 3998 2115">
    <p class='ocr_par' dir='ltr' id='par_1_51' title="bbox 2395 2050 3998 2115">
     <span class='ocr_line' id='line_1_51' title="bbox 2395 2050 3998 2115; baseline -0.001 -10"><span class='ocrx_word' id='word_1_365' title='bbox 2395 2059 2660 2115; x_wconf 83' lang='lat' dir='ltr'><strong>acturum,</strong></span> <span class='ocrx_word' id='word_1_366' title='bbox 2704 2050 2920 2104; x_wconf 87' lang='lat' dir='ltr'><strong>incertis</strong></span> <span class='ocrx_word' id='word_1_367' title='bbox 2957 2050 3261 2105; x_wconf 86' lang='lat' dir='ltr'><strong>rumoribus</strong></span> <span class='ocrx_word' id='word_1_368' title='bbox 3291 2060 3343 2106; x_wconf 89' lang='lat' dir='ltr'><strong>et</strong></span> <span class='ocrx_word' id='word_1_369' title='bbox 3382 2052 3773 2106; x_wconf 85' lang='lat' dir='ltr'><strong>narrationibus</strong></span> <span class='ocrx_word' id='word_1_370' title='bbox 3813 2050 3998 2104; x_wconf 83' lang='lat' dir='ltr'><strong>minus</strong></span> 
     </span>
    </p>
   </div>
   <div class='ocr_carea' id='block_1_52' title="bbox 2397 2140 4001 2211">
    <p class='ocr_par' dir='ltr' id='par_1_52' title="bbox 2397 2140 4001 2211">
     <span class='ocr_line' id='line_1_52' title="bbox 2397 2140 4001 2211; baseline 0.001 -16"><span class='ocrx_word' id='word_1_371' title='bbox 2397 2141 2762 2211; x_wconf 86' lang='lat' dir='ltr'><strong>probabilibus</strong></span> <span class='ocrx_word' id='word_1_372' title='bbox 2793 2140 3194 2211; x_wconf 80' lang='lat' dir='ltr'><strong>indulgerezsi,</strong></span> <span class='ocrx_word' id='word_1_373' title='bbox 3240 2142 3476 2211; x_wconf 84' lang='lat' dir='ltr'><strong>inquam,</strong></span> <span class='ocrx_word' id='word_1_374' title='bbox 3512 2142 3612 2197; x_wconf 89' lang='lat' dir='ltr'><strong>hoc</strong></span> <span class='ocrx_word' id='word_1_375' title='bbox 3657 2143 3722 2196; x_wconf 91' lang='lat' dir='ltr'><strong>iis</strong></span> <span class='ocrx_word' id='word_1_376' title='bbox 3761 2142 4001 2197; x_wconf 84' lang='lat' dir='ltr'><strong>venisset</strong></span> 
     </span>
    </p>
   </div>
   <div class='ocr_carea' id='block_1_53' title="bbox 2401 2232 4003 2304">
    <p class='ocr_par' dir='ltr' id='par_1_53' title="bbox 2401 2232 4003 2304">
     <span class='ocr_line' id='line_1_53' title="bbox 2401 2232 4003 2304; baseline -0.001 -17"><span class='ocrx_word' id='word_1_377' title='bbox 2401 2234 2455 2287; x_wconf 91' lang='lat' dir='ltr'><strong>in</strong></span> <span class='ocrx_word' id='word_1_378' title='bbox 2484 2240 2738 2294; x_wconf 88' lang='lat' dir='ltr'><strong>mentem,</strong></span> <span class='ocrx_word' id='word_1_379' title='bbox 2768 2232 2859 2302; x_wconf 87' lang='lat' dir='ltr'><strong>qui</strong></span> <span class='ocrx_word' id='word_1_380' title='bbox 2901 2248 2987 2287; x_wconf 87' lang='lat' dir='ltr'><strong>res</strong></span> <span class='ocrx_word' id='word_1_381' title='bbox 3018 2233 3107 2286; x_wconf 87' lang='lat' dir='ltr'><strong>Dei</strong></span> <span class='ocrx_word' id='word_1_382' title='bbox 3150 2241 3202 2286; x_wconf 90' lang='lat' dir='ltr'><strong>et</strong></span> <span class='ocrx_word' id='word_1_383' title='bbox 3244 2232 3492 2286; x_wconf 66' lang='lat' dir='ltr'><strong>Ecclesize</strong></span> <span class='ocrx_word' id='word_1_384' title='bbox 3520 2232 3815 2304; x_wconf 82' lang='lat' dir='ltr'><strong>posteritati</strong></span> <span class='ocrx_word' id='word_1_385' title='bbox 3842 2240 4003 2286; x_wconf 90' lang='lat' dir='ltr'><strong>erant</strong></span> 
     </span>
    </p>
   </div>
   <div class='ocr_carea' id='block_1_54' title="bbox 2402 2322 4003 2393">
    <p class='ocr_par' dir='ltr' id='par_1_54' title="bbox 2402 2322 4003 2393">
     <span class='ocr_line' id='line_1_54' title="bbox 2402 2322 4003 2393; baseline 0 -15"><span class='ocrx_word' id='word_1_386' title='bbox 2402 2324 2800 2389; x_wconf 88' lang='lat' dir='ltr'><strong>transmissuri;</strong></span> <span class='ocrx_word' id='word_1_387' title='bbox 2835 2338 2939 2377; x_wconf 95' lang='lat' dir='ltr'><strong>non</strong></span> <span class='ocrx_word' id='word_1_388' title='bbox 2990 2322 3131 2377; x_wconf 89' lang='lat' dir='ltr'><strong>hanc</strong></span> <span class='ocrx_word' id='word_1_389' title='bbox 3176 2332 3481 2393; x_wconf 85' lang='lat' dir='ltr'><strong>corruptam</strong></span> <span class='ocrx_word' id='word_1_390' title='bbox 3528 2332 4003 2379; x_wconf 82' lang='lat' dir='ltr'><strong>monumentorum</strong></span> 
     </span>
    </p>
   </div>
   <div class='ocr_carea' id='block_1_55' title="bbox 2342 2412 4002 2487">
    <p class='ocr_par' dir='ltr' id='par_1_55' title="bbox 2342 2412 4002 2487">
     <span class='ocr_line' id='line_1_55' title="bbox 2342 2412 4002 2487; baseline 0 -16"><span class='ocrx_word' id='word_1_391' title='bbox 2342 2412 2347 2415; x_wconf 64' lang='grc'><em>’</em></span> <span class='ocrx_word' id='word_1_392' title='bbox 2402 2417 2563 2473; x_wconf 83' lang='lat' dir='ltr'><strong>iidem</strong></span> <span class='ocrx_word' id='word_1_393' title='bbox 2597 2418 2856 2472; x_wconf 87' lang='lat' dir='ltr'><strong>immensa</strong></span> <span class='ocrx_word' id='word_1_394' title='bbox 2882 2417 3114 2487; x_wconf 76' lang='lat' dir='ltr'><strong>ﬁngendi</strong></span> <span class='ocrx_word' id='word_1_395' title='bbox 3158 2415 3376 2471; x_wconf 86' lang='lat' dir='ltr'><strong>libidine</strong></span> <span class='ocrx_word' id='word_1_396' title='bbox 3408 2417 3599 2471; x_wconf 90' lang='lat' dir='ltr'><strong>merito</strong></span> <span class='ocrx_word' id='word_1_397' title='bbox 3625 2431 4002 2486; x_wconf 88' lang='lat' dir='ltr'><strong>querercmur.</strong></span> 
     </span>
    </p>
   </div>
   <div class='ocr_carea' id='block_1_56' title="bbox 2399 2508 4006 2578">
    <p class='ocr_par' dir='ltr' id='par_1_56' title="bbox 2399 2508 4006 2578">
     <span class='ocr_line' id='line_1_56' title="bbox 2399 2508 4006 2578; baseline -0.002 -12"><span class='ocrx_word' id='word_1_398' title='bbox 2399 2508 2504 2566; x_wconf 86' lang='lat' dir='ltr'><strong>Sed</strong></span> <span class='ocrx_word' id='word_1_399' title='bbox 2533 2509 2722 2565; x_wconf 77' lang='lat' dir='ltr'><strong>desino</strong></span> <span class='ocrx_word' id='word_1_400' title='bbox 2744 2510 2943 2564; x_wconf 83' lang='lat' dir='ltr'><strong>inutilis</strong></span> <span class='ocrx_word' id='word_1_401' title='bbox 2968 2509 3220 2578; x_wconf 56' lang='lat' dir='ltr'><strong>querela,</strong></span> <span class='ocrx_word' id='word_1_402' title='bbox 3240 2518 3294 2562; x_wconf 91' lang='lat' dir='ltr'><strong>et</strong></span> <span class='ocrx_word' id='word_1_403' title='bbox 3310 2508 3374 2562; x_wconf 88' lang='lat' dir='ltr'><strong>ad</strong></span> <span class='ocrx_word' id='word_1_404' title='bbox 3404 2508 3796 2578; x_wconf 79' lang='lat' dir='ltr'><strong>Metaphrastcn</strong></span> <span class='ocrx_word' id='word_1_405' title='bbox 3820 2518 4006 2562; x_wconf 79' lang='lat' dir='ltr'><strong>trans-</strong></span> 
     </span>
    </p>
   </div>
   <div class='ocr_carea' id='block_1_57' title="bbox 2402 2595 4002 2674">
    <p class='ocr_par' dir='ltr' id='par_1_57' title="bbox 2402 2595 4002 2674">
     <span class='ocr_line' id='line_1_57' title="bbox 2402 2595 4002 2674; baseline -0.001 -21"><span class='ocrx_word' id='word_1_406' title='bbox 2402 2614 2501 2664; x_wconf 91' lang='lat' dir='ltr'><strong>eo,</strong></span> <span class='ocrx_word' id='word_1_407' title='bbox 2533 2598 2599 2654; x_wconf 90' lang='lat' dir='ltr'><strong>ad</strong></span> <span class='ocrx_word' id='word_1_408' title='bbox 2621 2616 2780 2671; x_wconf 91' lang='lat' dir='ltr'><strong>quem</strong></span> <span class='ocrx_word' id='word_1_409' title='bbox 2802 2602 3100 2674; x_wconf 90' lang='lat' dir='ltr'><strong>quidquam</strong></span> <span class='ocrx_word' id='word_1_410' title='bbox 3158 2609 3344 2656; x_wconf 86' lang='lat' dir='ltr'><strong>notare</strong></span> <span class='ocrx_word' id='word_1_411' title='bbox 3383 2616 3490 2655; x_wconf 93' lang='lat' dir='ltr'><strong>non</strong></span> <span class='ocrx_word' id='word_1_412' title='bbox 3535 2614 3670 2671; x_wconf 81' lang='lat' dir='ltr'><strong>Opus</strong></span> <span class='ocrx_word' id='word_1_413' title='bbox 3714 2609 3814 2655; x_wconf 92' lang='lat' dir='ltr'><strong>est.</strong></span> <span class='ocrx_word' id='word_1_414' title='bbox 3858 2595 4002 2653; x_wconf 82' lang='lat' dir='ltr'><strong>Nihil</strong></span> 
     </span>
    </p>
   </div>
   <div class='ocr_carea' id='block_1_58' title="bbox 2404 2688 4003 2762">
    <p class='ocr_par' dir='ltr' id='par_1_58' title="bbox 2404 2688 4003 2762">
     <span class='ocr_line' id='line_1_58' title="bbox 2404 2688 4003 2762; baseline 0.002 -18"><span class='ocrx_word' id='word_1_415' title='bbox 2404 2689 2551 2744; x_wconf 88' lang='lat' dir='ltr'><strong>enim</strong></span> <span class='ocrx_word' id='word_1_416' title='bbox 2582 2688 2763 2756; x_wconf 87' lang='lat' dir='ltr'><strong>habet,</strong></span> <span class='ocrx_word' id='word_1_417' title='bbox 2796 2690 2936 2761; x_wconf 92' lang='lat' dir='ltr'><strong>quod</strong></span> <span class='ocrx_word' id='word_1_418' title='bbox 2978 2706 3084 2746; x_wconf 94' lang='lat' dir='ltr'><strong>non</strong></span> <span class='ocrx_word' id='word_1_419' title='bbox 3129 2701 3221 2746; x_wconf 92' lang='lat' dir='ltr'><strong>aut</strong></span> <span class='ocrx_word' id='word_1_420' title='bbox 3256 2692 3397 2762; x_wconf 91' lang='lat' dir='ltr'><strong>apud</strong></span> <span class='ocrx_word' id='word_1_421' title='bbox 3425 2692 3711 2762; x_wconf 81' lang='lat' dir='ltr'><strong>Georgium</strong></span> <span class='ocrx_word' id='word_1_422' title='bbox 3745 2691 4003 2761; x_wconf 78' lang='lat' dir='ltr'><strong>reperies,</strong></span> 
     </span>
    </p>
   </div>
   <div class='ocr_carea' id='block_1_59' title="bbox 2407 2783 4009 2855">
    <p class='ocr_par' dir='ltr' id='par_1_59' title="bbox 2407 2783 4009 2855">
     <span class='ocr_line' id='line_1_59' title="bbox 2407 2783 4009 2855; baseline 0.003 -20"><span class='ocrx_word' id='word_1_423' title='bbox 2407 2791 2499 2837; x_wconf 90' lang='lat' dir='ltr'><strong>aut</strong></span> <span class='ocrx_word' id='word_1_424' title='bbox 2526 2783 2666 2853; x_wconf 89' lang='lat' dir='ltr'><strong>apud</strong></span> <span class='ocrx_word' id='word_1_425' title='bbox 2690 2784 3052 2854; x_wconf 79' lang='lat' dir='ltr'><strong>Anonymum,</strong></span> <span class='ocrx_word' id='word_1_426' title='bbox 3078 2800 3236 2855; x_wconf 90' lang='lat' dir='ltr'><strong>quem</strong></span> <span class='ocrx_word' id='word_1_427' title='bbox 3265 2784 3379 2840; x_wconf 80' lang='lat' dir='ltr'><strong>fere</strong></span> <span class='ocrx_word' id='word_1_428' title='bbox 3406 2786 3676 2854; x_wconf 81' lang='lat' dir='ltr'><strong>exprimit.</strong></span> <span class='ocrx_word' id='word_1_429' title='bbox 3714 2785 4009 2855; x_wconf 79' lang='lat' dir='ltr'><strong>Anonymo</strong></span> 
     </span>
    </p>
   </div>
   <div class='ocr_carea' id='block_1_60' title="bbox 2406 2875 4009 2946">
    <p class='ocr_par' dir='ltr' id='par_1_60' title="bbox 2406 2875 4009 2946">
     <span class='ocr_line' id='line_1_60' title="bbox 2406 2875 4009 2946; baseline 0.001 -17"><span class='ocrx_word' id='word_1_430' title='bbox 2406 2875 2551 2929; x_wconf 84' lang='lat' dir='ltr'><strong>enim</strong></span> <span class='ocrx_word' id='word_1_431' title='bbox 2596 2890 2717 2930; x_wconf 88' lang='lat' dir='ltr'><strong>cum</strong></span> <span class='ocrx_word' id='word_1_432' title='bbox 2768 2876 3125 2946; x_wconf 84' lang='lat' dir='ltr'><strong>Metaphraste</strong></span> <span class='ocrx_word' id='word_1_433' title='bbox 3172 2884 3359 2932; x_wconf 81' lang='lat' dir='ltr'><strong>sensus</strong></span> <span class='ocrx_word' id='word_1_434' title='bbox 3406 2876 3518 2931; x_wconf 76' lang='lat' dir='ltr'><strong>fere</strong></span> <span class='ocrx_word' id='word_1_435' title='bbox 3559 2891 3791 2946; x_wconf 75' lang='lat' dir='ltr'><strong>semper,</strong></span> <span class='ocrx_word' id='word_1_436' title='bbox 3836 2875 4009 2931; x_wconf 84' lang='lat' dir='ltr'><strong>verba</strong></span> 
     </span>
    </p>
   </div>
   <div class='ocr_carea' id='block_1_61' title="bbox 2410 2966 4016 3038">
    <p class='ocr_par' dir='ltr' id='par_1_61' title="bbox 2410 2966 4016 3038">
     <span class='ocr_line' id='line_1_61' title="bbox 2410 2966 4016 3038; baseline 0.001 -18"><span class='ocrx_word' id='word_1_437' title='bbox 2410 2966 2569 3020; x_wconf 87' lang='lat' dir='ltr'><strong>etiam</strong></span> <span class='ocrx_word' id='word_1_438' title='bbox 2600 2966 2910 3037; x_wconf 89' lang='lat' dir='ltr'><strong>plerumque</strong></span> <span class='ocrx_word' id='word_1_439' title='bbox 2940 2978 3063 3022; x_wconf 90' lang='lat' dir='ltr'><strong>sunt</strong></span> <span class='ocrx_word' id='word_1_440' title='bbox 3092 2968 3415 3022; x_wconf 90' lang='lat' dir='ltr'><strong>communia.</strong></span> <span class='ocrx_word' id='word_1_441' title='bbox 3445 2971 3618 3038; x_wconf 82' lang='lat' dir='ltr'><strong>Atque</strong></span> <span class='ocrx_word' id='word_1_442' title='bbox 3643 2968 3756 3021; x_wconf 72' lang='lat' dir='ltr'><strong>lucc</strong></span> <span class='ocrx_word' id='word_1_443' title='bbox 3780 2982 3843 3021; x_wconf 80' lang='lat' dir='ltr'><strong>ex</strong></span> <span class='ocrx_word' id='word_1_444' title='bbox 3867 2966 4016 3021; x_wconf 74' lang='lat' dir='ltr'><strong>mul~</strong></span> 
     </span>
    </p>
   </div>
   <div class='ocr_carea' id='block_1_62' title="bbox 2413 3057 4014 3131">
    <p class='ocr_par' dir='ltr' id='par_1_62' title="bbox 2413 3057 4014 3131">
     <span class='ocr_line' id='line_1_62' title="bbox 2413 3057 4014 3131; baseline 0.001 -18"><span class='ocrx_word' id='word_1_445' title='bbox 2413 3058 2479 3113; x_wconf 88' lang='lat' dir='ltr'><strong>tis</strong></span> <span class='ocrx_word' id='word_1_446' title='bbox 2496 3057 2753 3113; x_wconf 89' lang='lat' dir='ltr'><strong>adnotare</strong></span> <span class='ocrx_word' id='word_1_447' title='bbox 2769 3059 2940 3114; x_wconf 88' lang='lat' dir='ltr'><strong>visum</strong></span> <span class='ocrx_word' id='word_1_448' title='bbox 2965 3070 3044 3114; x_wconf 91' lang='lat' dir='ltr'><strong>est</strong></span> <span class='ocrx_word' id='word_1_449' title='bbox 3066 3060 3132 3113; x_wconf 90' lang='lat' dir='ltr'><strong>ad</strong></span> <span class='ocrx_word' id='word_1_450' title='bbox 3156 3069 3399 3115; x_wconf 84' lang='lat' dir='ltr'><strong>auctores</strong></span> <span class='ocrx_word' id='word_1_451' title='bbox 3416 3074 3593 3114; x_wconf 90' lang='lat' dir='ltr'><strong>rerum</strong></span> <span class='ocrx_word' id='word_1_452' title='bbox 3614 3057 4014 3131; x_wconf 83' lang='lat' dir='ltr'><strong>Cbrysostomi:</strong></span> 
     </span>
    </p>
   </div>
   <div class='ocr_carea' id='block_1_63' title="bbox 2408 3148 4015 3222">
    <p class='ocr_par' dir='ltr' id='par_1_63' title="bbox 2408 3148 4015 3222">
     <span class='ocr_line' id='line_1_63' title="bbox 2408 3148 4015 3222; baseline 0.004 -22"><span class='ocrx_word' id='word_1_453' title='bbox 2408 3163 2527 3218; x_wconf 69' lang='lat' dir='ltr'><strong>qua:</strong></span> <span class='ocrx_word' id='word_1_454' title='bbox 2552 3148 2851 3217; x_wconf 90' lang='lat' dir='ltr'><strong>doctorum,</strong></span> <span class='ocrx_word' id='word_1_455' title='bbox 2878 3161 2936 3207; x_wconf 94' lang='lat' dir='ltr'><strong>ut</strong></span> <span class='ocrx_word' id='word_1_456' title='bbox 2957 3151 3085 3219; x_wconf 89' lang='lat' dir='ltr'><strong>dixi,</strong></span> <span class='ocrx_word' id='word_1_457' title='bbox 3102 3151 3321 3222; x_wconf 87' lang='lat' dir='ltr'><strong>judicio,</strong></span> <span class='ocrx_word' id='word_1_458' title='bbox 3350 3160 3407 3209; x_wconf 93' lang='lat' dir='ltr'><strong>ut</strong></span> <span class='ocrx_word' id='word_1_459' title='bbox 3428 3166 3545 3208; x_wconf 85' lang='lat' dir='ltr'><strong>mea</strong></span> <span class='ocrx_word' id='word_1_460' title='bbox 3572 3167 3787 3222; x_wconf 87' lang='lat' dir='ltr'><strong>quoque</strong></span> <span class='ocrx_word' id='word_1_461' title='bbox 3803 3150 4015 3215; x_wconf 85' lang='lat' dir='ltr'><strong>omnia,</strong></span> 
     </span>
    </p>
   </div>
   <div class='ocr_carea' id='block_1_64' title="bbox 2415 3243 2721 3310">
    <p class='ocr_par' dir='ltr' id='par_1_64' title="bbox 2415 3243 2721 3310">
     <span class='ocr_line' id='line_1_64' title="bbox 2415 3243 2721 3310; baseline -0.003 -12"><span class='ocrx_word' id='word_1_462' title='bbox 2415 3243 2690 3310; x_wconf 88' lang='lat' dir='ltr'><strong>permitto.</strong></span> <span class='ocrx_word' id='word_1_463' title='bbox 2702 3262 2721 3297; x_wconf 75' lang='grc' dir='ltr'><strong>ο</strong></span> 
     </span>
    </p>
   </div>
  </div>
