4234 6310
129 397 206 438 ω
1218 372 1310 429 DE
1346 371 1405 430 S.
1443 364 1719 428 JOANNE
1756 362 2298 423 CHRYSOSTOMO.

138 516 3417 574 Μ

863 749 866 753 ‘
911 707 1643 829 MARTYRII
1741 699 2658 827 ANTIOCHENI

361 1004 1268 1105 PANEGYBICUM
1345 1006 1441 1097 S.
1519 1003 2042 1103 JOANNIS
2115 993 2978 1095 CHRYSOSTOMI
3053 974 3178 1086 (⁸).

210 1566 349 1624 Inter
380 1563 565 1620 varios
612 1561 795 1617 sancti
824 1548 1049 1616 Joannis
1076 1556 1431 1630 Chrysostomi
1451 1559 1573 1612 vita:
1616 1556 1751 1610 scri-

151 1668 311 1730 ptores
345 1655 576 1729 quidam
620 1661 701 1709 est
772 1651 985 1709 Griecus
1038 1651 1347 1722 Anonymus
1388 1665 1421 1703 a
1452 1646 1653 1705 Savilio
1697 1646 1754 1701 in

153 1759 324 1805 octavo
350 1747 604 1803 editionis
635 1760 750 1800 sua:
780 1755 921 1799 tomo
958 1743 1228 1816 vulgatus,
1254 1759 1407 1814 quem
1448 1749 1628 1794 tamen
1656 1754 1753 1809 po-

154 1853 372 1897 stremus
388 1837 753 1911 Chrysostomi
779 1837 949 1892 editor
976 1836 1423 1908 Montfauconius,
1447 1847 1755 1905 quanquam

154 1934 283 2006 stylo
316 1950 421 1987 non
442 1933 801 1996 invenustum,
838 1930 1086 1983 recudere
1115 1926 1451 1991 noluit,quia
1484 1923 1616 1979 nihil
1648 1925 1757 1995 fere

157 2029 218 2083 ab
254 2043 313 2083 eo
346 2027 419 2081 ad
468 2024 733 2095 majorem
775 2023 1077 2095 argumenti
1122 2021 1370 2074 notitiam
1400 2019 1631 2091 conferri
1661 2034 1761 2086 pu-

157 2120 305 2175 tavit.
330 2121 589 2173 Attamen
622 2120 718 2171 hoc
741 2132 931 2170 novum
963 2130 1129 2184 neque
1149 2113 1275 2168 levis
1302 2112 1552 2166 momenti
1588 2111 1643 2163 in
1668 2108 1761 2163 illo

157 2221 288 2277 erat,
323 2219 546 2266 notante
589 2210 753 2264 etiam
789 2206 1206 2279 Montfaueonio,
1252 2211 1390 2276 quod
1423 2206 1636 2258 nomina
1667 2218 1760 2256 xu

159 2314 437 2359 auctorum
468 2301 751 2364 recitabat,
784 2317 816 2353 a
851 2300 1043 2371 quibus
1089 2315 1169 2352 res
1214 2307 1371 2370 gesta!
1409 2295 1763 2366 Chrysostomi

160 2396 541 2451 commendata:
583 2393 775 2447 litteris
818 2392 1068 2462 fuerunt,
1100 2400 1259 2460 atque
1288 2389 1377 2442 hos
1404 2389 1542 2442 inter
1578 2386 1764 2441 Antio-

162 2488 379 2544 alienum
409 2486 778 2554 patriarcham
830 2482 1147 2553 Martyrium
1197 2480 1466 2550 ponebat;
1508 2479 1583 2532 ad.
1610 2494 1765 2548 quem

162 2580 420 2652 Anonymi
480 2579 652 2633 locum
701 2575 1045 2631 Bollandiani
1105 2575 1225 2647 (die
1283 2572 1349 2627 14
1405 2569 1763 2641 Septembris,

164 2683 201 2728 t.
247 2673 340 2740 IV,
379 2689 435 2740 p.
470 2670 597 2735 406,
632 2670 731 2724 col.
770 2670 825 2740 2)
858 2669 933 2722 sic
979 2675 1405 2722 commentantur
1441 2680 1459 2717 :
1509 2684 1526 2715 ι
1562 2662 1769 2716 Floruit

165 2759 452 2831 Hartyrius
478 2757 672 2813 mculo
703 2774 752 2822 ν,
786 2765 836 2811 et
880 2764 1254 2827 consequenter
1281 2754 1413 2809 satis
1440 2753 1766 2823 propinquus

166 2857 273 2902 erat
315 2847 641 2915 temporibus
682 2844 1036 2915 Chrysostomi
1090 2844 1161 2898 ad
1213 2853 1358 2914 gesta
1419 2842 1585 2910 ipsius
1630 2848 1767 2893 recte

168 2935 470 2987 enarranda
492 2949 510 2997 ,'
535 2932 627 2986 sed
660 2929 793 2985 nihil
819 2932 1138 3001 scriptorum
1169 2930 1282 2998 ejus
1308 2928 1557 2981 innotuit.
1599 2946 1616 2977 ι
1656 2923 1768 2997 Ego

168 3041 281 3080 vero
309 3024 661 3078 memineram
705 3040 787 3077 me
825 3032 950 3076 ante
979 3021 1272 3090 complures
1315 3035 1484 3073 annos
1514 3019 1687 3072 videre
1712 3017 1771 3070 in

168 3115 352 3172 Ιλεοηίε
398 3116 590 3171 Allatii
630 3115 830 3170 schedis
865 3114 1246 3169 Vallicellianis
1303 3115 1560 3183 scriptum
1620 3114 1771 3166 breve

171 3210 412 3281 Hartyrii
439 3210 517 3264 De
534 3208 656 3264 Vita
684 3208 1057 3279 Chrysostomi
1090 3226 1103 3262 :
1133 3223 1272 3261 nunc
1302 3216 1505 3263 autem.
1530 3222 1593 3259 ne
1623 3209 1772 3260 rivu-

174 3302 275 3357 lum
323 3302 521 3357 omisso
566 3301 711 3372 fonte
746 3308 1109 3363 consectarer,
1152 3298 1381 3352 codicem
1420 3297 1549 3351 mihi
1592 3305 1774 3351 notum

180 3391 487 3447 Vaticanum
521 3392 727 3462 inspexi
755 3391 915 3461 (unde
938 3389 1169 3444 Allatius
1191 3405 1395 3460 quoque
1424 3396 1482 3441 ut
1518 3397 1645 3458 puto
1680 3404 1775 3442 ex-

173 3488 413 3557 scripsit)
441 3487 746 3557 antiquum,
776 3482 1088 3549 miscellum,
1120 3482 1208 3536 ubi
1246 3484 1385 3535 inter
1423 3491 1615 3536 ctetera
1640 3483 1778 3534 hanc

176 3577 417 3648 Martyrii
450 3577 742 3647 pretiosam
784 3573 1109 3647 gemmulam
1142 3573 1313 3643 reperi
1355 3584 1475 3626 cum
1518 3587 1578 3625 eo
1625 3571 1777 3625 titulo

176 3687 323 3741 quem
364 3670 424 3724 in
453 3671 628 3741 fronte
655 3668 901 3722 editionis
947 3668 1129 3721 recito.
1172 3665 1284 3720 Hoc
1324 3681 1417 3736 ego
1459 3666 1569 3719 viso
1601 3663 1775 3730 titulo,

177 3764 352 3817 statim
381 3762 596 3834 agnovi,
629 3777 735 3815 non
758 3760 1038 3815 historiam
1061 3743 1273 3829 proprie
1290 3775 1379 3813 seu
1409 3758 1780 3831 biographiam

180 3852 552 3925 Chrysostomi,
580 3853 672 3907 sed
713 3853 1092 3923 panegyricum
1131 3868 1163 3904 a
1196 3850 1455 3922 Martyrio
1500 3850 1777 3919 scriptum,

182 3948 312 4016 quod
336 3962 489 4017 eque
541 3945 783 3999 nonnulli
838 3945 935 3999 alii
988 3946 1223 4015 fecerunt
1258 3945 1324 3999 ab
1376 3944 1471 3999 illo
1508 3946 1784 4015 Anonymo

186 4037 478 4103 memorati,
513 4053 563 4091 v.
598 4054 680 4108 gr.
727 4035 950 4091 Proclus
980 4044 1029 4090 et
1056 4035 1216 4090 Joan.
1261 4035 1657 4097 Damascenus,
1689 4035 1783 4106 qui

184 4130 527 4193 orationibus,
564 4146 698 4198 quas
738 4145 849 4200 pra:
879 4129 1123 4184 manibus
1151 4128 1423 4195 habemus,
1455 4127 1783 4199 Chrysosto-

187 4239 323 4277 mum
351 4222 769 4277 celebraverunt.
795 4220 1155 4276 Nihilominus
1183 4221 1503 4275 auctoritate
1531 4219 1783 4289 Martyrii

189 4325 482 4385 permotus,
520 4316 611 4387 qui
653 4330 855 4369 coievus
896 4314 1265 4386 Chrysostomo
1319 4314 1439 4385 fuit,
1488 4321 1537 4367 et
1588 4313 1783 4366 codicis

190 4410 345 4463 etiam
392 4408 616 4464 raritati
650 4410 857 4473 timens,
890 4408 980 4479 qui
1028 4424 1149 4462 cum
1193 4407 1416 4476 fortasse
1464 4406 1531 4459 sit
1575 4404 1783 4470 unicus,

189 4511 431 4572 pereunte
457 4518 540 4566 eo,
560 4501 845 4572 Hartyrius
864 4500 1027 4555 simul
1053 4501 1270 4571 periret,
1300 4498 1446 4552 nolui
1479 4498 1607 4551 mihi
1629 4514 1785 4566 pror-

192 4610 271 4648 sus
301 4594 440 4650 elabi
469 4594 658 4649 edendi
689 4594 787 4649 hoc
814 4594 1071 4666 scriptum
1096 4592 1465 4657 occasionem;
1487 4591 1583 4645 etsi
1616 4603 1672 4644 ut
1701 4590 1786 4644 di-

194 4687 257 4740 cit
279 4688 487 4750 titulus,
514 4696 675 4758 atque
703 4688 814 4757 ipse
841 4696 1012 4741 textus
1040 4687 1387 4749 demonstrat,
1420 4683 1630 4737 nonnisi
1660 4698 1788 4752 pars

196 4789 453 4848 postrema
482 4780 808 4835 tauaationis
834 4787 930 4835 est.

263 4873 339 4928 Ad
365 4871 621 4944 Martyrii
665 4882 880 4939 aetatem
915 4876 1055 4944 quod
1094 4872 1306 4934 attinet,
1340 4868 1591 4923 Boschius
1616 4868 1785 4940 (Patr.

197 4964 446 5022 Antioch.
482 4982 536 5020 n.
564 4964 765 5038 XLIII)
807 4965 1007 5037 aliique
1038 4964 1277 5019 historici
1316 4964 1519 5032 factum
1552 4977 1672 5015 eum
1698 4977 1793 5030 pa-

201 5058 481 5113 triarcham
511 5057 784 5113 observant
816 5058 956 5112 circa
984 5073 1185 5111 annum
1215 5054 1341 5122 459,
1372 5055 1653 5109 decessisse
1686 5071 1791 5108 au-

204 5161 296 5205 tem
321 5167 465 5206 anno
480 5151 604 5206 671.
622 5150 765 5222 Ergo
782 5150 906 5222 quia
925 5149 1325 5220 Chrysostomus
1354 5148 1501 5202 haud
1532 5147 1671 5202 ultra
1693 5163 1793 5201 an-

205 5257 318 5297 num
338 5242 445 5298 407
462 5242 626 5296 vitam
646 5242 916 5314 produxit,
936 5240 1257 5313 sequiturhut
1280 5238 1577 5310 Martyrius
1605 5238 1791 5294 adole-

205 5350 336 5391 scens
354 5335 645 5391 admodum
669 5333 1036 5406 Chrysostomo
1068 5333 1289 5388 abeunte
1319 5332 1502 5403 fuerit.
1534 5332 1696 5400 Atqui
1735 5333 1793 5387 in

208 5429 506 5486 laudatione
532 5447 587 5486 n.
639 5430 676 5487 ι
727 5430 901 5485 adhuc
938 5428 1325 5499 quodammodo
1369 5426 1661 5498 Martyrius
1701 5428 1797 5482 du-

210 5517 327 5573 bitat
353 5537 483 5576 num
534 5537 723 5592 reapse
762 5521 1045 5575 exstinctus
1098 5528 1227 5574 esset
1282 5519 1703 5590 Chrysostomus,
1722 5533 1796 5574 an

212 5606 388 5663 alicubi
426 5627 461 5665 a
498 5610 917 5681 persecutoribus
965 5609 1260 5665 occultatus
1289 5624 1307 5662 :
1340 5627 1464 5682 ergo
1500 5611 1796 5667 orationem

267 5814 331 5876 ta)
367 5816 478 5878 nu,
510 5812 815 5869 suuan
837 5827 958 5867 nova
987 5816 1117 5872 ρι’..
1143 5819 1181 5865 ι.
1213 5816 1276 5875 n.
1298 5832 1348 5884 p.
1382 5816 1491 5870 ius.

1852 1555 1990 1608 hanc
2010 1554 2123 1608 sine
2149 1550 2308 1607 dubio
2336 1551 2486 1622 longe
2519 1557 2645 1603 ante
2679 1548 3040 1619 episcopatum
3064 1560 3221 1601 mum
3248 1545 3460 1618 scripsit

1853 1645 2181 1717 Hartgrius;
2208 1659 2518 1716 quanquam
2538 1642 2584 1697 is
2612 1642 2672 1697 in
2702 1639 2857 1695 titulo
2885 1648 2935 1695 et
2960 1655 3101 1695 nunc
3126 1648 3174 1694 et
3203 1637 3332 1696 olim
3355 1640 3464 1712 epi-

1856 1741 1999 1811 scopi
2027 1754 2218 1794 nomen
2247 1738 2403 1809 gerit,
2438 1745 2497 1791 ut
2517 1734 2823 1791 auctoribus
2855 1749 3073 1804 operum
3099 1740 3216 1804 post
3244 1733 3463 1803 adeptos

1857 1834 2078 1887 honores
2134 1831 2337 1903 passim
2386 1830 2603 1884 accidit.
2633 1826 2933 1898 Cteteroqui
2969 1842 3134 1880 causa
3184 1825 3463 1881 dubitandi

1859 1920 1923 1974 de
1948 1920 2121 1974 sancti
2151 1919 2251 1973 viri
2278 1918 2423 1973 obitu
2466 1933 2570 1972 non
2602 1925 2715 1971 tam
2768 1932 2825 1970 re
2861 1914 3045 1987 aliqua
3075 1910 3339 1986 probabili
3379 1916 3463 1970 ni~

1862 2012 2091 2076 tebatur,
2143 2027 2307 2083 quam
2344 2011 2557 2082 piorum
2608 2010 2914 2064 amantium
2962 2008 3221 2063 desiderio
3259 2008 3469 2062 diutino

1861 2102 2277 2169 sustentabatur,
2319 2104 2412 2174 qui
2464 2101 2625 2156 talem
2655 2101 2953 2171 episcopum
2994 2116 3061 2154 ac
3095 2108 3391 2168 parentem,
3421 2100 3471 2157 sl

1861 2196 1978 2266 ﬁeri
2008 2206 2199 2267 posset,
2234 2195 2420 2250 abiisse
2444 2195 2897 2266 nolebant,deque
2926 2210 2986 2248 eo
3022 2210 3261 2249 rumores
3293 2194 3473 2249 varios

1865 2287 2015 2340 inani
2041 2288 2429 2354 exspectatione
2458 2285 2700 2342 serebant
2722 2287 2876 2356 quasi
2896 2286 2953 2339 in
2974 2284 3188 2356 angulis
3217 2282 3473 2355 Scythicis

1865 2376 2037 2432 adhuc
2065 2379 2294 2442 viveret;
2315 2377 2477 2432 veluti
2508 2376 2735 2443 exempli
2766 2391 2927 2431 causa
2959 2392 3085 2447 gens
3119 2374 3381 2430 Lusitana
3410 2376 3475 2431 de

1867 2469 2172 2524 Sebastiani
2200 2472 2337 2542 regis
2381 2471 2438 2523 in
2486 2468 2675 2539 prtelio
2709 2468 2967 2539 Africano
2996 2468 3255 2523 occisione
3293 2468 3479 2525 diutis-

1868 2565 1997 2619 sime
2013 2563 2294 2618 dubitavit.
2330 2562 2473 2617 Illud
2502 2562 2640 2616 serio
2667 2562 3201 2619 animadvertendum
3227 2570 3322 2628 est,
3339 2564 3481 2633 quod

1868 2656 2155 2727 Martyrius
2181 2656 2397 2726 quidam
2424 2653 3049 2726 Constantinopolitanus
3083 2655 3340 2710 diaconus
3367 2654 3480 2713 Ro-

1872 2765 2016 2802 mam
2072 2749 2144 2801 ad
2176 2748 2542 2803 Innocentium
2590 2765 2688 2818 pro
2725 2748 3086 2818 Chrysostomi
3130 2764 3294 2804 causa
3339 2749 3481 2804 venit

1874 2839 2105 2910 (Montf..
2138 2839 2247 2895 Vit.
2294 2839 2522 2912 Chrys,
2557 2857 2611 2911 p.
2660 2841 2810 2912 154).
2865 2841 3053 2897 Utrum
3108 2849 3289 2896 tamen
3340 2842 3482 2896 idem

1871 2944 2024 2985 nomo
2069 2932 2247 3003 fuerit,
2275 2933 2366 3003 qui
2417 2932 2798 2986 Antiochenam
2828 2941 3009 3003 postea
3052 2933 3363 2989 cathedram
3396 2948 3484 2988 oc-

1873 3022 2109 3090 cupavit,
2140 3023 2268 3077 mihi
2300 3038 2403 3076 non
2432 3024 2567 3077 satis
2608 3024 2792 3095 liquet.
2823 3023 2877 3080 Is
2912 3033 2987 3079 est
3018 3033 3156 3080 certe
3190 3024 3485 3097 Martyrius

1875 3124 2050 3169 noster
2075 3131 2227 3186 quem
2268 3113 2325 3169 S.
2368 3114 2561 3169 Petrus
2596 3115 2913 3183 Damianus,
2950 3132 3132 3185 opusc.
3168 3130 3280 3184 χιχ,
3320 3116 3381 3182 1,
3406 3115 3486 3171 De

1874 3206 2216 3263 abdicatione
2249 3207 2443 3277 episc.,
2474 3210 2666 3279 refert,
2711 3216 2926 3279 propter
2949 3208 3254 3263 dissidentis
3307 3206 3486 3265 inobeo

1876 3301 2135 3355 dientiam
2170 3300 2350 3371 populi
2383 3301 2692 3355 cathedram
2721 3300 2983 3354 dimisisse
3008 3300 3304 3356 dicentem:
3327 3318 3345 3352 ς
3373 3299 3487 3358 Cle-

1877 3409 1937 3448 ro
1967 3410 2069 3447 non
2098 3393 2325 3458 subdito,
2359 3402 2407 3448 et
2430 3392 2626 3463 populo
2656 3393 2955 3461 dissidenti,
2972 3403 3021 3448 et
3043 3392 3297 3449 Ecclesia
3324 3410 3489 3465 squa-

1881 3485 2007 3539 lenti
2055 3485 2399 3552 abrenuntio,
2437 3500 2652 3539 servans
2700 3485 2939 3539 mihimet
2987 3486 3275 3541 sacerdotii
3312 3484 3487 3559 digni-

1883 3586 2067 3634 tatem.
2106 3596 2125 3629 ι

1955 3668 2092 3723 Pars
2139 3669 2268 3734 hwc,
2318 3685 2475 3741 quam
2528 3687 2620 3725 nos
2654 3672 3023 3742 comperimus,
3049 3672 3373 3747 Panegyrici
3404 3691 3491 3730 ex-

1884 3770 2075 3826 trema,
2096 3771 2359 3828 versatur,
2400 3770 2457 3816 ut
2482 3780 2589 3834 par
2624 3773 2760 3827 erat,
2792 3764 2849 3817 in
2882 3766 3129 3821 extremis
3168 3768 3491 3823 sanctissimi

1883 3854 1986 3910 viri
2021 3854 2192 3917 rebus,
2213 3855 2432 3926 ejusque
2459 3856 2620 3910 veluti
2644 3859 2962 3928 martyrium
2992 3860 3241 3925 celebrat,
3273 3871 3492 3930 propter

1885 3948 2291 4018 injustissimam
2325 3947 2681 4018 improborum
2730 3948 3003 4004 hominum
3054 3952 3487 4021 persecutionem.

1894 4038 2173 4095 Hominem
2204 4040 2408 4095 nullum
2457 4040 2777 4097 nominatim
2820 4042 3059 4113 appellat
3101 4052 3306 4112 auctor,
3341 4054 3398 4099 ut
3428 4046 3495 4102 de

1890 4133 2179 4189 viventibus
2238 4134 2635 4204 potentibusque
2684 4135 2801 4204 ﬁeri
2838 4135 2987 4201 solet,
3036 4138 3130 4191 sel
3178 4156 3264 4193 eos
3315 4147 3495 4194 tamen

1893 4224 2053 4279 claris
2102 4226 2233 4280 satis
2284 4225 2543 4283 coloribus
2586 4229 2861 4301 designat,
2896 4231 3264 4304 prmeipueque
3314 4249 3495 4290 senem

1893 4317 2171 4376 Arsacium
2183 4327 2232 4372 et
2260 4318 2887 4392 Atticumﬁhrysostomi
2917 4321 3097 4378 ambos
3117 4333 3299 4378 contra
3333 4341 3495 4382 cano-

1895 4413 2070 4467 nicam
2100 4412 2340 4485 regulam
2357 4430 2695 4470 successores.
2717 4414 2821 4471 Sed
2845 4418 2902 4470 in
2922 4418 3157 4472 Atticum
3186 4419 3498 4491 gravissime

1895 4503 2175 4569 invehitur,
2209 4520 2363 4576 quem
2387 4505 2591 4579 alioqui
2618 4508 2815 4578 passim
2839 4508 3076 4565 historice
3104 4510 3356 4566 denotant
3378 4529 3496 4568 am-

1895 4595 2160 4660 bitiosum,
2193 4596 2539 4666 versipellem,
2571 4600 2810 4672 vafrum,
2838 4617 3094 4673 quemque
3132 4601 3418 4659 Palladius
3440 4604 3496 4659 in

1897 4687 2118 4760 Dialogo
2146 4689 2215 4745 de
2252 4688 2374 4745 Vita
2418 4690 2637 4763 Chrys.,
2669 4709 2787 4763 cap.
2835 4692 2927 4763 11,
2966 4695 3205 4750 omnium
3246 4696 3499 4753 adversus

1898 4781 2322 4852 Chrysostomum
2377 4768 2711 4839 molitionnm
2761 4786 2889 4840 dicit
2939 4787 3220 4857 artiﬁcem.
3269 4788 3338 4843 Et
3374 4790 3502 4861 quia

1897 4874 2119 4940 Atticus,
2154 4886 2268 4944 post
2308 4877 2600 4931 adversarii
2642 4878 2726 4931 sui
2767 4877 2986 4944 obitum,
3030 4879 3236 4935 nullum
3268 4880 3499 4951 lapidem

1900 4983 2005 5021 non
2059 4968 2318 5034 movebat,
2355 4968 2652 5037 praesertim
2699 4971 3141 5026 assentationibus
3174 4979 3224 5027 et
3264 4974 3498 5045 pecunia

1900 5060 2224 5125 diribitione,
2264 5069 2320 5115 ut
2357 5062 2607 5116 mortales
2652 5078 2830 5117 omnes
2875 5064 2934 5118 in
2970 5081 3127 5119 suam
3153 5075 3363 5137 partem
3398 5078 3504 5124 trao

1902 5153 2077 5219 heret,
2113 5152 2179 5207 ab
2219 5153 2319 5207 hac
2364 5153 2655 5225 Martyrius
2686 5172 2818 5226 pace
2846 5165 2897 5211 et
2937 5159 3305 5214 communione
3349 5160 3505 5218 valde

1903 5244 2139 5301 alienum
2167 5262 2221 5301 se
2249 5246 2395 5312 dicit,
2427 5257 2745 5319 cwterosque
2787 5265 2966 5303 omnes
3004 5250 3234 5307 deterret
3263 5267 3283 5307 :
3311 5252 3367 5306 in
3397 5268 3505 5325 qua

1902 5354 2032 5394 sane
2061 5338 2325 5393 discordia
2346 5339 2439 5393 diu
2461 5340 2836 5395 consentientes
2863 5341 3047 5396 habuit
3076 5350 3190 5397 tum
3208 5340 3505 5400 Orientales

1905 5438 2017 5485 tum
2059 5430 2222 5486 etiam
2268 5429 2629 5489 Occidentales
2682 5434 2975 5507 episcopos,
3013 5452 3110 5491 nec
3161 5451 3265 5491 non
3327 5434 3507 5508 ipsam

1905 5520 2205 5578 Romanam
2238 5525 2435 5592 sedem,
2464 5542 2582 5598 quae
2614 5527 2822 5583 nonnisi
2857 5544 2997 5601 agre
3021 5545 3237 5599 seroque
3272 5526 3506 5583 Atticum

1907 5614 1979 5668 ad
2003 5615 2425 5671 communionem
2450 5633 2604 5672 suam
2632 5619 2848 5690 recepit.
