4234 6310
225 401 326 442 ην

1362 387 1450 440 ΒΕ
1488 386 1545 442 S.
1587 384 1854 442 JOANNE
1894 383 2433 447 CHRYSOSTOMO.

3407 405 3529 450 κινι

1797 539 2105 548 —.————————_

615 542 624 570 π
657 539 3504 579 ,επεἬ-ησ--Μπη

832 713 1252 831 SANCTI
1331 714 1758 804 PATRIS
1833 715 2273 810 NOSTRI
2358 723 2958 815 MARTYBII

1493 911 1542 966 E
1549 911 1831 971 PISCOPI
1853 913 1954 970 AN
1958 914 2023 970 TI
2025 915 2194 972 OCIII
2193 916 2266 971 .‘E

518 1067 612 1123 EX
648 1065 1099 1126 LAUDATIONE
1139 1066 1206 1122 IN
1246 1065 1577 1124 SANCTUM
1609 1067 1892 1125 PATREM
1929 1070 2268 1128 NOSTRUM
2311 1072 2634 1129 JOANNEM
2675 1075 3247 1134 (LIIRYSOSTOMUM

1147 1157 1754 1219 ARCHlEPlSCOPUM
1795 1160 2584 1224 CONSTANTINOPOLEOS.

302 1460 352 1512 l.
379 1458 491 1529 Sed
541 1456 653 1528 jam
699 1465 916 1530 tempus
961 1473 1062 1514 nos
1118 1467 1276 1515 vocat
1321 1463 1389 1516 ad
1432 1461 1608 1517 Patris
1637 1471 1832 1532 marty-

223 1552 372 1606 rium
410 1569 423 1604 :
459 1552 782 1622 martyrium
805 1593 820 1617 ,
856 1551 1098 1622 inquam,
1157 1553 1300 1622 quod
1336 1553 1553 1608 i’atrem
1610 1553 1831 1624 quidem

225 1648 347 1717 ipsa
382 1646 460 1701 rei
492 1657 688 1702 natura
718 1657 963 1714 coronat,
1005 1648 1104 1703 Dei
1147 1664 1278 1704 vero
1309 1666 1581 1705 summam
1615 1652 1832 1721 sapien-

226 1741 357 1794 tiam
416 1740 828 1810 potentiamque
881 1740 1230 1810 depraedicat,
1283 1743 1376 1812 qui
1428 1745 1724 1799 utilitatem
1762 1759 1830 1799 ex

224 1832 405 1887 noxiis
436 1832 739 1887 extundere
768 1832 942 1888 novit.
962 1822 1179 1888 Etenim
1207 1850 1331 1889 cum
1366 1837 1448 1891 vir
1472 1845 1701 1892 sanctus
1733 1838 1834 1892 hac

222 1942 286 1982 se
324 1943 530 1982 corona
575 1927 800 1999 dignum
831 1928 1022 1983 haberi
1054 1937 1417 1999 percuperet,
1454 1947 1634 2001 neque
1668 1931 1720 1987 id
1754 1941 1834 1986 ta-

224 2035 351 2074 men
385 2029 636 2090 tempora
671 2018 1060 2085 concederent,
1097 2032 1388 2092 postquam
1422 2022 1626 2094 impius
1652 2024 1834 2080 cultus

221 2113 492 2182 depulsus
515 2112 638 2178 fuit,
664 2127 795 2166 vera
823 2121 1006 2166 autem
1036 2112 1224 2183 religio
1254 2123 1428 2169 totum
1459 2114 1647 2170 orbem
1670 2131 1836 2172 occu-

224 2205 375 2272 pavit
402 2223 415 2256 :
442 2203 688 2274 martyrii
715 2218 888 2275 genus
916 2203 1188 2273 quoddam
1216 2205 1540 2260 adinvenire
1565 2249 1578 2270 ,
1603 2207 1746 2276 quod
1783 2208 1836 2260 ei

224 2296 482 2351 homines
521 2297 684 2351 ovina
729 2297 869 2366 pelle
899 2289 1076 2351 induti
1108 2296 1315 2369 (Matth.
1351 2315 1445 2361 vn,
1484 2299 1595 2368 15),
1635 2300 1836 2355 vellent

225 2389 456 2453 nollent,
486 2389 776 2451 inferrent,
801 2404 984 2443 nonne
1014 2389 1213 2444 divina:
1246 2391 1530 2460 sapientia:
1557 2393 1838 2471 potentiae-

223 2498 333 2552 que
363 2496 508 2551 0pus
542 2481 879 2536 credendum
930 2481 1062 2536 est?
1099 2480 1388 2547 Quomodo
1430 2485 1594 2556 igitur
1640 2486 1755 2540 haec
1786 2489 1835 2540 ei

223 2590 430 2629 corona
465 2580 722 2628 contexta
752 2572 858 2627 fuit
887 2575 910 2627 ?

293 2667 351 2720 2.
396 2666 461 2720 in
490 2667 597 2721 hoc
625 2666 824 2730 medio,
844 2675 905 2721 ut
928 2667 1060 2732 dixi,
1080 2683 1265 2724 rerum
1293 2685 1480 2735 cursu,
1508 2686 1572 2724 ex
1605 2678 1837 2740 utraque

227 2759 337 2814 vita
358 2758 580 2813 decedit
612 2773 811 2824 senex;
842 2759 888 2814 is
919 2760 1011 2830 qui
1053 2761 1111 2815 in
1157 2762 1260 2817 hac
1303 2762 1414 2816 vita
1455 2761 1601 2816 illam
1632 2762 1834 2817 amise-

227 2862 331 2915 rat,
365 2860 423 2903 et
450 2867 558 2905 una
587 2867 712 2906 cum
760 2851 853 2906 illa
896 2852 1039 2907 hanc
1080 2853 1281 2909 amisit.
1313 2853 1505 2917 Fitque
1552 2863 1674 2924 post
1709 2869 1835 2908 eum

230 2943 568 3014 (episcopus)
602 2943 712 3006 ille,
741 2943 836 3013 qui
867 2958 964 3012 per
1000 2938 1151 2993 illum
1175 2948 1236 2989 ea
1261 2951 1381 3006 quae
1394 2941 1494 2996 sibi
1513 2937 1833 3007 placueraut

227 3044 427 3090 cuncta
456 3033 662 3088 fecerat
687 3050 702 3098 ;
731 3040 931 3103 putans
961 3032 1184 3103 quidem
1211 3031 1403 3098 latere,
1445 3033 1722 3087 neminem
1756 3041 1835 3087 ta-

227 3143 354 3181 men
391 3127 591 3180 latcns.
646 3124 745 3180 llic
778 3140 908 3197 ergo
937 3125 1119 3180 stultis
1151 3134 1356 3196 gratus,
1391 3133 1446 3178 et
1489 3124 1721 3179 blandus
1749 3135 1836 3179 at-

227 3233 337 3288 que
393 3217 767 3271 assentatione
830 3216 1188 3280 redundans,
1232 3216 1446 3271 cunctis
1496 3217 1836 3285 persuadens

230 3311 364 3366 nihil
389 3312 504 3382 jam
556 3325 843 3380 superesse
891 3324 1080 3363 eorum
1107 3323 1228 3378 qua:
1263 3317 1393 3362 tunc
1428 3307 1633 3362 fecerat
1663 3326 1676 3374 ;
1711 3324 1835 3363 cum

226 3403 413 3471 jurare
448 3417 586 3470 opus
610 3400 924 3456 essetnibil
959 3414 1151 3454 eorum
1188 3398 1329 3453 scire
1357 3415 1479 3468 quae
1523 3407 1654 3453 tunc
1685 3399 1836 3454 dice-

232 3504 335 3558 ret,
366 3490 722 3546 Atheniensis
752 3505 949 3561 nempe
978 3490 1190 3544 daemon
1212 3533 1226 3554 ,
1256 3489 1453 3544 Atticae
1479 3490 1835 3559 superstitio-

231 3586 317 3640 nis
351 3585 700 3657 symbolum;
745 3582 850 3649 hic,
901 3581 1144 3652 inquam,
1180 3583 1386 3652 duplici
1449 3583 1595 3636 fama
1647 3584 1836 3638 audita

231 3675 652 3746 pereellebatur,
690 3673 868 3743 primo
916 3674 984 3728 de
1028 3674 1206 3728 sancti
1252 3673 1353 3727 viri
1391 3674 1833 3745 factisegregiis,

232 3787 350 3840 qua:
391 3771 450 3824 in
481 3771 702 3824 deserto
728 3767 892 3822 etiam
921 3768 1257 3823 constitutus
1280 3768 1555 3838 patrabat,
1575 3768 1838 3838 plurimas

233 3861 516 3916 hominum
547 3857 759 3912 animas
788 3873 855 3913 ex
883 3856 1238 3912 barbarorum
1268 3857 1520 3913 manibus
1564 3859 1840 3913 redimens

233 3949 421 4020 paucis
469 3949 575 4003 illis
603 3964 669 4002 ac
693 3947 1041 4018 pauperculis
1069 3962 1192 4016 qua:
1217 3947 1265 4000 ei
1299 3957 1624 4018 supererant
1665 3948 1840 4002 facul-

235 4044 436 4097 tatibus
455 4059 470 4108 ;
488 4042 625 4097 alias
649 4052 830 4096 autem
860 4040 1060 4096 diaboli
1082 4040 1294 4110 laqueis
1311 4041 1570 4112 eripiens,
1588 4058 1650 4096 ea
1674 4059 1839 4112 quam

234 4135 334 4188 sibi
365 4134 555 4188 labore
588 4144 644 4188 et
692 4131 786 4186 Dei
828 4131 1098 4187 beneficio
1126 4141 1542 4200 comparaverat
1584 4132 1840 4203 eloquen-

235 4225 309 4279 tia
333 4241 349 4284 ;
375 4224 578 4294 partim
600 4222 835 4292 denique
867 4221 1012 4277 fame
1046 4233 1102 4277 et
1141 4221 1332 4277 exsilio
1371 4222 1603 4278 amictos
1636 4231 1838 4280 sanctae

234 4301 409 4373 viduae
438 4315 692 4371 nutriens
717 4315 966 4382 cibariis;
994 4314 1327 4369 monasteria
1353 4315 1485 4385 quin
1513 4316 1677 4370 etiam
1706 4332 1838 4371 con-

235 4412 369 4466 deus
389 4411 448 4464 in
477 4409 791 4481 regionibus
813 4408 958 4463 caede
981 4417 1037 4463 et
1063 4408 1254 4478 rapina
1285 4407 1469 4463 vivere
1495 4409 1669 4463 solitis
1689 4427 1702 4473 ;
1721 4425 1840 4480 quae

239 4502 420 4556 omnia
467 4501 774 4555 universam
819 4514 1038 4569 quoque
1083 4498 1391 4554 Antiochia:
1435 4499 1716 4554 civitatem
1772 4501 1840 4556 ad

239 4611 362 4650 eum
383 4591 808 4648 transferebant.
829 4591 1044 4646 Deinde
1069 4591 1523 4646 commovebatur
1539 4590 1841 4660 justissima

240 4685 609 4740 Romanorum
637 4682 864 4754 judicio,
905 4681 998 4752 qui
1030 4696 1227 4753 magna
1271 4691 1599 4753 congregata
1629 4681 1843 4751 episco-

239 4793 436 4850 porum
466 4775 832 4838 multitudine,
865 4777 1124 4830 volebant
1160 4774 1307 4831 illico
1337 4789 1533 4830 omnes
1564 4783 1718 4829 tanto
1740 4790 1844 4828 nu-

241 4887 390 4927 mero
457 4869 755 4942 grandique
818 4869 1067 4940 impensa
1127 4867 1666 4938 Constantinopolim
1723 4866 1842 4922 sine

241 4980 392 5021 mora
423 4963 612 5018 venire
653 4961 801 5032 pacis
832 4961 1013 5016 studio
1045 4960 1304 5032 impulsi;
1347 4961 1443 5016 sed
1481 4969 1662 5015 tamen
1706 4976 1842 5031 pau-

241 5147 400 5215 cujus
426 5159 585 5215 opes,
605 5143 674 5199 ad
706 5141 1115 5215 manussancti
1148 5140 1250 5195 viri
1284 5139 1500 5200 delatie,
1544 5138 1600 5192 in
1630 5153 1840 5209 paupe-

243 5213 333 5274 res
361 5224 416 5270 et
443 5213 690 5284 captivos
720 5213 1126 5270 redundabant.

314 5287 388 5355 (ε)
439 5279 729 5340 Antiochia
762 5284 1066 5355 praesertim
1098 5282 1222 5355 _civi
1269 5296 1368 5355 suo
1413 5279 1634 5355 favebat
1655 5279 1843 5355 _Chr_v—

241 5351 505 5422 sostomo,
542 5355 700 5426 cujus
730 5351 1024 5410 uberrimae
1061 5353 1393 5426 eloquentia:
1423 5351 1587 5426 toties
1619 5351 1843 5426 plause-

241 5441 349 5487 rat.
375 5427 460 5483 Ad
487 5420 863 5499 Auti'ocbenos
888 5438 1056 5499 prope
1087 5420 1410 5499 innumeras
1432 5420 1680 5499 inisit_a_b
1702 5420 1845 5476 exsi-

244 5503 319 5558 lio
355 5503 581 5555 sanctus
607 5498 694 5552 vir
721 5491 1001 5567 epistolas,
1038 5501 1097 5567 ut
1125 5493 1324 5549 dicitur
1353 5494 1406 5546 in
1439 5493 1559 5567 ejus
1584 5491 1729 5546 Vita.

320 5572 386 5642 (ι’)
418 5567 688 5642 intelligit
712 5563 1009 5642 concilium
1045 5564 1356 5620 Romanum
1389 5565 1492 5618 sub
1524 5563 1845 5618 Innocentio

245 5639 522 5719 pro'eausa
544 5639 951 5719 Clirysostomi_.

317 5717 390 5783 (9)
425 5713 630 5767 Horum
663 5703 891 5766 nomina
929 5709 1183 5781 leguntur
1218 5705 1361 5776 apud
1389 5703 1688 5760 Palladium
1716 5703 1851 5758 Dia-

245 5785 345 5858 bg.
374 5801 489 5852 cap.
523 5785 578 5858 τί.

313 5862 384 5924 (hi
423 5857 556 5912 (Stal.
592 5857 727 5916 τοῖς.

1849 1329 1915 1345 ﬁ

1942 1456 2020 1518 cis
2051 1461 2256 1533 aliquot
2290 1473 2628 1519 censuerunt
2653 1474 2812 1520 antea
2862 1465 3316 1522 committendum
3367 1487 3537 1543 nego-

1941 1554 2098 1618 tium,
2135 1564 2190 1610 et
2241 1556 2483 1634 quinque
2520 1557 2723 1612 electos
2769 1559 2989 1613 decreto
3018 1559 3340 1630 episc0pos,
3373 1563 3539 1616 duos-

1938 1665 2045 1718 que
2079 1665 2144 1703 ex
2185 1665 2380 1721 magna
2424 1651 2596 1706 Roma
2623 1654 2990 1724 presbyteros,
3021 1671 3124 1709 una
3157 1672 3280 1711 cum
3313 1658 3419 1713 illis
3443 1659 3537 1728 qui

1940 1739 2069 1794 hinc
2090 1739 2156 1795 ad
2181 1739 2459 1795 Romanos
2490 1741 2722 1810 profecti
2753 1753 2910 1798 erant
2931 1745 3222 1816 episcopis,
3245 1749 3536 1812 miserunt,

1939 1833 2074 1887 nihil
2124 1833 2270 1887 aliud
2322 1835 2390 1889 ab
2430 1834 2760 1905 imperatore
2803 1839 3104 1907 petituros,
3143 1856 3304 1910 quam
3347 1843 3539 1912 synodi

1939 1926 2280 1981 celebrandae
2315 1926 2630 1997 decretique
2681 1943 2747 1982 eo
2791 1945 2958 1998 super
3006 1932 3223 2002 negotio
3269 1933 3541 1988 condendi

1941 2013 2276 2080 facultatem,
2311 2032 2411 2070 nec
2442 2032 2548 2070 non
2582 2018 2771 2089 synodi
2806 2028 3021 2088 tempus
3055 2037 3117 2075 ac
3149 2022 3393 2076 modum.

2011 2109 2065 2162 5.
2106 2106 2245 2162 Cum
2286 2108 2470 2178 itaque
2527 2124 2583 2164 se
2629 2119 2881 2165 cerneret
2936 2112 3237 2184 (Atticus)
3285 2122 3542 2183 tanquam

1941 2197 2131 2268 grandi
2169 2198 2335 2251 [luctu
2363 2199 2447 2252 liis
2486 2199 2690 2253 auditis
2722 2201 2989 2271 utrinque
3046 2203 3203 2258 obrui
3234 2221 3247 2267 ;
3301 2211 3357 2258 et
3389 2205 3543 2258 illum

1945 2288 2478 2361 (Chrysostomum)
2512 2291 2734 2360 quidem
2766 2292 2834 2347 ad
2864 2309 3138 2348 summum
3173 2295 3396 2349 virtutis
3427 2298 3546 2350 cul-

1942 2396 2067 2434 men
2099 2382 2396 2452 gloriaeque
2445 2383 2673 2450 elatum,
2736 2385 2838 2439 bos
2893 2395 3077 2440 autem
3139 2388 3431 2454 instantes,
3490 2400 3547 2446 et

1943 2474 2211 2542 synodum
2268 2474 2495 2528 omnino
2529 2476 2898 2529 necessariam
2948 2479 3213 2544 dicentes,
3260 2489 3424 2550 atque
3472 2483 3545 2538 ita

1943 2575 2263 2620 censentem
2317 2565 2482 2619 etiam
2548 2566 2897 2636 imperatoris
2963 2569 3225 2639 majorem
3277 2571 3543 2640 fratrem;

1943 2661 2072 2729 quid
2115 2660 2270 2731 agit?
2295 2659 2448 2714 illum
2477 2661 2691 2726 adiens,
2723 2678 2887 2732 quem
2917 2664 3079 2733 paulo
3101 2674 3227 2720 ante
3254 2668 3543 2737 appellavi,

1942 2753 2230 2807 inimicum
2272 2753 2535 2809 Ecclesia
2571 2754 2788 2819 ducem,
2834 2757 3026 2811 suadet
3055 2758 3100 2812 ei
3133 2770 3191 2811 ut
3216 2757 3546 2815 Occidenta-

1940 2845 2019 2901 les
2047 2845 2271 2916 quidem
2299 2846 2609 2917 episcopos,
2646 2858 2839 2919 utpotc
2887 2850 2940 2903 in
2987 2851 3218 2904 alienam
3279 2852 3546 2909 ditionem

1940 2935 2238 3008 ingressos,
2273 2953 2398 2992 cum
2435 2939 2734 3010 ignominia
2770 2941 3008 3010 expellat
3039 2958 3052 3006 ;
3086 2951 3306 2998 nostros
3361 2953 3547 2999 autem

1939 3028 2033 3096 qui
2065 3028 2438 3084 Romanorum
2499 3029 2762 3084 auxilium
2819 3031 3264 3102 imploraverant,
3313 3049 3413 3088 ceu
3454 3035 3548 3104 qui

1942 3120 2233 3189 imperium
2267 3130 2516 3176 nostrum
2546 3123 2926 3193 judiciumque
2971 3124 3261 3189 laesissent,
3316 3125 3369 3178 in
3405 3126 3549 3182 exsi-

1943 3212 2074 3265 lium
2110 3211 2355 3266 mitteret
2387 3229 2400 3278 ;
2437 3213 2536 3282 ipsi
2562 3223 2747 3268 autem
2784 3224 2974 3269 sancto
2997 3215 3112 3270 viro
3146 3216 3340 3270 mortis
3374 3232 3548 3288 genus

1943 3304 2304 3374 asperrimum
2337 3304 2702 3371 adinveniret,
2730 3322 2892 3376 quam
2917 3323 3028 3361 non
3052 3306 3260 3361 ferrum
3294 3307 3547 3376 inferret,

1943 3395 2036 3450 sed
2068 3393 2214 3449 ferro
2243 3391 2417 3449 multo
2452 3396 2737 3450 molestior
2774 3397 2830 3450 in
2864 3397 3214 3468 longinquam
3266 3398 3546 3469 regionem

1943 3486 2220 3547 abductio,
2257 3496 2312 3541 et
2339 3488 2564 3542 morbus
2603 3489 2840 3560 physicm
2892 3491 3140 3560 corporis
3181 3484 3549 3548 imbecillitati

1943 3579 2292 3649 conjunctus.
2321 3579 2447 3635 llzcc
2467 3581 2577 3636 duo
2603 3581 2678 3636 illi
2703 3582 2867 3636 simul
2888 3583 3280 3650 deliberarunt,
3307 3594 3361 3639 et
3382 3601 3549 3655 opera

1944 3671 2237 3725 subsecuta
2267 3680 2370 3726 est.
2398 3673 2465 3726 Et
2502 3672 2648 3742 quod
2678 3673 2899 3742 quidem
2937 3674 3002 3728 ad
3044 3673 3181 3729 alios
3211 3675 3428 3739 attinet,
3462 3692 3550 3730 res

1944 3778 2070 3817 cum
2105 3779 2269 3833 quem
2327 3765 2417 3820 ille
2467 3766 2640 3820 voluit
2666 3766 2872 3821 exitum
2914 3775 3075 3822 nacta
3123 3775 3252 3832 est;
3312 3776 3554 3838 tuncque

1945 3856 2186 3925 primum
2216 3857 2519 3928 legatorum
2571 3859 2957 3928 episcoporum
3013 3859 3104 3928 jus
3165 3861 3552 3916 conculcatum

1951 3945 2072 4010 fuit,
2103 3956 2160 4002 et
2188 3947 2409 4017 quidem
2433 3947 2583 4016 pacis
2615 3947 3000 4002 ecclesiasticae
3040 3964 3203 4003 causa
3231 3957 3288 4004 et
3327 3949 3554 4006 univer-

1952 4037 2080 4092 salis
2109 4037 2421 4093 conco‘rdize
2450 4038 2766 4093 missorum.

2023 4133 2076 4186 4.
2116 4131 2257 4185 Ecce
2283 4139 2466 4184 autem
2495 4130 2679 4184 statim
2714 4130 3011 4186 mittuntur
3059 4134 3347 4190 carnifices
3389 4136 3554 4206 juve-

1950 4221 2047 4276 nili
2077 4221 2262 4275 furere
2280 4220 2556 4283 ardentes,
2581 4229 2637 4273 et
2660 4219 2800 4274 lucri
2825 4236 3012 4275 amore
3037 4221 3378 4289 inﬂammati,
3408 4226 3556 4294 quod

1951 4313 2032 4368 eis
2079 4312 2157 4367 rei
2189 4311 2404 4367 occasio
2451 4311 2793 4382 spondebat,
2834 4312 3043 4381 justum
3103 4312 3285 4368 virum
3336 4330 3400 4370 ea
3448 4333 3556 4386 qua

1954 4405 2160 4462 vellent
2192 4405 2403 4460 ratione
2441 4404 2750 4460 occidendi.
2787 4405 2964 4476 llique
2994 4414 3185 4476 postea
3230 4409 3438 4464 reversi
3488 4411 3554 4465 de

1955 4497 2131 4553 Patris
2164 4499 2319 4553 obitu
2349 4497 2604 4552 nuntium
2644 4497 2969 4563 attulerunt,
3017 4499 3176 4569 cujus
3209 4500 3433 4556 modum
3464 4502 3557 4556 alii

1953 4592 2109 4647 aliter
2138 4590 2487 4646 enarrabant.
2519 4590 2691 4645 Nobis
2741 4599 2891 4644 certe
2943 4591 3076 4661 quid
3121 4592 3190 4647 de
3252 4593 3344 4647 illo
3401 4593 3556 4648 obitu

1953 4683 2300 4738 sentiendum
2333 4682 2423 4746 sit,
2458 4698 2569 4737 non
2609 4683 2985 4752 persuadent:
3023 4692 3230 4751 utrum,
3263 4684 3356 4740 illo
3391 4685 3560 4740 inter-

1955 4775 2118 4839 fecto,
2154 4790 2269 4829 rem
2315 4761 2532 4843 publice
2558 4774 2777 4829 edicere
2821 4775 3092 4843 timeant,
3157 4791 3228 4831 an
3257 4791 3324 4832 eo
3357 4777 3556 4833 alicubi

1953 4866 2228 4921 occultato
2256 4866 2539 4932 redierint,
2592 4865 2735 4921 fama
2784 4867 2852 4922 de
2885 4867 3005 4937 ejus
3039 4867 3193 4923 obitu
3223 4883 3442 4938 sparsa,
3496 4880 3558 4923 ut

1954 4957 2141 5030 populi
2187 4973 2316 5030 erga
2366 4973 2492 5015 eum
2525 4960 2768 5015 studium
2821 4959 3098 5016 sedarent.
3158 4959 3324 5016 Certe
3362 4959 3408 5015 si
3465 4961 3558 5017 ille

2022 5137 2085 5209 (i)
2132 5137 2275 5209 Dicit
2310 5135 2620 5209 Honorium
2651 5137 2832 5209 “impi,
2867 5137 3027 5208 cujus
3065 5138 3428 5194 vehementes
3461 5139 3557 5194 lit-

1952 5206 2084 5264 terae
2119 5207 2446 5280 adfratrem
2485 5206 2782 5280 Arcadium
2817 5209 2883 5263 de
2916 5206 3029 5264 tota
3074 5209 3163 5264 illa
3188 5209 3451 5280 tragoedia
3505 5209 3560 5264 in

1949 5276 2530 5404 0305534011r3’508l0111i
2579 5287 2797 5334 exstant
2831 5280 2998 5335 etiam
3049 5288 3196 5335 tomo
3224 5276 3299 5336 lli
3327 5296 3559 5351 operum

1952 5364 2003 5404 ι).
2074 5362 2094 5378 ν
2151 5390 2164 5403 .

2025 5420 2091 5490 (j)
2136 5421 2268 5491 Erat
2303 5420 2395 5475 hic
2422 5420 2747 5478 Valerianus
2770 5419 3022 5476 militaris
3047 5422 3179 5489 dux,
3205 5421 3291 5477 vel
3322 5419 3557 5491 Optatus

1951 5491 2104 5546 urbis
2132 5489 2448 5562 praefectus,
2486 5493 2554 5548 de
2594 5505 2829 5560 quorum
2877 5491 3142 5547 alterutro
3175 5489 3464 5562 Martyrius
3506 5493 3560 5546 in

1960 5572 2115 5629 parte
2160 5562 2493 5618 laudationis
2537 5563 2739 5618 amissa
2787 5562 3018 5618 dixerat.
3079 5565 3153 5618 De
3197 5563 3282 5618 bis
3329 5563 3386 5618 in
3435 5562 3562 5618 Vita

1960 5633 2335 5701 (lbrysostomi

2037 5704 2111 5776 (Ir)
2138 5704 2286 5776 Lege
2324 5705 2625 5760 Palladium
2669 5720 2788 5776 cap.
2822 5705 2913 5768 20,
2949 5719 3052 5760 nec
3083 5720 3190 5759 non
3228 5705 3422 5760 citatas
3449 5703 3556 5761 lioo

1963 5775 2106 5830 norii
2136 5774 2267 5842 imp.
2307 5775 2543 5832 litteras.
