4234 6310
116 446 227 490 ιω.

119 550 287 609 adhuc
317 553 614 623 superest,
643 568 751 609 nos
774 555 867 625 qui
905 569 1096 609 sumus
1124 567 1246 624 eius
1271 553 1469 609 fratres
1508 550 1722 609 videbi-

126 659 239 701 mus
265 644 577 714 aliquando
604 643 909 717 Josephum
940 646 995 702 in
1023 646 1224 702 throno
1245 646 1531 702 sedentem
1554 643 1720 708 (Gen.

134 735 384 801 Inmiti
447 735 631 808 sqq.)
689 745 746 793 et
800 736 1102 807 spiritalem
1139 736 1456 791 alimoniam
1509 736 1726 790 eunetis

134 826 456 895 praebentem
475 847 491 880 :
526 828 614 883 sin
647 828 695 883 is
720 845 913 899 reapse
935 829 1003 884 ad
1028 844 1214 885 veram
1241 830 1409 884 vitam
1439 827 1721 900 migravit,

134 934 288 995 atque
312 921 381 977 ad
405 922 1022 991 exoptatumChristum
1046 922 1306 992 perrexit,
1332 921 1600 977 habemus
1627 935 1726 989 pro

134 1016 287 1072 nobis
334 1016 765 1070 intercessorem
798 1023 1110 1085 martyrem.
1164 1014 1281 1070 Hoc
1336 1022 1567 1084 accepto
1622 1012 1727 1067 sibi

135 1114 279 1178 grato
322 1104 522 1160 nuntio
562 1102 843 1176 (Atticus),
896 1104 1176 1175 voluptate
1229 1119 1440 1175 augens
1481 1101 1730 1172 corporis

135 1198 523 1261 tumiditatem,
558 1198 750 1252 induta
784 1198 1135 1269 benignitatis
1184 1198 1389 1268 specie,
1433 1196 1601 1267 cwpit
1632 1212 1730 1266 per

133 1306 321 1345 omnes
383 1306 743 1356 concursare,
797 1290 982 1346 fovere
1043 1306 1108 1345 ac
1161 1289 1395 1346 delinire
1449 1304 1728 1351 sermone,

133 1396 266 1452 quos
291 1396 467 1451 opere
497 1382 799 1436 laniaverat
824 1398 838 1447 ;
892 1383 1183 1453 pecuniam
1231 1383 1608 1457 indigentibus
1637 1393 1732 1439 aut

136 1472 493 1543 poscentibus
516 1472 666 1531 dare.
699 1475 929 1546 genibus
949 1491 1141 1531 eorum
1168 1477 1384 1533 advolvi
1412 1493 1477 1533 ac
1516 1476 1730 1548 suppli-

136 1582 276 1629 rare.
307 1567 516 1638 quibus
540 1568 679 1623 nihil
710 1568 858 1625 aliud
886 1570 1135 1641 praebere
1163 1586 1224 1627 se
1254 1586 1415 1642 posse
1446 1570 1727 1634 credebat,

139 1669 332 1728 rogans
362 1672 565 1726 nempe
619 1664 681 1712 ut
715 1659 925 1728 justum
959 1658 1227 1715 adversus
1266 1676 1326 1715 se
1354 1661 1543 1717 odium
1575 1660 1737 1716 omit-

140 1751 336 1805 terent.
369 1753 429 1801 et
452 1746 638 1817 iniqua
668 1763 859 1804 secum
886 1749 1121 1806 amicitia
1149 1751 1383 1809 coirent.

134 1822 147 1829 ’
206 1836 259 1891 5.
287 1838 408 1911 Ego
437 1856 569 1895 vero
597 1840 777 1912 ipsum
805 1844 886 1898 sic
931 1843 1167 1901 libenter
1204 1842 1513 1914 alloquerer
1547 1863 1560 1898 :
1587 1844 1633 1897 0
1656 1853 1737 1916 ty-

139 1946 326 1995 ranne,
351 1933 561 1988 videris
590 1936 739 1990 enim
797 1936 968 2002 mihi,
1030 1946 1257 2009 propter
1306 1954 1368 1994 ea
1432 1954 1552 2009 qua:
1599 1938 1732 2010 agis,

141 2024 238 2081 hac
289 2026 664 2096 appellatione
715 2029 973 2101 gaudere,
1012 2046 1120 2101 qua
1173 2032 1457 2088 oculorum
1510 2032 1737 2087 audacia

141 2116 469 2173 medicinam
499 2120 664 2177 allers
692 2122 1011 2178 vulneribus
1055 2141 1178 2195 qua:
1214 2127 1334 2197 ipse
1373 2125 1601 2181 fecisti?
1651 2125 1740 2181 vel

139 2212 413 2278 quomodo
467 2227 571 2283 pro
626 2222 723 2267 tuo
770 2216 1023 2273 adulandi
1078 2233 1251 2284 more,
1314 2219 1522 2275 idcirco
1576 2230 1738 2275 antea

142 2300 381 2372 injurius
439 2303 615 2368 fuisti,
670 2314 731 2361 ut
778 2307 976 2364 deinde
1028 2309 1264 2366 haberes
1302 2312 1360 2367 in
1405 2326 1518 2382 quo
1564 2318 1740 2365 artem

140 2402 284 2447 tuam
306 2409 601 2450 exerceres
625 2396 649 2449 ?
680 2396 825 2451 haud
855 2399 1013 2454 aliter
1042 2417 1209 2471 quam
1258 2402 1303 2456 si
1335 2403 1462 2471 quis
1491 2402 1742 2457 medicus

142 2486 507 2555 plurimarum
542 2488 843 2543 herbarum
872 2492 1229 2561 emplastrum
1260 2494 1483 2549 sinistra
1514 2510 1739 2565 gerens,

142 2577 363 2631 dextera
402 2579 629 2634 interim
690 2596 856 2635 manu
890 2582 1171 2639 hominem
1221 2585 1371 2639 clava
1408 2595 1739 2655 percuteret,

142 2666 506 2739 diceretque:
559 2669 713 2725 Bono
747 2672 931 2727 animo
981 2685 1129 2739 esto,
1188 2676 1553 2742 charissime;
1612 2692 1741 2731 nam

146 2760 355 2816 medela
387 2762 525 2817 mihi
552 2763 606 2817 in
638 2765 896 2820 manibus
924 2773 1031 2821 est.
1063 2766 1129 2821 At
1161 2768 1331 2833 enim,
1376 2776 1525 2823 recte
1555 2770 1745 2823 admoo

145 2856 268 2910 dum
307 2856 398 2912 ille
431 2858 791 2927 responderet
820 2858 902 2915 :0
932 2861 1191 2931 pessime,
1224 2877 1324 2917 cur
1349 2864 1489 2918 mihi
1516 2863 1746 2919 medela:

146 2949 534 3004 necessitatem
562 2950 851 3021 imponis?
882 2952 994 3009 Cur
1020 2964 1203 3009 autem
1246 2955 1343 3009 tibi
1383 2955 1582 3009 infirmi
1621 2972 1746 3011 cor-

152 3041 293 3109 poris
317 3057 510 3096 curam
542 3044 905 3106 committam,
933 3045 1024 3115 qui
1054 3061 1249 3100 sanum
1277 3063 1401 3101 cum
1440 3048 1743 3111 inveneris,

151 3140 253 3187 tam
281 3135 428 3189 male
462 3136 694 3191 affet-isti
718 3136 741 3189 ?
764 3137 895 3192 Mihi
924 3153 1056 3209 ergo
1081 3138 1338 3193 videntur
1368 3139 1442 3192 illi
1471 3140 1745 3203 homines,

152 3227 237 3295 qui
261 3237 495 3297 propter
558 3228 701 3284 beati
744 3231 847 3285 viri
878 3232 1088 3286 obitum
1143 3232 1209 3286 ad
1266 3233 1460 3287 horum
1498 3248 1750 3287 commu-

155 3319 369 3373 nionem
396 3321 690 3385 accedunt,
733 3330 789 3377 et
826 3338 921 3378 eos
965 3325 1177 3394 pridem
1215 3325 1283 3380 ad
1336 3326 1539 3380 cardem
1574 3326 1753 3396 impu-

154 3410 295 3474 lisse,
333 3422 503 3482 atque
532 3414 587 3468 id
635 3426 887 3485 posteros
936 3433 1129 3473 omnes
1184 3418 1403 3481 docere,
1444 3420 1749 3489 cujusmodi

157 3505 208 3557 in
238 3503 344 3559 hac
374 3505 486 3559 vita
512 3506 715 3560 multos
767 3508 1035 3563 exsistere
1075 3509 1233 3564 facile
1267 3510 1485 3577 accidit,
1520 3520 1582 3565 ut
1626 3527 1753 3566 cum

158 3593 429 3649 voluerint
470 3595 679 3663 justum
712 3598 996 3654 hominem
1028 3602 1324 3671 expellere,
1359 3612 1416 3657 ct
1446 3619 1569 3657 cum
1605 3603 1753 3657 cala-

160 3687 315 3740 mitas
346 3687 530 3756 aliqua
565 3704 697 3743 oves
726 3691 1067 3760 diSperserit,
1102 3696 1355 3763 protinus
1388 3695 1538 3749 illum
1578 3696 1752 3750 inter-

162 3776 365 3842 ficiant,
400 3790 463 3834 ut
494 3780 691 3836 eodem
731 3782 946 3837 excidio
972 3784 1223 3839 irretiant
1266 3787 1429 3841 ovile.
1478 3786 1621 3853 Quid
1651 3786 1751 3851 ais,

162 3886 194 3923 ο
218 3868 429 3923 homo?
461 3869 579 3925 Non
610 3874 1031 3928 communicasti
1064 3875 1332 3930 hactenus
1379 3886 1605 3947 propter
1646 3877 1755 3931 iui-

162 3962 450 4031 quitatem,
494 3980 645 4019 nunc
685 3974 810 4035 post
863 3967 1066 4021 caedem
1123 3968 1541 4036 communicas,
1602 3970 1758 4041 quasi

163 4059 339 4114 ardes
366 4058 714 4129 iniquitatem
743 4062 1103 4132 purgaverit?
1144 4062 1286 4116 Num
1317 4061 1629 4119 Jezabelem
1664 4079 1759 4118 us-

165 4166 267 4219 que
296 4151 365 4205 ad
398 4153 577 4206 vinea:
627 4154 874 4222 rapinam
911 4152 1096 4214 odisti,
1133 4161 1423 4224 postquam
1450 4163 1634 4209 autem
1669 4155 1761 4210 illa

168 4241 475 4296 Nabuthem
508 4242 807 4308 interfecit,
838 4242 991 4312 quasi
1036 4242 1127 4296 hic
1156 4242 1387 4308 viveret,
1418 4243 1604 4297 odium
1638 4258 1762 4298 sce-

168 4333 312 4390 lesta:
346 4334 566 4390 femina:
596 4334 897 4390 remisisti?
945 4334 1053 4406 (111
1078 4334 1204 4406 Reg.
1234 4350 1344 4401 va,
1380 4336 1415 4390 2
1445 4334 1587 4405 sqq.)
1620 4334 1763 4402 Quid

168 4442 296 4498 ergo
330 4441 581 4497 agemus.
620 4427 795 4489 aiunt,
842 4436 1061 4481 mortuo
1100 4428 1212 4496 jam
1256 4427 1522 4482 homine?
1554 4429 1762 4497 Exspe-

169 4527 336 4579 ctare.
371 4519 593 4588 inquam
624 4560 637 4583 ,
693 4526 912 4589 oportet
935 4518 1147 4587 justum
1199 4518 1404 4574 Christi
1456 4519 1725 4589 judicium
1747 4562 1762 4585 ,

168 4610 310 4679 quod
344 4610 567 4679 quidem
601 4609 717 4664 sine
743 4609 911 4664 dubio
933 4618 1263 4665 eventurum
1302 4626 1467 4665 nemo
1496 4610 1762 4681 ambigat:

169 4702 376 4756 etenim
402 4701 551 4756 haud
585 4701 840 4758 humana:
868 4702 995 4757 vita:
1026 4701 1299 4768 terminis,
1337 4718 1521 4757 rerum
1550 4718 1769 4773 quoque

173 4791 335 4848 tinem
370 4792 701 4848 concludere
737 4794 1005 4849 Dominus
1044 4794 1213 4851 solet:
1265 4807 1455 4851 contra
1488 4796 1673 4866 potius
1701 4796 1771 4851 ab

174 4886 288 4954 ipsa
317 4898 510 4940 rerum
538 4886 926 4956 desperatione
957 4886 1175 4942 initium
1223 4903 1445 4943 sumere
1476 4907 1491 4956 ;
1523 4889 1576 4945 id
1623 4890 1772 4961 quod

174 4975 486 5030 divinarum
514 4976 923 5046 Scripturarum
953 4977 1275 5033 testimonio
1299 4978 1656 5034 confirmabo.

242 5070 297 5123 6.
325 5067 693 5123 Devoraverat
724 5068 853 5122 olim
893 5066 1195 5138 Josephum
1234 5071 1375 5126 mala
1422 5070 1559 5137 fera,
1608 5081 1774 5144 prout

175 5160 414 5214 fratrum
448 5160 593 5229 apud
628 5168 837 5230 patrem
865 5159 1170 5216 afllrmabat
1196 5163 1369 5217 oratio
1390 5166 1405 5231 (
1424 5162 1552 5218 Cen.
1577 5176 1778 5230 xxxv",

177 5253 290 5313 33).
318 5256 446 5308 lam
468 5267 602 5307 vero
623 5253 724 5307 hos
748 5254 842 5323 qui
872 5253 1028 5309 aliter
1047 5254 1317 5321 dixerant,
1345 5254 1505 5311 aliter
1528 5267 1771 5327 egerant,

178 5345 438 5401 subditos
466 5344 657 5400 habuit
682 5343 978 5415 Iosephus,
1030 5360 1197 5415 seque
1227 5346 1520 5402 adorantes
1547 5362 1778 5417 conspe-

180 5438 276 5505 xit,
314 5446 377 5494 et
416 5437 753 5493 somniorum
809 5444 1062 5493 veterum
1111 5437 1623 5509 interpretationem
1677 5456 1776 5494 ex-

183 5636 223 5680 t.
252 5623 379 5681 XII.
408 5637 461 5693 p.
492 5622 869 5695 ll76.7etseqq.
893 5622 1200 5695 Defendere
1228 5621 1483 5695 nituntur
1512 5622 1781 5679 Boschius

184 5696 285 5751 loc.
315 5692 423 5749 cit.
452 5702 510 5749 et
529 5692 868 5749 Bollandiaui
898 5694 963 5749 ad
991 5694 1135 5748 diem
1163 5694 1197 5747 8
1220 5692 1486 5748 Januarii.

254 5765 333 5834 (e)
363 5762 451 5818 An
493 5763 723 5821 fortasse
774 5781 877 5835 pro
907 5763 1110 5835 πάλινῖ
1158 5762 1315 5820 Tunc
1365 5764 1514 5819 dicas
1556 5782 1571 5819 :
1605 5774 1655 5819 et
1697 5782 1784 5821 eos

187 5835 471 5906 muti
493 5837 689 5891 cedem
728 5834 1018 5906 impellere.

260 5905 338 5978 (ι)
372 5903 505 5963 Num
526 5923 627 5980 pro
656 5903 1014 5977 λυπήσαντες
1030 5906 1283 5978 ποιμένα,
1308 5905 1789 5979 δεασπείραι,ρῐς.ῗ

1254 433 1345 489 DE
1380 433 1440 489 S.
1479 430 1752 489 JOANNE
1783 430 2327 490 ειιιιγεοδτοιιο.
3393 450 3427 498 ι.

1833 561 2019 622 partos
2050 551 2202 625 (Gen.
2237 567 2391 615 nm,
2424 551 2540 621 26).
2577 551 2697 623 lpse
2722 561 2929 614 autem,
2955 561 3079 622 post
3104 551 3370 609 creditam
3395 568 3431 611 a

1833 651 1989 714 patre
2018 659 2235 709 necem,
2276 643 2441 715 regiis
2468 643 2723 698 curribus
2742 642 2949 714 lugenti
2981 643 3224 699 occurrit
3257 644 3428 715 (Gen.

1833 750 1980 797 xm,
2014 733 2150 804 29).
2182 735 2303 790 Mox
2332 736 2421 791 hic
2450 736 2592 791 idem
2627 734 2899 805 Josephus
2938 734 3183 790 moriens
3218 736 3435 792 univer-

1836 841 1951 881 sam
1975 842 2131 882 suam
2156 828 2561 899 cognationem,
2583 842 2781 899 magno
2801 843 3037 882 numero
3057 828 3169 897 jam
3191 836 3432 893 auctam,

1836 916 2034 971 durum
2094 917 2370 989 Egyptiis
2449 918 2735 973 servitium
2801 918 3131 973 servituram
3215 918 3438 990 reliquit

1840 1006 1859 1076 (
1887 1006 2058 1062 Exod.
2090 1025 2185 1072 vn,
2221 1011 2255 1064 ὕ
2292 1008 2471 1080 sqq.).
2497 1008 2683 1080 Neque
2712 1018 2895 1064 tamen
2911 1019 3137 1079 prepter
3164 1010 3285 1081 eius
3314 1010 3440 1066 obi-

1837 1108 1953 1153 tum
1984 1099 2258 1169 quiSpiam
2315 1101 2560 1157 Israelita
2614 1101 2793 1158 factus
2843 1113 2929 1158 est
2974 1103 3287 1176 Egyptius.
3340 1105 3438 1160 sed

1836 1191 2118 1261 aliquanto
2174 1193 2521 1263 perferentes
2576 1194 2863 1251 servitium
2919 1202 3199 1267 tempore,
3240 1196 3441 1269 Moysis

1837 1297 2009 1352 Opera
2037 1282 2093 1337 in
2121 1284 2625 1354 splendidissimam
2664 1288 2975 1342 libertatem
3003 1288 3264 1343 vindicati
3316 1285 3441 1344 fue-

1838 1380 2009 1439 runt;
2054 1380 2112 1428 et
2140 1374 2233 1443 qui
2268 1384 2430 1430 antea
2465 1392 2535 1433 ne
2580 1378 2853 1448 respirare
2888 1380 3110 1449 quidem
3160 1380 3263 1435 sub
3296 1380 3447 1436 labo-

1838 1463 1995 1521 ribus
2028 1477 2307 1536 poterant,
2338 1470 2536 1526 deinde
2569 1472 2651 1526 eis
2680 1472 2936 1528 universa
2965 1481 3218 1529 creatura
3266 1474 3444 1530 servi-

1840 1559 1941 1625 vit,
1973 1559 2103 1616 dum
2146 1563 2404 1620 videlicet
2446 1564 2720 1637 benignus
2762 1565 2907 1621 Deus
2943 1568 3222 1638 gressibus
3251 1582 3445 1624 eorum

1841 1667 1993 1709 mare
2024 1664 2283 1726 tanquam
2317 1667 2519 1713 terram
2546 1658 2837 1723 exhibuit;
2866 1659 3183 1715 sitientibus
3227 1660 3445 1716 deserta

1841 1758 1899 1803 et
1962 1748 2224 1819 inaqnosa
2292 1751 2409 1806 loca
2474 1751 2696 1825 pelagus
2751 1752 2979 1819 ellecit;
3052 1753 3161 1810 cibi
3231 1753 3449 1825 cupiJis

1843 1856 2042 1911 panem
2063 1843 2116 1897 in
2135 1843 2290 1899 caelis
2305 1844 2645 1900 elaboratum
2665 1846 2876 1917 depluit
2899 1846 3091 1919 (Exod.
3115 1864 3205 1912 xv,
3226 1848 3249 1903 l
3274 1847 3443 1919 sqq.).

1848 1930 1950 1987 llis
1977 1948 2143 2002 porro
2161 1950 2341 2005 neque
2360 1936 2575 2001 urbem,
2605 1951 2785 2008 neque
2807 1936 3009 2002 lorum,
3040 1952 3224 2006 neque
3253 1937 3453 1996 domo.

1845 2022 2029 2078 adhuc
2058 2023 2413 2091 habentibus,
2452 2026 2548 2081 sed
2584 2026 2641 2081 in
2670 2034 2824 2081 vasta
2851 2041 3040 2080 eremo
3074 2028 3251 2098 gregis
3275 2027 3455 2083 instar

1846 2114 2029 2171 adhuc
2058 2116 2427 2180 versantibus,
2465 2117 2576 2172 dux
2622 2117 2810 2188 populi
2873 2116 3088 2190 Moyses
3147 2118 3216 2173 ad
3264 2126 3455 2190 patres

1848 2223 1978 2264 suos
2006 2210 2320 2279 apponitur.
2354 2209 2497 2276 Quid
2542 2225 2674 2282 ergo
2719 2210 2806 2266 his
2850 2211 3122 2282 agendum
3172 2220 3312 2275 erat,
3356 2210 3453 2281 qui

1848 2315 1949 2370 per
1982 2300 2203 2373 Moysen
2231 2301 2557 2372 promissam
2587 2304 2983 2373 exspectabant
3031 2318 3230 2374 capere
3272 2304 3452 2358 haere-

1849 2390 2075 2445 ditatem
2104 2391 2290 2446 ?Num
2322 2392 2375 2445 in
2408 2391 2729 2464 Egyptum,
2763 2394 2851 2448 dic
2880 2393 3035 2457 mihi,
3066 2392 3454 2463 desperatione

1850 2481 2240 2537 redeundum?
2293 2483 2364 2539 At
2424 2494 2575 2540 certe
2632 2485 2849 2539 illorum
2906 2485 3192 2541 stultitiam
3245 2485 3457 2541 risisset

1850 2571 2049 2644 Moysis
2078 2574 2134 2628 in
2171 2590 2400 2631 munere
2430 2591 2719 2631 successor
2750 2575 2937 2642 Josue,
2978 2578 3071 2648 qui
3115 2577 3456 2650 alienigena-

1852 2683 1973 2721 rum
2007 2668 2171 2723 nrbes
2198 2670 2473 2725 moenibus
2499 2671 2866 2727 communitas
2895 2671 3061 2741 cepit,
3100 2672 3265 2727 modo
3293 2672 3459 2728 tuba-

1852 2777 1975 2815 rum
2024 2762 2206 2816 sonitu
2265 2762 2397 2833 (Jos.
2440 2780 2515 2829 vt,
2552 2764 2575 2817 1
2612 2779 2731 2833 sqq.
2756 2763 2798 2835 ),
2830 2763 2993 2819 modo
3044 2763 3457 2835 exspectatione

1854 2855 2236 2915 tantirmmodo
2262 2856 2349 2911 vel
2392 2857 2723 2927 pra'sentia:
2776 2857 3016 2928 denique
3054 2866 3112 2912 et
3160 2856 3458 2912 nonnullos

1855 2943 1993 2999 vidit
2021 2946 2315 3002 artificiosa
2345 2946 2538 3004 fraude
2572 2956 2815 3015 utentes,
2848 2958 2909 3005 ut
2938 2958 3257 3021 spontanere
3282 2947 3461 3006 servi-

1857 3037 1992 3091 tutis
2014 3037 2205 3108 jugum
2238 3038 2510 3095 subirent.

1928 3132 1980 3185 7.
2011 3131 2157 3185 Elias
2192 3131 2485 3202 aliquando
2516 3134 2697 3189 aiebat
2725 3133 2903 3189 solum
2936 3150 2995 3189 se
3040 3135 3292 3190 relictum
3344 3136 3460 3207 (qui

1858 3223 1971 3277 Deo
2000 3224 2294 3293 serviret),
2330 3240 2564 3296 moxque
2598 3226 2800 3295 reperit
2826 3238 3049 3281 centum
3077 3228 3378 3299 prophetas
3401 3229 3460 3285 in

1858 3316 2139 3387 Speluncis
2167 3319 2437 3384 viventes,
2484 3320 2804 3390 audivitque
2859 3320 3153 3375 Dominum
3206 3321 3310 3377 sibi
3374 3321 3463 3378 di-

1859 3420 2077 3465 centem
2106 3429 2119 3465 :
2152 3410 2377 3483 Reliqua
2414 3412 2543 3466 mihi
2575 3412 2673 3483 feci
2702 3428 2796 3466 sex
2827 3411 2998 3466 millia
3045 3412 3337 3476 hominum,
3372 3415 3464 3484 qui

1860 3519 1995 3574 genu
2026 3502 2187 3557 Bauli
2214 3520 2314 3557 non
2345 3506 2605 3572 ﬂexerunt
2640 3502 2747 3572 (ΙΙΙ
2782 3504 2910 3576 Reg.
2946 3522 3059 3571 xnx,
3095 3506 3204 3572 l8).
3241 3505 3466 3561 Postre—

1862 3610 1954 3648 mo
1985 3594 2099 3664 ipse
2116 3610 2280 3649 curru
2300 3595 2392 3651 illo
2418 3611 2741 3663 conscenso,
2761 3597 3045 3669 igneisqne
3075 3596 3175 3652 alis
3195 3599 3466 3654 int-mlum

1863 3686 2074 3749 volans,
2106 3687 2367 3742 Elisamm
2398 3688 2612 3755 habuit,
2650 3690 2745 3761 qui
2776 3691 2829 3745 in
2864 3707 2923 3745 se
2953 3692 3126 3745 Ellam
3160 3706 3468 3759 repraesen-

1867 3776 2023 3838 tavit,
2054 3777 2165 3831 imo
2221 3780 2397 3848 major
2445 3780 2723 3835 interdum
2759 3781 2908 3836 visus
2959 3788 3066 3847 est,
3125 3788 3289 3850 prout
3351 3780 3469 3850 ipse

1866 3869 2077 3938 optavit
2106 3870 2202 3935 (IV
2237 3870 2364 3942 Reg.
2400 3888 2464 3938 ιι,
2501 3872 2598 3943 9).
2653 3873 2786 3928 Sine
2836 3873 3003 3928 dubio
3052 3890 3203 3929 nunc
3252 3888 3469 3943 quoque

1867 3962 1999 4015 latet
2033 3962 2238 4017 alicubi
2285 3964 2537 4029 Eliszeus,
2585 3965 2678 4035 qui
2718 3966 2898 4020 Patris
2939 3966 3180 4021 meloten
3222 3966 3468 4021 sustulit.

1868 4053 2034 4121 Quid,
2064 4072 2182 4120 oro,
2223 4056 2267 4110 si
2298 4065 2355 4111 tu
2407 4057 2495 4111 illa
2525 4064 2688 4112 mtate
2738 4058 2993 4123 vixisses,
3053 4074 3161 4128 qua
3210 4056 3471 4112 Servator

1869 4146 2145 4217 apparuit,
2173 4156 2338 4217 atque
2390 4148 2464 4202 ita
2516 4165 2644 4205 cum
2700 4150 2963 4219 apostolis
3016 4164 3264 4213 versans,
3316 4149 3470 4205 illum

1869 4239 2089 4309 quidem
2121 4238 2443 4295 cruciﬁxum
2475 4240 2733 4306 vidisses,
2780 4241 3134 4297 crucifixores
3184 4252 3372 4298 autem
3420 4252 3474 4299 te

1874 4336 2173 4391 invitantes
2215 4336 2465 4391 audisses
2494 4346 2551 4393 et
2595 4337 2932 4392 assentando
2981 4335 3250 4401 dicentes,
3287 4338 3473 4394 omnia

1874 4439 2055 4484 morte
2081 4429 2395 4485 necessario
2418 4430 2587 4495 finiri,
2607 4446 2741 4485 num
2764 4430 2830 4484 ad
2853 4429 3150 4500 apostolos,
3172 4429 3260 4486 dic
3289 4430 3472 4495 sodes,

1874 4523 2144 4579 accedens
2174 4523 2427 4579 hortatus
2453 4539 2549 4578 eos
2577 4538 2752 4587 esses,
2786 4532 2848 4577 ut
2884 4522 3150 4593 Caipham
3204 4522 3475 4578 conveni-

1876 4627 2023 4684 rent,
2051 4625 2229 4672 actam
2261 4632 2375 4672 rem
2405 4616 2714 4680 laudarent,
2764 4614 3045 4669 dexteram
3076 4613 3221 4668 illam
3250 4614 3477 4671 christi-

1877 4710 2057 4765 cidam
2089 4709 2515 4767 oscularentur?
2545 4707 2677 4763 Sine
2709 4708 2880 4763 duhio
2920 4707 3026 4762 hoc
3056 4707 3163 4763 illis
3191 4722 3303 4762 non
3348 4722 3481 4778 per-

1880 4798 2191 4855 suasisses:
2228 4807 2284 4855 tu
2317 4815 2449 4855 vero
2488 4798 2594 4854 hoc
2635 4796 2779 4853 facto
2834 4796 3077 4868 Spiritus
3107 4797 3253 4852 dono
3308 4805 3481 4853 temet

1880 4891 2173 4960 privasses,
2208 4900 2265 4946 et
2294 4890 2603 4945 innumeris
2651 4889 2759 4944 illis
2802 4888 2980 4952 bouis,
3017 4904 3135 4959 quae
3169 4904 3261 4942 nec
3294 4886 3478 4943 oculus

1881 4984 2031 5049 uidit,
2080 5000 2245 5055 neque
2302 4984 2450 5037 auris
2510 4982 2747 5047 audivit,
2809 4996 2975 5053 neque
3005 4980 3061 5033 in
3115 4994 3205 5033 cor
3253 4977 3480 5033 hominis

1883 5076 2229 5131 ascenderunt
2259 5074 2324 5146 (Ι
2354 5074 2475 5131 Cor.
2506 5091 2566 5141 ιι,
2594 5075 2692 5146 9),
2749 5089 2872 5145 qua:
2927 5072 3185 5129 videlicet
3233 5070 3479 5128 cruciﬁxi

1885 5162 2112 5217 donavit
2141 5163 2301 5219 nobis
2330 5163 2661 5235 benignitas.

1958 5255 2011 5310 8.
2043 5254 2177 5321 Quae
2205 5271 2329 5310 cum
2357 5255 2430 5310 ita
2456 5256 2587 5321 sint,
2620 5271 2691 5311 ne
2720 5271 2871 5311 nunc
2916 5253 3139 5323 quidem
3186 5253 3482 5324 desperare

1886 5346 2034 5409 licet,
2064 5348 2281 5410 fratres,
2314 5348 2382 5403 de
2413 5348 2509 5403 Dei
2533 5348 2757 5403 auxilio.
2786 5347 2893 5403 Sed
2918 5347 3231 5404 necessario
3250 5345 3486 5403 dicenda

1888 5441 2049 5497 nobis
2076 5450 2206 5498 sunt
2234 5442 2401 5497 verba
2441 5443 2746 5513 priscorum
2770 5441 3205 5497 adolescentium
3233 5440 3477 5503 illorum.

1964 5629 2034 5696 le)
2067 5629 2207 5685 Num
2239 5645 2339 5699 pro
2376 5629 2630 5700 μακρόνὶν

1966 5701 2031 5777 (f)
2070 5700 2406 5777 gabaonitas
2432 5701 2586 5755 dicit.
2917 5766 2940 5777 _
3005 5775 3012 5777 Α
3166 5766 3181 5777 _
3208 5764 3220 5777 .
3305 5761 3341 5777 ν

2065 5770 2605 5834 Μεταλλάσσοντα,
2640 5787 2739 5842 pro
2776 5783 2885 5840 quo
2913 5766 3144 5824 fortasse
3166 5764 3260 5822 hic
3288 5760 3493 5819 dicitur

1895 5841 2327 5907 ὑπαλλάξαντες.
