4234 6310
763 445 812 488 ιι
1886 429 2242 487 ΤὶΙΙζΟΌΟΙίΙ
2283 431 2824 490 ΤΒΙΜΙΤΙΙΙΞΝΤῘΝΙ
3975 452 4058 494 ιιι

759 550 1028 616 οὐρανοῖς,
1059 549 1114 608 ὃς
1147 550 1294 601 ἐστιν
1329 549 1512 612 ἱκανὸς
1551 551 1792 621 τιμωρὸς
1837 552 1935 622 μὲν
1958 548 2208 620 γενέσθαι
2239 555 2350 616 τοῖς

762 641 990 702 ἀδίκοις,
1015 640 1326 712 προστάτης
1347 640 1403 693 δὲ
1425 641 1527 712 τῆς
1563 643 1840 712 ἡμετέρας
1868 643 2092 713 ἀγέλης.
2122 645 2234 698 Καὶ
2257 645 2354 698 ἐὰν

765 736 860 804 μὴ,
881 731 1122 800 γνωστὸν
1141 731 1284 786 ἔστω
1306 733 1472 786 πᾶσιν
1495 733 1826 804 ἀνθρώποις,
1847 737 1930 790 ὅτι
1955 719 2180 806 οὐδεμία
2201 737 2355 790 ἔσται

763 823 1018 878 κοινωνία
1053 822 1390 890 φονευθεῖσιν
1437 825 1748 898 ἀνθρώποις
1803 828 1940 894 μετὰ
1982 827 2092 881 τῶν
2137 829 2355 882 ἀνελόν-

2455 558 2655 628 καρδία
2696 557 2796 627 μὲν
2837 557 2918 609 ἔτι
2959 555 3084 610 καθ’
3115 555 3274 626 ἡμῶν
3315 555 3564 624 φονῶσα,
3597 554 3813 624 γλῶττα
3849 555 3909 608 δὲ
3957 555 4062 610 καὶ

2454 651 2578 720 χεὶρ
2598 649 2676 718 τῷ
2695 651 2786 703 τοῦ
2809 649 3020 703 δικαίου
3049 667 3108 701 τε
3139 649 3234 702 καὶ
3257 648 3366 702 τῶν
3391 647 3600 702 ἐκείνου
3623 649 3832 702 παίδων
3855 649 4061 720 αἵματι

2458 743 2850 813 πεςοινιγμένη
2884 743 2978 813 (ω.
3025 741 3166 792 Ἀλ>’
3215 755 3260 794 ω
3287 739 3558 812 Θαυμάσιε
3585 741 3794 812 Πάτερ,
3823 741 4061 794 Errata-8

2457 834 2556 887 καὶ
2594 834 2922 888 κατευοδοῦ
2959 835 3058 886 καὶ
3085 833 3410 897 βασίλευε,
3461 833 3556 886 καὶ
3595 832 3704 885 τῶν
3755 831 4060 902 βασιλικῶν

761 928 890 968 των.
919 914 1052 966 Οὐδὲ
1080 913 1386 986 ἀνεξόμεθα
1415 918 1702 986 προσιέναι
1729 917 1890 990 θυσίᾳ
1915 919 2014 989 (a),
2041 919 2107 990 ἦν
2131 919 2358 989 ἐποίησε
2457 925 2638 978 αὐλῶν
2665 926 2912 980 ἐπίϐαινε
2937 926 3029 978 τοῦ
3055 925 3312 998 Χριστοῦ.
3341 939 3354 950 ’

831 1023 906 1109 fa)
937 1022 1197 1109 intelligit
1224 1030 1666 1109 communionem
1699 1032 1754 1085 in
1797 1031 2020 1098 divinis,
2059 1032 2114 1087 id
2161 1041 2244 1087 est
2281 1032 2336 1086 in
2367 1047 2520 1090 sacra
2551 1037 2788 1109 liturgia,
2825 1051 2950 1092 cum
2981 1037 3308 1092 adversariis
3333 1035 3729 1108 Chrysostomi.

831 1094 901 1164 (bl)
933 1093 1066 1149 Cod.
1101 1093 1554 1168 τξεφοινιγμὲνων.

809 1231 842 1238 ..-

855 1232 1024 1239 —_

1025 1231 1158 1240 ——-—..

3909 1115 3946 1136 ’κ

3200 1228 3373 1239 ..ι-ν--α
3393 1229 3402 1236 ο
3425 1225 3948 1238 -ι-Ι-καιλ--η--ῌ
3961 1224 4026 1236 .-

2819 1231 3194 1242 -σ--ι--η--σ-

1437 1383 1796 1446 MONITUM
1837 1384 1918 1444 IN
1962 1383 2306 1455 SEQUENS
2347 1382 2740 1443 THEODORI
2777 1379 3374 1442 TRIMITHUNTINI

829 1551 868 1604 Α
907 1551 1164 1604 Theodoro
1203 1549 1565 1604 Trimithuntis
1595 1551 1651 1604 in
1699 1548 1869 1620 Cypro
1903 1549 2078 1604 insula
2111 1551 2350 1620 episcopo

755 1643 1010 1712 scriptam
1027 1643 1134 1696 divi
1157 1641 1507 1712 Chrysostomi
1533 1643 1704 1696 Vitam
1735 1643 1878 1711 apud
1899 1659 1952 1696 se
1979 1641 2188 1706 habere,
2217 1643 2350 1696 dixit

757 1733 984 1788 Allatius
1018 1735 1072 1788 in
1111 1734 1369 1799 Diatriba,
1411 1751 1464 1804 p.
1499 1735 1622 1799 171,
1652 1751 1705 1789 η.
1739 1733 1870 1800 CVI,
1915 1735 2158 1804 idemque
2192 1751 2350 1802 opus-

755 1826 932 1880 culum
979 1837 1476 1880 commemoraverat
1537 1828 1700 1882 etiam
1745 1829 1800 1882 in
1853 1828 1963 1881 alia
2009 1827 2240 1881 diatriba
2277 1827 2352 1881 De

758 1919 1122 1982 Simconibus,
1155 1936 1208 1988 p.
1231 1919 1317 1974 81.
1345 1919 1470 1973 Jam
1499 1921 1881 1992 et~Lequinius,
1905 1919 2000 1974 Or.
2027 1920 2150 1984 CIL,
2189 1929 2230 1973 t.
2265 1919 2341 1984 II,

756 2010 844 2062 ubi
873 2011 938 2064 de
970 2010 1128 2080 Cypri
1159 2013 1412 2080 episcopis
1437 2012 1534 2066 col.
1571 2013 1726 2078 1071,
1755 2015 1891 2066 hanc
1921 2011 2170 2065 Theodori
2199 2011 2348 2064 lucu-

757 2102 1049 2156 brationem
1103 2105 1156 2156 in
1199 2106 1375 2158 codice
1433 2104 1596 2176 Regio
1645 2103 1942 2157 Parisiensi
1987 2103 2124 2158 1835
2165 2111 2349 2155 narrat

755 2201 982 2245 exstare.
1005 2192 1426 2262 Montfauconius
1455 2193 1582 2246 item
1613 2191 1870 2246 Biblioth.
1885 2191 2132 2256 Coislin.,
2148 2207 2200 2260 p.
2226 2190 2347 2254 195,

755 2285 882 2338 vidit
914 2287 1151 2338 eamdem
1185 2287 1238 2338 in
1259 2287 1433 2340 codice
1465 2287 1587 2352 121,
1608 2295 1662 2338 ιιι
1685 2293 1905 2354 apparet
1939 2301 2003 2338 ex.
2027 2283 2354 2354 initio.quod

757 2383 932 2426 tamen
971 2376 1084 2428 sine
1111 2377 1342 2429 auctoris
1375 2377 1583 2429 nomine
1625 2377 1830 2428 recitat.
1869 2373 2108 2444 Bigotius
2131 2373 2354 2450 denique

757 2466 810 2516 in
861 2464 1180 2533 Prwfatione
1211 2466 1282 2518 ad
1323 2463 1564 2520 Palladii
1593 2467 1872 2538 Dialogum
1899 2483 2000 2522 non
2039 2466 2153 2534 ejus
2182 2465 2352 2519 solum

757 2556 1014 2618 meminit,
1039 2556 1128 2608 sed
1161 2564 1208 2610 et
1235 2557 1436 2626 aliquot
1469 2575 1643 2611 versus
1675 2560 1852 2627 refert,
1883 2560 1938 2611 in
1971 2557 2354 2625 Montfauconii

756 2663 972 2714 operum
1006 2645 1358 2716 Chrysostomi
1381 2647 1609 2702 editione
1641 2659 1678 2701 t.
1705 2647 1862 2713 XIII,
1889 2648 2075 2720 Prtef.,
2097 2666 2148 2716 p.
2179 2647 2232 2712 9,
2269 2649 2356 2701 ubi

757 2753 933 2790 tamen
989 2739 1228 2792 mendose
1273 2739 1452 2792 scribit
1506 2738 1820 2810 καταξιωθῇ
1865 2755 1960 2807 pro
2011 2737 2350 2808 κατηξιώθη,

757 2830 874 2900 ἦτοι
905 2847 999 2898 pro
1027 2825 1201 2893 οὗτος,
1234 2835 1322 2886 sed
1373 2841 1550 2886 tamen
1576 2832 1762 2886 melius
1791 2831 1849 2894 ὅς
1875 2848 1968 2904 pro
1993 2831 2086 2893 ὡς,
2123 2835 2170 2884 et
2197 2830 2346 2884 ἐνδε-

759 2926 1084 2993 ι;αμηνιαῖον
1139 2941 1234 2994 pro
1285 2925 1700 2998 ὲνδεκαμήνεον.
1762 2924 2080 2980 Vocabulum
2127 2925 2348 2992 denique

758 3012 1152 3078 κατάκλειστος
1179 3017 1322 3084 apud
1347 3015 1612 3086 Bigotium
1635 3017 1698 3068 de
1727 3025 1886 3070 cauta
1917 3015 2088 3084 potius
2111 3025 2160 3068 et
2187 3031 2346 3084 spon-

758 3113 915 3158 tanea
975 3105 1236 3170 Palladii,
1285 3117 1453 3162 metus
1504 3125 1655 3178 ergo,
1691 3107 1978 3162 iuclusioue
2035 3106 2350 3178 intelligitur

756 3215 916 3268 quam
943 3200 1006 3253 de
1031 3217 1258 3254 carcere.

827 3291 996 3344 Porro
1029 3292 1098 3344 ad
1114 3301 1381 3345 auctorem
1409 3293 1547 3362 quod
1571 3293 1778 3356 attinet,
1811 3291 2102 3344 Theodorus
2123 3291 2206 3343 hic
2237 3291 2348 3344 Tri-

757 3383 1032 3438 mithuntis
1077 3385 1366 3454 episcopus,
1401 3391 1624 3452 apparet
1683 3383 1992 3452 disseritque
2035 3383 2088 3434 in
2143 3382 2350 3434 actione

758 3492 848 3530 xw
884 3476 1091 3528 concilii
1141 3477 1276 3528 sexti
1308 3476 1612 3530 meumenici
1633 3516 1646 3536 ,
1681 3492 1822 3528 anno
1867 3475 2061 3528 Christi
2107 3475 2230 3538 680,
2263 3475 2350 3528 ubi

755 3569 918 3621 etiam
979 3569 1353 3638 archiepiscopi
1401 3570 1484 3622 sui
1539 3568 1826 3638 Epipltanii
1871 3567 1927 3620 II
1967 3566 2136 3620 locum
2183 3567 2349 3620 tenuit

761 3653 988 3720 (Concil.
1041 3656 1122 3708 ed.
1166 3655 1398 3709 Floreut.
1451 3656 1646 3712 Zattte.
1687 3665 1724 3709 t.
1761 3655 1867 3719 XI,
1903 3655 2000 3708 col.
2037 3655 2190 3726 583).
2226 3655 2351 3709 Sine

756 3747 913 3799 dubio
937 3755 1116 3800 autem
1161 3747 1358 3818 Anglus
1389 3745 1620 3802 Servilius
1658 3749 1794 3800 inter
1827 3749 2006 3801 varias
2031 3765 2162 3817 quas
2186 3748 2350 3801 edidit

757 3841 811 3891 in
844 3847 984 3891 tomo
1015 3851 1197 3893 octavo
1231 3839 1584 3911 Chrysostomi
1609 3841 1820 3896 Crazcas
1867 3840 2025 3902 Vitas,
2053 3840 2190 3893 hanc
2217 3857 2350 3910 quo-

755 3950 853 3990 que
887 3951 919 3986 a
953 3933 1213 3987 Theodoro
1245 3936 1595 4004 conscriptam
1628 3933 2007 3998 collocavisset,
2038 3934 2140 3986 nisi
2171 3943 2216 3986 et
2265 3951 2352 3986 co-

755 4027 866 4080 dice
899 4035 946 4079 et
977 4027 1092 4094 ipsa
1119 4027 1216 4088 rei,
1247 4036 1302 4078 ut
1323 4028 1548 4088 videtur,
1583 4027 1768 4078 notitia
1803 4027 2074 4078 caruisset.
2101 4023 2352 4095 Quodque

756 4121 924 4192 magis
953 4119 1256 4173 mirandum
1294 4129 1386 4182 est,
1409 4120 1614 4188 ignotus
1637 4120 1735 4190 fuit
1762 4119 1844 4171 hic
1882 4119 2175 4172 Theodorus
2210 4117 2350 4173 Crte-

757 4228 814 4264 (ο
866 4210 1070 4263 auctori
1111 4208 1355 4281 Catalogi
1385 4210 1790 4280 biographorum
1823 4207 2176 4278 Chrysostomi
2204 4207 2348 4275 apud

756 4302 994 4357 eumdem
1049 4299 1308 4356 Savilium
1333 4339 1347 4364 ,
1385 4309 1424 4354 t.
1465 4299 1624 4362 VIII,
1657 4316 1710 4367 p.
1743 4299 1884 4364 9.95,
1915 4315 2006 4352 nec
2053 4301 2158 4351 non
2205 4298 2348 4366 apud

757 4395 1117 4460 Lambecium,
1153 4393 1243 4447 lib.
1289 4409 1407 4458 vm,
1439 4409 1494 4462 p.
1528 4391 1652 4456 655,
1705 4391 1790 4445 ubi
1838 4392 1976 4444 inter
2017 4391 2204 4460 viginti
2233 4389 2348 4442 bio-
2385 4429 2388 4432 -

755 4489 983 4560 grapltos
1033 4495 1206 4540 noster
1233 4485 1318 4538 hic
1351 4501 1458 4538 non
1503 4493 1820 4538 recensetur.
1857 4483 1966 4536 Nos
2014 4498 2134 4536 vero
2183 4497 2349 4550 nuper

2455 1549 2589 1601 hunc
2619 1547 2908 1601 invertimus
2937 1548 2992 1600 in
3019 1549 3268 1602 maxima:
3290 1547 3440 1602 molis
3457 1550 3628 1604 codice
3655 1547 3912 1602 Vaticano
3931 1549 4062 1614 866,

2455 1639 2646 1693 sa'culo
2670 1641 2878 1693 circiter
2904 1657 2996 1693 xm
3025 1641 3242 1710 scripto,
3271 1649 3318 1692 et
3336 1641 3558 1708 fortasse
3583 1641 3729 1708 apud
3759 1657 3852 1694 nos
3881 1643 4062 1704 unico,

2453 1732 2544 1785 sed
2567 1731 2632 1784 ab
2648 1733 2990 1784 amanuensis
3011 1733 3278 1800 imperitia
3307 1733 3505 1800 passim
3533 1733 3736 1785 mendis
3757 1733 4064 1802 inquinata,

2455 1841 2572 1893 qm:
2604 1840 2698 1892 pro
2725 1825 2921 1877 viribus
2963 1825 3254 1894 auferenda
3285 1825 3584 1877 curavimus
3609 1841 3628 1888 ;
3661 1833 3968 1894 textumque
4009 1827 4068 1877 in

2457 1917 2708 1970 articulos
2739 1917 2808 1970 52
2833 1916 3361 1984 distinximus,eique
3393 1915 3796 1970 translationem
3821 1925 4068 1971 nostram

2457 2005 2706 2060 Latinam
2738 2007 3138 2077 adjungendam
3159 2007 3484 2061 curavimus.

2525 2096 2666 2151 Sane
2701 2114 2792 2152 nos
2819 2107 2867 2150 et
2905 2098 3014 2151 alio
3053 2107 3284 2167 tempore
3314 2100 3497 2167 magni
3536 2097 3888 2168 Chrysostomi
3927 2115 4068 2152 san-

2456 2187 2692 2240 ctitatem
2745 2189 3160 2258 facundiamque
3215 2190 3498 2244 mirantes.
3553 2198 3786 2242 nostram
3841 2189 4072 2242 libenter

2457 2280 2752 2348 symbolam
2800 2283 2870 2334 ad
2913 2281 3028 2350 ejus
3075 2281 3258 2334 laudes
3299 2281 3652 2334 cumulandas
3693 2279 4071 2342 contulimus;

2455 2373 2714 2440 siquidem
2739 2373 2794 2424 in
2823 2375 2923 2426 hac
2945 2375 3060 2441 ipsa
3093 2373 3313 2427 Patrum
3343 2389 3481 2426 nova
3515 2371 3874 2434 Bibliotheca,
3912 2381 3952 2423 t.
3983 2373 4068 2436 II,

2458 2479 2510 2530 p.
2547 2461 2650 2516 546
2673 2479 2807 2532 seq.,
2845 2465 3098 2532 scriptum
3145 2483 3176 2518 a
3225 2465 3485 2532 Mai-tyrio
3517 2464 3824 2532 patriarcha
3869 2463 4070 2516 Antio-

2459 2553 2618 2605 cheno
2661 2553 3016 2623 Chrysostomi
3051 2555 3362 2608 Encomium
3391 2557 3681 2619 edidimus,
3717 2555 3856 2624 quod
3883 2558 4071 2622 ipsum

2461 2651 2666 2696 exstare
2689 2661 2785 2698 ms.
2817 2647 2978 2698 etiam
3001 2645 3246 2714 Neapoli,
3272 2663 3335 2700 ea:
3369 2645 3623 2716 Catalogo
3649 2648 3886 2700 codicum
3913 2647 4074 2703 Crte-

2461 2752 2638 2788 eorum
2665 2737 2985 2791 bibliotheca:
3015 2736 3336 2800 Borbonicte,
3359 2755 3412 2806 p.
3443 2739 3564 2802 19.5,
3581 2739 3936 2808 cognovimus.
3957 2740 4074 2794 De-

2455 2829 2611 2900 nique
2633 2829 2794 2883 etiam
2825 2831 2880 2883 in
2909 2829 3182 2901 Spicilegii
3218 2830 3376 2884 Rom.
3413 2841 3554 2884 tomo
3581 2831 3750 2884 altero
3779 2832 4070 2901 fragmen-

2454 2931 2565 2974 tum
2590 2921 2898 2976 historicum
2925 2940 2989 2976 ex
3013 2924 3355 2992 palimpsesto
3385 2923 3681 2977 Tusculano
3699 2924 3942 2976 dedimus
3959 2929 4066 2994 (a),

2454 3014 2560 3078 ubi,
2585 3015 2722 3067 inter
2773 3015 2906 3080 alia,
2941 3014 3294 3084 Chrysostomi
3337 3033 3538 3088 quoque
3577 3017 3815 3084 expulsio
3857 3033 4070 3070 narra-

2455 3114 2558 3157 tur.

2523 3195 2656 3261 Quot
2679 3215 2800 3268 ergo
2818 3207 3008 3252 veteres
3037 3201 3108 3252 ad
3135 3199 3464 3252 scribendam
3488 3198 3844 3268 Chrysostomi
3880 3200 4064 3254 Vitam

2449 3288 2802 3352 incubuerint,
2855 3307 2920 3343 ea:
2965 3289 3220 3362 Cataloga
3263 3291 3426 3344 citato
3468 3293 3846 3362 cognoscimus,
3889 3303 3940 3346 et
3995 3310 4068 3346 ea:

2453 3381 2604 3433 editis
2631 3399 2661 3433 a
2693 3381 2946 3435 Palladio
2985 3381 3427 3451 Ilelenopolitano
3477 3385 3650 3436 sancti
3684 3385 3783 3438 uiri
3819 3393 4070 3439 contem-

2454 3488 2684 3538 poraneo
2703 3472 2960 3543 ;Georgio
2971 3472 3352 3536 Alexandrino,
3375 3475 3585 3542 septimi
3609 3475 3788 3528 sa’euli
3811 3475 4074 3544 homine;

2453 3559 2725 3630 Anonymo
2757 3563 2986 3631 quodam
3014 3579 3030 3626 ;
3079 3563 3244 3616 Leone
3271 3561 3541 3630 Sapiente.
3577 3565 3704 3632 imp.
3733 3583 3750 3628 ;
3781 3583 3845 3618 ac
3885 3565 4074 3620 Meta-

2453 3655 2684 3722 phraste,
2721 3653 2882 3705 nobili
2937 3653 3096 3722 hujus
3131 3655 3430 3722 argumenti
3451 3655 3680 3723 scriptis.
3708 3656 3853 3710 Inter
3879 3675 4074 3712 recen—

2457 3746 2612 3798 tiores
2647 3754 2826 3798 autem
2854 3744 3082 3798 eminent
3119 3743 3502 3810 Tillemontius,
3533 3743 3786 3812 Sarilius,
3819 3765 3885 3800 ac
3923 3765 4076 3818 prte-

2455 3839 2602 3906 cipue
2631 3837 3074 3908 Muntfauconius.
3107 3836 3260 3890 Nunc
3289 3855 3382 3907 per
3420 3855 3513 3892 nos
3547 3839 3748 3894 accedit
3797 3841 4076 3897 veteribus

2461 3929 2897 3982 Trimithuntinus
2931 3927 3245 3990 Theodorus,
3279 3931 3342 3980 de
3370 3930 3521 3998 cujus
3553 3931 3757 3984 meritis
3792 3949 3855 3984 ac
3898 3935 4074 3988 meris

2457 4021 2733 4088 disputare
2763 4021 2853 4072 diu
2895 4037 2997 4073 non
3029 4031 3202 4073 vacat.
3230 4019 3379 4075 Certe
3409 4038 3570 4092 quam
3616 4023 3796 4092 objicit
3835 4023 4074 4082 Photius

2460 4114 2572 4164 cod.
2621 4127 2742 4166 XCVI
2793 4111 3013 4182 Georgio
3057 4113 3179 4182 styli
3229 4113 3554 4184 χυδαιότητα
3590 4125 3639 4169 et
3683 4117 3744 4168 τὺ
3793 4134 4070 4189 παριστο-

2459 4207 2592 4274 ρεῖν,
2629 4205 2684 4258 in
2707 4215 2882 4258 nostro
2909 4223 3111 4274 quoque
3145 4205 3408 4260 Theodoro
3445 4210 3644 4278 partim
3685 4219 3822 4264 certe
3858 4228 4073 4280 compc-

2459 4297 2555 4350 riri
2581 4313 2683 4349 non
2706 4313 2852 4366 nego.
2887 4297 3256 4350 Verumtamen
3279 4307 3328 4350 et
3353 4297 3486 4352 illud
3517 4317 3637 4354 cum
3663 4303 3843 4355 eodem
3865 4303 4072 4359 Photio

2461 4388 2700 4440 concludi
2725 4397 2890 4456 potest
2921 4403 2939 4440 :
2973 4387 3138 4440 Οὐδὲν
3166 4387 3368 4441 κωλύει
3396 4375 3524 4453 τόὺς
3577 4393 4076 4461 ἀναγινώσκοντας

2461 4479 2856 4550 ἐκλεγομένους
2881 4479 2949 4532 τὰ
2973 4479 3245 4550 χρήσιμα,
3275 4479 3344 4532 τὰ
3369 4481 3534 4536 λοιπὰ
3569 4485 3836 4555 παρορᾷν.
3873 4487 4074 4558 Utique

827 4625 906 4699 (a)
949 4626 1176 4681 Exstant
1222 4625 1338 4680 hinc
1374 4624 1678 4696 fragmenta
1710 4623 1764 4676 in
1792 4620 2094 4691 appendice
2126 4619 2194 4674 ad
2225 4619 2504 4682 surculum,
2539 4618 2593 4671 in
2623 4633 2731 4686 quo
2763 4632 3066 4680 versamur,
3097 4615 3372 4686 quintum.
3408 4617 3562 4670 Εοιτ.
3591 4617 3759 4674 Pun.

753 4815 4020 4844 MM

1235 4979 1841 5072 ΘΕΟΔΩΡΟΥ
1909 4975 2580 5065 ΕΠΙΣΚΟΠΟΥ
2660 4974 3560 5064 ΤΡΙΜΗΘΟΥΝΤΩΝ

1437 5175 1634 5250 11Equ
1653 5173 1783 5227 ΤΟΥ
1805 5172 1985 5227 ΒΙΟΥ
2011 5168 2136 5225 ΚΑΙ
2165 5167 2310 5222 ΤΗΣ
2335 5167 2657 5223 ΕΞΟΡΙΑΣ
2681 5167 2813 5221 ΚΑΙ
2843 5164 2988 5220 ΤΩΝ
3015 5165 3354 5219 ΘΛῙΨΕΩΝ

751 5335 1059 5392 ιΩΑΝΝοΥ
1083 5333 1219 5389 ΤΟΥ
1251 5331 1806 5389 ΜΑΚΑΡῘΩΤΑΤΟΥ
1846 5328 2420 5385 ΔΡΧΙΕΙΙΙΣΚΟΠΟΥ
2465 5323 3290 5382 ΚΩΝΣΤΛΝΤΙΝΟΥΠΟΛΕΩΣ
3327 5325 3463 5404 TQT
3503 5325 4058 5382 ΧΡΥΣΟΣΓΟΜΟΥ.

825 5625 978 5696 (Cod.
1011 5623 1134 5679 Vat.
1161 5624 1286 5692 866,
1311 5623 1348 5680 ί.
1377 5623 1469 5682 69.
1498 5626 1552 5697 α)
1597 5632 1668 5680 α’.
1713 5627 2044 5696 Ἀγαπητοίῑ
2083 5625 2345 5696 Ἀψευδὴς

2455 5641 2562 5694 μεν
2588 5623 2694 5678 τὸν
2723 5621 2978 5687 δίκαιον,
3003 5621 3092 5676 ὅτι
3119 5621 3512 5691 δύσχρηστος
3545 5621 3692 5692 ἡμῖν
3719 5619 3913 5688 ἐστιν,
3945 5627 4058 5678 καὶ

753 5717 778 5770 ἐ
809 5715 942 5780 Θεὸς
970 5719 998 5770 ὁ
1043 5716 1132 5771 διὰ
1158 5716 1253 5772 τοῦ
1283 5717 1570 5790 Προφήτου
1611 5717 1784 5787 λέγων
1805 5735 1818 5748 ο
1853 5717 2086 5772 Eolla!
2118 5719 2176 5771 al
2215 5716 2334 5770 θλί-

753 5810 890 5876 ψεις
921 5805 1038 5862 τῶν
1067 5807 1334 5863 δικαίων.
1361 5809 1471 5862 Καὶ
1501 5807 1682 5862 πάλιν·
1713 5809 2004 5864 Κατανοεῐ
2028 5811 2060 5863 ό
2080 5809 2341 5878 ἁμαρτίαι

767 5897 871 5966 sec
907 5901 1010 5954 τὸν
1049 5898 1302 5954 δίκαιον.
1349 5901 1460 5954 Καὶ
1519 5901 1680 5958 πάλιν
1727 5901 1908 5972 φησίν·
1955 5900 2344 5971 Ἐνεδρεύσέυ-

2443 5717 2661 5788 βαρὺς,
2721 5716 2906 5788 φησιν,
2963 5713 3060 5768 καὶ
3109 5713 3512 5785 βλεπόμενος.
3573 5711 3874 5782 Μακάριος
3914 5713 4064 5788 γὰρ,

2449 5811 2636 5881 φησιν,
2668 5811 2734 5876 ὃς
2757 5805 3049 5878 ὑπομενεῖ
3075 5810 3430 5878 πειρασμόν.
3470 5801 3724 5876 Τωὰννης
3750 5795 3930 5870 οὗτος,
3963 5821 4071 5874 μι-

2451 5903 2582 5972 κρὸς
2615 5901 2689 5957 ὢν
2735 5905 2799 5973 τῇ
2837 5901 3041 5974 ἡλικίᾳ.
3095 5900 3393 5971 ἐπαιδεύθη
3443 5901 3593 5972 πάσῃ
3639 5898 3800 5971 σοφίᾳ
3841 5897 4074 5971 ἀνθρώ-
