4234 6310
183 419 264 456 nu
965 409 1052 464 DE
1089 409 1254 466 VlTA
1293 409 1382 464 ΕΤ
1420 410 1694 470 EXSILIO
1737 414 1794 470 S.
1833 414 2121 472 IOANNIS
2161 415 2672 473 CHRYSOSTOMI.
3399 437 3486 478 Ην

183 519 426 576 \iu'rlicet
457 541 469 594 :_
507 522 668 576 Brevi
706 525 1424 595 tempore‘vicissitudincm
1471 531 1779 600 patiamur,

184 619 300 684 quia
325 625 410 666 est
445 615 594 668 Deus
627 615 681 668 in
717 617 894 682 caelis,
950 618 1042 688 qui
1101 619 1317 689 iniquos
1345 621 1542 690 punire
1599 623 1743 677 valet
1769 665 1782 688 ,

185 717 422 762 nostrum
441 716 630 760 autem
647 723 872 778 gregem
885 719 1166 780 protegere
1190 711 1272 781 (ΙΙ
1286 709 1524 766 hinc/tab.
1547 731 1644 776 vn,
1671 715 1778 767 illi.

189 798 428 854 Profecto
483 798 530 852 si
579 799 724 852 nihil
783 799 951 864 aliud,
1005 811 1153 856 certe
1212 803 1424 858 cunctis
1469 805 1785 860 hominibus

187 891 518 960 explorantum
550 899 694 955 esto,
725 891 932 945 nullam
963 891 1079 947 fore
1107 893 1416 950 interfectis
1467 897 1786 952 hominibus

188 1000 300 1038 cum
331 982 792 1040 interfectoribus
831 985 1297 1041 communionem.
1329 989 1396 1042 Et
1426 1004 1496 1044 nc
1529 989 1604 1043 illi
1657 990 1784 1059 qui-

199 1216 306 1223 —---._
331 1217 350 1224 -.
367 1218 650 1228 ι----,.-

1893 532 2020 586 dem
2073 533 2345 588 sacriﬁcio
2373 543 2552 588 astare
2583 533 2876 604 patiemur,
2932 535 3076 604 quod
3133 552 3224 590 cor
3273 537 3488 608 peragit

1893 621 2027 676 (τωᾱὶ
2061 631 2263 677 nostra:
2295 624 2476 678 adhuc
2506 623 2747 688 inhians,
2782 623 2965 695 lingua
3021 627 3152 680 item
3185 633 3241 681 et
3293 643 3491 683 mantus

1893 729 2013 783 qua:
2041 713 2170 782 justi
2203 715 2306 768 viri
2339 724 2393 770 et
2423 716 2656 770 ﬁliorum
2687 717 2808 786 ejus
2858 717 3122 788 sanguine
3157 719 3334 772 rubet.
3382 719 3490 774 Sed

1895 810 1954 858 tu
1983 805 2232 868 interim,
2270 806 2590 862 admirando
2619 807 2808 872 Pater,
2859 807 3090 871 intende,
3141 817 3188 861 et
3243 825 3492 880 prospere

1894 897 2132 964 procede,
2165 913 2228 948 ac
2263 913 2424 967 regna
2464 897 2482 969 (
2501 897 2648 951 Psal.
2679 914 2825 963 κων,
2864 897 2960 968 5),
3019 907 3076 952 ct
3131 899 3186 954 in
3247 902 3483 972 regalem

1895 993 2098 1047 Christi
2119 994 2312 1048 'aultun
2355 996 2682 1050 conscende.

1917 1215 2160 1224 ————__.._
2167 1217 3234 1227 ᾙ--ᾙμος-ο-
3243 1217 3490 1232 _—.——*

2577 1233 2812 1241 _-_———._
2815 1234 2948 1240 _—__
2953 1233 3394 1242 _-.—...——_—__.-
3399 1229 3469 1242 _.‘
3477 1229 3490 1240 θ

943 1355 1402 1418 OPUSCULUM
1444 1358 1540 1418 DE
1581 1360 1646 1420 S.
1691 1359 1986 1422 JOANNE
2030 1362 2580 1424 CHRYSOSTOMO
2635 1359 2743 1442 (α).

193 1567 360 1606 noster
395 1555 694 1626 simplicior
743 1558 910 1612 multo
957 1561 1327 1632 astrictiorque
1371 1570 1465 1627 est,
1501 1579 1664 1633 neque
1712 1569 1788 1614 tot

192 1647 693 1714 reprehensionibus,
725 1660 851 1721 quot
882 1650 1152 1724 Georgius,
1187 1654 1616 1723 ansamrprtebet.
1650 1653 1784 1708 Pec-

193 1749 270 1792 (σε
299 1749 480 1794 tamen
523 1741 580 1794 in
614 1743 820 1814 aliquot
852 1745 1210 1813 episcoporum
1240 1745 1553 1804 nominibus,
1599 1753 1646 1798 et
1673 1745 1788 1798 alia

191 1835 426 1898 qtuedam
459 1850 656 1902 parum
686 1835 958 1887 credibilia
989 1835 1160 1888 habet.
1193 1833 1296 1890 Sed
1323 1852 1416 1890 nos
1457 1845 1610 1905 prout
1641 1836 1788 1906 jacet

191 1923 462 1994 ratgamus
491 1941 508 1986 ;
535 1926 662 1978 aliis
691 1935 862 1980 artem
903 1927 1142 1982 criticum
1183 1930 1524 1982 exercendam
1567 1931 1789 1998 permit-

193 2015 368 2066 timus.
405 2013 512 2069 Sed
541 2025 591 2068 et
619 2015 732 2070 alia
763 2017 984 2070 dicenda
1013 2028 1248 2087 superest
1279 2020 1461 2087 scripti
1491 2021 1649 2089 hujus
1681 2021 1790 2073 uti-

191 2107 328 2168 litas,
359 2123 546 2176 nempe
591 2116 648 2160 ut
681 2109 878 2179 iniqua:
899 2107 1046 2162 illius
1081 2111 1151 2162 ad
1189 2108 1452 2174 Quercum
1483 2111 1790 2179 (Chalcedo-

191 2198 270 2250 nis
293 2197 628 2268 suburbium)
657 2200 866 2268 synodi,
906 2217 1046 2254 anno
1073 2200 1180 2256 405
1202 2202 1450 2256 adversus
1480 2202 1790 2272 Chrysosto-

195 2305 332 2342 tuum
363 2289 582 2354 habitat,
611 2289 864 2344 Theodori
910 2293 1076 2360 nostri
1133 2294 1396 2360 narratio,
1432 2295 1488 2346 in
1516 2293 1790 2348 Concilio-

193 2398 306 2436 l‘lltll
339 2376 678 2436 Collectione
715 2383 820 2451 (ed.
862 2384 1094 2439 Floreat.
1128 2386 1304 2439 Zattte
1340 2395 1378 2438 t.
1403 2386 1508 2455 III)
1538 2397 1790 2455 ponatur,

197 2475 276 2525 ubi
315 2474 573 2526 hactenus
627 2476 835 2528 nonnisi
868 2493 930 2528 ex
969 2477 1176 2542 Photio,
1223 2487 1270 2531 et
1315 2478 1584 2545 Palladio,
1631 2497 1694 2533 ac
1737 2480 1794 2534 li-

194 2563 322 2616 bello
349 2565 604 2633 synodico
649 2575 798 2618 actus
839 2565 1162 2636 legebantur.

261 2656 542 2709 Pastremo
589 2657 720 2710 mihi
749 2657 910 2726 paulo
940 2659 1254 2728 explicatius
1283 2661 1560 2715 dicendum
1589 2663 1796 2716 videtur

197 2749 256 2800 de
273 2748 460 2816 priscis
487 2747 596 2802 illis
625 2748 879 2818 epistolis,
905 2766 1036 2820 quas
1063 2753 1132 2806 ad
1161 2753 1372 2806 verbum
1413 2757 1597 2808 recitat
1631 2755 1796 2809 Theo-

199 2843 372 2907 dorus,
409 2839 770 2912 Augustorum
801 2843 1000 2898 scilicet
1026 2844 1244 2898 Arcadii
1271 2854 1320 2899 et
1359 2845 1600 2914 Honorii,
1633 2847 1799 2902 Inno-

201 2934 350 2986 centii
401 2950 578 3003 papat,
615 2932 902 3004 Theophili,
935 2936 1120 3004 synodi
1147 2935 1422 3003 Romanae,
1461 2954 1580 2992 cum
1627 2939 1799 2991 mino-

203 3027 338 3079 ribus
369 3025 516 3080 aliis.
559 3027 656 3080 Ha:
706 3027 937 3097 quidem,
984 3029 1182 3096 partim
1211 3029 1418 3096 saltem,
1469 3031 1612 3098 apud
1667 3030 1801 3084 alios

204 3133 404 3186 quoque
453 3119 771 3188 biographos
809 3129 1090 3172 occurrunt
1113 3137 1134 3184 ;
1182 3131 1412 3190 quatuor
1441 3133 1617 3174 autent
1671 3123 1802 3175 reci-

205 3223 385 3266 tantur
419 3229 453 3264 a
479 3210 794 3267 Constantio
843 3213 900 3265 in
936 3213 1036 3282 Ep.
1081 3213 1273 3284 pontii.
1315 3215 1441 3267 tanti
1481 3216 1798 3286 appendire,

203 3315 426 3374 sumptu!
445 3323 511 3360 ex
543 3305 724 3374 Glyco,
751 3305 1045 3376 Nicephoro
1085 3305 1299 3376 Calittti,
1341 3319 1390 3366 et
1425 3309 1678 3378 Baronio,
1714 3310 1804 3366 sed

207 3400 392 3470 ubique.
419 3413 548 3452 cum
585 3397 834 3470 plurimis
863 3405 1230 3458 varietatibus.
1266 3405 1422 3460 Totas
1453 3415 1630 3460 autem
1663 3407 1718 3459 in.
1746 3423 1805 3460 eo

207 3494 548 3548 Constantius
583 3505 656 3548 est
697 3535 711 3559 ,
745 3505 802 3548 ut
851 3496 946 3549 has
996 3497 1206 3565 spurius
1255 3497 1418 3562 dicat,
1458 3499 1591 3551 sicut
1642 3499 1806 3552 etiam

209 3585 476 3636 existimat
523 3581 728 3654 Pagius
777 3585 920 3654 apud
953 3583 1267 3640 Baronium.
1307 3586 1580 3642 Concludit
1629 3595 1808 3640 tamen

211 3673 556 3728 Constantius
581 3685 790 3730 tantam
819 3693 909 3730 eas
939 3693 1122 3747 sapere
1146 3679 1541 3748 antiquitatem,
1571 3688 1624 3731 ut
1665 3679 1810 3732 haud

209 3769 370 3821 serius
395 3769 623 3838 fortasse
655 3769 848 3824 sa'culo
883 3779 1027 3824 sexto
1074 3771 1283 3839 scriptae
1329 3771 1622 3834 uideantur.
1661 3771 1811 3824 Mitto

211 3877 300 3930 ego
343 3871 388 3913 et
433 3877 677 3916 reret-eor
705 3861 1002 3918 Constantii
1046 3873 1364 3934 argumenta
1409 3865 1662 3918 adversus
1715 3865 1810 3918 has

213 3955 454 4020 litteras;
485 3959 580 4010 sed
609 3967 786 4010 tamen
819 3955 951 4010 illud
977 3973 1058 4010 me
1089 3973 1283 4026 parum
1313 3965 1500 4022 movet,
1531 3957 1668 4026 quod
1693 3973 1812 4010 cum

213 4066 270 4100 eo
299 4047 396 4100 alii
421 4049 616 4112 critici,
641 4065 768 4118 quos
793 4049 929 4102 inter
955 4049 1316 4102 Tillcmontius
1347 4049 1486 4104 Hist.
1511 4049 1642 4103 ccci.
1673 4059 1711 4103 t.
1743 4047 1808 4114 X,

213 4157 264 4208 ρ.
293 4137 420 4206 645,
456 4149 726 4205 astruunt,
763 4156 946 4208 nempe
979 4141 1123 4194 haud
1159 4139 1404 4194 credibile
1435 4140 1603 4193 videri
1629 4181 1640 4202 ,
1675 4140 1814 4208 quod

217 4231 554 4286 innocentius
589 4231 882 4286 Arcadium
921 4241 971 4285 et
1019 4232 1322 4286 Eudoxiam
1355 4231 1511 4303 (adde
1542 4240 1591 4284 et
1635 4231 1836 4284 Honor

215 4325 372 4390 rium)
401 4341 566 4380 avsus
590 4327 657 4378 sit
693 4333 804 4378 tam
841 4325 1013 4378 subito
1034 4325 1508 4378 excommunicare.
1531 4323 1670 4378 Nam
1697 4341 1815 4394 qua:

211 4425 385 4482 tanta,
435 4433 644 4488 quaso,
679 4417 840 4472 moles
888 4427 961 4472 est
992 4417 1333 4486 difficultatis,
1380 4418 1520 4488 quod
1563 4417 1815 4472 nimirum

277 4581 354 4642 (αὶ
391 4581 506 4638 Msa,
537 4575 836 4628 Bibliotheca
861 4588 983 4626 nova
1019 4577 1152 4638 PP.,
1184 4583 1218 4627 t.
1243 4576 1328 4639 VI,
1353 4591 1401 4640 p.
1433 4576 1541 4625 265.

211 4781 324 4794 ο..
333 4780 664 4790 -σ-σ-

1891 1562 2130 1631 pontifex
2183 1560 2542 1632 iniquissima,
2592 1569 2640 1614 et
2695 1561 2947 1616 maxima:
2987 1561 3284 1630 offensionis
3319 1561 3374 1612 in
3401 1575 3496 1629 po-

1891 1655 2036 1724 pulo,
2070 1654 2423 1724 Chrysostomi
2468 1655 2824 1724 persecutione
2861 1663 2910 1708 et
2953 1655 3139 1708 exsilio
3181 1665 3492 1716 commotus,

1893 1763 1986 1800 nec
2015 1763 2118 1799 non
2151 1755 2304 1800 tanta
2336 1747 2587 1800 adversus
2614 1747 2662 1799 ei
2683 1746 2892 1800 devotos
2926 1746 3154 1808 sazvitia,
3190 1755 3237 1798 et
3273 1745 3496 1814 denique

1895 1839 2190 1908 legatorum
2227 1854 2442 1892 suorum
2473 1847 2768 1908 contemptu
2798 1847 2846 1891 et
2881 1838 3205 1906 captivitate,
3232 1837 3378 1905 quid,
3411 1839 3494 1888 in—

1893 1943 2074 1998 quam,
2105 1929 2300 1981 mirum
2330 1937 2406 1982 est
2425 1929 2450 1993 ,’
2468 1927 2764 1998 pontiﬁcem
2797 1927 3118 1996 prohibuisse
3159 1925 3360 1995 publica
3391 1925 3494 1978 Au-

1893 2027 2069 2090 gustos
2097 2037 2128 2072 a
2149 2029 2617 2084 sacramentorum,
2639 2034 2864 2088 quorum
2893 2027 3044 2071 erant
3067 2017 3292 2086 indigni,
3323 2014 3500 2080 parti--

1895 2111 2200 2180 cipatione?
2227 2109 2376 2164 Nihil
2399 2111 2541 2164 enim
2577 2109 2728 2164 aliud
2760 2110 3028 2163 continent
3065 2107 3360 2162 Innocentii
3391 2105 3498 2159 illa:

1895 2205 1966 2258 ad
1994 2205 2160 2278 regios
2184 2205 2430 2274 conjuges
2452 2205 2660 2258 litterae.
2689 2203 2830 2268 Quid
2857 2204 2882 2258 ?
2911 2219 3080 2256 nonne
3108 2199 3164 2256 S.
3194 2201 3498 2254 Ambrosius

1895 2305 2103 2365 patrem
2123 2295 2342 2348 Arcadii
2361 2296 2721 2360 Theodosium,
2747 2305 2911 2349 tanta:
2939 2295 3121 2367 gloria:
3153 2293 3500 2362 potentia’que

1895 2387 2208 2456 principem,
2253 2387 2445 2454 templo
2491 2387 2796 2458 sanctisque
2835 2387 3094 2456 mysteriis
3151 2383 3501 2438 excluserat?

1895 2477 2068 2530 Porro
2100 2477 2376 2530 notissima
2413 2485 2526 2529 erat
2562 2477 2846 2548 liberorum
2869 2475 3140 2529 Theodosii
3174 2491 3382 2528 summa
3413 2490 3498 2525 re—

1900 2567 2178 2638 ligiositas,
2215 2569 2292 2621 ita
2322 2577 2380 2621 ut
2422 2569 2659 2638 pontifex
2682 2567 2745 2621 de
2789 2568 3008 2622 remedii
3040 2566 3274 2620 utilitate
3305 2575 3354 2618 et
3377 2581 3500 2618 suc-

1900 2675 2042 2712 cessu
2075 2659 2217 2712 haud
2255 2660 2455 2730 frustra
2495 2667 2751 2729 speraret.
2789 2658 2979 2713 Nonne
3025 2667 3072 2714 et
3113 2659 3224 2726 ipse
3248 2657 3502 2728 nuperius

1902 2751 2300 2820 Chrysostomus
2369 2749 2671 2805 Eudoxiam
2725 2749 3022 2822 Augustam
3065 2749 3293 2805 ecclesia:
3347 2750 3500 2802 aditu

1903 2842 2294 2897 interdixerat?
2322 2841 2572 2898 Attamen
2596 2845 2734 2906 inter
2772 2829 2862 2899 eas
2900 2843 3149 2915 epistolas
3179 2842 3273 2896 illa
3321 2842 3503 2896 Eudo-

1901 2935 2006 2988 trite
2032 2934 2102 2987 ad
2127 2933 2490 2988 Innocentium
2543 2936 2812 3006 praecipua
2839 2935 3162 2988 sinceritatis
3205 2935 3359 3006 signa
3391 2949 3502 3004 pra:

1903 3045 1956 3082 se
1978 3029 2078 3097 fert
2096 3046 2115 3092 ;
2142 3029 2216 3080 ita
2239 3037 2296 3081 ut
2327 3045 2477 3082 nemo
2521 3045 2638 3082 eam
2671 3027 2844 3100 legens
2868 3029 3115 3083 acerbum
3151 3029 3506 3096 pertinacem-

1906 3135 2003 3188 que
2047 3121 2383 3189 pratpotentis
2421 3121 2632 3191 femina:
2672 3123 2912 3176 animum
2945 3138 3048 3176 non
3077 3129 3349 3193 agnoscat,
3385 3137 3503 3190 qua:

1907 3211 2110 3264 iratum
2157 3213 2482 3268 stomachum
2531 3213 2688 3280 levat,
2730 3223 2780 3268 et
2829 3216 2960 3270 adeo
3009 3214 3192 3283 culpas
3227 3231 3353 3268 suas
3402 3230 3504 3266 non

1910 3306 2124 3378 fatetur,
2159 3315 2214 3359 ttt
2260 3305 2684 3378 Chrysostomum
2731 3310 2892 3364 etiam
2929 3318 3042 3380 post
3089 3309 3350 3378 inflictam
3405 3309 3504 3377 ipsi

1911 3401 2270 3455 calamitatem
2297 3411 2612 3472 pra’gravet.

1983 3482 2138 3556 Quod
2189 3501 2368 3546 autem
2432 3509 2570 3546 nunc
2623 3509 2686 3546 ea
2744 3493 2967 3563 epistola
3043 3494 3186 3548 nobis
3249 3511 3282 3546 α
3343 3491 3508 3546 Theo-

1911 3586 2038 3639 doro
2104 3586 2445 3650 exhibentur,
2489 3587 2884 3652 eminentibus,
2947 3597 3004 3641 ut
3069 3597 3234 3656 puto,
3296 3587 3494 3642 cunctis

1912 3677 2233 3747 biographis,
2288 3677 2672 3749 gratulandum
2724 3689 2817 3732 est.
2889 3679 3161 3734 Postremo
3241 3688 3506 3748 superest.

1913 3777 1970 3820 ut
2019 3784 2113 3836 pro
2152 3767 2381 3822 Romani
2424 3769 2686 3840 pontificis
2727 3772 3048 3826 auctoritate
3073 3773 3167 3826 hoc
3207 3772 3396 3825 saltem
3427 3773 3512 3824 tli-

1917 3861 2163 3914 lemmate
2203 3871 2326 3915 utar
2353 3876 2370 3914 :
2405 3879 2528 3916 nam
2565 3863 2648 3916 vel
2679 3863 2760 3917 ha:
2799 3863 2988 3918 littera:
3015 3864 3258 3936 genuina:
3289 3875 3431 3928 sunt,
3464 3875 3526 3928 et~

1915 3954 2010 4008 illa
2048 3955 2338 4007 auctoritas
2362 3954 2624 4008 luculento
2647 3957 2884 4026 exemplo
2905 3958 3186 4026 firmatur,
3225 3958 3306 4011 vel
3333 3975 3512 4022 secus;

1921 4057 1968 4101 et
2004 4047 2352 4102 vetustissima
2385 4047 2572 4101 saltent
2611 4047 2945 4112 Gra'corum,
2978 4051 3210 4104 nondum
3256 4050 3513 4103 schisma-

1921 4140 2165 4203 ticorum,
2186 4139 2364 4209 Opinio
2391 4141 2683 4193 ostenditur
2701 4141 2768 4194 de
2791 4159 3037 4210 supremo
3059 4142 3316 4196 Romana:
3337 4142 3517 4196 cathe-

1923 4236 2033 4288 dra:
2081 4235 2230 4302 apice
2268 4250 2285 4287 :
2320 4234 2745 4304 quandoquidem
2789 4252 2890 4288 non
2931 4237 3111 4290 Latini
3161 4237 3374 4300 Grtccis,
3427 4247 3514 4289 sea

1924 4325 2094 4381 (inuri
2120 4324 2344 4390 Latinis,
2371 4325 2468 4379 has
2498 4327 2730 4396 insignes
2783 4328 3032 4396 epistolas
3073 4330 3127 4382 in
3167 4329 3518 4383 monumentis

1923 4417 2032 4470 suis
2061 4425 2394 4471 conservatas
2421 4419 2780 4487 suppeditant.

675 4767 3513 4800 —————-————————————_———5———-—’—-——_———_~.

737 4941 1376 5036 THEODORI
1459 4941 2014 5036 EPISCOPI
2093 4889 3016 5037 TRIMITHUNTIS

1169 5137 1263 5196 DE
1291 5135 1446 5194 VlTA
1477 5137 1568 5194 ET
1593 5137 1878 5195 EXSILIO
1897 5137 1991 5193 ET
2016 5136 2600 5196 AFFLICTIONIBUS

519 5303 906 5386 BEATISSiMl
951 5303 1239 5360 JOANNIS
1274 5301 1766 5360 CIIRYSOSTOMI
1805 5301 2330 5363 ARCHIEPISCOPI
2357 5286 3208 5364 ¹(ζὲοΝΒΤΑῙδίἹἮδῖΟῐὈΙιΙἸἍΝΙ.

297 5595 324 5648 i
341 5637 354 5646 .
379 5591 566 5648 Dilecti
588 5589 734 5645 lNon
755 5589 1019 5645 mentitur
1040 5588 1202 5656 Deus,
1221 5592 1420 5660 quiorc
1441 5593 1722 5663 Propheta:
1741 5593 1824 5649 ι1ἰ-

223 5687 304 5744 xit
325 5683 532 5742 :Hulta:
559 5681 928 5738 tribulationcs
945 5682 1216 5752 justorunt
1234 5681 1404 5754 (Psal.
1421 5699 1609 5748 xxxiii,
1625 5684 1740 5755 20).
1762 5686 1830 5741 Et

223 5795 422 5838 [ursus
461 5795 476 5834 :
509 5777 758 5834 Observat
783 5787 1026 5847 peccator
1043 5776 1250 5846 justam
1279 5777 1450 5846 (Psal.
1481 5795 1662 5846 xxxw,
1717 5777 1802 5850 ιε’.)

231 5870 590 5938 ltemqucait:
607 5871 1105 5943 Insidiemurjusta,
1123 5873 1243 5944 quia
1263 5873 1504 5946 ingratus
1518 5882 1590 5931 est
1632 5873 1800 5936 nobis,

1939 5604 1988 5649 et
2037 5595 2146 5663 ipse
2187 5593 2303 5663 ejus
2345 5593 2569 5647 intuitus
2601 5595 2850 5646 molestas
2889 5588 3026 5660 (Isa.
3061 5605 3144 5654 ut,
3177 5586 3288 5664 10).
3337 5587 3406 5642 Et
3429 5585 3528 5641 de-

1937 5689 2104 5760 nique
2155 5705 2168 5740 :
2210 5687 2427 5752 Beatus,
2483 5685 2678 5755 inquit,
2738 5685 2826 5753 qui
2876 5681 3218 5737 tentationem
3257 5679 3530 5734 sustinebit

1943 5779 2080 5850 (Jac.
2116 5795 2153 5843 ι,
2181 5777 2292 5846 12).
2323 5777 2561 5834 Joannes
2589 5775 2696 5840 hic,
2728 5782 2914 5829 tenera
2945 5780 3126 5836 aelate,
3153 5771 3302 5826 omni
3338 5769 3530 5823 huma-

1938 5887 2008 5928 na
2039 5869 2286 5926 doctrina
2317 5867 2560 5924 imbutus
2589 5865 2721 5931 luit;
2750 5863 2816 5919 tle
2839 5859 3156 5933 parentibus
3180 5857 3410 5918 ethnicis
3439 5873 3526 5912 πει·
