4234 6310
232 423 334 468 LVII

234 536 338 593 tua,
372 534 433 583 et
475 525 595 599 ipse
635 541 859 599 quoque
901 526 1174 583 ethnicus.
1217 525 1611 584 Verumtamen
1657 525 1845 583 divina

239 622 401 694 gratia
446 628 821 691 compunctus
855 621 923 678 ad
951 612 1354 677 ecclesiasticos
1387 629 1691 678 conventus
1732 636 1849 678 caa-

240 713 315 787 pit
338 713 628 781 accedere,
653 723 711 770 et
740 713 1052 769 divinarum
1079 698 1491 785 Scripturarurn
1522 712 1849 769 lectionibus

240 805 549 859 interesse:
588 820 724 875 quas
754 820 879 860 cum
928 805 1165 861 libenter
1209 807 1449 873 audiret,
1491 805 1685 861 harum
1726 822 1848 861 ma-

238 896 417 967 gistris
469 897 812 966 adltterebat,
870 898 1054 954 divina
1118 899 1465 970 providentia
1520 899 1844 954 illustratus.

214 988 433 1065 Sancto
489 1000 677 1045 autem
725 1000 984 1061 suscepto
1027 991 1082 1046 itt
1126 992 1262 1048 urbe
1290 992 1485 1047 Amida
1509 991 1785 1062 baptismo
1813 1008 1845 1046 a

234 1080 456 1139 Btetano
482 1084 763 1154 episcopo,
794 1085 976 1139 statim
1008 1084 1182 1140 lector
1220 1086 1506 1141 ordinatus
1532 1092 1617 1140 est
1644 1083 1845 1139 Antio-

233 1175 371 1232 chiae
399 1192 431 1230 a
462 1176 747 1233 Pmmenio
776 1178 894 1249 ejus
917 1178 1071 1234 urbis
1096 1178 1377 1249 episcopo.

297 1296 353 1350 ἓ.
387 1296 458 1350 Et
482 1296 611 1366 quia
650 1296 765 1367 jam
798 1297 1029 1352 innuere
1066 1296 1335 1367 empimus
1392 1295 1461 1351 de
1499 1295 1634 1365 justi
1679 1296 1843 1367 hujus

229 1385 671 1450 insidiatoribus,
709 1388 905 1445 borum
939 1386 1184 1457 profecto
1231 1388 1487 1457 princeps
1518 1386 1619 1442 fuit
1656 1387 1840 1442 Eudo-

231 1477 314 1533 xia
366 1476 593 1534 Arcadii
649 1494 809 1544 uxor,
862 1478 1063 1534 deinde
1126 1486 1250 1548 post
1304 1476 1456 1533 illam
1498 1477 1841 1548 Theophilus

229 1568 573 1625 Alexandriae
608 1572 917 1642 episcopus,
953 1580 1067 1625 tum
1103 1571 1357 1626 similiter
1400 1570 1749 1636 Severianus,
1784 1581 1841 1626 et

229 1675 351 1715 eum
390 1677 456 1716 eo
487 1660 724 1717 Aeacius
772 1672 935 1733 atque
973 1663 1338 1734 Porphyrius;
1371 1663 1424 1717 hi
1455 1663 1676 1733 quidem
1718 1664 1839 1735 epi-

228 1754 378 1825 scopi
441 1771 507 1810 ac
555 1754 809 1810 nonnulli
858 1756 969 1822 alii,
1012 1755 1080 1811 de
1114 1756 1313 1825 quibus
1360 1764 1548 1826 postea
1590 1757 1839 1812 dicturus

228 1862 371 1903 sum.
405 1848 752 1918 Colloquitur
795 1858 976 1903 autem
1028 1848 1173 1903 circa
1226 1848 1493 1903 Joannem
1534 1858 1590 1903 et
1626 1865 1748 1919 qua:
1788 1849 1839 1903 ei

233 1949 541 1995 evenerunt
567 1941 777 2007 omnia,
802 1956 923 1996 cum
951 1940 1239 1996 Theodoro
1268 1956 1477 2012 magna:
1506 1939 1693 1995 Roma:
1719 1940 1839 1995 dia-

176 2092 181 2097 ι
231 2045 391 2093 cono,
419 2031 502 2086 vir
531 2032 755 2101 quidam
790 2031 1118 2101 spectabilis,
1153 2032 1375 2086 nomine
1405 2031 1711 2097 Palladius;
1743 2031 1837 2103 qui

224 2123 464 2194 primum
493 2123 695 2178 deserti
723 2123 910 2178 multis
935 2124 1095 2179 annis
1121 2122 1316 2185 incola,
1342 2123 1602 2195 deinceps
1628 2124 1839 2194 episeo-

222 2227 349 2288 patu
399 2217 457 2271 in
500 2216 753 2287 Bithynia
798 2226 1024 2271 ornatus
1075 2214 1199 2271 fuit.
1234 2215 1383 2270 Idem
1419 2216 1507 2270 hic
1536 2217 1835 2272 multorum

222 2324 441 2379 quoque
472 2307 699 2362 Patrum
730 2308 961 2363 virtutes
1000 2307 1328 2377 descripsit;
1377 2315 1431 2362 et
1471 2307 1597 2377 quia
1635 2307 1834 2363 Joanni

220 2399 507 2455 familiaris
533 2400 658 2466 fuit,
690 2400 925 2455 carceris
950 2416 1250 2454 mrumnam
1274 2400 1556 2455 mensibus
1578 2401 1836 2456 undecim

220 2507 419 2564 passus
473 2498 560 2546 est
626 2490 685 2545 in
743 2491 1038 2545 tenebroso
1098 2491 1373 2545 cubiculo.
1448 2490 1583 2546 Volo
1649 2494 1835 2563 igitur,

222 2592 491 2654 quantum
526 2598 663 2638 mete
708 2582 984 2638 facultatis
1028 2591 1132 2649 est,
1164 2598 1251 2637 res
1280 2582 1509 2638 Joannis
1540 2584 1695 2640 vobis
1736 2601 1837 2640 ex—

222 2688 451 2744 ponere.

287 2797 342 2851 5.
385 2794 633 2851 Joannes
662 2795 847 2866 itaque
888 2796 1026 2852 duro
1054 2797 1178 2852 vita:
1204 2812 1424 2868 genere,
1458 2814 1568 2868 quo
1610 2798 1664 2853 in
1700 2798 1835 2852 urbe

222 2890 497 2954 utebatur,
538 2905 650 2944 non
681 2896 998 2954 contentus,
1031 2889 1086 2943 in
1120 2891 1398 2959 proximos
1431 2900 1646 2945 montes
1677 2908 1834 2947 sece-

220 2985 376 3048 dens,
428 2983 499 3038 ibi
560 2983 776 3054 corpori
830 2983 1138 3038 edomando
1182 2984 1425 3038 stttdium
1457 2984 1830 3055 impendebat.

220 3076 323 3131 Sed
362 3075 516 3131 enim
548 3076 603 3130 in
634 3076 747 3135 imo
772 3083 967 3131 ventre
988 3091 1284 3147 percussus
1324 3076 1543 3149 frigore,
1574 3094 1699 3131 eum
1733 3076 1835 3133 sibi

219 3168 540 3223 ministrare
572 3169 881 3224 necessaria
908 3182 1019 3223 non
1048 3175 1251 3238 posset,
1278 3184 1467 3223 rursus
1496 3168 1549 3223 in
1578 3168 1836 3224 Ecclesire

221 3273 442 3332 portum
496 3278 557 3319 se
604 3262 832 3333 recepit,
865 3262 1047 3318 divina
1082 3277 1207 3317 eum
1243 3262 1529 3319 commode
1561 3263 1731 3334 gratia
1768 3264 1835 3318 ad

222 3355 273 3411 id
301 3357 451 3427 quod
482 3357 654 3428 magis
677 3359 935 3429 proderat
967 3358 1303 3429 perdueente
1329 3376 1342 3413 :
1372 3359 1542 3430 ﬁtque
1570 3360 1837 3419 diaconus

222 3449 553 3514 Antiochiae,
584 3449 696 3518 jam
723 3465 819 3505 ore
850 3451 968 3520 ejus
1006 3449 1332 3504 mirabiliter
1374 3460 1566 3505 contra
1597 3452 1839 3509 hmreses

222 3548 552 3605 resonante;
583 3556 708 3595 mox
730 3549 787 3596 et
815 3542 1100 3613 presbyter
1125 3541 1500 3598 constituitur.
1536 3543 1836 3616 Denuoque

222 3648 401 3689 sermo
435 3633 547 3700 ille,
580 3633 692 3689 sale
713 3624 966 3689 conditus
997 3633 1219 3705 (Colon.
1253 3651 1328 3701 tv,
1354 3634 1434 3708 6),
1476 3639 1836 3708 tempestivus

222 3743 356 3783 sane
396 3743 467 3783 ex
511 3742 607 3783 ore
653 3726 825 3798 ipsius
871 3728 1145 3798 prodibat,
1178 3729 1360 3799 primo
1390 3730 1612 3800 quidem
1644 3741 1835 3788 contra

225 3819 491 3890 superbos
521 3827 575 3873 et
601 3819 933 3891 irreligiosos
966 3833 1031 3875 ac
1060 3834 1365 3891 pauperum
1398 3836 1627 3889 osores;
1670 3833 1835 3894 atque

223 3911 277 3965 in
300 3911 383 3967 his
418 3911 761 3983 argumentis
788 3928 1121 3983 magnopere
1151 3914 1461 3969 exsultabat
1494 3924 1712 3982 orator;
1737 3917 1835 3971 ad-

224 4011 447 4075 eratque
504 4003 556 4057 ei
606 4004 988 4073 quotidianum
1052 4006 1408 4071 auditorium,
1462 4018 1834 4066 concurrente

227 4096 472 4151 utilitatis
540 4111 656 4151 suae
720 4110 882 4152 causa
955 4098 1179 4168 populo,
1248 4100 1546 4170 cunctique
1598 4117 1724 4157 eum
1768 4102 1834 4156 li-

224 4188 415 4245 benter
451 4188 770 4257 audiebant,
815 4189 1172 4261 ejusdemque
1214 4192 1374 4247 dictis
1419 4208 1629 4248 morem
1678 4211 1822 4250 pere

224 4278 372 4337 bant.

291 4402 347 4457 4.
374 4401 522 4457 Ecce
549 4408 734 4456 autem
755 4401 847 4457 illo
868 4410 1115 4474 tempore
1136 4405 1386 4475 contigit,
1434 4415 1493 4461 ut
1530 4408 1598 4463 ab
1634 4408 1833 4464 huma-

223 4507 306 4548 nae
334 4492 462 4549 vitae
490 4492 804 4549 turbinibus
832 4494 1463 4565 Nectariusdecederet,
1515 4498 1834 4557 Constanti-

224 4584 488 4655 nopoleos
524 4585 819 4656 episcopus
842 4628 857 4653 ,
896 4602 961 4642 ac
1002 4584 1236 4658 proinde
1276 4590 1433 4645 mttlti
1467 4593 1834 4649 sacerdotium

226 4676 359 4733 illud
409 4677 809 4748 propemodum
864 4690 1263 4746 mercarentur,
1315 4697 1497 4753 neque
1555 4685 1833 4742 modicum

224 4769 513 4825 dissidium
542 4767 719 4825 ﬁeret.
760 4768 916 4825 Tune
956 4768 1194 4826 Arcadio
1236 4771 1553 4842 imperatori
1602 4775 1834 4830 relatum

226 4860 329 4916 fuit
356 4860 425 4915 de
450 4858 679 4915 Joannis
710 4862 1024 4931 przestantia
1052 4878 1065 4915 :
1089 4863 1182 4933 qui
1214 4864 1399 4919 statim
1436 4866 1503 4920 ad
1527 4866 1834 4923 Antiochiae

226 4953 547 5027 praefectum
580 4955 817 5025 scripsit,
844 4963 905 5010 ut
935 4956 1141 5035 absque
1168 4957 1401 5029 strepitu
1430 4959 1541 5014 ullo
1565 4960 1832 5016 Joannem

224 5046 290 5105 ad
315 5061 379 5101 se
411 5045 677 5113 mitteret,
728 5061 932 5102 cavens
968 5063 1038 5103 ne
1068 5049 1153 5103 vel
1196 5048 1377 5119 ipsum
1419 5050 1699 5106 hominem
1749 5052 1835 5107 vel

224 5138 627 5194 Antiochenam
657 5140 938 5196 civitatem
968 5142 1233 5196 turbaret.
1268 5141 1393 5198 Fuit
1431 5153 1614 5199 autem
1645 5158 1833 5199 exem-

223 5229 349 5301 plar
390 5230 635 5301 epistola:
673 5232 825 5288 hoc:
865 5252 884 5285 ι
922 5234 1187 5289 Arcadius
1215 5245 1497 5306 angustus,
1539 5236 1828 5308 gloriosus,

224 5321 434 5379 Victori
475 5324 701 5395 patricio
727 5333 786 5381 et
810 5326 1072 5397 praelecto
1096 5327 1339 5384 Orientis
1368 5329 1485 5385 hzec
1513 5331 1601 5386 aio
1642 5348 1654 5383 :
1691 5330 1832 5399 Quia

222 5417 483 5473 nonnulli
532 5418 699 5491 inepti
747 5419 945 5476 inscite
973 5420 1229 5475 videntur
1253 5437 1606 5489 concurrere,
1648 5436 1704 5480 et
1733 5442 1832 5482 ne-

219 5605 483 5685 Qrientia.
510 5607 745 5685 [tonius
770 5609 904 5685 mihi
933 5619 1053 5685 erat
1080 5611 1329 5685 scribere
1354 5613 1630 5685 Ὀρόντου,
1664 5614 1717 5670 id
1748 5624 1835 5671 est

226 5674 471 5734 Orontis.
516 5676 624 5735 Sed
656 5680 937 5757 insolitum
978 5680 1085 5757 hoc
1110 5674 1432 5757 videbatur'
1454 5674 1651 5757 (vulgo
1688 5687 1855 5757 apud

221 5751 815 5827 auctores_c'rpaf'qybc
842 5751 945 5822 τῆς
986 5748 1276 5827 Ἀνᾳτρλῆς
1315 5754 1405 5827 vel
1430 5748 1530 5827 τῆς
1544 5748 1832 5826 Ἕω).ρω-

224 5819 464 5898 teroqut
478 5819 748 5878 Palladius
793 5819 1015 5898 quoque
1049 5824 1193 5898 dicit
1216 5819 1520 5898 Arcadium
1542 5819 1830 5898 scripsisse

221 5897 294 5953 ad
319 5891 676 5962 prtefectum;
710 5891 1237 5967 sed‘alii‘biographi
1265 5898 1330 5953 ad
1354 5891 1675 5952 Flavianum
1705 5900 1824 5971 epi-

1003 410 1091 467 DE
1131 409 1296 466 VITA
1330 407 1422 467 ET
1462 407 1744 467 EXSILIO
1776 411 1836 467 S.
1873 409 2164 469 JOANNIS
2201 410 2723 471 CHRYSOSTOMI.

3426 414 3571 466 μηδ’

1961 542 2071 599 que
2121 526 2427 593 dedecoris,
2473 542 2655 601 neque
2697 535 2900 595 metus,
2928 541 3111 599 neque
3150 520 3567 597 vituperationis

1957 618 2228 674 rationem
2261 618 2552 684 habentes,
2602 619 2980 691 episcopatum
3041 615 3143 673 sibi
3204 614 3430 671 concedi
3465 626 3568 671 vo-

1955 710 2097 779 lunt,
2134 727 2237 768 nos
2288 711 2385 768 Dei
2429 712 2611 767 timori
2641 727 2861 783 semper
2902 711 3289 780 obsequentes,
3333 705 3456 771 bos,
3505 721 3567 763 re

1957 820 2071 859 non
2111 804 2425 876 impetrata,
2461 802 2816 859 dimittimus.
2870 801 2991 857 Tibi
3051 810 3238 856 autem
3267 798 3371 855 hac
3410 814 3563 855 sacra

1954 896 2182 968 epistola
2225 905 2413 951 nostra
2437 895 2716 966 prwcipio,
2751 903 2813 949 ut
2836 909 2961 950 cum
2992 892 3142 949 omni
3175 890 3566 963 tranquillitate

1952 989 2139 1044 mittas
2188 989 2296 1044 huc
2343 989 2612 1045 Joannem
2649 990 3053 1061 presbyterum,
3088 988 3222 1057 quin
3265 1002 3380 1041 rem
3417 986 3567 1057 quis-

1952 1098 2117 1152 quam
2155 1080 2465 1137 Antiochite
2515 1083 2826 1153 suSpicetur
2867 1090 2963 1137 aut
2989 1081 3211 1136 sentiat.
3239 1078 3397 1145 Quod
3428 1077 3484 1133 si'
3508 1086 3565 1133 tu

1952 1162 2272 1230 mandatum
2300 1175 2516 1247 egregie
2549 1173 2873 1246 perfeceris,
2900 1188 3171 1229 summam
3194 1188 3225 1226 a
3254 1171 3414 1227 nobis
3445 1169 3565 1227 lau-

1950 1268 2078 1323 dem
2109 1268 2336 1324 referes.
2370 1287 2389 1320 ι
2422 1267 2521 1323 llis
2555 1268 2711 1323 lectis
2740 1266 3035 1339 prmfectus
3065 1265 3333 1321 Joannem
3367 1263 3565 1318 invitat

1951 1369 2013 1415 ut
2042 1369 2193 1416 extra
2218 1359 2274 1414 in
2296 1358 2575 1415 suburbiis
2600 1360 2838 1423 adesset,
2863 1372 3026 1427 quem
3051 1371 3178 1411 mox
3209 1354 3263 1408 in
3290 1352 3565 1423 publicam

1950 1453 2176 1509 rhedam
2211 1452 2551 1523 impositum,
2596 1451 2722 1505 data
2766 1450 2931 1505 etiam
2977 1449 3196 1512 lectica,
3243 1445 3565 1501 Constanti-

1947 1542 2191 1613 nopolim
2219 1526 2406 1597 mittit.
2434 1539 2742 1610 Statimque
2766 1538 3055 1595 ordinatur
3077 1537 3387 1607 cpiscopus,
3415 1538 3565 1588 erat-

1945 1653 2054 1707 que
2086 1633 2353 1691 facultate
2381 1634 2612 1691 docendi
2644 1631 3142 1705 splendidissimus,
3177 1628 3566 1684 immisericor-

1947 1731 2046 1787 des
2072 1730 2273 1785 divites
2296 1730 2518 1798 Dcoque
2560 1728 2801 1799 ingratos
2839 1724 3117 1779 liberrime
3145 1735 3400 1793 arguens.
3429 1718 3565 1786 Quas

1946 1821 2131 1875 omnia
2183 1818 2630 1874 dissolutioribus
2674 1814 2998 1870 hominibus
3047 1812 3354 1866 molestiam
3412 1823 3563 1865 crea-

1944 1912 2097 1967 bant.

2019 2004 2072 2058 5.
2104 2003 2271 2058 Porro
2305 2000 2625 2057 indesinens
2657 1999 2855 2055 diaboli
2894 1998 3098 2056 invidia
3156 1996 3338 2054 ollicio
3369 2011 3563 2052 rursus

1944 2097 2169 2167 proprio
2200 2095 2385 2150 functa
2412 2103 2516 2149 est.
2556 2093 2773 2149 Etenim
2818 2092 3165 2149 Alexandria:
3204 2108 3319 2147 rem
3362 2092 3561 2160 hujus-

1946 2190 2091 2244 modi
2142 2187 2256 2243 fieri
2314 2186 2540 2257 contigit
2584 2204 2597 2239 :
2642 2200 2843 2256 nempe
2885 2183 3232 2239 Theodotem
3282 2182 3561 2238 Theodori

1946 2279 2197 2350 praetoris
2239 2293 2487 2333 sororem
2528 2277 2677 2331 mille
2722 2291 2981 2332 nummos
3024 2276 3156 2330 dare
3190 2274 3398 2329 Isidoro
3434 2289 3563 2344 prc-

1946 2372 2165 2444 sbytero
2217 2379 2274 2425 et
2322 2369 2465 2440 apud
2509 2368 2759 2423 eamdem
2800 2367 3092 2423 ecclesiam
3139 2365 3418 2435 hospitum
3474 2379 3561 2419 ex-

1944 2463 2173 2536 ceptori,
2206 2471 2266 2517 ut
2300 2462 2633 2533 pauperibus
2660 2459 3037 2514 distribueret.
3081 2457 3183 2512 IIie
3224 2473 3355 2511 vero
3391 2456 3561 2511 Isido-

1942 2571 2037 2611 rus
2062 2562 2287 2609 sanctus
2319 2554 2402 2608 vir
2432 2563 2551 2607 erat
2580 2560 2638 2606 et
2664 2551 2961 2613 discretus,
2992 2566 3155 2619 quem
3192 2550 3388 2604 beatus
3419 2564 3557 2618 papa

1942 2650 2277 2705 Athanasius
2326 2647 2705 2719 presbyterum
2761 2644 2988 2699 fecerat.
3038 2643 3160 2699 Jam
3218 2658 3351 2697 vero
3419 2657 3560 2713 papa

1944 2740 2307 2811 Theophilus,
2334 2756 2394 2793 re
2424 2739 2662 2810 cognita,
2695 2738 3022 2792 accersitum
3052 2735 3321 2789 Isidornm
3341 2735 3408 2789 de
3426 2749 3562 2787 auro

1943 2832 2251 2888 sciscitatus
2277 2840 2380 2887 est.
2427 2830 2527 2885 llic
2555 2829 2764 2900 liquido
2791 2828 3079 2883 veritatem
3115 2826 3406 2882 confessus
3438 2826 3514 2881 ait
3542 2843 3556 2879 :

1950 2945 1967 2976 ‹
2009 2924 2350 2978 Theodotem
2381 2939 2502 2994 qua:
2536 2921 2784 2986 dederat,
2818 2936 2876 2975 se
2916 2921 3219 2990 adjurasse,
3262 2920 3561 2991 quominus

1943 3015 1995 3070 id
2039 3016 2134 3070 tibi
2186 3017 2480 3079 traderem,
2520 3013 2614 3068 sed
2646 3012 2936 3085 egentibus
2985 3012 3169 3082 potius
3210 3011 3558 3082 impcrtirer:

1941 3109 2136 3163 melior
2159 3117 2244 3163 est
2273 3109 2444 3172 enim,
2470 3108 2565 3173 ait,
2593 3106 2979 3167 beneﬁcentia,
3008 3121 3170 3175 quam
3204 3104 3291 3158 illa
3320 3120 3441 3175 quae
3464 3119 3563 3159 vos

1942 3200 2230 3255 exstruitis
2278 3200 2530 3255 aediﬁcia.
2581 3219 2599 3251 ι
2645 3199 2747 3254 Hie
2803 3215 2937 3253 vero
2979 3196 3264 3252 iracundia
3321 3197 3561 3259 furebat,

1942 3294 2201 3348 dentibus
2231 3294 2497 3348 adversus
2523 3293 2792 3348 Isidorutn
2826 3291 3167 3348 infrendens.
3199 3291 3245 3344 A
3274 3306 3562 3345 communt

1943 3400 2074 3457 ergo
2097 3385 2254 3441 hoste
2283 3394 2591 3440 commotus
2621 3378 2963 3453 Theophilus
2994 3382 3216 3453 scripsit
3245 3392 3436 3437 contra
3464 3383 3562 3437 ab-

1943 3478 2135 3533 batem
2167 3478 2440 3533 Isidorum
2490 3477 2809 3533 Sodomitici
2857 3475 3043 3547 ﬂagitii
3084 3474 3562 3539 criminationem,

1942 3571 2102 3641 eique
2132 3572 2197 3627 ad
2225 3588 2283 3627 sc
2306 3579 2502 3625 vocato
2525 3570 2660 3627 dixit
2690 3588 2701 3622 :
2740 3592 2757 3623 ‹
2796 3570 3004 3626 Isidore
3036 3569 3227 3632 abbas,
3256 3569 3563 3624 chartulam

1944 3662 2086 3717 hanc
2109 3662 2258 3717 dedit
2288 3663 2421 3717 mihi
2448 3663 2667 3732 quidam
2694 3663 2960 3719 adversus
2983 3670 3069 3727 te;
3110 3675 3302 3714 verum
3335 3675 3437 3731 ego
3460 3676 3562 3730 per

1944 3756 2113 3810 multa
2152 3756 2463 3817 distractus,
2498 3755 2759 3810 oblivioni
2794 3755 3145 3819 tradideram,
3189 3768 3340 3808 nunc
3376 3762 3560 3807 tamen

1942 3848 2101 3902 aliam
2147 3862 2400 3917 quazrens
2456 3847 2785 3911 chartulam,
2833 3848 2975 3903 hanc
3027 3846 3391 3917 deprehendi,
3438 3861 3561 3916 qua:

1942 3944 2077 3999 mihi
2122 3944 2528 3999 accusationem
2565 3946 2659 3999 tibi
2692 3946 2985 4017 irrogatam
3033 3944 3087 3998 in
3130 3953 3374 3999 mentem
3406 3960 3562 3998 revo-

1943 4032 2105 4087 cavit.
2148 4052 2165 4083 ι
2210 4032 2509 4102 Cuijustus
2534 4033 2622 4087 ille
2647 4035 2729 4088 vir
2769 4034 3132 4104 respondens,
3162 4034 3234 4087 ait
3270 4051 3284 4089 :
3324 4054 3341 4085 ι
3378 4034 3560 4088 Domi-

1942 4139 2013 4179 ne
2036 4139 2193 4194 papa,
2227 4132 2285 4177 tu
2322 4124 2541 4193 quidem
2567 4126 2770 4181 oblitus
2803 4142 2899 4192 es;
2932 4126 3025 4182 sed
3058 4134 3242 4181 tamen
3271 4136 3560 4183 accusator

1945 4214 2035 4269 ubi
2062 4214 2179 4269 est?
2214 4234 2232 4265 ι
2269 4215 2383 4281 Ille,
2424 4235 2441 4267 ι
2466 4214 2657 4282 Adest,
2693 4236 2711 4268 ι
2746 4218 2955 4288 inquit;
2978 4228 3256 4288 vocatque
3286 4217 3563 4288 Theophi-

1943 4308 2295 4365 lussororem
2358 4325 2537 4377 suam,
2601 4318 2657 4364 et
2722 4309 2791 4365 de
2858 4310 3128 4366 instructa
3198 4310 3561 4383 sycophantia

1943 4410 2153 4457 monet.
2225 4403 2318 4457 Illa
2370 4402 2438 4457 ad
2500 4402 2721 4457 viduam
2778 4402 3073 4472 quamdam
3141 4404 3340 4475 pergit,
3400 4402 3563 4473 eique

1945 4496 2195 4567 pecuniae
2248 4507 2458 4552 eertum
2512 4514 2808 4553 numerum
2855 4498 3040 4560 tradit,
3094 4504 3155 4552 ut
3190 4496 3360 4551 lilium
3402 4511 3563 4552 suum

1945 4590 2011 4645 ad
2038 4590 2487 4645 calumniandum
2516 4589 2727 4645 Isidoro
2752 4590 3039 4645 subornet.
3064 4588 3193 4645 IIaac
3218 4598 3403 4644 autem
3446 4604 3562 4645 rem

1946 4690 2115 4738 totam
2149 4684 2359 4739 Isidoro
2380 4683 2588 4755 pandit,
2619 4683 2919 4739 ostendens
2958 4682 3121 4737 simul
3154 4698 3275 4753 quae
3314 4682 3565 4753 accepis-

1946 4786 2029 4831 set
2054 4776 2217 4829 dona.
2248 4775 2418 4847 Igitur
2446 4774 2614 4831 abbas
2646 4774 2887 4829 Isidorus
2915 4774 3184 4830 innocens
3213 4781 3270 4827 et
3296 4772 3566 4828 immacu-

1944 4867 2110 4932 latus,
2142 4866 2264 4929 hac,
2302 4865 2622 4921 tentationis
2674 4878 2857 4928 causa,
2906 4876 3063 4934 capta
3112 4863 3388 4929 mercede,
3433 4864 3565 4918 dum

1944 4958 2287 5030 Theophilus
2347 4958 2545 5013 falsum
2600 4958 2871 5028 judicium
2932 4957 3152 5012 auferre
3218 4965 3416 5028 negat,
3495 4956 3566 5011 ab

1945 5051 2130 5122 iniqua
2162 5051 2515 5124 sycophantia
2549 5051 2880 5115 recedendo,
2909 5049 3271 5106 intolerandis
3292 5049 3566 5121 impositis

1943 5146 2000 5199 in
2057 5145 2253 5202 faciem
2303 5143 2647 5199 verberibus.
2694 5151 2753 5198 et
2797 5150 3141 5207 cruentatus,
3182 5140 3299 5197 suis
3343 5156 3562 5212 quoque

1944 5238 2110 5294 rebus
2146 5237 2431 5309 spoliatus,
2469 5245 2525 5291 et
2554 5234 2786 5292 ecclesia
2812 5234 3044 5304 ejectus,
3082 5239 3474 5305 perseverante
3503 5231 3557 5287 in

1944 5348 2041 5387 sua
2075 5332 2279 5387 malitia
2310 5330 2641 5403 Theophilo,
2681 5330 2747 5384 ad
2784 5327 2973 5385 Nitriae
3004 5337 3221 5382 montes
3250 5325 3398 5381 unde
3430 5324 3561 5379 olim

1944 5427 2240 5482 advenerat
2270 5426 2531 5495 perrexit.

2295 5684 2385 5737 τὸν
2416 5686 2481 5736 ὲκ
2510 5682 2795 5755 μεγανίρυ,
2834 5681 2979 5755 quod
3025 5694 3128 5755 ego
3174 5692 3284 5755 non
3315 5672 3557 5755 explica.

1939 5742 2289 5879 Antiochiam
2323 5742 2545 5825 quidem
2569 5742 2898 5825 appellatam
2926 5742 3203 5807 interdum
3230 5742 3561 5815 Μεγαλόποο

1978 5844 2025 5879 ιν
2051 5842 2277 5883 scimus.
