4234 6310
661 360 750 396 LIX
1833 343 2186 400 THEODORI
2227 333 2762 400 TRIMITHUNTINI
3879 353 3948 392 ιιι

733 463 806 522 ς’.
839 457 949 509 Καὶ
983 455 1174 510 τούτου
1204 458 1299 511 τοῦ
1351 459 1524 530 βιαίου
1581 461 1896 530 γενομένου,
1931 458 2249 528 ἀπέστησαν

657 541 708 594 οί
738 540 840 611 τῆς
867 541 1142 610 Αἰγύπτου
1169 543 1460 597 ἐπίσκοποι
1480 545 1574 598 τὸν
1602 544 1834 615 ἀριθμὸν
1867 544 2028 610 ἐπτά,
2079 542 2253 596 Ἰωάν-

657 643 756 696 νης
813 626 1162 696 Τερνούθεος,
1212 628 1462 699 Ζώσιμος
1517 629 1839 702 Σεθροήτου,
1905 629 2251 697 Ἀλέξανδρος

672 709 1026 782 Ὀξυρύγχου,
1077 713 1380 784 Χαιρήμων
1437 714 1748 781 Πελουσίου,
1803 715 2002 776 Νόννος
2065 709 2250 780 Ἀθρί-

659 793 806 857 ϐεος.
869 793 1180 866 Δουλκήτης
1217 795 1517 867 Παράλεος,
1579 798 1870 869 Σαραπίων
1916 799 2012 868 τῆς
2049 795 2248 858 Πανός·

661 875 868 946 Λιϐύης
897 876 952 930 δὲ
979 882 1148 950 τρεῖς,
1173 880 1464 945 Λουκιανὸς
1485 882 1860 954 Παραιτονίου,
1884 881 2000 952 Κλη
2011 881 2254 952 μεντῖνος

659 959 1058 1032 Μαρμαρικῆς,
1113 964 1304 1033 Μηνᾶς
1345 965 1578 1036 Δάρνης.
1634 966 1743 1020 Καὶ
1795 965 2046 1043 κληρικοὶ
2103 963 2254 1016 Ἀλε-

663 1043 946 1113 ξανδρείας
975 1046 1064 1096 τὸν
1093 1045 1325 1118 ἀριθμὸν
1375 1051 1572 1114 εἴκοσι,
1621 1050 1857 1104 διάκονοι
1887 1051 1981 1103 καὶ
2011 1049 2254 1119 πρεσϐύ-

661 1139 831 1198 τεροι.
869 1129 1232 1200 Συναχθὲντες
1269 1127 1362 1208 οὖν
1415 1134 1655 1198 ἅπαντες
1708 1135 1801 1186 ἐπὶ
1851 1134 1911 1187 τὸ
1965 1134 2120 1195 αὐτὸ,
2159 1135 2254 1188 καὶ¹

663 1213 989 1281 ποιήσαντες
1067 1215 1389 1287 καθαίρεσιν
1464 1219 1727 1288 Θεοφίλου
1803 1217 2252 1290 ἐγκληματικήν,

663 1293 916 1364 ἔπεμψαν
940 1295 1109 1368 αὐτὴν
1149 1301 1228 1361 εἰς
1269 1299 1488 1370 Ῥώμην
1527 1301 1854 1372 Ἰννοκεντίῳ
1881 1300 1960 1370 τῷ
1981 1302 2158 1372 πάπᾳ,
2188 1301 2254 1358 ἶν’

663 1379 834 1448 αὐτὴν
861 1381 1044 1453 πράξῃ
1097 1381 1419 1447 καθολικῶς.
1461 1382 1763 1454 Ἦσύχαςεν
1818 1385 1874 1437 δὲ
1919 1387 1950 1438 ό
1987 1385 2257 1458 Ἰσίδωρος

661 1462 721 1515 ἐν
751 1463 832 1532 τῷ
854 1463 952 1533 τῆς
981 1465 1210 1537 Νιτρίας
1248 1467 1386 1538 ὄρει,
1423 1466 1552 1522 ἔνθα
1591 1464 1658 1540 ἧν
1698 1471 1948 1540 ἀσκήσας
1978 1471 2042 1522 ἐκ
2067 1471 2257 1541 νεότη-

662 1562 754 1608 τος
777 1545 966 1612 αὐτοῦ,
1004 1550 1350 1618 ἐντυγχάνων
1377 1551 1456 1620 τῷ
1503 1551 1682 1604 πάντα
1709 1552 1977 1624 ἐφορῶντι
2015 1553 2155 1626 Θεῷ.
2197 1555 2256 1608 ’Θ

664 1628 720 1681 δὲ
752 1628 1008 1700 Θεόφιλος
1038 1635 1226 1704 μαθὼν
1251 1635 1348 1706 τὴν
1381 1635 1680 1706 γενομένην
1711 1635 1860 1706 αύτῷ
1889 1637 1995 1690 ὑπὸ
2025 1638 2132 1690 τῶν
2160 1640 2258 1692 αύ-

663 1713 760 1766 τοῦ
792 1715 1130 1788 καθαίρεσιν,
1167 1719 1436 1792 ἐπυροῦτο
1494 1721 1589 1772 καὶ¹
1640 1719 1887 1792 διηπόρει
1931 1721 1984 1772 τί
2020 1721 2258 1794 διαπρά-

665 1797 842 1867 ξηται.

736 1879 802 1944 ξ’·
859 1881 1160 1955 Δεξάμενος
1207 1885 1265 1939 δὲ
1309 1887 1654 1952 Ἰννοκέντιος
1692 1887 1720 1939 6
1751 1888 1944 1948 πάπας
1987 1887 2088 1958 τὴν
2122 1888 2264 1941 κατά

665 1963 924 2036 Θεοφίλου
955 1968 1298 2038 καθαίρεσιν,
1329 1972 1424 2024 καὶ
1449 1971 1715 2042 κινηθεὶς,
1734 1969 1935 2040 γράφει
1965 1971 2119 2040 αῦτῷ
2141 1971 2266 2024 ἐπι-

667 2048 871 2120 στολήν·
893 2054 1253 2122 περιέχουσαν
1295 2053 1470 2118 οὕτως
1491 2073 1504 2085 ·
1539 2075 1558 2108 ι
1591 2055 1948 2128 -Ἰννοκέντιος
2001 2055 2266 2128 πρόεδρος

665 2133 764 2201 τῆς
815 2133 1077 2206 μεγίστης
1139 2135 1359 2210 Ῥώμης
1409 2137 1652 2210 Θεοφίλῳ
1707 2137 1922 2208 ἀδελφῷ
1952 2156 1967 2171 ·
2015 2138 2267 2192 Ἦκουσά

666 2233 788 2268 τινα
831 2217 1102 2288 γενόμενα
1147 2221 1301 2292 παρά
1351 2220 1445 2275 σοῦ
1489 2221 1728 2288 ἀναξίως
1759 2221 2120 2292 πραχθέντα,
2174 2222 2266 2276 καὶ

667 2299 948 2368 κατέγνων
987 2319 1124 2366 σου,¹
1151 2305 1344 2377 ὅτιπερ
1375 2305 1738 2376 τυραννικῶς,
1785 2305 1881 2358 καὶ
1902 2307 1961 2357 οὐ
1995 2305 2260 2376 νομίμως.

668 2379 740 2434 Ἦ
778 2385 1080 2450 κανονικῶς
1107 2386 1312 2456 διάγειν
1343 2389 1400 2442 ἐν
1436 2389 1552 2451 τοῖς
1581 2387 2056 2458 ἐκκλησιαστικοῖς
2100 2389 2262 2458 θέλη-

670 2483 794 2532 σον,
842 2469 937 2522 καὶ
987 2469 1386 2540 διορθώσασθαι
1435 2472 1508 2525 τά
1557 2472 1942 2544 ἀπανθρώπως
1977 2473 2130 2544 παρά
2167 2473 2263 2526 σοῦ

669 2551 1032 2621 γεγενημένα.
1071 2553 1398 2608 Ἰκανούσθω
1419 2553 1732 2608 παύσασθαί
1762 2572 1844 2618 σε,
1863 2557 1949 2608 ἵνα
1982 2555 2056 2626 μὴ
2081 2555 2264 2628 ἁθροί-

671 2633 862 2698 σαντός
893 2652 993 2704 μου
1029 2637 1444 2709 ἐπισκόπους,ή
1478 2638 1659 2710 κρίσις
1691 2656 1752 2692 σε
1779 2639 2265 2694 καταδικάσειάδί-

674 2734 784 2780 κως
815 2718 1124 2792 πράξαντα.
1160 2741 1179 2774 ι
1227 2723 1284 2776 '0
1321 2722 1376 2776 δὲ
1415 2723 1744 2796 ἀντιγράφει
1778 2723 1928 2794 αὐτῷ
1958 2725 2052 2777 καὶ
2097 2723 2264 2788 αὐτὸς

672 2799 872 2853 ταῦτα·
929 2823 947 2854 ι
989 2804 1250 2874 Θεόφιλος
1282 2805 1581 2870 ἐπίσκοπος
1631 2807 1725 2862 τὸν
1770 2807 2002 2878 Μάρκου
2059 2807 2262 2861 διέπων

674 2882 862 2955 θρόνον
909 2886 1234 2960 Ἰννοκεντίῳ
1257 2887 1414 2960 πάπᾳ
1457 2889 1674 2962 Ῥώμης
1694 2905 1706 2918 ·
1756 2889 1897 2960 Ἐγὼ
1924 2893 1984 2944 οὗ
2015 2890 2264 2962 παύομαι

672 2967 802 3031 τοὺς
849 2972 913 3040 τῇ
969 2971 1266 3044 Ἐκκλησία
1299 2972 1751 3037 ἐπιϐουλεύοντας
1799 2975 2162 3046 ἀμυνόμενος.
2197 2977 2262 3029 El

671 3047 730 3103 δέ
758 3051 868 3104 τῶν
895 3053 1044 3125 ἐμῶν
1075 3055 1285 3128 ἐχθρῶν
1318 3058 1414 3122 τάς
1435 3057 1770 3130 κατηγορίας
1797 3057 1952 3130 δέχῃ.
1997 3056 2264 3130 μηδαμῶς

675 3135 880 3204 κρίνων
906 3137 977 3192 τὰ
1008 3142 1140 3211 παρ’
1173 3141 1374 3204 αὐτῶν,
1399 3141 1514 3194 ἀλλ’
1555 3142 1936 3213 ἀδοκιμάστως
1959 3143 2262 3214 ἀποφαίνῃ.

677 3219 863 3290 Κάμοί
911 3222 1048 3275 εἰσιν
1101 3223 1458 3292 εύαγγελικοῦ
1515 3221 1706 3296 θρόνου
1761 3225 2126 3296 περιϐλεψία,
2169 3221 2265 3279 καὶ

677 3301 866 3367 πόλεις
906 3305 1152 3378 ἀπείρων
1201 3308 1552 3360 ἐπισκόπων·
1608 3309 1703 3364 καὶ
1755 3307 1992 3374 συνάξας
2041 3311 2262 3376 αὐτοὺς,

676 3387 1072 3458 ἀντιτάσσομαί
1101 3407 1184 3443 σοι
1204 3391 1296 3443 καὶ
1325 3390 1784 3462 καταψηφίσομαι
1805 3393 1902 3463 τῆς
1937 3393 2035 3464 σῆς
2067 3410 2267 3465 συναρ-

677 3471 884 3542 παγῆς.
926 3473 1178 3543 Ἕρρωσο
1229 3473 1540 3545 μετανοῶν·
1577 3474 1714 3528 εἰδὲ
1753 3475 1851 3547 μὴ,
1898 3475 2112 3548 ἔρρωσο
2136 3475 2268 3529 δυσ-

675 3553 877 3624 τυχῶν.
919 3575 936 3608 ι

750 3644 819 3708 η’.
845 3638 1150 3709 Δεξάμενος
1183 3641 1240 3696 δὲ
1270 3641 1445 3698 ταῦτα
1475 3645 1504 3698 ό
1535 3643 1724 3708 πάπας
1770 3645 2134 3707 Ἰννοκέντιος,
2165 3645 2263 3698 καὶ

680 3721 915 3788 συνάξας
963 3723 1170 3788 πάντας
1203 3727 1332 3789 τοὺς
1369 3728 1713 3808 ἐπισκόπους.
1744 3728 2004 3792 Ἰταλίας,
2063 3728 2268 3800 ἔπραξε

678 3805 778 3874 τὴν
811 3805 1132 3878 καθαίρεσιν
1186 3809 1479 3882 Θεοφίλου,
1513 3805 1784 3883 ἧνπερόί
1829 3811 2122 3880 Αἰγύπτιοι
2163 3814 2271 3865 ἀπ-

681 3887 956 3942 έστειλαν·
990 3891 1222 3956 ἕκαστος
1253 3893 1361 3946 τῶν
1425 3895 1498 3962 (ί.
1535 3897 1600 3950 '70
1626 3897 1673 3963 ὁ)
1720 3897 1934 3949 Ἰταλῶν
1973 3895 2078 3967 ἰδίᾳ
2117 3897 2266 3966 φωνῇ

681 3970 926 4025 καθελὼν
977 3975 1138 4027 αὐτόν
1158 3993 1171 4006 ·
1201 3977 1392 4046 ’ήντινα
1421 3978 1602 4048 ψῆφον
1638 3979 1981 4041 Ἰννοκέντιος
2013 3979 2270 4032 ἀπέστει-

677 4051 773 4107 λεν
821 4055 1040 4129 Ἰωάννῃ
1070 4057 1147 4130 τῷ
1166 4061 1584 4131 ἀρχιεπισκόπῳ
1615 4062 2263 4126 Κωνσταντινουπόλεως.

695 4137 753 4190 Ὁ
803 4139 860 4192 δέ
903 4140 971 4193 τὰ
1003 4142 1328 4213 διαφέροντα
1381 4143 1528 4214 αύτῷ
1583 4144 1824 4214 κλίματα
1875 4143 1952 4215 (α)
2010 4145 2266 4220 συνάξας,

683 4221 963 4287 ὑπέδειξεν
999 4225 1097 4296 τὴν
1123 4227 1444 4296 καθαίρεσιν
1475 4227 1758 4294 Θεοφίλου,
1809 4229 1904 4280 καὶ
1953 4229 2152 4291 πάντες
2189 4230 2268 4291 εἰς

683 4307 854 4376 αὐτὴν
883 4309 1206 4379 ὑπέγραψαν
1225 4327 1239 4342 ο
1273 4305 1364 4361 καί.
1391 4309 1528 4380 μετά
1556 4309 1712 4362 τοῦτο
1744 4311 1968 4382 ἐπεδόθη
2000 4311 2268 4382 Ἀρκαδίῳ

683 4389 763 4461 τῷ
793 4391 1019 4461 βασιλεῖ.
1056 4389 1162 4448 ’Ἦν
1194 4395 1250 4446 δὲ
1278 4395 1378 4463 τῆς
1419 4395 1790 4466 καθαιρέσεως
1832 4395 1893 4447 τὸ
1934 4395 2268 4468 ἀντίγραφον

683 4471 870 4526 τοῦτο⁸
897 4493 914 4520 ι
950 4475 1013 4526 Ἡ
1042 4476 1183 4528 κατά
1207 4475 1305 4548 τὴν
1335 4477 1562 4530 Ἰταλίαν
1581 4477 1764 4548 χάριτι
1790 4476 1924 4530 Θεοῦ
1944 4479 2269 4548 συναχθεῖσα

687 4559 864 4612 είτουν
892 4560 1219 4613 συνελθοῦσα
1277 4562 1528 4624 σύνοδος,
1585 4563 1700 4631 ἅμα
1735 4561 1814 4632 τῷ
1865 4563 2086 4633 μεγάλῳ
2132 4579 2270 4634 προ-

687 4641 828 4712 ἐδρῳ
867 4643 968 4711 τῆς
997 4643 1206 4714 Πέτρου
1242 4643 1637 4714 μεγαλωτάτης
1661 4645 1952 4715 καθέδρας,
2001 4647 2269 4718 Ἀρκαδίῳ

691 4726 915 4796 βασιλεῖ,
951 4729 1042 4780 καὶ
1085 4729 1310 4800 Ἰωάννῃ
1340 4729 1777 4800 άρχιεπισκόπῳ,
1809 4731 2034 4794 καὶτοῖς
2060 4731 2150 4783 ὑπ’
2175 4733 2272 4783 αύ-

689 4809 780 4862 τὺν
817 4812 1002 4866 πᾶσιν.
1037 4812 1109 4863 Οὐ
1139 4812 1346 4865 δίκαιον
1383 4813 1561 4877 τοῦτο,
1603 4813 1690 4866 ἵνα
1727 4813 1819 4867 ἐπὶ
1851 4814 1949 4884 τῆς
1981 4815 2080 4884 σῆς
2114 4815 2270 4867 εὐσε-

689 4893 820 4956 ϐοῦς
861 4894 1140 4962 βασιλείας
1174 4899 1202 4949 ὁ
1233 4897 1432 4966 Φαραὼ
1464 4897 1540 4966 τῷ
1565 4898 1738 4967 Μωσῇ
1771 4897 2075 4969 κατισχύσῃ
2097 4937 2110 4962 ,
2151 4899 2272 4952 οὐδὲ

692 4979 780 5030 ἵνα
802 4979 862 5032 τὺ
891 4979 1040 5043 ἔθνος
1064 4980 1156 5033 τοῦ
1183 4981 1320 5034 Θεοῦ
1351 4981 1410 5033 τὸ
1439 4981 1698 5034 ἐκλεκτὸν
1729 4981 1937 5052 πλίνθῳ
1971 4981 2066 5035 καὶ
2104 4982 2273 5048 λίθοις

693 5059 916 5132 βαρέσιν
938 5063 1247 5134 δαμάζηται
1270 5081 1282 5092 ·
1317 5064 1424 5116 οὐδ’
1454 5066 1486 5135 ή
1517 5065 1725 5134 μαγικὴ
1763 5065 1940 5138 πλάνη
1973 5069 2038 5136 τῇ
2080 5065 2275 5121 δακτυ-

693 5145 911 5217 λοθεσία
944 5147 1038 5199 τοῦ
1080 5149 1215 5200 Θεοῦ
1257 5149 1622 5220 ἀντιπράττη.
1684 5150 1836 5203 Ἐπεὶ
1887 5147 1980 5203 οῦν
2031 5151 2274 5224 Θεοφίλῳ

691 5227 864 5282 ταῦτα
886 5231 1062 5282 πάντα
1087 5231 1398 5302 πρόσεστιν,
1431 5233 1525 5285 καὶ
1553 5232 1796 5302 αἱμάτων
1821 5233 2012 5286 ἁθώων
2043 5235 2276 5303 ἐφάπτε-

669 5331 780 5384 ,ται
807 5315 903 5367 καὶ
943 5314 1168 5368 δικαίων
1189 5359 1202 5380 ,
1248 5317 1342 5369 καὶ
1371 5318 1467 5388 τὴν
1503 5318 1864 5388 εύαγγελικὴν
1906 5317 2110 5388 ταύτην
2139 5319 2274 5372 καθ-

697 5397 855 5468 έδραν
882 5399 1061 5460 ἀθέως
1100 5401 1194 5452 καὶ
1235 5400 1600 5463 ἀκανονίστως
1631 5400 1937 5471 ἐνύϐρισεν,
1983 5403 2276 5472 συναχθέν-

696 5498 785 5542 τες
825 5483 920 5534 καὶ
956 5483 1076 5535 κατ’
1113 5484 1276 5537 αὑτὸν
1321 5485 1605 5556 κρίναντες
1645 5487 2084 5558 ἐπιχειρήματα.
2130 5487 2275 5561 άπερ

697 5565 746 5617 ut
773 5565 1048 5633 Αἰγύπτου
1089 5569 1182 5620 καὶ
1220 5567 1426 5640 Λιϐύης
1465 5570 1792 5638 ἐπίσκοποι,
1841 5571 1934 5625 καὶ
1981 5573 2082 5644 τῆς
2122 5572 2273 5626 Ἀλε-
2309 5615 2316 5622 .

771 5717 848 5782 (αὶ
869 5715 1002 5772 Cod.
1035 5720 1306 5790 κλήματα.

2361 457 2636 529 ξανδρὲων
2677 455 3007 526 Ἐκκλησίας
3053 454 3306 526 κληρικοὶ
3357 453 3676 525 ὀδυρόμενοι
3717 449 3804 504 διὰ
3855 451 3954 506 τὸν

2362 543 2561 612 σεμνὸν
2591 541 2766 595 άϐϐάν
2814 539 3080 610 Ἰσίδωρον
3109 541 3198 592 τὸν
3241 537 3616 609 πρεσϐύτερον
3641 573 3658 602 ,
3713 534 3773 587 ὃν
3809 551 3956 586 παν-

2360 625 2534 688 τοίαις
2565 627 2860 696 τιμωρίαις
2893 623 3144 676 ἐκδοῦναι
3175 621 3237 676 οὗ
3253 621 3630 692 παρῃτήσατο
3649 659 3664 682 ,
3707 617 3960 672 ἀνεδίδα-

2363 709 2492 774 ξαν·
2521 708 2710 760 τοῦτον
2753 707 2999 760 κελεύσει
3029 719 3122 759 και
3153 705 3540 776 προστάγματι
3567 703 3642 774 (b)
3669 703 3762 755 τοῦ
3792 719 3960 774 κορυ-

2363 792 2525 862 φαίου
2560 793 2789 864 Πέτρου,
2823 793 2918 844 καὶ
2949 795 3230 862 σχήματος
3263 789 3355 843 καὶ
3391 788 3656 858 ὀνόματος
3695 785 3960 853 Θεόφιλον

2361 876 2571 948 ἔρημον
2627 877 2940 947 ἐστήσαμεν
2999 875 3161 928 αὑτὸν
3220 873 3444 936 πάντες.
3495 869 3850 943 Προστάξατε
3899 869 3962 921 δὲ

2361 959 2536 1013 ταῦτα
2575 959 2810 1030 δημοσίᾳ
2843 959 3206 1030 προτεθῆναγ
3255 957 3350 1012 καὶ
3380 957 3508 1020 τοὺς
3537 955 3858 1018 διδάξαντας
3887 952 3962 1006 τὰ

2363 1045 2486 1096 κατ’
2521 1042 2705 1108 αὐτὸν,
2741 1041 2832 1095 διὰ
2859 1041 3119 1094 λιϐέλλων
3146 1041 3432 1111 συστῆναι,
3463 1040 3551 1108 ἐφ’
3577 1032 3658 1101 οἷς
3679 1035 3956 1100 ἐδίδαξαν·

2363 1127 2459 1182 καὶ
2507 1129 2670 1182 αὑτὸν
2721 1126 3006 1198 ἀγώγιμον
3039 1126 3128 1180 ἐπ’
3168 1125 3512 1194 ἐγκλήμασιν
3539 1123 3824 1194 ἔρχεσθαιο
3861 1120 3965 1174 καὶ

2362 1213 2454 1265 τὸν
2489 1213 2568 1276 είς
2619 1211 2912 1282 πρόσωπον
2961 1207 3128 1264 αὑτοῦ
3167 1209 3267 1271 τὰς
3301 1206 3628 1279 ἀποκρίσεις
3653 1204 3918 1258 ποιοῦντα
3941 1243 3959 1266 ,

2361 1297 2464 1366 τῆς
2517 1295 2725 1358 πόλεως
2775 1292 3090 1370 διώκεσθαι.
3143 1293 3254 1363 Τῆς
3303 1291 3412 1363 γὰρ
3461 1291 3682 1359 εὐλόγου
3722 1287 3963 1360 κρίσεως

2363 1379 2734 1450 ἀπροσκόπως
2767 1377 3181 1450 διατρεχούσης,
3206 1375 3608 1448 ἐφοραθήσεται
3639 1373 3732 1427 καὶ
3753 1375 3834 1434 εἰς
3867 1371 3966 1424 τὸν

2363 1465 2458 1520 τοῦ
2487 1465 2623 1518 Θεοῦ
2663 1466 2850 1536 νόμον,
2877 1466 2974 1519 καὶ
3013 1467 3094 1528 είς
3127 1464 3218 1518 τὸν
3247 1464 3356 1518 τῶν
3393 1461 3698 1534 ἀνθρώπων
3723 1461 3968 1530 διαμαρ-

2365 1551 2540 1620 τήσας
2577 1550 2858 1618 Θεόφιλος.
2901 1569 2918 1601 ι

2440 1633 2504 1688 θ’.
2552 1632 2612 1688 Ὀ
2645 1633 2702 1686 δὲ
2737 1632 3020 1704 Ἀρκάδιος
3051 1632 3348 1704 δεξάμενος
3391 1629 3490 1700 τὴν
3529 1627 3624 1682 τοῦ
3661 1627 3820 1680 πάπα
3865 1626 3968 1676 Ἰν-

2369 1717 2641 1771 νοκεντίου
2668 1717 2995 1788 αῦθεντικὴν
3032 1717 3238 1786 ψῆφον.
3283 1715 3550 1787 πρότερον
3577 1713 3668 1764 τὸν
3704 1710 3804 1774 τὰς
3825 1711 3968 1762 ἀπο-

2367 1801 2582 1872 κρίσεις
2621 1799 3036 1868 Ἀλεξανδρείας
3069 1800 3334 1853 ποιοῦντα
3383 1795 3758 1868 πρεσϐύτερον
3807 1794 3966 1852 ὄντα,

2367 1883 2602 1950 ἐνέγκας
2634 1883 2872 1936 δέδωκεν
2897 1883 3046 1954 αύτῷ
3077 1883 3146 1936 τὰ
3181 1885 3272 1936 ίσα
3301 1881 3402 1950 τῆς
3429 1879 3801 1946 καθαιρέσεως
3833 1876 3972 1930 Θεο·

2367 1967 2551 2038 φίλου,
2603 1969 2697 2020 καὶ
2750 1967 3074 2021 ἀπέστειλεν
3115 1967 3278 2020 αὑτὸν
3321 1968 3403 2028 είς
3448 1961 3856 2031 Ἀλεξάνδρειαν
3906 1965 3970 2015 ἐν

2367 2052 2519 2125 πάσῃ
2567 2052 2784 2124 ἀτιμία,
2831 2047 3118 2121 γνωρίζων
3151 2051 3220 2103 τά
3249 2053 3430 2105 πάντα
3481 2048 3746 2119 Θεοφίλῳ.
3807 2047 3962 2101 Ὀδυρ

2366 2137 2554 2208 mea;
2579 2131 2693 2198 οὖν,
2720 2138 2814 2189 καὶ
2849 2136 2923 2207 μὴ
2955 2135 3250 2206 δυνάμενός
3274 2151 3328 2187 τι
3365 2133 3503 2206 πρὸς
3526 2134 3654 2196 τοὺς
3697 2134 3968 2201 ποιήσαν-

2365 2238 2464 2286 τας
2497 2222 2557 2274 τὺ
2586 2221 2827 2274 τοιοῦτον
2891 2221 3128 2291 πρᾶγμα
3166 2221 3247 2282 είς
3291 2218 3478 2282 αὑτὸν,
3503 2217 3596 2270 τὸν
3632 2217 3970 2286 ἀποκρισιάρ

2367 2323 2485 2377 ριον
2532 2306 2590 2358 ἐν
2622 2304 2984 2375 δεσμωτηρίῳ
3013 2302 3248 2373 τίθησιν,
3295 2301 3477 2372 ζητῶν
3517 2301 3722 2372 ματι
3757 2301 3969 2370 ἀρχονσ-

2365 2389 2504 2458 τικῷ
2551 2387 2742 2441 τοῦτον
2813 2389 3032 2458 στῆσαι.
3097 2387 3240 2439 Ἀλλ’
3295 2385 3538 2458 ἐφοϐήθη
3595 2384 3658 2438 τδ
3711 2384 3972 2440 τοσοῦτον

2367 2474 2593 2540 ποιῆσαι
2673 2474 2768 2526 καὶ
2817 2472 2882 2540 δὴ
2930 2473 3075 2524 αἰτεῖ
3125 2472 3218 2522 τον
3267 2467 3510 2540 ἄρχοντα
3553 2467 3972 2540 Ἀλεξανδρείας

2367 2557 2553 2612 λαϐεῖν
2585 2557 2838 2627 βοήθειαν
2871 2553 3276 2627 στρατιωτικὴν
3297 2554 3443 2607 κατά
3466 2571 3630 2608 τινων
3659 2551 3818 2623 δῆθεν
3841 2571 3976 2608 στα-

2369 2641 2684 2705 σιαζόντων.
2710 2638 2781 2692 τά
2810 2640 3151 2710 μοναστήρια
3178 2637 3282 2706 τῆς
3317 2636 3600 2705 Αἰγύπτου
3631 2637 3973 2702 διαρπαζόν-

2363 2742 2474 2778 των
2493 2741 2505 2754 ·
2535 2724 2628 2777 καὶ
2647 2721 2828 2776 λαϐὼν
2852 2721 3241 2784 πεντακοσίους
3271 2720 3554 2783 ἐνόπλους,
3583 2721 3776 2785 νυκτὸς
3801 2721 3976 2792 ἐπέρ-

2371 2807 2524 2877 ριῲεν
2556 2805 2636 2876 τῷ
2662 2807 2801 2876 ὄρει,
2833 2807 2928 2860 καὶ
2963 2805 3210 2876 βακλίζει
3245 2803 3482 2873 στερεῶς
3529 2805 3658 2867 τοὺς
3697 2806 3974 2874 μοναχοὺς

2365 2890 2493 2952 τοῦς
2515 2889 2845 2960 δεξαμένους
2873 2891 2964 2942 τὸν
2989 2887 3165 2942 ἁϐϐᾶν
3207 2887 3481 2957 Ἰσίδωρον
3517 2886 3677 2954 ἐπτά,
3721 2886 3970 2956 Ἰέρακα,

2367 2972 2679 3043 Διόσκορον,
2727 2971 3062 3042 Ἀμμώνιον,
3101 2973 3312 3037 Ἰσαὰκ,
3359 2967 3681 3040 Ἰνισθωρὼ,
3727 2967 3971 3039 Τιθόην,

2368 3055 2462 3109 καὶ
2492 3055 2650 3110 ἄλλον
2707 3055 2914 3110 Ἰσαάκ.
2955 3055 3066 3108 Καὶ
3115 3053 3482 3116 κοπιάσαντες
3533 3051 3822 3124 ζητοῦντες
3873 3051 3976 3104 τὸν

2368 3139 2546 3194 ἁϐϐἄν
2587 3139 2891 3209 Ἰσίδωρον,
2941 3139 3038 3208 οὐχ
3083 3133 3272 3208 εὗρονο
3321 3131 3465 3208 ἦσαν
3499 3137 3610 3207 γὰρ
3661 3137 3716 3189 ἐν
3767 3134 3976 3207 φρέατι

2369 3221 2520 3294 ξηρῷ
2544 3221 2802 3292 ῥίψαντες
2831 3221 3015 3276 αὐτόν.
3053 3221 3166 3276 Καὶ
3193 3219 3374 3274 λαϐὼν
3434 3219 3690 3292 φρύγανα
3735 3217 3978 3271 ἔκαυσεν

2367 3307 2470 3370 τάς
2507 3305 2702 3370 κέλλας
2742 3305 2925 3360 αὐτῶν
2981 3305 3078 3360 σὺν
3115 3307 3282 3359 πᾶσιν
3327 3299 3408 3368 οἷς
3456 3300 3624 3375 εἶχον.
3665 3304 3774 3358 Καὶ
3821 3301 3978 3358 οὕτω

2367 3389 2630 3462 λωφήσας
2665 3389 2767 3460 τῆς
2797 3389 2992 3458 ἀλόγου
3025 3389 3194 3460 ὀργῆς
3241 3387 3650 3460 καταλαμϐάνει
3683 3385 3782 3458 τὴν
3821 3385 3980 3438 Ἀλε-

2374 3473 2677 3545 ξάνδρειαν.

2445 3565 2496 3614 ι’.
2527 3559 2590 3610 Ol
2619 3558 2676 3610 δὲ
2707 3558 3102 3630 προειρημένοι
3145 3557 3372 3628 μοναχοὶ
3411 3555 3512 3610 ’τὸν
3555 3557 3656 3628 τῆς
3689 3555 3980 3626 ὑπομονῆς

2371 3639 2663 3694 ἀπώλεσαν
2693 3641 2916 3713 τρόπον,
2943 3641 3178 3711 ἀνῆλθον
3199 3641 3280 3705 εἰς
3320 3639 3748 3710 Ἀλεξάνδρειαν,
3783 3639 3983 3692 λέντιαι

2371 3723 2748 3794 διεζωσμένοι,
2780 3724 2875 3776 καὶ
2913 3724 3196 3787 κλαίοντες
3235 3727 3416 3778 πᾶσαν
3450 3723 3548 3796 τὴν
3580 3722 3840 3776 πλατεῖαν
3870 3739 3980 3775 πει

2377 3808 2584 3878 ριῆγον.
2641 3807 2864 3869 Ἰδόντες
2903 3807 2962 3860 δὲ
2993 3809 3192 3872 αὐτοὺς
3216 3812 3264 3862 οἱ
3291 3808 3528 3874 πολῖται,
3562 3809 3749 3879 ἐπειδὴ
3793 3807 3980 3876 ἐγνὼι

2375 3889 2524 3962 ριζον
2545 3891 2670 3952 τοὺς
2692 3888 2894 3961 ἄνδρας
2922 3891 3096 3943 ὁποῖοι
3121 3887 3283 3962 ἦσαν,
3310 3891 3658 3962 ἐλυπήθησαν
3684 3891 3752 3944 δι’
3769 3892 3980 3956 αὐτοὺς

2373 3972 2552 4025 πάνυ·
2607 3972 2700 4024 καὶ
2749 3971 2990 4044 συνήχθη
3049 3975 3156 4036 πᾶς
3203 3975 3231 4026 6
3260 3973 3416 4044 όχλος
3455 3975 3594 4046 μετά
3631 3975 3826 4045 πυρὸς,
3875 3977 3982 4028 καὶ

2371 4055 2608 4130 ήρξαντο
2636 4054 2813 4108 καίειν
2849 4055 2978 4109 ἔνθα
3005 4057 3304 4127 κατέμενεν
3330 4059 3358 4109 6
3395 4059 3674 4128 Θεόφιλος.
3715 4061 3976 4131 Διαρπα-

2373 4145 2586 4195 σάντων
2631 4137 2726 4193 οὖν
2772 4141 2952 4194 αὐτῶν
2985 4141 3164 4194 πάντα
3195 4141 3263 4194 τὰ
3293 4144 3349 4196 ἐν
3375 4143 3452 4214 τῷ
3481 4145 3810 4214 ἐπισκοπίῳ,
3869 4147 3984 4198 καὶ»

2373 4225 2560 4298 λοιπὸν
2591 4225 2894 4295 μελλόντων
2921 4225 3050 4296 περὶ
3072 4225 3140 4278 τά
3161 4225 3222 4292 (f.
3253 4227 3314 4280 Ἠ
3349 4227 3404 4298 a)
3453 4225 3720 4297 κειμήλια
3746 4224 3976 4298 χωρεῖν,

2377 4309 2646 4374 Νικόλαος
2671 4311 2699 4362 6
2731 4309 2916 4380 ἄρχων
2943 4309 3036 4362 τὸν
3071 4310 3316 4364 κίνδυνον
3355 4309 3615 4382 φοϐηθεὶς
3638 4351 3651 4374 ,
3705 4311 3982 4380 κατέδρα-

2377 4409 2476 4462 μεν
2506 4391 2591 4444 ἐπ’
2624 4393 2841 4455 αὐτοὺς,
2875 4392 2970 4445 καὶ⁹
2993 4393 3175 4464 ἐζήτει
3199 4393 3646 4465 ἀπολογήσασθαι
3676 4393 3754 4463 τῷ
3775 4393 3836 4464 δή
3847 4411 3936 4464 μῳ
3961 4414 3976 4426 ο

2372 4476 2424 4526 οἱ
2457 4475 2513 4528 δὲ
2544 4475 2604 4526 οὐ
2631 4474 3010 4540 κατεδέξαντο,
3037 4476 3334 4544 κράζοντες
3355 4479 3449 4530 καὶ
3471 4477 3703 4548 θόρυϐον
3737 4478 3984 4549 ἐγείρον·

2372 4575 2464 4622 τες
2497 4559 2639 4612 κατά
2664 4559 2948 4627 Θεοφίλου,
2985 4560 3332 4624 ἀσιωπίστως
3362 4561 3670 4628 φωνοῦντες
3721 4561 3840 4614 κατ’
3871 4563 3980 4614 αύ-

2373 4643 2488 4696 τοῢ.
2535 4644 2590 4697 '0
2621 4643 2677 4696 δέ
2707 4643 2893 4714 ἄρχων
2927 4647 2983 4698 ἐν
3033 4645 3246 4718 ἀγωνίᾳ
3277 4645 3488 4718 μεγάλῃ
3519 4645 3616 4710 ὣν,
3649 4646 3980 4720 ἐδοκίμαζεν

2375 4728 2596 4792 ὲξεάσαι
2639 4730 2718 4791 είς
2765 4731 2958 4798 χεῖρας
3005 4729 3184 4784 αὐτῶν
3211 4729 3302 4782 τὸν
3331 4729 3625 4798 Θεόφιλον·
3678 4732 3888 4805 ἐκρύϐη
3917 4733 3978 4788 δὲ

2375 4812 2634 4881 Θεόφιλος
2676 4813 2733 4864 ἐν
2788 4815 2856 4882 τῇ
2912 4811 3270 4884 κολυμϐήθρᾳ
3299 4815 3530 4887 ἐπόψην.
3575 4817 3634 4870 '0
3676 4817 3732 4870 δέ
3787 4819 3982 4888 ἄρχων

2375 4897 2604 4960 ἐνδύσας
2637 4896 2763 4960 τοὺς
2814 4898 3082 4966 μοναχοὺς
3135 4897 3350 4968 ἱμάτια,
3410 4899 3740 4959 ἐπεϐίϐασεν
3771 4902 3978 4968 αὐτοὺς

2373 4983 2452 5054 τῷ
2471 4982 2732 5052 ὀχήματι,
2777 4981 2871 5034 καὶ
2901 4980 3066 5045 αὐτὸς
3103 4982 3349 5046 πεζεύων
3382 4984 3625 5054 προῆγεν
3655 4987 3854 5050 αὐτοὺς
3893 4990 3983 5051 εἰς

2373 5068 2435 5120 τὸ
2459 5064 2817 5137 πραιτώριον.
2871 5067 3051 5119 Κάκεῖ
3077 5065 3241 5118 πάλιν
3265 5067 3314 5117 οί
3335 5067 3497 5137 δῆμοι
3522 5069 3592 5122 τά
3625 5071 3814 5141 ἱμάτια
3842 5071 3982 5123 ἐαυ-

2373 5152 2482 5206 τῶν
2519 5153 2599 5213 εἰς
2629 5151 2722 5203 τὸν
2763 5151 2991 5222 οὐρανὸν
3031 5149 3312 5220 ἔρριπτον,
3347 5149 3743 5224 ἐξομνυομένὸυ
3783 5153 3982 5218 αὐτοῖς

2374 5236 2468 5291 τοῦ
2497 5235 2756 5307 ἄρχοντος
2781 5235 2920 5289 κατά
2944 5235 3052 5288 τῶν
3081 5225 3367 5306 βασιλέων,
3390 5238 3472 5289 δτι
3501 5237 3614 5290 υὺκ
3638 5237 3850 5305 ἐξεῖπεν
3881 5255 3982 5307 μοι

2375 5321 2474 5392 τὴν
2497 5321 2675 5392 κακὴν
2708 5321 2872 5373 αὑτοῦ
2897 5319 3115 5394 βουλὴν,
3133 5322 3270 5375 ἀλλά
3291 5321 3563 5393 προφάσει
3579 5320 3738 5384 τινῶν
3755 5319 3984 5392 λῃστῶν

2377 5407 2445 5458 τά
2483 5405 2821 5475 μοναστήρια
2874 5406 3324 5477 ἐπηρεαζόντων,
3371 5401 3570 5459 ’ἐλαϐεν
3617 5409 3734 5475 μεθ’
3771 5403 3980 5457 ἑαυτοῦ

2377 5491 2504 5552 τοὺς
2543 5490 2884 5561 στρατιώτας
2909 5495 2988 5556 εἰς
3015 5493 3352 5564 συμμαχίαν.
3381 5485 3450 5545 EE
3475 5491 3532 5544 δὲ
3557 5487 3647 5544 τὸν
3670 5477 3982 5562 πρεσϐύτε-

2383 5591 2474 5644 ρον
2518 5575 2786 5650 Ἰσίδωρον
2817 5577 2996 5632 θέλετε
3035 5579 3268 5650 ποιμένα
3291 5580 3411 5632 ἀντὶ
3445 5575 3727 5646 Θεοφίλου,
3756 5574 3983 5644 ποιήσω
