4234 6310
163 404 239 449 LXI
976 387 1060 437 DE
1102 386 1258 437 VI'IA
1298 381 1383 436 ET
1424 383 1701 435 Ελδιιιυ
1748 383 1754 429 ε

1859 380 2131 436 IUANNIS
2170 382 2517 434 (lHIleUS'I
2537 383 2675 434 01111.

222 508 274 563 Β.
313 506 498 575 Atque
539 504 646 557 hac
678 501 936 556 violentia
979 508 1209 569 patrata,
1241 498 1604 565 scjunxerunt
1643 510 1700 549 se
1733 510 1761 547 a

162 593 465 665 Theophilo
489 590 713 661 Egypti
748 588 989 659 episcopi
1015 596 1246 656 septem,
1280 584 1519 639 Joannes
1546 582 1763 637 Ternu-

164 685 333 747 theos,
386 679 646 734 Zosimus
708 675 992 741 Sethroiti,
1044 672 1353 728 Alexander
1428 670 1758 741 Oxyrynchi,

161 772 482 826 Charemon
550 765 775 830 Pelusii,
843 763 1072 818 Nonnus
1136 760 1451 826 Athribeos,
1509 760 1762 813 Dulcetes

160 857 435 922 Paraleos,
484 852 749 923 Serapion
793 850 987 917 Panis;
1023 848 1207 922 Libya
1242 856 1425 902 autem
1473 856 1603 911 tres,
1650 845 1761 900 Lu-

160 946 347 1002 cianus
390 942 706 1007 Paratonii,
759 940 1134 996 Clenientinus
1180 938 1535 1003 Marmaricae,
1574 935 1762 990 Menas

159 1035 370 1091 Dama.
434 1033 573 1089 Item
618 1030 803 1087 clerici
852 1029 1193 1085 Alexandria
1247 1043 1479 1082 numero
1544 1025 1757 1097 viginti,

156 1123 367 1181 diaconi
427 1124 638 1177 scilicet
697 1138 760 1176 ac
808 1119 1132 1192 presbyteri.
1172 1119 1239 1175 Hi
1272 1135 1403 1190 ergo
1449 1118 1761 1189 congregati

156 1210 559 1282 depositionem
629 1210 920 1281 TheOphili
989 1209 1236 1264 criminis
1291 1224 1421 1280 ergo
1486 1208 1753 1270 fecerunt,

155 1314 386 1369 eamque
430 1299 697 1369 scriptam
751 1299 1073 1354 Innocentio
1119 1313 1273 1369 papa
1317 1298 1545 1352 Romam
1590 1297 1758 1351 mise—

157 1396 299 1454 runt,
320 1399 386 1444 ut
410 1390 665 1444 eamdem
695 1389 935 1461 generali
957 1390 1163 1459 judicio
1194 1389 1499 1462 perliceret.
1534 1388 1758 1443 Interim

156 1479 393 1533 Isidorus
444 1478 501 1532 in
546 1476 739 1534 Nitria
792 1489 978 1533 monte
1012 1478 1347 1548 quiescebat,
1390 1478 1480 1531 ubi
1523 1478 1590 1532 ab
1623 1478 1758 1532 ado-

154 1566 413 1623 lescentia
463 1584 564 1623 sua
614 1578 815 1624 aseeta
862 1584 1013 1623 more
1073 1569 1300 1634 vixerat,
1359 1569 1529 1623 Deum
1577 1569 1757 1623 omnia

153 1664 476 1710 cernentem
526 1672 709 1711 orans.
758 1657 1098 1727 Theophilus
1141 1666 1322 1711 autem
1361 1657 1558 1711 factam
1590 1657 1689 1712 sibi
1727 1674 1757 1712 a

154 1744 261 1798 suis
308 1744 722 1815 depositionem
765 1760 1119 1817 cognoscens,
1169 1746 1300 1815 quid
1343 1745 1443 1801 sibi
1486 1746 1755 1817 agendum

153 1831 290 1887 foret
315 1833 658 1904 ambigebat.

220 1925 270 1979 7.
302 1924 380 1979 At
406 1942 550 1997 papa
576 1925 955 1993 Innocentius,
974 1935 1197 1997 accepta
1216 1925 1505 1996 Theophili
1534 1927 1754 1997 deposi-

156 2012 316 2077 tione,
351 2021 666 2069 commotus
699 2014 1014 2082 huiusmodi
1045 2015 1336 2085 epistolam
1368 2015 1593 2069 scribit:
1622 2035 1639 2067 (
1665 2015 1756 2069 ln-

155 2101 443 2155 nocentius
481 2117 696 2173 magna
740 2101 930 2157 Roma
974 2103 1194 2172 prasul,
1224 2104 1377 2157 fratri
1424 2102 1752 2173 Theophilo.

152 2188 339 2245 Audivi
368 2189 623 2260 quadam
653 2198 761 2245 ate
788 2190 1006 2261 indigne
1036 2190 1199 2255 facta,
1225 2201 1387 2261 teque
1416 2192 1635 2255 damno,
1666 2201 1757 2247 ut-

156 2287 273 2346 pote
296 2279 395 2349 qui
428 2279 713 2350 tyrannice
738 2286 794 2334 et
814 2294 925 2341 non
956 2279 1196 2351 legitime
1226 2287 1279 2334 te
1308 2280 1561 2351 gesseris.
1588 2280 1758 2351 Igitur

154 2368 415 2420 canonice
435 2366 593 2435 juxta
613 2366 1015 2421 ecclesiasticas
1046 2368 1259 2438 regulas
1287 2367 1372 2421 fac
1398 2384 1558 2439 agere
1583 2370 1714 2423 velis
1739 2387 1753 2435 ;

156 2462 204 2505 et
238 2468 360 2523 qua
395 2453 698 2508 crudeliter
723 2455 959 2525 gessisti,
993 2459 1223 2526 corrige.
1258 2457 1460 2510 Desine
1486 2457 1598 2525 jam
1637 2473 1755 2511 ma-

155 2541 344 2605 lorum,
380 2557 455 2595 ne
505 2557 594 2596 me
647 2542 917 2613 synodum
962 2542 1345 2612 episcOporum
1394 2557 1754 2613 convocante,

151 2629 353 2699 judicio
388 2636 649 2699 tanquam
681 2646 811 2685 reus
826 2631 1155 2699 percellaris.
1189 2651 1205 2682 ι
1237 2632 1331 2686 Ille
1357 2648 1487 2687 vero
1516 2635 1755 2689 vicissim

157 2717 223 2771 ita
251 2717 637 2772 reseribebat:
684 2733 702 2769 ι
735 2716 1075 2788 Theophilus
1117 2720 1409 2788 episcopus
1454 2720 1619 2774 Marci
1667 2738 1755 2776 sc-

156 2807 271 2861 dem
301 2815 526 2872 tenens,
549 2806 879 2863 Innocentio
903 2823 1056 2878 papae
1079 2808 1287 2863 Itoma.
1307 2810 1421 2879 Ego
1434 2826 1542 2864 non
1566 2811 1757 2866 desino

157 2911 243 2950 eos
271 2896 369 2967 qui
400 2896 662 2952 Ecclesia
694 2899 975 2969 negotium
995 2898 1277 2953 facessunt
1308 2900 1686 2967 ulcisci.Quod
1710 2903 1753 2957 si

156 2994 476 3038 tumeorum
536 2985 888 3039 inimicorum
928 2984 1228 3040 calumnias
1264 2987 1485 3057 recipis,
1534 2989 1755 3045 nonnisi

160 3082 357 3129 temere
386 3073 456 3129 de
486 3074 707 3128 illorum
742 3074 981 3144 querelis
1010 3076 1254 3144 iudicare
1289 3078 1585 3132 videberis.
1622 3080 1755 3135 Mihi

156 3182 365 3236 quoque
395 3166 555 3221 adest
582 3167 913 3238 evangelica
942 3168 1091 3223 sedis
1120 3168 1402 3238 maiestas,
1441 3180 1496 3226 et
1532 3188 1631 3241 per
1660 3190 1756 3227 ur-

159 3260 247 3315 bes
274 3260 557 3314 innumeri
590 3259 871 3331 episcopi;
916 3261 1117 3331 quibus
1146 3264 1508 3335 congregatis,
1544 3265 1636 3320 tibi
1666 3282 1756 3321 re-

157 3352 359 3417 sistam,
393 3360 452 3406 et
512 3353 925 3421 usurpationem
970 3362 1118 3407 tuam
1169 3355 1566 3411 condemnabo.
1602 3356 1753 3425 Vale,

157 3453 207 3498 et
259 3444 594 3498 sententiam
649 3443 900 3498 immuta.
927 3444 987 3498 Si
1012 3446 1224 3510 minus,
1256 3448 1397 3513 vale,
1440 3448 1536 3504 sed
1572 3449 1755 3505 infeli—

157 3549 266 3588 cem
295 3535 506 3588 exitum
528 3543 865 3604 exspectato.
900 3555 918 3587 ι

219 3626 273 3680 8.
305 3626 403 3681 His
433 3628 678 3698 acceptis
708 3629 904 3685 litteris
953 3645 1093 3701 papa
1126 3631 1503 3698 Innocentius,
1552 3648 1756 3689 convo-

158 3721 288 3774 catis
317 3720 579 3776 omnibus
611 3722 779 3776 Italia
808 3723 1101 3793 episcopis,
1134 3724 1425 3794 Theophili
1454 3726 1756 3796 depositio-

159 3829 276 3868 nem
304 3814 458 3878 fecit,
488 3830 654 3884 quam
678 3815 885 3870 dudum
912 3815 1151 3888 IEgyptii
1178 3818 1420 3888 episcopi
1452 3820 1718 3875 miserant
1738 3838 1761 3885 ;.

158 3905 350 3977 singuli
379 3906 639 3962 videlicet
666 3906 784 3961 Itali
816 3910 1037 3979 proprio
1070 3909 1333 3981 suffragio
1380 3911 1532 3965 illum
1583 3912 1756 3981 depo-

157 4007 377 4054 suerunt
412 4017 427 4053 :
461 4014 626 4069 quam
649 4002 977 4055 sententiam
1004 4002 1360 4060 Innocentius
1388 4006 1457 4060 ad
1486 4005 1755 4060 Joannem

156 4088 707 4162 Constantinopoleos
729 4094 1205 4165 archiepiscopum
1247 4096 1414 4151 misit.
1470 4096 1520 4151 Is
1568 4106 1753 4152 autem

159 4184 589 4255 propinquarum
612 4186 712 4241 sibi
744 4188 1028 4259 regionum
1059 4190 1348 4260 episcopos
1392 4206 1750 4263 congregans,

156 4273 447 4345 Theophili
479 4276 891 4333 damnationem
933 4280 1194 4347 ostendit,
1245 4282 1341 4351 qui
1386 4297 1580 4337 omnes
1626 4283 1756 4338 huic

159 4368 636 4439 subscripserunt;
666 4384 840 4440 eaque
872 4372 1132 4443 deinceps
1156 4374 1356 4429 tradita
1384 4374 1619 4430 Arcadio
1648 4375 1755 4429 im-

159 4460 388 4523 peratori
422 4458 547 4512 fuit.
575 4458 701 4514 Erat
720 4468 901 4516 autem
926 4462 1286 4532 depositionis
1310 4464 1589 4534 exemplar
1614 4466 1751 4522 hoc:

166 4567 181 4595 ι
215 4547 526 4604 Convocata
561 4564 627 4605 ex
668 4552 925 4607 universa
955 4553 1109 4608 Italia
1141 4570 1238 4625 per
1270 4553 1363 4611 Dei
1413 4558 1667 4629 gratiam,
1701 4569 1756 4613 et

159 4654 481 4714 congregata
500 4646 759 4715 synodus,
788 4663 912 4701 cum
954 4664 1151 4720 magno
1191 4651 1444 4707 maxima
1478 4653 1627 4707 Petri
1671 4670 1757 4708 ca-

161 4735 360 4789 thedra
386 4737 644 4806 prasule,
680 4737 915 4795 Arcadio
968 4741 1309 4812 imperatori,
1340 4752 1395 4798 et
1434 4744 1630 4799 Joanni
1662 4763 1754 4801 ar-

158 4824 525 4897 ;hiepiseopo,
563 4835 618 4880 et
643 4826 999 4900 suﬂraganeis
1031 4834 1149 4902 ejus
1176 4836 1467 4889 universis.
1511 4836 1751 4907 quuum

156 4931 260 4970 non
310 4925 414 4984 est,
473 4928 536 4974 ut
584 4921 687 4975 sub
720 4922 975 4993 religioso
1020 4941 1187 4996 regno
1217 4935 1310 4982 tuo
1334 4929 1547 4983 Pharao
1584 4929 1750 5001 Moysi

160 5010 466 5076 praevaleat,
524 5026 705 5083 neque
760 5021 821 5068 ut
860 5031 993 5086 gens
1046 5012 1168 5072 Dei'
1199 5019 1371 5075 electa
1406 5022 1751 5077 conﬁciendo

158 5100 321 5157 latere
348 5112 403 5156 et
431 5119 688 5159 saxorum
719 5107 978 5162 oneribus
1017 5116 1286 5164 atteratur
1311 5113 1502 5182 (Exod.
1542 5131 1579 5177 ι,
1629 5116 1748 5184 Il);

157 5206 253 5246 nec
281 5194 523 5263 denique
543 5196 753 5267 magica
784 5196 1165 5269 fransjubenti
1212 5203 1382 5274 digito
1413 5205 1509 5259 Dei
1556 5207 1750 5260 decer-

159 5294 251 5342 tet.
281 5278 737 5361 Quandoquidem
772 5293 955 5364 itaque
985 5296 1102 5353 hac
1128 5300 1313 5353 omnia
1341 5299 1650 5371 Theophilo
1673 5302 1751 5355 in-

156 5390 374 5445 θυμω.
395 5384 693 5439 innocuum
708 5387 1028 5457 iustumque
1060 5392 1383 5465 sanguinem
1407 5392 1566 5457 fudit,
1586 5402 1749 5465 atque

157 5474 514 5545 evangelicum
540 5478 861 5534 cathedram
889 5480 1055 5552 impie
1082 5490 1135 5537 et
1166 5491 1365 5554 praeter
1391 5501 1631 5542 canones
1662 5489 1749 5542 de-

160 5567 489 5633 hanestavit;
525 5586 629 5626 nos
680 5575 1019 5643 congregati,
1073 5585 1128 5629 et
1166 5575 1479 5643 judicantes
1509 5578 1576 5632 de
1613 5577 1748 5633 faci-

157 5655 379 5712 noribus
414 5661 561 5731 ejus,
596 5678 725 5735 qua
757 5662 977 5734 Egypti
1033 5675 1087 5719 et
1146 5668 1327 5739 Libya
1381 5669 1646 5741 episcopi,
1694 5682 1748 5727 et

223 5818 437 5889 (5)0011.
481 5829 535 5883 τὸ
576 5828 942 5901 πρῶτα-[μα.

3360 388 3469 448 nul

1867 495 2250 552 Alexandrina
2281 496 2537 551 Ecclesia
2567 494 2750 551 clerici
2795 496 3144 568 deplorantes
3172 499 3471 560 denuntiaa

1866 596 2086 654 verunt,
2141 594 2415 657 quatenus
2470 586 2842 642 venerabilem
2890 589 3146 644 abbatem
3197 590 3469 649 Isidorum

1864 682 2267 753 presbyterum,
2293 678 2624 735 omnimodis
2650 680 2965 736 excruciare
2984 698 3093 737 non
3120 691 3205 737 est
3227 685 3467 749 veritus;

1866 773 2033 839 hunc,
2075 774 2305 844 iubente
2355 771 2505 827 Petri
2560 771 2836 843 coryphai
2890 773 3240 842 auctoritate,
3270 787 3469 833 ornatu

1864 865 2161 934 episcopali
2210 880 2277 921 ac
2306 863 2534 918 nomine
2585 860 2957 931 Theophilum
3008 878 3218 929 carere,
3275 879 3469 921 omnes

1865 956 2227 1012 decrevimus.
2268 956 2378 1012 Vos
2438 975 2567 1015 vero
2614 960 2896 1031 pracipite
2942 966 3003 1011 ut
3054 958 3159 1013 hoc
3183 958 3468 1014 decretum

1864 1047 2082 1117 publice
2130 1057 2506 1118 proponatur;
2554 1057 2610 1106 et
2662 1058 2725 1105 ut
2768 1050 2863 1120 qui
2894 1049 3039 1104 facta
3066 1049 3211 1104 illius
3250 1050 3468 1105 denun-

1865 1138 2021 1205 tiant,
2054 1140 2255 1195 libellis
2302 1140 2542 1210 ﬁrment,
2571 1152 2732 1215 prout
2772 1144 3271 1209 denuntiaverant;
3305 1153 3470 1215 atque

1864 1228 2099 1299 ipsemet
2122 1230 2189 1285 de
2213 1231 2544 1287 criminibus
2568 1234 2853 1288 convictus
2884 1249 2942 1288 se
2973 1248 3157 1289 coram
3189 1233 3381 1298 sistat;
3414 1241 3470 1287 ct

1862 1320 1955 1375 ille
2006 1321 2171 1376 etiam
2199 1322 2292 1391 qui
2321 1339 2418 1393 pro
2450 1339 2515 1379 eo
2554 1326 2897 1395 apocrisiarii
2930 1341 3159 1381 munere
3198 1325 3466 1396 fungitur,

1863 1415 2001 1470 urbe
2021 1415 2342 1485 expellatur.
2377 1416 2513 1471 Nam
2526 1418 2583 1473 'si
2612 1419 2719 1473 hoc
2753 1418 3025 1473 laudabile
3054 1418 3323 1489 judicium
3348 1416 3471 1473 sine

1864 1510 2262 1580 impedimento
2318 1500 2593 1577 decurret,
2648 1509 2897 1582 profecto
2948 1511 3237 1581 apparebit
3275 1518 3470 1566 contra

1862 1600 2103 1655 divinam
2129 1602 2536 1671 humanamque
2558 1602 2732 1673 legem
2758 1617 3013 1673 peccasse
3040 1601 3461 1671 Theophilum.»

1930 1696 1984 1750 9.
2009 1692 2250 1764 Accepta
2294 1692 2563 1750 Arcadius
2598 1694 2920 1750 authentica
2964 1710 3119 1765 papa
3158 1693 3465 1750 Innocentii

1863 1788 2139 1843 sententia
2164 1829 2178 1853 ,
2223 1788 2402 1860 primo
2435 1789 2666 1859 quidem.
2708 1788 3069 1861 apocrisiario
3123 1788 3469 1845 Alexandria

1859 1880 2183 1951 presbytero
2244 1880 2421 1936 accito
2480 1882 2762 1953 exemplar
2822 1880 3047 1936 tradidit
3109 1879 3469 1950 depositionis

1862 1970 2175 2042 Theophili,
2230 1972 2495 2043 illumque
2523 1973 2911 2029 Alexandriam
2937 1972 3145 2028 dimisit
3190 1972 3351 2041 plane
3380 1971 3470 2024 in-

1862 2062 2134 2121 honornm
2156 2108 2170 2131 ,
2224 2071 2285 2120 ut
2318 2066 2502 2120 omnia
2534 2065 2844 2136 Theophilo
2886 2064 3237 2137 signiﬁcaret.
3270 2063 3341 2117 At
3374 2063 3471 2118 hic

1860 2155 2048 2210 dolore
2070 2157 2323 2223 allectus,
2353 2172 2457 2212 nec
2486 2158 3079 2229 quidquamadversus
3123 2156 3251 2211 talia
3277 2163 3467 2211 contra

1860 2259 1919 2299 se
1957 2260 2123 2301 ausos
2166 2262 2329 2318 agere
2371 2247 2593 2311 valens,
2626 2246 3047 2317 apocrisiarium
3081 2245 3139 2299 in
3188 2259 3469 2300 carcerem

1860 2337 2043 2400 trusit,
2079 2336 2269 2392 volens
2290 2337 2709 2408 magistratuum
2741 2338 2958 2392 tradere
2991 2336 3270 2392 tribunali.
3310 2336 3470 2404 Quod

1861 2428 2042 2483 facere
2070 2428 2298 2492 veritus,
2332 2429 2491 2499 petiit
2523 2429 2592 2483 ab
2627 2428 2972 2483 Alexandria
2997 2428 3230 2499 praside
3266 2430 3471 2485 milita-

1858 2536 1975 2575 rem
2005 2537 2249 2587 manum,
2282 2536 2392 2590 qua
2422 2526 2671 2575 uteretur
2701 2520 2967 2576 adversus
2990 2519 3282 2575 seditiosos
3314 2537 3473 2591 quos-

1861 2610 1983 2665 dam
2015 2612 2107 2681 qui
2140 2611 2360 2682 Aﬂgypti
2387 2612 2721 2666 monasteria
2755 2611 3081 2677 vastabant;
3124 2611 3472 2684 quingentis-

1860 2718 1967 2771 que
1995 2704 2222 2757 armatis
2254 2703 2526 2773 acceptis,
2558 2710 2727 2757 noctu
2766 2702 2821 2756 in
2852 2709 3098 2757 montem
3130 2717 3189 2758 se
3214 2705 3467 2769 contulit,

1861 2793 2206 2864 graviterque
2228 2793 2440 2847 baculis
2474 2792 2715 2863 pulsavit
2743 2795 3044 2849 monachos
3073 2794 3164 2865 qui
3204 2792 3471 2850 abbatem

1859 2886 2132 2942 Isidorum
2159 2897 2488 2957 receperant
2518 2896 2749 2957 septem,
2782 2887 3091 2956 Hieracem,
3124 2890 3468 2958 Dioscorum,

1860 2977 2233 3044 Ammonium,
2261 2978 2526 3039 Isaacum,
2556 2978 2894 3046 Inisthoron,
2918 2980 3198 3048 Tithoem,
3222 2991 3276 3036 et
3300 2983 3466 3037 alium

1859 3068 2105 3124 Isaacum
2132 3087 2147 3135 ;
2202 3086 2437 3139 cumque
2486 3071 2660 3125 multo
2693 3071 2882 3127 labore
2912 3073 3167 3127 abbatem
3196 3074 3466 3128 Isidorum

1861 3159 2293 3228 conquisissent,
2324 3176 2437 3214 non
2468 3160 2805 3215 invenerunt
2841 3179 2852 3213 :
2880 3162 3031 3217 hunc
3055 3163 3256 3233 quippe
3283 3179 3468 3218 mona-

1858 3249 1950 3303 chi
1976 3250 2032 3303 in
2061 3260 2288 3319 puteum
2318 3250 2523 3307 siccum
2554 3252 2926 3322 coniecerant.
2967 3252 3125 3308 Tunc
3167 3257 3469 3310 sarmentis

1858 3341 2095 3409 sumptis
2120 3339 2463 3410 Theophilus
2493 3341 2658 3395 cellas
2680 3341 2898 3395 illorum
2930 3356 3056 3396 cum
3096 3345 3249 3397 omni
3292 3345 3469 3413 supel-

1858 3432 2036 3487 lectile
2068 3434 2460 3489 concremavit.
2495 3435 2675 3504 Atque
2702 3434 2776 3488 ita
2806 3441 3098 3505 postquam
3135 3434 3326 3491 insana
3348 3438 3469 3507 ejus

1860 3523 1940 3577 ira
1966 3514 2238 3590 detonuit,
2269 3524 2658 3580 Alexandriam
2688 3527 3005 3581 revertitur.

1934 3615 2019 3669 l0.
2073 3614 2145 3670 At
2187 3616 2435 3686 pradicti
2488 3618 2745 3672 monachi
2782 3620 2989 3675 amisso
3035 3622 3315 3693 patientia
3355 3636 3470 3675 sua

1858 3723 2031 3773 more,
2068 3708 2456 3763 Alexandriam
2495 3717 2771 3765 venerunt
2819 3711 3004 3767 linteis
3051 3714 3351 3784 pracincti,
3385 3714 3470 3767 Iu-

1858 3810 2158 3873 gentesque
2198 3809 2367 3856 totam
2394 3803 2629 3872 plateam
2660 3804 3044 3861 circumibant.
3082 3807 3293 3873 Quibus
3318 3808 3468 3862 cives

1858 3897 2169 3966 conspectis
2192 3937 2205 3961 ,
2242 3896 2371 3965 quia
2401 3895 2625 3965 quinam
2655 3903 2842 3950 essent
2893 3898 3146 3952 homines
3172 3907 3462 3963 noverant,

1858 4002 2194 4057 magnopere
2251 4002 2440 4042 eorum
2476 4003 2643 4042 causa
2681 3990 3014 4045 doluerunt:
3075 3992 3465 4061 concurritque

1860 4080 2150 4135 universus
2173 4095 2298 4135 cum
2330 4070 2453 4151 igne
2483 4082 2741 4151 populus,
2772 4091 2827 4136 ct
2852 4081 3143 4153 Theophili
3177 4082 3467 4139 habitacu-

1859 4171 1973 4225 lum
2008 4187 2251 4226 cremare
2284 4178 2589 4242 coeperunt.
2628 4173 2771 4243 Ergo
2802 4173 2887 4228 his
2921 4182 3117 4229 cuncta
3163 4174 3217 4227 in
3248 4176 3464 4244 episco-

1863 4266 1955 4335 pio
1978 4266 2462 4337 depopulantibus,
2492 4273 2547 4321 et
2569 4268 2680 4336 jam
2702 4268 2769 4322 ad
2791 4267 3001 4322 cimelia
3023 4283 3246 4323 manum
3278 4268 3464 4324 inten-

1859 4357 2134 4421 dentibus,
2167 4357 2423 4412 Nicolaus
2453 4366 2654 4429 prator
2684 4359 2931 4429 periculo
2960 4360 3187 4415 territus
3211 4404 3226 4426 ,
3264 4361 3332 4415 ad
3366 4374 3464 4428 eos

1858 4450 2118 4513 accurrit,
2149 4442 2153 4447 ’
2182 4456 2245 4503 ut
2286 4449 2464 4505 turbis
2517 4466 2635 4505 rem
2696 4458 2983 4506 excusaret
3016 4468 3028 4504 :
3092 4451 3183 4506 cui‘
3215 4452 3321 4508 illa
3351 4468 3463 4508 non

1858 4543 2272 4613 acquieverunt,
2313 4542 2680 4598 vociferantes
2707 4552 2763 4597 et
2794 4543 3090 4598 tumultum
3122 4545 3466 4599 concitantes

1857 4634 2119 4688 adversus
2144 4633 2516 4703 Theophilum
2543 4676 2556 4699 ,
2586 4634 2747 4704 eique
2789 4634 2908 4689 sine
2941 4636 3349 4693 intermissione
3376 4638 3464 4693 in-

1858 4725 2180 4779 clamantes.
2223 4723 2379 4778 Tunc
2422 4732 2623 4793 prator
2681 4739 3013 4795 magnopere
3055 4732 3459 4791 consternatus,

1857 4817 2134 4888 cogitabat
2156 4816 2523 4886 Theophilum
2576 4816 2829 4871 manibus
2874 4816 3090 4871 illorum
3116 4816 3461 4886 permittere.

1856 4910 2060 4966 Verum
2092 4912 2184 4965 hic
2214 4910 2458 4965 abditum
2489 4925 2548 4964 se
2579 4910 2849 4965 continuit
2869 4911 2922 4964 in
2955 4910 3161 4980 piscina
3191 4926 3364 4982 usque
3394 4912 3463 4966 ad

1858 5018 2166 5073 vesperam.
2203 5002 2371 5057 Porro
2403 5011 2605 5071 prator
2637 5002 2858 5056 indutos
2905 5002 3248 5056 vestimentis
3278 5017 3464 5056 mona-

1858 5098 1992 5151 chos
2022 5139 2034 5161 ,
2066 5096 2362 5166 eurruique
2392 5096 2702 5165 impositos,
2734 5095 3009 5165 pedestris
3040 5095 3159 5165 ipse
3183 5094 3337 5149 duxit
3366 5089 3461 5150 eos

1858 5190 1912 5243 in
1944 5190 2283 5261 praetorium.
2313 5188 2389 5242 Ibi
2423 5204 2613 5242 rursus
2635 5188 2809 5242 turba
2829 5195 3010 5242 vestes
3040 5188 3238 5243 suasin
3258 5188 3458 5243 calum

1850 5281 2149 5350 jactahant,
2190 5280 2409 5348 jurante
2441 5293 2540 5348 per
2586 5278 2945 5348 imperatores
3001 5288 3255 5347 praetore,
3311 5280 3457 5348 quod

1856 5372 2201 5441 Theophilus
2228 5370 2518 5425 consilium
2555 5384 2714 5424 suum
2739 5369 2963 5423 minime
2994 5370 3095 5423 sibi
3126 5370 3450 5439 aperuisset,

1852 5465 1948 5518 sed
1974 5463 2205 5518 obtentu
2243 5463 2606 5534 quorumdam
2660 5462 2934 5515 latronum
2974 5462 3306 5515 monasteria
3354 5476 3453 5514 va-

1855 5556 2134 5621 stantiUm,
2191 5572 2377 5611 secum
2434 5555 2826 5625 assumpsisset
2874 5554 3111 5609 militare
3164 5553 3448 5607 auxilium.

1853 5648 2009 5715 Quod
2043 5649 2085 5703 si
2114 5649 2490 5720 presbyterum
2511 5647 2778 5703 IsidOrum
2803 5646 2966 5703 vultis
2999 5654 3269 5717 pastorem
3314 5645 3447 5701 loco
