4234 6310
270 363 382 407 ειν

272 465 599 536 Theophili,
651 465 923 519 voluntati
959 474 1153 520 vestra:
1186 465 1411 534 parebo,
1472 473 1529 517 ct
1580 461 1887 531 Theophilo

272 560 472 629 ejecta,
517 558 788 613 [siderum
833 558 1001 623 vobis
1039 557 1352 628 praeﬁciam.
1403 554 1711 625 Statimque
1741 554 1887 608 idem

271 649 534 705 Nicolaus
591 656 794 720 praator
850 650 1102 705 tribunos
1132 649 1443 718 militesque
1500 646 1688 710 mittit,
1745 655 1805 700 ut
1833 645 1888 698 in

272 742 432 812 equis
462 740 736 795 lsidorum
763 740 1020 794 abbatem
1046 740 1402 794 adducerent.
1435 738 1507 790 At
1541 752 1671 792 vero
1703 736 1890 791 Theo-

272 832 460 904 philus
491 839 712 900 sumpto
734 831 971 886 mendici
996 830 1206 894 habitu,
1241 829 1296 883 in
1333 828 1681 884 sacerdotum
1708 828 1887 897 regio-

273 939 405 978 nem
431 923 691 988 mittitur,
716 924 848 978 dum
886 922 1142 977 Nicolaus
1165 929 1367 991 pnetor
1399 919 1671 974 concitata
1700 919 1886 973 omnia

273 1018 472 1073 sedare
521 1018 708 1072 studet
743 1036 756 1070 :
796 1018 1022 1088 largitus
1077 1015 1291 1070 caeteris
1319 1012 1644 1086 vagantibus
1691 1026 1887 1066 mona-

275 1113 405 1170 chis.
432 1113 599 1176 dona,
633 1121 697 1166 ut
743 1112 966 1167 domum
1017 1115 1362 1165 revertentes
1387 1107 1612 1179 paciﬁca
1637 1107 1886 1178 apprime

274 1205 622 1268 nuntiarent,
660 1205 788 1259 dato
807 1204 975 1258 etiam
1003 1202 1315 1258 defensore.

349 1296 439 1349 11.
482 1294 654 1365 igitur
679 1293 901 1364 cognita
933 1292 1172 1348 Isidorus
1195 1292 1364 1347 abbas
1413 1305 1578 1346 causa
1623 1289 1694 1344 ob
1720 1303 1886 1359 quam

273 1386 668 1456 quaerebatur,
703 1384 850 1438 linea
890 1393 1039 1438 veste
1085 1383 1334 1448 indutus,
1394 1399 1425 1437 a
1475 1382 1711 1451 quodam
1757 1381 1885 1450 pagi

274 1477 515 1546 praeside
542 1475 924 1539 commodata,
982 1475 1196 1544 sibique
1229 1475 1444 1530 cucullo
1472 1473 1883 1542 circumposito,

272 1568 430 1621 venit
471 1567 531 1620 in
557 1566 856 1621 Mareotem
895 1565 1252 1631 citharizans,
1289 1580 1426 1619 cane
1449 1565 1616 1619 etiam
1661 1580 1721 1618 se
1752 1565 1884 1618 sub-

273 1666 566 1727 sequente.
607 1655 843 1722 Quidam
874 1673 1003 1712 vero
1030 1657 1290 1712 tribunus
1323 1655 1548 1710 nomine
1578 1655 1885 1710 Canthare-

273 1751 379 1804 dus
409 1750 626 1805 obviam
657 1750 705 1804 ei
741 1749 937 1812 factus,
963 1749 1099 1804 dixit
1131 1766 1143 1800 :
1179 1769 1198 1800 ι
1230 1748 1370 1802 Vere
1397 1757 1453 1801 tu
1480 1762 1711 1816 magnus
1749 1746 1834 1799 vir
1869 1766 1880 1800 :

273 1848 528 1909 potesne,
582 1848 910 1910 accepturus
962 1838 1256 1908 pecuniam
1292 1836 1574 1905 multaque
1628 1849 1878 1898 munera,

272 1933 658 1987 demonstrare
690 1931 848 1984 nobis
877 1930 1129 1984 abbatem
1171 1928 1441 1983 [siderum
1464 1929 1487 1978 1'
1515 1950 1533 1976 ι
1570 1923 1638 1979 At
1669 1925 1756 1979 ille
1789 1940 1884 1979 co-

274 2041 392 2079 ram
419 2026 512 2078 illo
541 2040 599 2078 se
623 2023 824 2078 sistens
852 2038 977 2077 cum
1006 2022 1206 2086 catulo,
1241 2019 1411 2089 erepit
1440 2018 1507 2072 ad
1540 2017 1764 2072 citharae
1793 2032 1884 2070 so-

273 2117 452 2171 nitum
484 2117 687 2170 saltare
720 2131 732 2165 :
766 2129 929 2182 quem
960 2129 1084 2166 mox
1119 2112 1431 2181 despiciens
1462 2109 1744 2171 tribunus,
1783 2121 1885 2161 nec

269 2209 384 2276 jam
421 2207 532 2261 ullo
583 2205 751 2259 verbo
782 2205 1059 2276 dignatus,
1095 2203 1344 2258 recessit.
1377 2201 1467 2255 Sic
1529 2200 1626 2264 illi,
1658 2214 1716 2253 re
1744 2198 1884 2252 infe-

272 2306 382 2362 eta,
415 2298 486 2351 ab
518 2297 728 2351 lsidoro
758 2295 964 2350 reversi
988 2296 1136 2349 su'nt.
1175 2293 1330 2349 Tunc
1361 2292 1701 2361 Theophilus
1722 2289 1882 2344 donis

274 2391 511 2460 placato'
542 2399 798 2458 praetore,
857 2387 1078 2455 reliquis
1117 2385 1282 2439 etiam
1328 2384 1574 2454 partibus
1606 2382 1882 2452 congiario

275 2481 424 2542 dato,
459 2478 748 2547 magniﬁce
779 2477 835 2531 in
867 2478 1062 2530 urbem
1092 2476 1376 2540 remeavit,
1432 2485 1747 2545 quanquam
1779 2473 1880 2543 ipsi

277 2572 344 2624 ab
369 2587 438 2625 eo
471 2569 746 2623 munerati
776 2569 1213 2622 detestabantur.

349 2665 438 2718 12.
473 2662 701 2716 Interim
766 2660 1021 2715 monachi
1078 2659 1152 2712 illi
1211 2675 1242 2713 a
1288 2658 1596 2727 Theophilo
1657 2655 1876 2726 pulsati,

281 2755 450 2809 multa
475 2770 509 2807 a
537 2753 725 2808 multis
753 2753 852 2806 via:
875 2751 1117 2806 subsidia
1142 2749 1310 2815 nacti,
1337 2749 1569 2818 profecti
1592 2758 1723 2803 sunt
1750 2748 1880 2801 llie-

280 2847 546 2916 rosolyma
578 2845 648 2897 ad
681 2844 964 2898 Silvanum
995 2843 1070 2896 ibi
1104 2841 1448 2912 episcopum,
1482 2840 1551 2893 ad
1594 2841 1752 2907 cujus
1782 2853 1880 2907 pe-

276 2931 372 2985 des
397 2931 714 2984 accidentes
745 2943 860 2984 rem
881 2945 1001 2999 quae
1027 2930 1130 2984 sibi
1153 2937 1415 2984 evenerat
1437 2935 1743 2998 exponunt.
1775 2926 1878 2980 Mi-

278 3033 429 3078 ratus
458 3023 549 3076 ille
595 3023 766 3077 mittit
795 3024 896 3077 via:
917 3022 1175 3077 comitem
1205 3021 1527 3077 Iuvenalem
1559 3021 1874 3075 diaconum.

280 3115 345 3170 Et
369 3124 505 3169 tunc
533 3114 753 3168 demum
784 3115 854 3168 ad
885 3115 1094 3184 regium
1133 3112 1454 3167 comitatum
1476 3121 1748 3165 venerunt
1777 3112 1880 3165 ho-

281 3208 474 3269 mines,
518 3206 611 3276 qui
642 3220 786 3274 smpe
815 3220 938 3259 cum
964 3204 1307 3259 dmmonibus
1349 3204 1784 3269 decertaverant,
1826 3213 1880 3259 et

279 3294 597 3353 celluiarum
655 3311 881 3350 suarum
941 3296 1152 3350 foribus
1209 3310 1489 3364 nunquam
1535 3295 1877 3364 prodierant.

281 3391 464 3460 Itaque
496 3390 552 3444 hi
585 3389 840 3444 monachi
875 3389 1404 3457 Constantinopolim
1433 3387 1598 3441 delati
1625 3428 1639 3452 ,
1673 3396 1878 3442 etcum

278 3481 487 3537 Joanne
516 3482 815 3552 congressi,
848 3481 1004 3536 donis
1034 3481 1103 3535 ab
1127 3495 1192 3535 eo
1223 3489 1350 3534 sunt
1385 3479 1587 3533 affecti.
1627 3478 1879 3549 Hospitio

280 3586 458 3628 autem
491 3575 724 3642 recepit,
775 3584 830 3628 et
888 3573 1093 3627 aﬁatim
1147 3586 1454 3626 necessaria
1508 3569 1879 3639 suppeditavit

278 3664 550 3736 Olympias
590 3665 916 3730 diaconissa,
966 3675 1223 3735 tanquam
1277 3663 1486 3718 sanctis
1540 3661 1875 3725 hominibus,

278 3774 396 3828 qua:
450 3759 741 3812 facultates
787 3773 914 3810 suas
941 3772 1132 3811 omnes
1160 3756 1449 3826 egentibus
1489 3754 1874 3824 elargicbatur,

279 3863 332 3905 et
369 3852 606 3906 ascetico
663 3850 915 3904 instituto
979 3849 1275 3919 probisque
1324 3848 1568 3903 moribus
1620 3848 1878 3916 praeclare

279 3944 537 4014 fulgebat,
581 3952 809 4010 eratque
837 3941 1032 3996 Joanni
1086 3941 1380 3995 admodum
1434 3941 1600 3994 chara
1655 3948 1879 4009 prepter

278 4036 400 4091 vita:
433 4037 784 4091 sanctitatem
839 4041 895 4089 et
938 4034 1241 4090 secundum
1278 4033 1449 4089 Deum
1500 4033 1877 4087 conversatio-

277 4141 435 4188 nem;
467 4142 596 4180 nam
641 4132 829 4180 sancta
859 4123 1138 4179 communi
1190 4123 1598 4177 existimatione
1637 4123 1878 4177 habeba-

276 4230 384 4272 tur.
416 4218 702 4272 Iuvenalis
726 4226 910 4271 autem
934 4217 1148 4271 litteras
1179 4215 1496 4284 imperatori
1544 4215 1786 4278 tradidit,
1821 4225 1874 4270 et

275 4312 410 4366 alias
445 4311 670 4376 Joanni,
723 4311 814 4380 qui
859 4311 1064 4380 pariter
1101 4325 1132 4363 a
1163 4325 1221 4364 se
1251 4318 1506 4378 acceptas
1556 4309 1873 4379 imperatori

261 4401 528 4457 reddidit.
562 4401 810 4456 Territus
847 4418 977 4458 vero
1009 4404 1303 4473 imperator
1341 4405 1478 4458 nihil
1531 4405 1749 4473 quidem
1785 4421 1872 4458 re—

275 4495 468 4566 galiter
497 4494 680 4550 facere
705 4496 892 4559 voluit,
927 4506 1168 4551 attamen
1193 4497 1459 4567 synodum
1495 4497 1608 4550 ﬁeri
1643 4500 1873 4552 manda-

277 4589 350 4640 vit
375 4631 388 4650 ,
419 4586 760 4657 Romamque
792 4589 859 4641 ad
891 4589 1267 4643 Innocentium
1305 4605 1498 4660 papam
1529 4591 1736 4644 litteras
1765 4591 1866 4643 ini-

273 4682 360 4742 sit,
394 4696 630 4749 quarum
656 4682 773 4736 haec
793 4682 1129 4736 continentia
1157 4683 1258 4736 fuit
1282 4701 1292 4735 :

345 4775 431 4829 l5.
473 4793 490 4824 ι
521 4772 726 4838 Victor,
751 4775 1038 4845 gloriosus,
1060 4775 1208 4834 felix.
1228 4776 1496 4831 Arcadius
1509 4777 1656 4831 Patri
1678 4785 1867 4830 nostro

273 4865 524 4918 salutem.
576 4863 800 4918 Divinas
851 4864 1085 4934 syllabas
1137 4866 1204 4920 ad
1263 4871 1654 4936 paternitatem
1714 4874 1866 4922 tuam

274 4958 525 5012 misimus
561 4972 660 5028 per
683 4956 1044 5028 Mulpentium
1074 4959 1331 5014 devotum
1363 4959 1780 5031 magistrianum
1811 4966 1865 5013 et

272 5052 600 5119 adiutorem,
627 5050 929 5114 hortantes,
958 5061 1020 5104 ut
1040 5058 1228 5108 coacta
1255 5066 1408 5106 more
1437 5052 1601 5106 solito
1634 5053 1859 5124 synodo,

274 5141 338 5194 de
368 5138 488 5192 istis
525 5138 857 5192 calamitosis
902 5138 1287 5194 Alexandrinis
1312 5140 1579 5195 canenice
1623 5143 1860 5211 judices,

275 5242 332 5286 ut
353 5233 628 5302 depositio
651 5231 938 5301 TheOphili
973 5233 1042 5286 ab
1066 5233 1151 5288 his
1175 5235 1286 5302 jam
1315 5233 1475 5297 facta,
1499 5235 1568 5288 ab
1597 5232 1864 5290 Occiden-

275 5322 467 5376 talibus
526 5339 744 5392 quoque
801 5324 1075 5394 episcopis
1130 5327 1440 5395 generalius
1505 5329 1858 5383 decernatur.

270 5415 464 5469 Nostro
491 5430 709 5484 quoque
740 5415 891 5469 fratri
920 5422 974 5469 et
1029 5420 1380 5488 conregnanti
1429 5419 1691 5483 Honorio,
1750 5420 1861 5475 ﬁlio

271 5520 382 5570 tuo,
417 5507 631 5575 scripsi,
664 5517 724 5560 ut
756 5517 808 5561 te
839 5517 990 5579 roget
1017 5525 1124 5578 quo
1155 5511 1417 5565 libentius
1450 5513 1552 5566 hoc
1601 5513 1858 5581 nullaque

269 5599 586 5668 interposita
616 5616 769 5653 mora
801 5601 1074 5668 perﬁcias.
1108 5601 1276 5673 Igitur
1307 5619 1421 5667 eos,
1452 5605 1544 5673 qui
1594 5606 1855 5661 sanctita-

334 5784 402 5853 ψ)
430 5784 566 5839 Cod.
602 5788 883 5850 τυρπννξει.

503 5897 620 5955 ΡΑΊ
639 5917 756 5956 :UJZ.
823 5902 928 5959 {in
983 5901 1236 5958 XLV”.

1078 347 1166 402 DE
1206 346 1368 403 Vl'l'A
1407 343 1494 401 ET
1535 343 1812 400 EXSILIO
1851 342 1907 399 S.
1953 340 2243 400 JOA'NNIS
2281 341 2790 401 CHRYSOSTOML

3460 353 3588 397 LIVI

2002 471 2109 517 tem
2141 473 2289 517 tuam
2328 463 2764 534 appellaverunt,
2802 460 3020 532 Aigypti
3062 469 3118 515 et
3167 460 3349 532 Libyae
3379 463 3600 531 episco-

1998 571 2118 624 pos,
2155 565 2211 610 ct
2234 555 2594 612 Alexandrini
2623 555 2754 610 cleri
2793 554 3054 624 reliquos,
3110 552 3407 608 transmitti
3453 552 3597 623 jussi

1997 648 2066 702 ad
2096 649 2238 706 hanc
2277 651 2483 719 regiam
2519 650 2736 714 urbem,
2783 657 2846 704 ut
2894 649 3276 703 demonstrent
3325 663 3447 718 quae
3495 646 3601 718 ipsi

1997 749 2262 796 oretenus
2287 742 2446 796 aiunt
2472 741 2925 795 irrationabiliter
2952 747 3074 795 acta
3101 738 3271 794 fuisse
3301 757 3315 794 :
3345 754 3450 794 nec
3485 755 3596 794 non

1997 841 2054 888 et
2081 833 2255 904 ipsam
2283 833 2644 899 Theodotem,
2666 850 2790 905 qua:
2820 834 2988 888 totius
3018 833 3096 888 rei
3122 833 3387 905 originem
3420 834 3594 888 novit.

1993 923 2132 982 Nam
2165 927 2212 980 si
2241 926 2470 982 collecta
2510 925 2812 982 secundum
2847 926 3018 980 Deum
3046 926 3290 996 synodus
3325 937 3427 996 per
3451 926 3600 998 lega-

1997 1023 2081 1070 tos
2147 1023 2308 1081 tuos,
2365 1017 2608 1072 evidenti
2679 1015 3153 1071 demonstratione
3221 1017 3595 1086 compererit,

1997 1103 2366 1178 Theophilum
2396 1109 2502 1164 hoc
2526 1123 2714 1162 errore
2754 1121 2876 1163 esse
2911 1105 3249 1177 prolapsum,
3289 1106 3334 1162 is
3388 1107 3596 1162 nullam

1994 1199 2374 1256 defensionem
2401 1209 2497 1255 aut
2525 1199 2942 1257 excusationem
2971 1195 3283 1264 habiturus,
3315 1199 3383 1254 de
3415 1214 3598 1256 sacer-

1993 1297 2145 1352 dotio
2173 1315 2206 1353 a
2238 1299 2396 1355 vobis
2419 1299 2686 1368 dejectus,
2725 1314 2851 1354 cum
2898 1297 3079 1368 poenis
3126 1290 3267 1360 aliis,
3323 1294 3599 1367 reliquum

1995 1395 2122 1449 vita:
2147 1411 2260 1451 sute
2286 1406 2502 1466 tempus
2526 1398 2710 1467 exiget
2734 1437 2749 1462 ,
2780 1393 3137 1464 divinamque
3187 1393 3394 1464 pariter
3430 1392 3598 1449 ultio-

1995 1506 2124 1546 nem
2163 1502 2352 1562 postea
2381 1493 2717 1563 experietur,
2751 1500 3044 1562 pr0pterea
3079 1490 3225 1562 qttod
3274 1505 3362 1546 res
3392 1491 3598 1545 decen-

1997 1598 2079 1643 tes
2111 1590 2433 1645 indecentcr
2473 1589 2978 1644 connuaculaverit.
3025 1587 3346 1658 Dignaberis
3375 1586 3594 1657 itaque,

1993 1688 2284 1745 benedicte
2312 1690 2492 1754 Pater,
2529 1690 2595 1744 ad
2629 1690 2922 1760 episcopos
2974 1688 3031 1743 in
3080 1688 3314 1758 singulis
3366 1687 3598 1742 urbibus

1992 1787 2060 1841 de
2088 1801 2241 1841 more
2284 1786 2551 1856 degentes
2606 1787 2868 1851 scribere,
2903 1793 2964 1840 ut
3017 1785 3159 1840 istuc
3219 1784 3594 1847 conveniant,

1993 1905 2100 1942 una
2129 1905 2257 1943 eum
2292 1871 2432 1954 illis,
2474 1906 2613 1960 quos
2669 1898 2727 1944 tu
2784 1889 3139 1960 deputaveris
3191 1888 3386 1960 legatis
3441 1889 3596 1954 tuis;

1991 2004 2171 2060 neque
2204 1991 2354 2044 enim
2400 1990 2545 2047 hanc
2571 2005 2689 2045 rem
2736 1990 3205 2056 inconsideratam
3235 2000 3401 2061 atque
3433 1991 3594 2045 inex—

1991 2089 2262 2159 ploratam
2287 2106 2409 2145 esse
2437 2092 2732 2161 patiemur.
2772 2111 2790 2142 ι
2828 2090 3005 2146 Fratri
3043 2107 3261 2162 quoque
3283 2107 3386 2146 suo
3409 2092 3600 2147 ilonoo

1992 2191 2078 2245 rio
2133 2189 2322 2246 scribit
2353 2192 2622 2247 Arcadius
2671 2195 2791 2248 haec
2826 2209 2838 2247 :
2878 2214 2894 2245 ι
2927 2193 3385 2264 QuandoquidEm
3433 2195 3598 2250 nobis

1991 2292 2133 2346 circa
2161 2309 2248 2347 res
2271 2293 2512 2363 imperii,
2546 2302 2606 2347 ut
2631 2302 2785 2365 puto,
2812 2295 3117 2365 occupatis,
3152 2295 3290 2349 clam
3316 2294 3599 2365 Theophi-

1991 2395 2076 2448 lus
2106 2411 2245 2466 papa
2275 2396 2540 2450 honorem
2567 2395 2819 2451 deterere
2849 2405 3083 2451 conatus
3110 2405 3215 2460 cst,
3249 2405 3406 2452 curet
3437 2396 3598 2452 beni-

1989 2497 2111 2550 vola
2187 2505 2279 2550 tua
2357 2496 2673 2551 fraternitas
2740 2513 3000 2567 magnum
3055 2497 3455 2568 'lnnocentium
3507 2514 3597 2553 ro—

1989 2612 2147 2667 gare,
2183 2605 2245 2650 ut
2284 2606 2586 2652 convocata
2644 2599 2854 2668 synodo
2909 2597 3095 2652 ﬁdeles
3149 2613 3278 2652 suos
3336 2597 3596 2655 ofﬁciales

1989 2697 2337 2751 laudabiliter
2371 2698 2616 2767 deputet.
2658 2717 2675 2748 ι

2064 2801 2149 2854 M.
2183 2800 2386 2856 Scribit
2429 2800 2594 2856 etiam
2641 2801 3031 2857 Alexandriam
3082 2802 3307 2858 Nicolao
3357 2803 3483 2860 duci
3537 2819 3592 2860 et

1988 2902 2280 2972 augustali,
2314 2913 2607 2973 utramque
2639 2903 2962 2975 dignitatem
3000 2905 3250 2959 tenenti:
3319 2926 3338 2959 ε
3377 2906 3494 2961 Non
3543 2919 3597 2964 te

1987 3020 2217 3075 prorsus
2243 3006 2395 3071 latet,
2428 3006 2575 3076 quod
2606 3004 2955 3075 superiorum
2987 3006 3298 3060 antistitum
3349 3010 3597 3079 tyrannis

1987 3117 2152 3178 atque
2181 3107 2407 3162 audacia
2467 3109 2612 3162 vires
2643 3107 2859 3177 imperii
2915 3107 3110 3178 fregit,
3170 3116 3224 3162 et
3286 3110 3339 3162 in
3400 3126 3595 3164 omnes

1988 3219 2178 3280 gentes
2209 3219 2502 3282 pronagata
2537 3221 2639 3266 est.
2675 3211 3002 3280 Huiusmodi
3033 3211 3238 3282 aliquid
3269 3228 3417 3267 nunc
3455 3230 3593 3282 quo-

1988 3328 2095 3382 que
2146 3313 2397 3366 evenisse
2459 3312 2788 3376 cernimus;
2849 3327 3028 3382 neque
3086 3313 3236 3366 enim
3289 3313 3592 3372 tacebimus

1988 3431 2169 3494 coram
2202 3417 2338 3470 adeo
2370 3423 2651 3472 crescente
2678 3417 2822 3486 apud
2884 3426 2935 3470 te
2985 3418 3128 3472 malo
3185 3427 3242 3472 et
3298 3418 3593 3490 imperium

1987 3520 2409 3575 dehonestante.
2440 3519 2568 3575 Haec
2599 3520 2666 3576 ad
2705 3529 2758 3575 te
2802 3520 3116 3584 scribimus,
3155 3523 3282 3589 quia
3329 3523 3454 3578 istic
3486 3540 3591 3579 no-

1987 3630 2104 3677 stro
2133 3625 2357 3677 nomine
2388 3632 2717 3694 potestatem
2752 3623 3008 3692 viresque
3045 3634 3259 3688 tenens,
3297 3641 3400 3682 nos
3433 3629 3594 3682 mini-

1987 3740 2074 3778 me
2107 3726 2306 3779 imitari
2335 3726 2575 3788 videris;
2631 3725 2730 3780 sed
2786 3725 2945 3779 donis
3005 3725 3262 3788 inhians,
3330 3729 3590 3784 mandata

1988 3840 2107 3878 mea
2138 3825 2469 3896 asperneris,
2505 3835 2558 3879 et
2589 3835 2835 3880 nostram
2861 3840 3081 3880 omnem
3113 3827 3383 3882 illustrem
3418 3829 3592 3900 digni-

1990 3935 2156 3979 tatem
2186 3927 2339 3980 flocci
2382 3926 2534 3980 facis.
2587 3928 2958 3991 Quamobrem
3008 3927 3443 3998 indignationem
3483 3947 3587 3985 no-

1986 4038 2156 4084 stram
2201 4045 2310 4084 non
2343 4028 2591 4101 eﬁugies,
2626 4037 2816 4098 utpote
2852 4027 2943 4098 qui
2991 4028 3437 4085 sublimissimam
3484 4048 3586 4087 no-

1984 4141 2153 4189 stram
2186 4133 2617 4202 magnitudinem
2649 4131 2803 4200 pensi
2830 4146 2940 4185 non
2970 4131 3252 4189 habueris.
3293 4132 3491 4190 Statim
3521 4150 3588 4192 ac

1984 4236 2148 4307 igitur
2183 4250 2364 4291 sacras
2393 4251 2456 4288 ac
2509 4231 2852 4288 venerabiles
2883 4232 3094 4288 litteras
3151 4242 3390 4298 nostras.
3447 4251 3586 4306 quas

1982 4338 2212 4392 devotus
2241 4335 2441 4390 Bassus
2478 4333 2675 4400 tradet,
2707 4333 3009 4404 acceperis,
3039 4333 3189 4388 nulla
3223 4350 3376 4391 mora
3404 4335 3579 4392 inter-

1981 4441 2181 4512 posita,
2218 4439 2446 4495 omnino
2502 4447 2667 4508 prout
2725 4436 2823 4493 tibi
2855 4435 3153 4500 scribitur,
3211 4438 3418 4508 absque
3473 4440 3584 4494 ulla

1981 4535 2337 4607 indulgentia,
2373 4533 2737 4602 Theophilum
2767 4540 3028 4602 tanquam
3061 4548 3214 4586 reum
3251 4534 3359 4588 huc
3401 4543 3580 4589 trans-

1977 4635 2182 4700 mittes,
2217 4633 2427 4688 nullum
2457 4632 2560 4703 ipsi
2623 4631 2890 4686 honorem
2921 4639 3016 4684 aut
3071 4630 3363 4686 comitatus
3416 4631 3578 4686 obSe-

1977 4735 2165 4805 quium
2198 4734 2491 4789 adhibens.
2542 4728 2829 4800 Velimque
2883 4729 3044 4795 scias,
3101 4730 3246 4798 quod
3298 4729 3404 4784 nisi
3462 4730 3582 4787 hree

1975 4843 2240 4901 perquam
2267 4838 2521 4884 accurate
2551 4827 2835 4897 multoque
2865 4840 2989 4880 cum
3025 4834 3176 4880 metu
3220 4839 3469 4898 peragas,
3511 4827 3580 4882 du

1978 4928 2090 4998 ipsa
2124 4927 2234 4982 vita
2267 4937 2358 4982 tua
2387 4942 2453 4981 ac
2483 4923 2660 4983 salute
2677 4923 3102 4996 periclitaberis.
3141 4923 3278 4979 Tum
3310 4929 3366 4979 et
3393 4924 3577 4981 Theo-

1973 5026 2108 5097 phili
2153 5037 2500 5083 accusatores
2527 5063 2544 5088 ,
2591 5023 2710 5078 sive
2768 5020 3012 5092 episcopi
3060 5020 3172 5076 sint
3210 5021 3325 5077 sive
3368 5022 3576 5086 clerici,

1971 5141 2097 5181 cum
2133 5124 2434 5190 Theodote,
2471 5123 2539 5179 ad
2566 5137 2670 5180 nos
2697 5120 2896 5183 mitte;
2927 5133 3057 5174 nam
3085 5119 3240 5189 juxta
3272 5119 3369 5176 Dei
3402 5120 3576 5191 legem
3635 5159 3637 5161 -

1970 5231 2160 5279 coacta
2184 5222 2444 5293 synodus,
2479 5221 2566 5276 his
2594 5219 2854 5275 omnibus
2892 5217 3200 5274 ventilatis.
3258 5216 3482 5290 dignum
3516 5233 3576 5273 se

1969 5323 2084 5392 ipsa
2130 5319 2399 5391 judicium
2453 5321 2601 5390 juste
2667 5317 3067 5388 pronuntiabit.
3145 5335 3164 5366 ι
3219 5315 3384 5372 Missa
3445 5330 3574 5371 sunt

1969 5418 2134 5473 etiam
2158 5418 2212 5472 in
2248 5415 2560 5486 provincias
2585 5429 2781 5470 omnes
2809 5412 3229 5469 eommonitoria
3271 5413 3336 5468 ad
3390 5413 3568 5484 regio--

1968 5531 2100 5570 num
2131 5514 2437 5584 episcopos,
2475 5521 2535 5566 ut
2561 5512 2629 5566 ad
2674 5511 3038 5581 judicandum
3085 5512 3238 5582 juxta
3282 5520 3571 5567 accusatoo

1969 5632 2088 5670 rum
2119 5612 2586 5684 expostulationes
2610 5609 2992 5666 convenirent.
