4234 6310
656 366 800 410 ιχνιι

727 479 808 527 ιε’.
853 471 911 524 '0
948 471 1004 523 δέ
1056 473 1154 542 τῆς
1214 471 1544 541 Ἀντιοχείας
1590 471 1895 531 ἐπίσκοπος
1944 467 2144 535 νοήσας
2191 462 2252 513 16

658 551 1032 625 μελετώμενον
1085 554 1189 608 ὑπὸ
1236 555 1335 625 τῆς
1387 553 1685 617 Εὺδοξίας,
1730 553 1866 606 διότι
1919 551 2129 619 ἐνεῖχεν
2174 546 2253 619 τῷ

668 639 892 710 Ἰωάννη
938 638 1267 708 ἐλεγχομένη
1312 637 1443 708 παρ’
1490 637 1694 701 αὐτοῦ,
1745 634 1932 698 καθὼς
1984 631 2252 703 Ἡρωδιὰς

657 723 764 777 ὑπὸ
811 723 1056 776 Ἰωάννου
1103 722 1197 774 τοῦ
1233 722 1542 776 Βαπτιστοῦ
1577 722 1836 792 ἠλέγχετο
1868 721 1986 791 ἅμα
2035 718 2248 790 Ἡρώδῃ

654 807 733 878 τῷ
760 808 962 876 ταύτην
1000 809 1237 878 γήμαντι
1271 807 1408 878 μετὰ
1435 807 1723 860 συνουσίαν
1753 807 1848 860 τοῦ
1883 804 2118 875 ἀδελφοῦ
2150 806 2252 859 αύ-

656 890 782 952 τοῦ,
831 890 1014 954 καθὼς
1060 894 1118 944 ἐν
1172 891 1522 959 Εὑαγγελίοις
1572 891 1814 958 λέγεται.
1861 890 2090 959 Γέγονεν
2135 887 2248 958 γάρ

653 971 864 1026 τοιοῦτο
899 973 1098 1043 μεταξὺ
1143 972 1386 1026 Ἰωάννου
1441 975 1536 1026 καὶ
1565 974 1664 1044 τῆς
1709 973 1970 1040 Εύδοξίας
1994 990 2008 1005 ο
2037 970 2243 1042 Συνέϐη

654 1055 766 1127 γὰρ
799 1057 1050 1124 γενέσθαι
1079 1055 1175 1126 τὴν
1203 1056 1445 1126 βασιλίδα
1476 1059 1604 1129 περὶ
1634 1058 1726 1111 τὸν
1762 1057 2040 1127 βασιλικὸν
2066 1055 2249 1125 ἀμπε-

655 1139 821 1203 λῶνα,
859 1140 1118 1192 εἰσελθεῖν
1147 1140 1315 1211 αὐτὴν
1343 1142 1423 1202 είς
1457 1140 1755 1210 ἀμπελῶνα
1783 1139 2042 1209 γυναικὸς
2067 1140 2245 1209 χήρας

655 1220 1022 1292 πλησιάζοντα
1061 1220 1156 1275 τοῦ
1207 1223 1408 1291 ἐαυτῆς
1441 1222 1797 1292 ἀμπελῶνος,
1835 1221 1944 1274 είτε
1981 1219 2246 1282 ἑκουσίως

653 1307 764 1359 εἴτε
796 1307 1069 1368 ἀκουσίως
1094 1348 1107 1370 ,
1153 1306 1247 1358 καὶ
1286 1306 1447 1375 κόψαι
1481 1307 1778 1378 σταφυλήν.
1819 1305 2162 1378 Προεϐάλετο
2187 1303 2244 1357 δὲ

653 1389 816 1460 αὕτη
850 1408 867 1439 ι
897 1391 1032 1442 Ka1‘
1055 1390 1279 1457 ἄγνοιαν
1301 1389 1570 1459 εἰσῆλθον,
1598 1390 1782 1458 φησὶν,
1812 1392 1906 1443 καὶ
1932 1389 1993 1442 ού
2019 1389 2243 1444 δύναται

651 1473 833 1526 οὐκέτι
884 1473 1214 1550 ἀποδοθῆναι
1269 1475 1334 1543 τῇ
1391 1473 1568 1543 κυρίᾳ·
1612 1470 1820 1537 αὑτοῦ,
1873 1474 2009 1528 ἀλλά
2052 1473 2243 1543 δίδωμι

651 1557 956 1626 ἀμπελῶνα
989 1556 1104 1610 ἀντ’
1140 1555 1306 1609 αὑτοῦ
1340 1556 1561 1610 πλείονα
1591 1558 1685 1610 καὶ
1713 1556 1965 1627 κρείττω.
2006 1576 2023 1608 ι
2083 1557 2146 1608 Ἦ
2185 1555 2244 1608 δέ

650 1642 800 1712 χήρα
831 1643 890 1694 ού
924 1641 1248 1709 κατεδέξατο
1270 1682 1282 1706 ,
1312 1641 1448 1695 ἀλλά
1483 1641 1822 1712 προσέπεσεν
1857 1642 1936 1713 τῷ
1995 1640 2240 1713 Ἰωάννῃ,

651 1726 800 1789 ὅπως
828 1726 1062 1797 ἀποδοθῇ
1099 1727 1235 1796 αὐτῇ
1265 1727 1292 1779 6
1327 1725 1590 1796 ἀμπελὼν
1621 1725 1813 1795 αὐτῆς.
1852 1725 2246 1797 Παραγενόμε-

651 1827 740 1872 νος
773 1811 828 1863 δὲ
855 1813 881 1863 6
927 1811 1179 1880 Ἰωάννης
1221 1809 1357 1880 πρὸς
1397 1809 1495 1881 τὴν
1546 1809 1826 1878 βασιλίδα,
1875 1809 2021 1877 λέγει
2065 1809 2239 1879 αὐτῇ·

656 1913 673 1945 ι
718 1893 1071 1965 ῡίκτείρησον
1117 1894 1216 1964 τὴν
1251 1893 1448 1964 χήραν,
1479 1896 1574 1945 καὶ
1621 1893 1818 1956 ἀπόδος
1850 1894 1986 1963 αὐτῇ
2017 1891 2109 1945 τὸν
2139 1893 2246 1960 ἀμ-

657 1978 890 2032 πελῶνα.
928 1997 946 2029 ι
1001 1979 1066 2030 Ἦ
1108 1977 1166 2030 δέ
1209 1993 1407 2047 φησιν’
1459 1994 1478 2029 ι
1525 1976 1708 2047 Νόμος
1750 1976 2027 2046 βασιλικός
2075 1977 2243 2038 ἐστιν,

652 2063 786 2114 ὅπου
819 2061 1170 2130 εἰσέλθωμεν,
1225 2061 1320 2112 καὶ
1358 2062 1423 2114 ἐκ
1454 2058 1547 2112 τοῦ
1585 2059 1796 2130 καρποῦ
1824 2058 2128 2129 ἁψώμεθα,
2171 2056 2246 2127 μὴ

653 2143 906 2210 γενέσθαι
937 2145 1128 2214 ἐτέρῳ,
1164 2143 1279 2194 ἀλλ’
1322 2143 1493 2212 ἢτοτς
1527 2141 1872 2212 βασιλεῦσινο
1917 2142 2034 2196 ἀντ’
2077 2140 2244 2193 αὑτοῦ

652 2228 708 2280 δέ
742 2227 1038 2297 ἀμπελῶνα
1070 2227 1226 2279 ἄλλον
1253 2221 1362 2278 οἷον
1391 2225 1523 2298 θέλῃ
1556 2225 1791 2280 λαϐέτω.
1834 2244 1852 2278 ι
1887 2225 2058 2279 Πάλιν
2085 2219 2178 2277 οῦν
2211 2225 2244 2294 ἡ

653 2314 797 2383 χήρα
825 2310 1026 2372 κόπους
1061 2312 1320 2380 παρεῖχεν
1350 2308 1426 2377 τῷ
1464 2309 1685 2380 Ἰωάννῃ
1710 2349 1724 2372 ,
1761 2309 1836 2372 ὡς
1875 2307 2159 2377 δυναμένῳ
2192 2323 2245 2357 τι

651 2395 804 2465 παρά
850 2395 946 2463 τῆς
993 2394 1283 2462 βασιλίδος.
1335 2393 1443 2446 Kal
1480 2392 1827 2462 ἐνοχλοῦντος
1884 2392 2130 2444 Ἰωάννου
2178 2393 2241 2460 τῇ

650 2477 911 2546 Εὑδοξία,
952 2477 1081 2529 ποτέ
1120 2476 1218 2546 μὲν
1266 2475 1712 2546 παρακαλοῦντος
1756 2476 1965 2546 αὐτὴν,
2005 2475 2136 2528 ποτέ
2187 2474 2243 2526 δὲ

638 2563 748 2613 καὶ
781 2560 1163 2632 παραϐολικῶς
1207 2560 1586 2622 νουθετοῦντος
1617 2559 1696 2630 (a)
1730 2560 1922 2630 αὐτὴν,
1969 2561 2070 2612 οὐκ
2114 2560 2244 2628 ἡδυ-

652 2645 786 2716 νήθη
818 2643 1090 2698 ἐκσπᾶσαι
1133 2644 1224 2697 τὸν
1253 2643 1553 2714 ἀμπελῶνα
1586 2645 1683 2714 τῆς
1713 2644 1971 2711 γυναικὸς
2012 2643 2106 2695 ἀπ’
2147 2643 2242 2694 αύ-

651 2728 771 2798 τῆς.
819 2729 905 2780 Ἐν
948 2732 1046 2799 μιᾲ
1095 2723 1188 2780 οὖν
1225 2727 1333 2780 τῶν
1380 2726 1603 2798 ἡμερῶν
1649 2725 2095 2797 παραγενομένου
2143 2725 2239 2777 τοῦ

652 2811 899 2866 Ἰωάννου
929 2812 1064 2882 πρδς
1091 2813 1260 2882 αὐτὴν
1290 2815 1415 2881 περὶ
1453 2810 1676 2874 τούτου,
1705 2810 1918 2863 κελεύει
1941 2813 2053 2872 τοῖς
2081 2810 2205 2880 δορυ
2224 2839 2240 2850 -

651 2895 840 2964 φόροις
867 2895 1036 2964 αὐτῆς
1062 2896 1270 2946 κλεῖσαι
1299 2894 1390 2956 τὰς
1418 2893 1590 2964 θύρας
1619 2892 1928 2965 ἔμπροσθεν
1964 2894 2236 2956 Ἰωάννου,

651 2979 802 3042 ὅπως
839 2979 913 3049 μὴ
945 2978 1161 3049 είσέλθῃ
1211 2980 1304 3032 καὶ
1341 2978 1548 3048 λαλήσῃ
1588 2979 1750 3048 αὐτῇ.
1787 2978 1844 3030 '0
1889 2977 1946 3029 δέ
1987 2977 2240 3047 Ἰωάννης

652 3062 1166 3134 προσκαλεσάμενος
1207 3060 1298 3112 τὸν
1329 3061 1567 3130 ἄρχοντα
1608 3061 1706 3130 τῆς
1733 3060 2061 3130 ἐκκλησίας,
2093 3075 2238 3130 παρ-

650 3146 899 3218 ἢγγειλεν
930 3145 1075 3215 αὐτῷ
1109 3143 1280 3213 λέγων
1299 3160 1312 3173 ·
1341 3165 1362 3200 ε
1395 3138 1776 3206 “0:11va
1811 3143 2033 3209 Εύδοξία
2065 3143 2238 3196 εἰσελ-

652 3230 766 3283 θεῖν
795 3233 874 3293 εἰς
904 3229 1000 3299 τὴν
1027 3228 1345 3298 ἐκκλησίαν,
1373 3227 1587 3280 κλεῖσον
1609 3226 1922 3298 ἔμπροσθεν
1949 3229 2116 3298 αὐτῆς
2140 3229 2239 3292 τὰς

651 3313 843 3384 θύρας,
881 3314 974 3366 καὶ
1024 3312 1175 3366 εἰπὸν
1216 3313 1393 3381 αὐτῇ·
1458 3303 1708 3377 Ἰωάννης
1789 3311 1948 3365 τοῦτο
1977 3312 2239 3383 προσέτα-

653 3397 759 3462 ξεν.
796 3417 814 3449 ι
842 3397 952 3449 Καὶ
979 3397 1086 3449 ἀπὸ
1117 3395 1237 3448 τότε
1266 3394 1481 3466 ηὐξήθη
1509 3395 1748 3466 στερεῶς
1826 3395 1995 3466 λέσχη
2027 3397 2236 3466 μεταξὺ

648 3479 894 3534 Ἰωάννου
923 3481 1021 3533 καὶ
1053 3480 1328 3546 Εύδοξίας.

702 3590 824 3646 σις’.
853 3582 1022 3644 Εἰδὼς
1055 3578 1146 3635 οῦν
1175 3585 1202 3636 6
1229 3582 1532 3653 καλόγηρος
1559 3585 1587 3637 6
1628 3583 1905 3653 Ἀντιόχου
1939 3584 2238 3645 ἐπίσκοπος

649 3669 748 3736 τὴν
774 3667 991 3737 ἐνέδραν
1030 3665 1199 3734 αὐτῆς
1254 3667 1452 3738 σκευὴν
1485 3667 1745 3737 ποιούσης
1777 3665 1918 3719 κατά
1964 3666 2236 3727 Ἰωάννου,

653 3751 1089 3820 προσεποιήσατο
1130 3747 1431 3813 ἀσθένειαν,
1480 3751 1572 3802 καὶ
1620 3751 1679 3801 τὺ
1713 3749 1892 3818 γῆρας
1935 3750 2238 3820 ἀρρωστεῖν

650 3835 814 3886 αὑτὸν
870 3832 928 3896 ἐξ
972 3835 1317 3904 ἀμφοτέρων,
1372 3833 1534 3896 αὐτὸς
1566 3834 1682 3900 ’μὲν
1726 3833 2087 3904 παραιτηθεὶς
2138 3831 2239 3883 οὐκ

647 3912 832 3984 ἦλθεν,
862 3915 1070 3984 πέμπει
1108 3915 1164 3966 δὲ
1193 3915 1587 3985 τοποτηροῦντι
1623 3915 1783 3967 αὑτὸν
1820 3915 1980 3968 πέντε
2019 3915 2239 3967 ἐπισκό-

649 4014 822 4060 πους,
883 3997 1184 4065 ’Δπαμείας
1225 3998 1502 4066 Διογένην,
1535 3998 1762 4067 Βεροίας
1807 3997 2085 4050 ’Δκάκιον.
2129 3997 2238 4050 E6-

651 4081 1014 4150 καιρήσαντος
1054 4079 1110 4130 δέ
1142 4078 1474 4148 Σευηριανοῦ
1500 4079 1593 4132 τοῦ
1623 4080 1880 4132 Γαϐάλων
1913 4081 2234 4144 ἐπισκόπου,

649 4161 745 4214 καὶ
793 4162 1082 4232 χρῄζοντος
1133 4164 1212 4225 είς
1257 4162 1318 4214 τὸ
1363 4163 1689 4231 κωμητάτον
1737 4162 1814 4225 ὼς
1868 4163 2232 4231 λογιωτάτου,

647 4247 831 4316 ᾐτεῖτο
879 4247 951 4315 (b)
1008 4247 1232 4316 ποιῆσαι
1288 4246 1418 4299 αὐτὸ
1467 4247 1836 4316 Σαμουσατῶν
1888 4247 2232 4317 Γέμμουλον,

648 4330 872 4395 Ἐδέσης
902 4328 1184 4382 Θεοδόσιον
1207 4346 1220 4360 ο
1267 4323 1431 4399 ἦλθεν
1463 4334 1520 4382 δὲ
1556 4332 1652 4383 καὶ
1704 4333 1906 4394 Λεονᾶς
1940 4333 2236 4394 ἐπίσκοπος

679 4413 948 4485 Αγκύρων
994 4413 1088 4466 καὶ
1136 4411 1298 4476 αὐτὸς
1343 4413 1482 4484 ἔχων
1541 4413 1684 4468 κατὰ
1749 4415 2030 4469 Ἰωάννου·
2089 4407 2234 4469 οῦτοι

649 4498 852 4560 πάντες
876 4497 955 4559 ὡς
973 4496 1083 4550 ἀπὸ
1116 4496 1419 4562 συντάξεως
1442 4497 1630 4568 ἐχθροὶ
1667 4499 1936 4552 Ἰωάννου.
1970 4499 2234 4562 Νικόλαος

647 4583 705 4636 δέ
732 4587 762 4636 6
800 4582 984 4652 ἄρχων
1029 4581 1259 4649 ἐνέγκας
1304 4583 1396 4637 τὸν
1429 4581 1705 4651 Θεόφιλον,
1752 4583 2047 4654 ἠπείλησεν
2085 4583 2235 4654 αὺτῷ

648 4665 724 4729 ὡς
750 4668 820 4720 τά
848 4666 1104 4735 ἑλληνικά
1136 4667 1389 4736 χρήματα
1414 4665 1804 4736 διαρπάζοντα,
1836 4669 2062 4741 κείμενα
2086 4668 2236 4739 αὐτῷ

650 4749 840 4819 (κατὰ)
873 4750 974 4820 τὴν
1004 4750 1252 4802 κέλευσιν
1292 4749 1387 4803 τοῦ
1441 4749 1724 4818 βασιλέως.
1783 4752 1840 4804 ’0
1876 4752 1932 4805 δέ
1976 4753 2235 4822 Θεόφιλος

643 4831 738 4887 διὰ
774 4833 815 4885 Γ
815 4836 1048 4900 εωργίου
1091 4833 1186 4887 τοῦ
1225 4834 1544 4903 ἀδελφιδοῦς
1581 4833 1745 4888 αὑτοῦ
1793 4835 1889 4889 τοῦ
1934 4837 2231 4908 ἄρχοντος,

645 4915 860 4987 πλήσας
911 4917 980 4970 τὰ
1034 4916 1322 4987 βαλλάντια
1380 4919 1744 4990 ἀμφοτέρων,
1804 4920 1960 4991 ἔσχεν
2013 4922 2230 4992 ἀνοχὴν,

645 4999 815 5071 ἄχρις
839 4999 907 5054 ἂν
933 5000 1001 5054 τὰ
1033 4999 1330 5073 κελλαρικά
1358 5001 1638 5068 Αἰγύπτου
1699 5002 1794 5057 καὶ
1822 5005 2109 5075 ἡδύσματα
2136 5005 2234 5058 Ἰν-

645 5082 763 5144 δίας
790 5081 1142 5153 ὠνησάμενος
1163 5125 1174 5145 ,
1224 5085 1303 5146 είς
1336 5084 1496 5138 πλοῖα
1527 5084 1812 5140 ἐνεϐάλετο
1832 5126 1846 5151 ,
1882 5087 1979 5141 σὺν
2019 5088 2236 5140 ἐπισκό-

647 5182 772 5229 ποις
807 5167 896 5220 καὶ
926 5167 1335 5239 πρεσϐυτέροις
1353 5169 1448 5222 καὶ
1473 5167 1742 5233 διακόνοις
1774 5172 1866 5223 καὶ
1889 5173 2003 5233 τοῖς
2023 5170 2232 5235 λοιποῖς

555 5324 557 5326 _
645 5252 704 5303 ἐν
742 5249 886 5321 δχλῳ
925 5251 1095 5322 ικανῷ
1118 5268 1132 5284 ·
1175 5252 1270 5306 καὶ
1310 5252 1484 5318 οὕτως
1516 5253 1778 5307 ἔπλευσεν
1810 5255 1993 5326 φόρτῳ
2029 5253 2223 5324 πολλῷ.

717 5351 802 5421 (ι.
835 5352 902 5406 72
925 5354 977 5422 ὁ)
1031 5352 1114 5416 ιζ’.
1164 5353 1228 5406 Ἡ
1257 5348 1348 5407 οῦν
1387 5353 1613 5418 Εύδοξία
1647 5355 1738 5408 τὺν
1761 5355 1956 5433 λιμένα
1987 5358 2230 5432 φρουρή-

719 5529 798 5599 (α)
830 5528 985 5609 βοᾷ.
1015 5531 1452 5609 ’ἐξουθενοῦντος
1512 5535 1682 5592 Porro
1740 5538 1829 5592 hic
1877 5539 2229 5609 cogitandum

652 5610 782 5669 pulo
813 5599 880 5670 dp
906 5600 1140 5654 Nathani
1175 5603 1451 5670 parabola.

655 5756 682 5796 ν

710 5671 791 5796 ἅθ’
833 5669 931 5723 Hic
969 5669 1368 5727 elalibi’codcx
1404 5676 1698 5730 mendosus
1742 5677 2229 5736 reformandusmu:

747 5693 954 5796 e6alur.
988 5749 1081 5796 aul
1109 5741 1244 5796 mihi
1263 5754 1415 5796 certe
1451 5746 1717 5796 obscurus
1759 5758 1891 5796 emL

749 5693 774 5719 υ
833 5693 931 5723 nu;
969 5693 1024 5724 υι
1047 5693 1174 5724 aum
1203 5693 1368 5727 cuucx
1404 5693 1698 5730 mendosus
1742 5693 1886 5732 relor

689 5693 954 5806 [366mm
988 5749 1081 5798 aul
1109 5741 1244 5799 mihi
1263 5754 1415 5803 certe
1451 5746 1717 5807 obscurus
1759 5758 1891 5805 erat.

1839 343 2194 403 TIIEODORI
2226 339 2782 400 ἸῊΙΜΠΗΙῘΝἯΝΙ

3784 371 3974 414 ικνιιι

2366 476 2504 513 σασα
2538 460 2625 512 διά
2650 458 2941 532 Μαριανοῦ
2971 459 3066 513 τοῦ
3098 460 3416 533 μειζοτέρου
3449 463 3642 535 αὐτῆς,
3677 467 3769 520 καὶ
3816 469 3972 540 φθά-

2360 566 2558 613 σαντας
2582 553 2710 614 106;
2738 550 3130 624 τοποτηρητὰς
3168 549 3517 605 Ἰννοκεντίου
3569 553 3660 608 διά
3689 551 3792 626 τὴν
3827 555 3972 610 σύνο

2354 642 2492 706 οδον,
2539 641 2857 695 ἀπέσπασεν
2895 643 2991 695 ἀπ’
3020 639 3208 693 αὐτῶν
3249 639 3318 693 τά
3353 641 3693 712 γράμματα,
3737 643 3831 696 καὶ
3876 645 3972 707 είς

2355 727 2598 800 φρουράν
2642 730 3064 792 κατακλείστους
3106 730 3165 780 ἐν
3209 728 3328 789 τοῖς
3357 726 3687 799 Θρακησίοις
3731 728 3971 800 μέρεσιν

2355 818 2613 888 ἐποίησεν
2653 820 2712 871 ἐν
2759 816 3196 890 παραθαλασσίῳ
3246 813 3572 887 καλουμένῳ
3619 815 3861 887 Ἀθύρων
3896 819 3970 870 ἐν

2353 905 2523 975 πολλῇ
2556 906 2849 978 ἀσφαλείᾳ.
2882 907 3110 960 Πάντων
3145 901 3478 976 φθασάντων
3522 904 3622 975 τὴν
3653 905 3966 960 Κώνσταν-

2351 995 2496 1047 τίνου
2531 994 2716 1059 πόλιν,
2769 994 3006 1065 οὐδαμοῦ
3045 996 3093 1048 οί
3131 992 3505 1063 τοποτηρηταὶ
3552 991 3651 1062 τῆς
3700 991 3963 1063 Ῥώμης-

2353 1082 2470 1136 ἀλλ’
2502 1083 2620 1136 οὐδὲ
2659 1083 2936 1152 Θεόφιλος,
2973 1086 3126 1154 εἰμὴ
3149 1083 3248 1152 ape
3278 1099 3432 1137 ποτε.
3475 1081 3535 1135 '0
3570 1080 3665 1134 οῦν
3693 1069 3964 1151 βασιλέὺς

2365 1170 2646 1241 Ἀρκάδιος
2678 1171 2778 1224 ούκ
2809 1171 3066 1240 ἠνέσχετο
3101 1170 3238 1234 ὅλως
3273 1171 3561 1239 συντυχεῖν
3591 1169 3839 1240 Θεοφίλῳ
3863 1185 3878 1199 ο
3913 1170 3959 1236 ἡ

2349 1257 2405 1311 δὲ
2440 1255 2665 1323 Εὐδοξία
2693 1258 3163 1330 μεταστειλαμένη
3191 1258 3452 1327 Θεόφιλον
3479 1259 3574 1312 καὶ
3600 1258 3727 1320 τοὺς
3753 1257 3958 1320 ἀλλους

2349 1347 2708 1412 ἐπισκόπους,
2748 1341 2917 1418 η’ὗρεν
2963 1348 3176 1410 πάντας
3221 1345 3494 1416 διψῶντας
3540 1347 3641 1417 την
3692 1346 3958 1399 Ἰωάννου

2348 1433 2662 1505 ἐπιϐουλὴν,
2717 1436 2812 1487 κα)⁸
2851 1437 3061 1498 πάντας
3101 1433 3443 1504 ἠσφαλίσατο
3481 1433 3694 1504 δώροις.
3753 1432 3812 1486 Ὀ
3849 1429 3955 1487 οὖν

2348 1522 2604 1592 Ἰωάννης
2625 1523 2974 1593 νεωτερικῶς
3023 1522 3279 1593 πράττων
3318 1519 3628 1591 ἐξηγήσατο
3661 1519 3806 1574 κατά
3829 1521 3959 1575 τῶν

2348 1610 2665 1664 ἐπισκόπων
2699 1609 2824 1663 τινὰ
2851 1609 3025 1671 οὔτως
3054 1609 3274 1679 έχοντα·
3307 1627 3324 1659 ι
3344 1608 3684 1676 Συναγάγετε
3703 1609 3840 1680 πρός
3871 1625 3959 1679 με.

2347 1699 2476 1762 τοὺς
2511 1698 2675 1767 ίερεῖς
2702 1697 2803 1766 τῆς
2828 1696 3092 1767 αἰσχύνης
3117 1695 3397 1757 ἐσθίοντας
3428 1694 3712 1766 τράπεζαν
3769 1696 3945 1760 Ἰεζά-

2350 1787 2465 1850 ϐελ,
2504 1787 2590 1840 ἴνα
2620 1787 2760 1839 εἴπω
2800 1786 2984 1849 αὐτοῖς
3008 1802 3022 1815 ·
3077 1785 3232 1849 Ἕως
3266 1784 3413 1836 πότε
3468 1784 3793 1852 χωλανεῖτε
3843 1785 3957 1837 ἐπ’·

2349 1875 2708 1945 ἀμφοτέραις
2753 1873 2887 1939 ταῖς
2924 1875 3156 1943 ίγνύαις
3196 1871 3400 1940 ῠμῶν;
3432 1874 3504 1926 Εί
3549 1870 3722 1925 ἔστιν
3772 1872 3957 1936 Θεὸς..

2348 1963 2678 2029 πορεύεσθε
2720 1961 2915 2014 ὀπίσω
2947 1958 3166 2013 αὑτοῦ·
3197 1960 3245 2011 εί
3271 1959 3328 2010 δὲ
3347 1961 3388 2029 ἡ
3427 1957 3676 2030 τράπεζα
3700 1958 3958 2023 Ἰεζάϐελ

2348 2055 2486 2124 αὑτὴ
2521 2054 2671 2118 Θεὸς,
2716 2053 2982 2122 φαγόντες
3013 2051 3330 2121 ἐξεμέσατε.
3377 2072 3396 2104 ο
3449 2052 3513 2104 Ol
3556 2050 3613 2105 δὲ
3649 2052 3956 2105 ἐπίσκοποι

2348 2147 2630 2200 ἐπέδωκαν
2657 2145 2736 2215 τῷ
2772 2144 2986 2215 βασιλεῖ
3013 2143 3082 2196 τά
3127 2145 3218 2195 ῐσα
3250 2145 3349 2206 τῆς
3393 2142 3712 2214 ἐξηχήσεως
3758 2141 3944 2195 Ἰωάν-

2348 2252 2461 2297 νου,
2501 2236 2595 2287 κα¹ι
2635 2232 2880 2304 ἐλυπήθη
2922 2231 3012 2286 διὰ
3059 2230 3160 2302 τὴν
3205 2230 3465 2296 Εὑδοξίαν
3515 2231 3789 2301 μεγάλως.
3828 2233 3954 2286 Καὶ

2347 2325 2508 2386 εὐθὺς
2537 2324 2678 2378 κατά
2718 2323 2978 2392 Θεοφίλου
3023 2323 3275 2392 Ἰωάννης
3322 2322 3585 2392 ἐξήγησιν
3614 2324 3942 2392 ἀπεφήνατο

2345 2413 2518 2475 οὕτως
2545 2413 2718 2481 λέγων
2741 2428 2755 2440 ·
2814 2431 2832 2463 ι
2871 2413 2965 2476 Τίς
3003 2429 3133 2465 ποτε
3183 2411 3293 2464 τῶν
3336 2411 3651 2478 Δίγυπτίων
3693 2411 3956 2481 θεόφιλος

2347 2506 2596 2572 ἐγένετος
2649 2505 2732 2567 τίς
2763 2505 2821 2557 δέ
2870 2505 2976 2557 τῶν
3015 2502 3280 2572 θεοφίλων
3324 2503 3424 2573 τὴν
3469 2504 3715 2574 μυσεράν
3757 2505 3956 2558 αὑτῶν-

2344 2596 2587 2661 εύδοξίαν
2667 2594 2727 2644 οὐ
2818 2595 3195 2664 βδελύσσεται;
3231 2612 3249 2645 ι
3286 2588 3422 2646 Εἶτα
3453 2594 3545 2646 καὶ
3574 2594 3745 2664 αὐτὴν
3770 2595 3952 2648 πάλιν

2343 2683 2668 2736 ἐπιδιδοῦσιν
2714 2683 2793 2752 τῷ
2837 2683 3077 2753 βασιλεῖ’
3129 2683 3226 2735 καὶ
3275 2682 3543 2753 μετετέθη
3589 2683 3622 2753 ἡ
3674 2683 3940 2753 Θεοφίλου

2341 2777 2716 2843 ἀγανάκτησις
2743 2777 2823 2836 είς
2852 2775 3126 2844 Ἰωάννην.

2417 2868 2506 2937 ιη’.
2536 2867 2668 2920 Τότε
2713 2864 2892 2918 λαϐὼν
2927 2868 2956 2918 ό
3016 2867 3268 2936 Ἰωάννης
3314 2867 3408 2920 δύο
3448 2866 3557 2919 τῶν
3597 2865 3940 2936 διωχθέντων

2345 2957 2614 3029 μοναχῶν,
2647 2958 2932 3028 Διόσκορον
2961 2959 3055 3011 καλ⁸
3097 2957 3335 3024 Ἰέρακα,
3355 2959 3482 3022 106;
3507 2959 3805 3030 τροχαλοὺς
3831 2959 3938 3010 a6-

2338 3051 2469 3115 τῶν,
2503 3049 2908 3120 ἐχειροτόνησεν
2932 3051 3129 3112 αὐτοὺς
3162 3049 3589 3121 πρεσϐυτέρους,
3617 3049 3765 3111 ὅπως
3795 3047 3937 3100 αὐθ-

2339 3142 2571 3213 αιρέτως
2610 3143 2679 3197 τὰ
2716 3143 2860 3196 κατὰ
2905 3142 3166 3211 Θεοφίλου
3199 3143 3502 3206 διδάξουσιν
3535 3140 3635 3212 τὴν
3684 3139 3929 3194 σύνοδον.

2351 3236 2415 3287 Ἡ
2445 3234 2501 3288 δέ
2531 3233 2757 3297 Εύδοξία
2801 3233 3041 3287 λαϐοῦσα
3087 3234 3391 3303 Θεοδότην,
3416 3234 3451 3304 η
3490 3233 3559 3285 τά
3607 3231 3751 3304 χίλια
3780 3233 3940 3302 νομί-

2342 3343 2524 3396 σματα
2571 3325 2803 3380 δέδωκεν
2848 3325 2927 3396 τῷ
2955 3326 3100 3396 ἀϐϐᾄ
3143 3324 3400 3396 Ἰσιδώρῳ
3431 3324 3510 3394 τῷ
3553 3323 3936 3396 πρεσϐυτέρῳ,

2338 3415 2543 3486 ταύτην
2573 3415 2932 3486 Κλημεντίνῳ
2955 3415 3035 3486 τῷ
3067 3415 3293 3486 ἐπάρχῳ
3323 3413 3424 3484 τῆς
3464 3414 3673 3476 πόλεως
3705 3412 3940 3481 δέδωκεν

2341 3507 2418 3569 εἰς
2453 3505 2649 3574 γάμον,
2670 3506 2764 3558 καὶ
2785 3506 2910 3568 106;
2936 3505 3272 3565 ἐπισκόπους
3289 3503 3571 3571 Αἰγύπτου
3604 3503 3699 3556 καὶ
3728 3501 3951 3570 Λιϐύης

2340 3597 2435 3650 καὶ
2471 3598 2596 3658 τοὺς
2631 3595 2928 3666 κληρικοῦς
2959 3594 3053 3648 τοῦ
3097 3596 3298 3666 μέρους
3350 3593 3619 3665 Ἰσιδώρου
3663 3593 3952 3658 ἐνέγκασα

2337 3687 2531 3758 δώροις
2559 3686 2793 3758 ἔπλησεν
2813 3701 2825 3715 ·
2855 3687 2947 3740 καὶ
2977 3687 3104 3749 106;
3137 3687 3236 3756 μὲν
3273 3685 3594 3748 πεισθέντας
3627 3686 3766 3754 αὐτῇ
3791 3684 3948 3737 κατά

2338 3780 2399 3833 16
2419 3779 2678 3832 παλάτιον
2705 3778 2938 3831 δέδωκεν
2963 3777 3390 3849 μετεωρίζεσθαι
3411 3795 3426 3808 ο
3451 3777 3579 3840 106;
3611 3776 3670 3829 δέ
3703 3775 3778 3846 μὴ
3806 3793 3944 3828 πει--

2342 3869 2566 3932 σθέντας
2590 3869 2753 3939 αὐτῇ,
2785 3871 2842 3921 ἐν
2877 3869 3248 3939 Θεσσαλονίκῃ
3280 3867 3561 3938 ἐξώρισεν.
3609 3869 3719 3920 Kal
3747 3865 3948 3920 πολλοὶ

2340 3961 2626 4013 ἐπίσκοποι
2655 3959 2748 4012 καὶ
2793 3960 3018 4030 μοναχοὶ
3049 3959 3146 4012 καί
3181 3959 3436 4028 κληρικοὶ
3476 3955 3838 4028 πρεσϐύτεροί
3871 3974 3938 4010 τε

2340 4053 2434 4105 καὶ
2457 4052 2714 4112 διάκονοι,
2740 4051 2801 4103 ού
2839 4050 2948 4120 μὴν
2974 4050 3111 4103 ἀλλὰ
3141 4050 3236 4102 καὶ
3267 4049 3526 4120 παρθένοι
3555 4048 3649 4101 καὶ
3675 4050 3942 4116 γυναῖκες

2338 4125 2734 4213 κοσμιώταται,
2767 4143 2868 4212 ὅση
2899 4141 2964 4196 ἂν
2998 4142 3296 4212 ηὑρίσκετο
3315 4140 3631 4202 κοινωνικὸς
3657 4139 3936 4204 Ἰωάννου,

2339 4235 2539 4305 πολλὴν
2579 4234 2804 4304 ἄθλησιν
2836 4234 3140 4303 ὑπέμειναν
3171 4233 3514 4305 παθημάτων
3537 4249 3553 4264 ο
3589 4232 3684 4286 καὶ
3713 4227 3781 4302 ἦν
3811 4231 3940 4286 006-

2341 4344 2428 4388 νος
2463 4326 2609 4391 ἰδεῖν,
2648 4325 2741 4378 καὶ
2777 4324 3017 4389 ἀκούειν,
3043 4324 3138 4378 καὶ
3167 4324 3432 4395 θρηνῆσαι
3457 4323 3598 4395 ὑπὲρ
3617 4323 3728 4376 τῶν
3759 4323 3941 4388 οὕτως

2337 4417 2540 4481 ἀδίκως
2595 4416 3210 4487 καταδυναστευομένων
3267 4415 3376 4469 τῶν
3441 4414 3784 4484 ἀγαπώντων
3841 4416 3938 4469 τὸν

2338 4510 2612 4579 Ἰωάννην,
2635 4511 2967 4573 ἐπισκόπους
2989 4510 3081 4563 καὶ
3113 4508 3521 4580 πρεσϐυτέρους
3540 4510 3638 4560 σὺν
3664 4508 3938 4571 διακόνοις

2337 4603 2431 4659 καὶ
2466 4603 2745 4674 κληρικοῖς
2781 4604 2875 4655 καλ⁵
2922 4600 3282 4671 μονάζουσιν,
3317 4601 3374 4652 ἐν
3418 4599 3656 4671 ἐξορίαις
3695 4599 3802 4652 ὑπὸ
3838 4600 3938 4654 av-

2339 4696 2465 4766 ελεη
2475 4695 2653 4765 μόνων
2674 4693 2980 4765 ἀνθρώπων
3004 4691 3494 4762 ἀπελαυνομένους.
3519 4691 3677 4755 Τινές
3720 4691 3778 4745 δέ
3823 4691 3937 4747 τῶν

2340 4786 2700 4858 μοναζόντων,
2743 4785 2838 4839 καὶ
2867 4784 3125 4855 παρθένοι
3157 4783 3339 4839 καλῶς
3370 4785 3427 4836 ἐν
3455 4784 3689 4854 ἀσκήσει
3709 4782 3936 4854 διαπρέ-

2337 4897 2554 4945 πουσαι,
2587 4880 2866 4949 αἰκισμοῖς
2893 4878 2988 4929 καὶ
3016 4875 3270 4946 βασάνοις
3288 4875 3696 4947 παρεδιδοῦντο,
3726 4876 3940 4933 λαῖκῶν

2334 4988 2393 5026 τε
2434 4971 2490 5025 δέ
2536 4971 2630 5024 καὶ
2675 4967 2950 5037 γυναικῶν
2985 4965 3248 5033 εὐσεϐῶν,
3302 4968 3605 5037 χρημάτων
3647 4967 3935 5041 διαρπαγὴ

2336 5065 2629 5134 ὴπειλεῖτο.
2659 5060 2843 5115 Ταῦτα
2875 5059 3051 5112 πάντα
3082 5059 3190 5111 ὑπὸ
3216 5058 3474 5124 Εὑδοξίας
3514 5061 3608 5112 καὶ
3639 5060 3749 5113 τῶν
3767 5060 3932 5132 δορυ-

2336 5158 2520 5228 φόρων
2553 5155 2722 5225 αὐτῆς
2766 5154 3015 5222 ἐγένοντο
3049 5153 3128 5214 είς
3175 5149 3429 5220 Ἰωάννην
3460 5153 3554 5205 καὶ
3598 5153 3724 5216 τοὺς
3761 5153 3935 5208 αὑτοῦ

2335 5245 2644 5308 κοινωνούς.
2669 5245 2778 5298 Kal
2803 5244 2977 5306 οὕτως
3005 5241 3204 5313 συνέϐη
3235 5242 3325 5294 τὸν
3350 5243 3450 5312 μὲν
3473 5243 3734 5313 Θεόφιλον
3752 5246 3936 5299 ἀπαλ-

2333 5337 2589 5406 λαγῆναι,
2640 5337 2729 5390 τὸν
2767 5337 2824 5388 δὲ
2852 5335 3109 5404 Ἰωάννην
3151 5333 3435 5404 ἐμπεσεῖν.
3480 5335 3539 5386 Ὀ
3566 5333 3623 5386 δὲ
3667 5336 3933 5408 Ἰωάννης

2333 5433 2434 5483 οὐκ
2460 5429 2696 5482 ἐπαύετο
2729 5427 2836 5480 τῶν
2866 5429 2984 5480 κατ’
3008 5425 3266 5490 Εύδοξίας
3303 5424 3632 5502 ὕϐρεωνδέτθ
3658 5427 3934 5502 ἐκκλησίᾳ

2334 5482 2428 5576 καὶ
2447 5521 2680 5592 δημοσία
2703 5519 3068 5589 ἐξηγούμενος
3088 5534 3100 5547 '
3246 5482 3264 5568 ξ
3299 5482 3469 5571 Πάλιν
3498 5482 3777 5592 ἧίρωδιάς
3801 5482 3934 5581 μαίῖ.

2343 5633 2506 5678 θεται,
2538 5614 2695 5667 πάλιν
2724 5611 2962 5668 Ἰεζάϐελ
2998 5609 3248 5662 Ναϐουθέ
3291 5610 3382 5663 τὸν
3420 5611 3720 5678 ἀμπελῶνα
3771 5613 3931 5688 διαρ-

2412 5751 2489 5821 (ε)
2525 5748 2605 5805 (2f.
2633 5749 2766 5816 Upp.
2798 5745 3193 5816 Chrysoslomi,
3220 5753 3258 5800 ι.
3293 5745 3426 5812 Vill,
3460 5746 3719 5804 col.'485.
