4234 6310
165 436 168 442 1
209 378 334 421 Lxu

286 479 374 534 15.
442 475 760 531 Antiochia
815 484 1000 528 autem
1057 474 1351 544 episcopus
1412 471 1638 527 rescivit
1692 471 1824 541 quid

216 570 504 628 moliretur
539 567 812 631 Eudoxia,
848 582 969 636 qua:
999 565 1199 621 Joanni
1233 566 1449 621 infensa
1497 573 1640 628 erat,
1692 578 1824 634 pro-

219 669 407 734 pterea
430 658 579 728 quod
611 657 951 728 reprehensa
988 656 1183 719 fuerat,
1216 657 1368 711 velut
1396 656 1528 710 olim
1556 654 1823 709 Herodias

215 765 250 808 a
292 749 507 804 Joanne
537 747 810 818 Baptista,
840 762 949 802 una
1001 762 1124 802 cum
1181 746 1398 802 Herode
1437 745 1530 815 qui
1565 745 1712 799 illam
1744 743 1824 797 iu-

217 849 372 897 ceste
395 841 501 895 sibi
534 839 968 910 desponsaverat
999 854 1122 909 qua
1150 854 1274 894 cum
1302 838 1471 893 fratre
1500 839 1621 909 ejus
1659 853 1823 907 copu-

217 931 326 986 lata
351 930 557 992 fuerat,
596 939 658 986 ut
695 930 898 985 dicitur
948 931 1004 985 in
1037 929 1349 1001 Evangeliis
1402 927 1620 1001 (Marc.
1649 920 1725 991 vl,
1756 928 1820 981 17

218 1038 341 1092 sqq.
360 1023 401 1085 ξι.
435 1021 568 1076 Hac
596 1030 781 1076 autem
811 1021 915 1076 fuit
943 1036 1108 1075 causa
1135 1020 1352 1075 discidii
1385 1019 1528 1074 inter
1550 1018 1820 1073 Joannem

216 1123 272 1169 et
303 1114 614 1169 Eudoxiam
640 1117 658 1166 ε’
682 1113 923 1185 Contigit
948 1113 1098 1167 enim
1128 1122 1188 1167 ut
1209 1111 1544 1182 imperatrix,
1571 1111 1627 1164 in
1668 1111 1816 1182 regia

215 1207 379 1260 vinea
409 1205 718 1269 diversans,
751 1205 810 1259 in
853 1206 1068 1261 vineam
1097 1204 1315 1260 femina
1344 1204 1521 1260 vidua
1565 1202 1819 1274 ingrede-

214 1308 369 1352 retur
399 1312 516 1351 sua
544 1298 782 1367 propria:
816 1280 1154 1367 proximam,
1184 1296 1300 1350 sive
1349 1296 1454 1351 hoc
1490 1302 1688 1366 sponte
1735 1295 1818 1348 fe-

211 1391 353 1445 cerit
388 1390 509 1444 sive
545 1404 698 1454 casu,
735 1397 792 1443 et
827 1404 988 1443 uvam
1020 1389 1149 1444 inde
1197 1389 1542 1459 pracideret.
1581 1389 1652 1443 Et
1699 1387 1816 1458 ipsa

212 1482 439 1551 quidem
470 1480 693 1535 aiebat:
732 1498 752 1531 ‹
793 1480 1095 1535 Inscienter
1128 1480 1237 1535 huc
1265 1495 1385 1534 sum
1417 1479 1685 1550 ingressa,
1719 1479 1816 1533 sed

212 1583 398 1626 tamen
433 1572 598 1626 vinea
628 1571 868 1626 domina
896 1587 1009 1627 sua
1033 1572 1296 1643 deinceps
1337 1572 1528 1642 nequit
1559 1570 1772 1626 restitui
1801 1588 1814 1636 ;

212 1663 306 1717 sed
340 1662 506 1716 aliam
533 1677 633 1732 pro
660 1662 751 1716 illa
769 1662 907 1717 dabo
932 1663 1254 1733 ampliorem
1281 1671 1446 1732 atque
1467 1662 1774 1717 meliorem.
1791 1680 1809 1712 ι

212 1752 612 1807 Verumtamen
648 1753 814 1807 vidua
870 1768 980 1810 non
1041 1754 1260 1808 admisit
1304 1753 1663 1817 oblationem,
1718 1753 1815 1808 sed

208 1841 485 1898 Joannem
525 1843 807 1907 exoravit,
845 1850 906 1897 ut
936 1843 1051 1898 'sibi
1097 1844 1254 1898 vinea
1315 1858 1414 1898 sua
1466 1844 1809 1899 redderetur.

211 1933 370 1988 Tunc
390 1933 637 1988 Joannes
675 1934 1010 2004 imperatrici
1047 1942 1334 1990 conventa
1382 1935 1602 1989 aiebat:
1649 1954 1666 1987 ε
1711 1935 1814 1988 Mi-

210 2039 398 2079 serere
428 2024 629 2089 vidua,
653 2025 814 2094 eique
836 2025 1051 2079 vineam
1079 2024 1328 2079 restitue.
1352 2043 1369 2074 ι
1391 2025 1460 2078 At
1491 2025 1581 2079 illa
1607 2043 1618 2077 :
1653 2045 1670 2076 ‹
1703 2025 1815 2080 Lex

210 2124 310 2178 est,
351 2133 370 2166 ι
413 2115 612 2184 inquit,
646 2135 664 2167 ‹
698 2115 846 2186 regia
877 2123 958 2175 ut.
983 2130 1094 2184 quo
1119 2130 1220 2170 nos
1248 2115 1634 2170 intraverimus
1650 2124 1814 2186 atque

209 2206 455 2261 indidem
486 2205 727 2260 fructum
759 2206 1148 2276 carpserimus,
1178 2207 1332 2261 locus
1363 2207 1454 2261 ille
1481 2207 1628 2262 haud
1672 2208 1814 2262 alte-

207 2297 321 2351 rius
350 2312 520 2366 quam
567 2311 756 2367 regum
820 2299 908 2351 sit'.
975 2297 1235 2353 Attamen
1283 2312 1383 2368 pro
1450 2299 1540 2353 illa
1594 2298 1810 2353 vineam

207 2385 516 2453 quamlibet
545 2383 651 2437 sibi
680 2385 898 2438 habeat.
939 2404 957 2434 ι
985 2386 1177 2441 Denuo
1203 2385 1371 2456 igitur
1397 2386 1558 2440 vidua
1581 2387 1810 2441 molesta

205 2473 402 2530 Joanni
449 2482 590 2538 erat,
616 2474 771 2545 quasi
798 2475 1005 2544 aliquid
1033 2476 1103 2530 ab
1137 2475 1485 2545 imperatrice
1517 2476 1813 2545 impetrare

208 2563 432 2618 valenti.
493 2563 743 2633 Cumque
799 2564 891 2617 hic
951 2562 1206 2634 fatigaret
1260 2563 1604 2628 Eudoxiam,
1663 2580 1814 2622 nunc

207 2669 392 2719 orans,
423 2669 578 2708 nunc
605 2655 768 2708 etiam
797 2669 920 2708 cum
967 2653 1227 2724 parabola
1281 2654 1608 2718 admonens,
1663 2669 1812 2708 nun-

207 2760 371 2816 quam
408 2744 663 2799 mulieris
693 2745 909 2799 vineam
939 2746 1009 2801 ab
1045 2745 1396 2816 imperatrice
1422 2745 1595 2800 valuit
1625 2756 1813 2801 extor-

207 2852 395 2907 quere.
434 2837 584 2907 Ergo
615 2837 702 2890 die
731 2836 988 2905 quadam,
1025 2837 1353 2892 adveniente
1383 2837 1451 2891 ad
1479 2852 1599 2891 eam
1646 2837 1810 2906 hujus

209 2928 280 2982 rei
321 2943 492 2983 causa
518 2927 753 2993 Joanne,
809 2928 923 2997 ipsa
968 2928 1327 2998 stipatoribus
1363 2929 1478 2982 suis
1529 2928 1811 2982 mandavit

209 3027 264 3072 ut
306 3018 459 3072 fores
489 3019 755 3073 adversus
789 3017 1060 3074 Joannem
1097 3018 1478 3083 occluderent,
1514 3019 1809 3088 quominus

207 3110 270 3165 ad
299 3110 641 3180 loquendum
666 3111 1062 3182 ingrederetur.
1094 3109 1335 3165 Joannes
1357 3119 1542 3165 autem
1565 3109 1806 3164 vicissim

209 3210 400 3255 vocato
425 3200 495 3254 ad
536 3215 597 3255 se
620 3201 871 3256 ecclesia
899 3204 1196 3271 praposito
1241 3201 1523 3256 mandavit
1575 3200 1765 3255 dicens
1793 3220 1804 3254 :

212 3308 230 3339 ι
260 3290 400 3344 Cum
429 3289 647 3344 venerit
671 3289 934 3356 Eudoxia,
963 3291 1098 3346 utin
1124 3290 1416 3346 ecclesiam
1444 3291 1805 3361 ingrediatur,

209 3380 288 3437 fac
321 3381 524 3450 ianuas
554 3396 740 3435 coram
781 3382 1038 3438 occludas
1081 3382 1352 3439 dicendo:
1398 3402 1415 3434 ι
1456 3382 1697 3438 Joannes
1729 3383 1804 3437 ita

211 3472 504 3526 mandavit.
544 3489 562 3521 ι
617 3472 796 3541 Atque
825 3473 1021 3527 exinde
1064 3474 1209 3528 aucti
1267 3473 1420 3528 fuere
1471 3488 1804 3545 magnopere

209 3561 347 3618 inter
369 3562 640 3618 Joannem
667 3572 724 3620 et
744 3564 1046 3620 Eudoxiam
1091 3565 1412 3620 rumusculi.

276 3654 362 3710 16.
399 3653 594 3710 Sciens
624 3655 810 3726 itaque
836 3655 1144 3711 Antiochia
1175 3656 1333 3711 valde
1373 3671 1540 3712 senex
1586 3657 1804 3728 episco-

210 3761 305 3814 pus
353 3746 614 3801 Eudoxia
653 3745 879 3801 insidias
918 3756 974 3800 et
1017 3746 1298 3802 molimina
1343 3748 1606 3804 adversus
1635 3748 1804 3803 Joan-

211 3851 350 3901 nem,
384 3835 664 3892 simulavit
690 3835 1089 3900 inﬁrmitatem,
1128 3837 1400 3907 simulque
1431 3839 1586 3894 senio
1629 3850 1805 3894 semet

210 3929 484 3984 excusavit
504 3929 801 4000 quominus
827 3930 892 3984 ad
931 3930 1122 3984 urbem
1153 3931 1388 3994 veniret,
1426 3932 1522 3986 sed
1554 3947 1677 3986 cum
1721 3934 1800 3988 le-

209 4031 326 4090 gato
361 4036 463 4075 suo
493 4021 645 4078 misit
675 4023 921 4093 quinque
952 4024 1264 4095 episcopos,
1310 4024 1611 4096 Diogenem
1654 4027 1800 4097 Apa-

211 4128 374 4176 mea,
427 4114 690 4168 Acacium
750 4114 974 4170 Bercta.
1019 4116 1192 4186 Capto
1244 4126 1427 4171 autem
1491 4126 1802 4188 opportuno

212 4217 449 4276 tempore
486 4205 820 4262 Severianus
874 4206 1202 4263 Gabalorum
1266 4208 1578 4279 episcupus,
1637 4218 1693 4264 et
1745 4209 1800 4263 in

209 4298 325 4351 aula
356 4297 508 4352 utilis
545 4297 616 4351 ob
643 4312 798 4352 suam
831 4298 1178 4369 sapientiam,
1229 4299 1528 4370 postulavit
1558 4309 1619 4353 ut
1657 4300 1802 4355 idem

211 4389 447 4447 iacerent
523 4389 932 4446 Samosatorum
987 4392 1283 4462 episcopus
1348 4391 1690 4456 Gemmulus,
1748 4401 1804 4445 et

213 4483 423 4538 Edessa
469 4482 834 4538 Theodosius.
887 4483 1051 4537 Venit
1101 4484 1265 4538 etiam
1314 4484 1527 4539 Leonas
1574 4483 1803 4554 Ancyra

211 4573 500 4642 episcopus
526 4572 642 4644 ipse
671 4588 889 4644 quoque
917 4573 1113 4628 Joanni
1149 4573 1384 4628 infestus
1412 4590 1426 4638 ;
1458 4573 1512 4628 hi
1540 4573 1800 4628 nimirum

209 4677 412 4727 omnes,
443 4670 699 4733 tanquam
736 4679 802 4718 ex
833 4675 1140 4736 compacto,
1175 4665 1384 4720 inimici
1433 4674 1590 4720 erant
1632 4665 1801 4721 Joan-

211 4756 308 4811 nis.
333 4755 594 4810 Nicolaus
618 4772 749 4811 vero
774 4756 1067 4828 praefectus
1101 4757 1194 4827 qui
1227 4757 1592 4828 Theophilum
1625 4759 1799 4813 addu-

210 4847 378 4910 cebat,
417 4849 805 4904 interminatus
856 4850 906 4904 ei
942 4860 1048 4912 est,
1089 4848 1234 4920 quod
1292 4849 1578 4921 gentilium
1628 4864 1800 4920 pecu-

211 4938 352 4991 niam
381 4937 722 5008 diripuisset,
763 4955 885 5009 quae
911 4940 1014 5010 ipsi
1050 4940 1310 4995 mandato
1333 4940 1482 5011 regio
1509 4941 1799 4997 commissa

211 5025 397 5081 fuerat.
440 5027 514 5083 At
542 5026 885 5100 Theophilus
935 5045 1034 5101 per
1094 5029 1391 5101 Georgium
1429 5031 1675 5100 prafecti
1733 5047 1800 5085 ex

210 5134 389 5174 sorore
413 5130 695 5195 nepotem.
738 5121 961 5192 impleta
1002 5121 1218 5192 utrique
1253 5136 1540 5187 crumena,
1585 5122 1800 5176 dilatio-

211 5225 328 5265 nem
358 5211 618 5275 obtinuit,
647 5212 823 5269 donec
847 5213 1065 5287 Egypti
1096 5214 1452 5270 cellarienses
1496 5215 1711 5286 species
1743 5222 1800 5269 et

213 5302 372 5360 ludia
395 5306 718 5362 condituras
743 5318 1042 5372 coemeret,
1076 5307 1278 5376 quibus
1326 5322 1496 5362 naves
1518 5307 1796 5372 oneravit,

213 5409 327 5451 cum
354 5397 629 5471 episcopis
651 5409 710 5455 et
730 5400 1065 5472 presbyteris
1090 5414 1153 5453 ac
1186 5398 1435 5454 diaconis
1467 5406 1631 5470 atque
1662 5397 1799 5454 alio-

215 5500 322 5540 rum
352 5488 508 5545 turba
541 5490 752 5557 multa;
787 5500 952 5561 atque
984 5491 1058 5544 ita
1081 5490 1231 5562 gravi
1261 5504 1386 5544 cum
1439 5488 1659 5544 sarcina
1694 5503 1798 5542 na-

216 5581 423 5651 rigavit.

1033 359 1123 415 DE
1169 358 1329 416 VITA
1367 358 1456 414 ET
1491 356 1764 414 EXSILIO
1805 356 1863 413 S.
1904 353 2191 413 JOANNIS
2229 356 2744 414 CHRYSOSTOMI.

3412 373 3523 416 LXX

1999 470 2087 524 17.
2122 470 2192 524 At
2217 469 2456 524 Eudoxia
2483 477 2704 539 portum
2733 468 3052 524 custodiens
3083 483 3179 538 per
3211 467 3520 524 Marianum

1926 561 2120 616 domus
2153 577 2266 616 sua
2297 561 2637 632 praefectum,
2668 560 2978 615 Innocentii
3014 561 3222 631 legatos
3267 560 3335 614 ad
3389 575 3515 630 syn-

1924 653 2089 707 odum
2119 654 2425 720 venientes,
2470 663 2594 724 post
2630 662 2851 722 ereptas
2881 653 2946 707 iis
2982 652 3262 722 epistolas,
3301 666 3520 708 carcere

1924 747 2193 802 conclusit
2214 745 2269 801 in
2295 747 2541 802 Thracia
2592 747 2838 816 partibus
2862 787 2877 811 ,
2911 745 2968 800 in
3021 759 3148 799 arce
3186 743 3524 817 Athyrorum

1923 838 2198 893 maritima
2229 855 2353 895 cum
2388 838 2644 908 prasidio
2670 838 2874 893 valido.
2901 838 3023 904 Quo
3063 837 3268 891 factum
3317 846 3424 902 est,
3460 846 3524 890 ut

1923 931 2138 986 cunctis
2162 929 2640 1000 Constantinopoli
2669 931 2782 1002 jam
2812 931 3200 1000 praesentibus,
3246 944 3522 998 nusquam

1923 1021 2083 1092 legati
2115 1037 2269 1092 papa
2308 1021 2539 1077 Romani
2567 1029 2943 1092 apparerent;
3005 1021 3104 1075 sed
3168 1035 3349 1089 neque
3411 1019 3520 1075 nisi

1923 1115 2079 1169 valde
2131 1130 2254 1169 sero
2308 1116 2669 1184 Theophilus.
2730 1113 2850 1169 Jam
2894 1111 3163 1167 Arcadius
3217 1112 3522 1183 imperator

1924 1204 2287 1274 Theophilum
2316 1205 2420 1259 sibi
2444 1205 2501 1258 in
2534 1212 2894 1273 conspectum
2931 1203 3122 1256 venire
3149 1203 3377 1271 prorsus
3404 1217 3521 1258 non

1921 1305 2006 1352 est
2030 1312 2242 1366 passus.
2276 1296 2382 1351 Sed
2411 1297 2677 1365 Eudoxia,
2710 1295 2984 1366 appellato
3014 1294 3081 1349 ad
3127 1309 3185 1348 se
3212 1293 3520 1364 Theophilo

1920 1387 2170 1457 aliisque,
2217 1388 2487 1458 comperit
2517 1403 2710 1444 omnes
2760 1388 2956 1444 Joanni
2999 1386 3285 1441 infensos:
3337 1387 3522 1458 itaque

1920 1488 1976 1534 et
2012 1494 2206 1534 omnes
2239 1479 2397 1534 donis
2431 1480 2536 1535 sibi
2586 1480 2848 1535 devinxit.
2892 1479 3063 1534 Porro
3090 1479 3330 1534 Joannes
3376 1495 3522 1551 pene

1915 1569 2230 1637 juveniliter
2273 1583 2332 1623 se
2365 1584 2595 1639 gerens,
2633 1580 2823 1624 contra
2882 1570 3168 1640 episcopos
3224 1571 3343 1625 hac
3403 1570 3520 1625 fere

1920 1658 2245 1715 dictitabat:
2295 1679 2314 1711 ‹
2370 1660 2714 1732 Congregate
2754 1662 2822 1716 ad
2877 1677 2966 1717 me
3009 1662 3322 1718 sacerdotes
3362 1663 3520 1734 igno-

1920 1753 2127 1818 minia,
2180 1752 2276 1824 qui
2308 1752 2376 1808 de
2414 1752 2685 1807 Jezabelis
2722 1768 2912 1807 mensa
2956 1744 3272 1807 vescuntur.
3316 1750 3523 1816 Quoru-

1919 1861 2018 1915 que
2039 1845 2357 1898 claudicatis
2391 1845 2449 1898 in
2472 1845 2607 1898 duas
2646 1845 2870 1914 partes?
2903 1842 2960 1898 Si
3004 1854 3079 1897 est
3127 1843 3290 1908 Deus,
3338 1845 3521 1914 sequi-

1919 1937 2048 1988 mini
2077 1953 2196 1989 eum
2235 1935 2344 2003 (111
2376 1936 2501 2007 Reg.
2543 1952 2699 2001 xvm,
2750 1936 2815 1990 21
2847 1936 2864 2006 )
2905 1953 2919 1989 :
2968 1935 3056 1989 sin
3107 1935 3222 2005 ipsa
3247 1933 3521 1992 Jezabelis

1918 2041 2107 2082 mensa
2136 2025 2281 2081 Deus
2334 2035 2438 2092 est,
2491 2027 2764 2082 comedite
2809 2035 2865 2081 et
2911 2027 3134 2082 vomitc.
3198 2045 3216 2076 ι
3273 2025 3344 2082 At
3387 2041 3521 2082 vero

1917 2117 2162 2188 episcopi
2222 2119 2500 2190 exemplar
2565 2117 2849 2173 concionis
2915 2117 3150 2174 Joannis
3198 2119 3520 2190 imperatori

1918 2209 2294 2275 tradiderunt,
2338 2209 2431 2281 qui
2473 2210 2527 2264 id
2578 2224 2913 2280 magnopere
2950 2219 3176 2280 propter
3217 2208 3520 2266 Eudoxiarn

1916 2313 2058 2369 aegre
2116 2297 2260 2352 tulit.
2316 2297 2436 2353 Mox
2506 2293 2748 2353 Joannes
2818 2297 3083 2353 adversus
3147 2297 3520 2367 Theophilum

1915 2389 2239 2443 concionem
2274 2388 2534 2450 habebat,
2592 2388 2667 2440 ita
2709 2386 2938 2440 dicens:
2985 2405 3002 2437 ‹
3053 2384 3191 2452 Quis
3228 2386 3520 2459 Egyptius

1915 2479 2012 2534 Dei
2072 2489 2284 2534 amator
2341 2491 2425 2534 est
2498 2476 2952 2546 (theophilus)?
3014 2476 3151 2542 Quis
3215 2494 3384 2548 porro
3421 2479 3522 2533 Dei

1916 2580 2129 2624 amator
2165 2565 2573 2639 (theophilus)
2611 2566 2995 2622 detestabilem
3038 2582 3230 2622 eorum
3284 2571 3519 2640 gloriam

1919 2657 2251 2730 (eudoxiam)
2271 2657 2346 2727 (a)
2366 2671 2474 2711 non
2490 2657 2838 2712 abominatur
2862 2657 2886 2709 ?
2921 2676 2940 2709 ι
2961 2657 3141 2728 Atque
3183 2659 3326 2717 hanc
3353 2664 3520 2720 etiam

1909 2723 2240 2804 concionem
2270 2723 2588 2819 imperatori
2619 2747 3007 2815 tradiderunt;
3036 2723 3147 2819 quo
3173 2750 3380 2807 factum
3411 2764 3516 2821 est,

1916 2851 1977 2895 ut
2038 2841 2341 2913 indignatio
2402 2856 2432 2895 a
2483 2840 2792 2910 Theophilo
2858 2841 2912 2894 in
2964 2841 3235 2900 Joannem
3294 2846 3518 2903 decide-

1915 2944 2018 2987 ret.

1987 3021 2073 3076 18.
2132 3021 2288 3076 Tunc
2319 3021 2560 3078 Joannes
2591 3023 2729 3077 duos
2758 3024 2826 3078 de
2856 3025 3301 3094 persecutionem
3340 3026 3517 3096 passis

1913 3112 2214 3176 monachis,
2262 3113 2585 3169 Dioscorum
2611 3123 2666 3168 et
2703 3114 3010 3179 Hieracem,
3045 3129 3232 3169 eorum
3261 3130 3515 3171 cursores

1916 3201 2318 3271 (periodeutas,
2351 3203 2708 3269 visitatores),
2742 3202 3019 3257 ordinavit
3045 3203 3418 3275 presbyteros,
3450 3214 3513 3262 ut

1911 3302 2112 3364 sponte
2141 3293 2361 3363 propria
2389 3295 2655 3364 synodum
2691 3294 2760 3349 de
2791 3293 3081 3364 TheOphili
3114 3295 3283 3366 gestis
3313 3295 3516 3352 edoce-

1910 3390 2052 3438 rent.
2111 3386 2182 3438 At
2215 3382 2455 3438 Eudoxia
2501 3384 2864 3449 Theodotem,
2899 3400 3022 3454 qua
3075 3385 3222 3441 mille
3255 3403 3515 3444 nummos

1909 3472 2348 3529 abbati'lsidoro
2410 3473 2669 3537 dederat,
2727 3472 2944 3527 tradidit
2998 3472 3053 3527 in
3103 3474 3513 3532 matrimonium

1908 3565 2257 3622 Clementino
2311 3565 2464 3620 urbis
2521 3563 2816 3636 prafecto,
2873 3564 3148 3635 simulque
3221 3567 3514 3639 episcopos

1908 3656 2128 3728 Egypti
2169 3664 2226 3710 et
2273 3654 2474 3727 Libyae,
2512 3671 2615 3710 nec
2644 3671 2756 3711 non
2792 3655 3022 3712 clericos
3052 3658 3142 3727 qui
3191 3659 3401 3715 Isidoro
3429 3661 3512 3716 fa-

1908 3748 2130 3809 vebant,
2167 3747 2236 3800 ad
2268 3762 2326 3801 se
2375 3747 2579 3802 accitos
2624 3747 2783 3803 donis
2829 3748 3130 3804 cumulavit
3179 3768 3192 3803 :
3243 3760 3511 3823 quotquor

1908 3847 2089 3890 autem
2118 3835 2220 3890 sibi
2245 3836 2509 3906 parebant
2538 3837 2591 3890 in
2623 3835 2822 3906 palatio
2848 3837 3037 3890 habuit
3057 3852 3182 3891 cum
3212 3839 3475 3910 dignitate
3495 3881 3510 3899 .

1909 3927 2229 3982 resistentes
2261 3942 2392 3980 vero
2423 3925 2873 3982 Thessalonicam
2905 3928 3166 3998 relegavit
3196 3948 3207 3981 :
3244 3930 3511 4000 multique

1909 4018 2170 4088 episcopi,
2194 4017 2472 4083 monachi,
2500 4017 2704 4082 clerici,
2725 4017 3030 4088 presbyteri
3073 4029 3239 4089 atque
3269 4020 3508 4086 diaconi,

1908 4126 2012 4165 nec
2041 4125 2151 4164 non
2185 4118 2242 4163 et
2266 4109 2505 4179 virgines
2528 4125 2592 4162 ac
2623 4119 2890 4163 matrona
2918 4109 3342 4174 honestissima,
3368 4128 3508 4181 qua:-

1907 4215 2125 4269 cunque
2155 4198 2211 4252 in
2244 4198 2494 4269 partibus
2522 4196 2751 4252 Joannis
2795 4196 3001 4262 essent,
3049 4198 3222 4253 multa
3257 4199 3508 4256 afﬂictio-

1906 4306 2040 4346 num
2075 4289 2374 4345 certamina
2407 4288 2755 4359 pertulerunt
2785 4307 2797 4340 :
2835 4286 3209 4364 miserumque
3239 4297 3357 4344 erat
3383 4304 3509 4345 cer-

1905 4399 2038 4438 nere
2066 4392 2122 4437 et
2166 4381 2358 4436 audire
2405 4395 2470 4435 ac
2512 4379 2698 4435 dolere
2754 4380 2822 4434 de
2872 4378 2950 4434 sic
2999 4379 3186 4450 inique
3230 4381 3508 4450 oppressis

1904 4473 2131 4531 Joannis
2178 4473 2394 4538 amicis,
2424 4472 2698 4542 episcopis
2733 4483 2790 4527 et
2838 4472 3200 4543 presbyteris,
3238 4487 3365 4526 cum
3398 4473 3512 4527 dia-

1905 4569 2077 4633 conis,
2137 4567 2353 4622 clericis
2397 4582 2461 4620 ac
2492 4564 2798 4630 monachis,
2838 4579 2976 4634 quos
3006 4565 3062 4618 in
3097 4565 3352 4619 exsilium
3378 4580 3508 4619 cru-

1905 4662 2057 4717 deles
2087 4661 2340 4717 homines
2366 4655 3005 4722 extrudebant.Quidam
3033 4657 3143 4715 imo
3167 4657 3419 4711 monachi
3443 4674 3509 4712 ac

1905 4754 2145 4825 virgines
2175 4753 2415 4809 ascetico
2455 4749 2582 4806 vita
2624 4765 2823 4821 genere
2874 4749 3134 4812 illustres,
3170 4748 3508 4804 cruciatibus

1904 4861 1968 4901 ac
1998 4844 2288 4901 tormentis
2319 4843 2714 4908 multabantur,
2748 4841 2902 4896 laicis
2924 4841 3146 4896 demum
3178 4841 3392 4911 piisque
3423 4841 3509 4897 fe-

1903 4937 2070 4993 minis
2100 4938 2371 4993 bonorum
2403 4935 2640 5005 direptio
2669 4933 3122 4988 denuntiabatur.
3164 4929 3292 4987 Hac
3320 4931 3508 4987 omnia

1905 5030 1973 5085 ab
2000 5029 2246 5086 Eudoxia
2277 5036 2335 5084 et
2367 5027 2691 5083 satellitibus
2715 5027 2835 5096 ejus
2855 5035 3045 5082 contra
3069 5024 3338 5080 Joannem
3355 5026 3507 5096 ejus-

1903 5138 2009 5193 que
2040 5121 2285 5177 fautores
2319 5119 2547 5175 ﬁebant.
2580 5117 2760 5190 Atque
2790 5119 2865 5175 ita
2895 5118 3206 5183 eveniebat,
3239 5126 3299 5174 ut
3322 5118 3508 5176 Theo-

1903 5214 2088 5285 philus
2121 5212 2519 5281 absolveretur,
2551 5211 2795 5267 Joannes
2845 5221 3030 5266 autem
3057 5226 3224 5266 causa
3257 5211 3503 5267 caderet.

1903 5305 2004 5361 Hic
2043 5315 2226 5361 tamen
2277 5304 2500 5359 interim
2531 5319 2561 5359 a
2607 5302 2875 5359 conviciis
2905 5303 3170 5359 adversus
3202 5301 3505 5359 Eudoxiam

1902 5412 2012 5452 non
2045 5396 2332 5453 desinebat
2360 5395 2415 5450 in
2440 5395 2671 5451 ecclesia
2701 5402 2757 5450 et
2792 5395 3011 5467 publice
3042 5394 3274 5466 loquens
3308 5412 3321 5447 :
3365 5413 3385 5446 ι
3424 5393 3505 5448 En

1903 5504 2096 5545 rursus
2143 5489 2412 5545 Herodias
2456 5480 2854 5555 furit,'rursus
2890 5487 3114 5544 Jezabel
3144 5485 3384 5541 Nabuthi
3424 5484 3506 5537 vi-

1903 5597 2063 5638 neam
2091 5596 2285 5652 rapere
2313 5579 2450 5636 vult.
2484 5600 2502 5632 ι
2532 5580 2603 5637 Et
2632 5580 2847 5636 denuo:
2885 5598 2904 5633 ι
2939 5579 3134 5635 Nonne
3159 5577 3247 5634 odi
3276 5575 3502 5648 gloriam

279 5714 616 5794 {eludebat
676 5717 1106 5790 Chrysostomus
1163 5719 1278 5784 hic,
1342 5727 1396 5774 et
1440 5725 1651 5788 postea,
1703 5717 1759 5771 in
1802 5733 1827 5793 _:

1912 5719 2084 5794 biguis
2131 5720 2414 5777 vocabulis
2465 5719 2715 5791 Θεόφιλος
2764 5728 2819 5776 et
2867 5717 3149 5788 Θεόφιλος,
3200 5715 3415 5783 εὐδοξεα
3447 5725 3501 5772 et

218 5781 434 5855 Εὺὼξίςιι.
