4234 6310
216 361 384 405 ιιιιιι

218 462 601 533 (eudoxiam),
646 462 829 518 amavi
878 472 1061 519 autem
1106 464 1459 535 ignominiam
1503 464 1821 536 (adoxiam)

219 555 391 627 (Esth.
425 572 541 623 xiv,
590 558 721 627 l5)?
764 577 781 607 ι
817 559 887 612 Et
915 566 1099 613 tamen
1133 558 1251 614 haec
1284 567 1403 614 erat
1438 558 1558 629 ipso
1586 559 1823 629 impera-

221 660 337 703 tore
362 649 665 717 potentior.
1288 661 1291 663 ‘

295 740 380 793 19.
438 739 700 809 Episcopi
745 749 931 795 autem
970 728 1221 807 Aeacius,
1270 740 1605 796 Severianus
1660 749 1823 811 atque

220 832 585 901 Porphyrius,
623 834 855 902 ejusque
909 834 1133 887 assecla‘.
1186 834 1277 904 qui
1325 849 1450 886 eum
1515 832 1824 902 Theophila

218 925 639 994 ronspirabant,
670 926 812 980 facta
845 926 1083 980 coitione
1127 926 1515 996 imperatorem
1545 942 1824 981 convene-

219 1025 353 1071 runt
404 1017 708 1072 dicentes:
766 1038 786 1069 ι
830 1018 1081 1083 Domine,
1135 1020 1284 1074 salvo
1324 1020 1523 1074 summi
1576 1020 1825 1090 praesulis

218 1109 529 1181 privilegio,
566 1110 702 1180 iube
724 1126 827 1165 nos
858 1120 1215 1182 congregatos
1247 1111 1313 1166 de
1345 1112 1449 1165 hoc
1478 1110 1699 1181 negotio
1729 1126 1824 1165 c0-

216 1219 513 1272 gnoscere,
545 1203 692 1259 datis
720 1203 882 1258 nobis
921 1204 1198 1274 iudicibus
1227 1220 1363 1274 quos
1392 1213 1483 1258 tua
1510 1203 1823 1258 veneranda

218 1296 485 1365 maiestas
512 1298 775 1352 voluerit.
822 1297 955 1351 Nam
999 1297 1255 1351 monachi
1287 1298 1364 1362 hi,
1421 1297 1515 1367 qui
1548 1296 1824 1367 supplices

214 1388 491 1444 adversus
513 1391 883 1462 Theophilum
906 1391 1116 1446 libellos
1144 1392 1481 1454 obtulerunt,
1497 1388 1823 1461 Origenistae

218 1490 371 1545 sunt,
402 1493 574 1553 atque
604 1500 698 1537 eos
722 1498 908 1538 coram
936 1484 1192 1538 omnibus
1210 1493 1426 1554 oportet
1452 1481 1771 1537 examinari.
1798 1499 1816 1531 ι

219 1572 378 1628 Tunc
408 1574 711 1645 imperator
745 1592 994 1630 seorsum
1025 1575 1203 1630 ductis
1229 1574 1519 1645 episcopis,
1547 1574 1679 1628 satis
1708 1572 1824 1627 cle-

217 1678 438 1723 menter
467 1669 608 1723 dixit
638 1686 652 1722 :
687 1688 706 1721 ι
738 1668 921 1735 Scitis,
940 1685 973 1723 ο
1003 1668 1209 1731 Patres,
1235 1683 1323 1721 me
1347 1666 1543 1737 legisse
1570 1665 1821 1737 Origenis

227 1756 559 1813 Periarclwn
597 1773 711 1812 non
757 1758 876 1811 sine
923 1756 1331 1811 admiratione?
1390 1775 1408 1808 ι
1451 1756 1522 1810 At
1572 1754 1647 1809 illi
1687 1755 1823 1809 nihil

219 1850 633 1920 reSponderunt
682 1870 697 1905 :
760 1850 1052 1920 statimque
1107 1864 1203 1903 eos
1253 1848 1476 1913 dimisit,
1527 1864 1824 1918 parumper

220 1942 542 1998 scandalum
574 1958 788 2013 passus.
820 1942 998 2013 Atque
1029 1942 1102 1997 ita
1133 1941 1348 2006 accidit,
1383 1950 1443 1996 ut
1465 1940 1691 1997 Joannis
1723 1956 1822 1994 ne-

217 2036 426 2105 gotium
452 2034 512 2088 in
538 2033 889 2093 manifestam
908 2033 1346 2103 coniurationem
1374 2031 1823 2088 evaderet.Tunc

218 2125 523 2195 imperator
557 2126 776 2190 anxius,
812 2125 953 2179 circa
997 2124 1187 2179 Romae
1236 2125 1439 2195 legatos
1480 2124 1819 2185 tristabatur,

218 2234 349 2273 sane
375 2219 604 2289 ignarus
632 2233 769 2285 quas
792 2216 895 2287 ipsi
936 2215 1162 2270 insidias
1190 2214 1337 2286 passi
1368 2222 1574 2269 essent.
1603 2212 1823 2268 Blandat

220 2325 350 2381 ergo
380 2308 755 2379 praesentibus
782 2307 1077 2377 episcOpis,
1116 2316 1175 2361 ut
1201 2305 1511 2377 congregati
1544 2321 1661 2360 rem
1692 2318 1823 2373 pro-

219 2400 452 2471 positam
486 2397 826 2461 examinem,
856 2398 995 2451 datis
1025 2396 1324 2466 iudicibus.
1348 2391 1621 2465 Hesychia
1635 2408 1823 2448 sacrov

220 2508 345 2546 rum
372 2490 763 2561 prtetoriorum
810 2486 1089 2558 praefecto,
1124 2494 1181 2540 et
1209 2483 1513 2555 primorum
1544 2495 1823 2552 praesem-

221 2594 403 2640 torum
431 2582 669 2638 ducibus
711 2579 986 2635 Maxentio
1016 2594 1080 2633 ac
1110 2578 1366 2641 Diodoro,
1400 2591 1524 2631 cum
1565 2573 1823 2645 Aquilino

220 2686 515 2747 questore,
551 2683 610 2729 et
636 2670 918 2726 nonnullis
955 2669 1221 2741 patriciis.
1270 2666 1688 2737 Congregantur
1717 2664 1822 2719 ita-

220 2784 326 2838 que
356 2778 511 2823 extra
550 2765 744 2821 urbem
787 2764 843 2817 in
888 2760 1221 2818 monasterio
1253 2759 1511 2815 Dorothei
1537 2758 1823 2829 cuiusdam

222 2858 668 2914 archimandrita:
701 2854 883 2926 magni
914 2868 1043 2909 vere
1086 2862 1143 2907 et
1184 2851 1403 2917 eximii;
1436 2866 1673 2921 cumque
1723 2850 1824 2904 tri-

222 2950 392 3005 bunal
421 2949 491 3003 ab
526 2946 961 3003 archimandrita
984 2954 1325 3006 exoraretur,
1360 2951 1423 2997 ut
1454 2943 1527 2997 ibi
1580 2943 1820 3007 sederet,

223 3042 518 3112 locumque
552 3041 879 3100 bonoraret,
922 3042 1249 3091 recusarunt
1291 3034 1506 3104 iudices
1551 3032 1819 3097 dicentes,

226 3132 403 3187 solere
447 3131 686 3202 synodos
734 3128 798 3183 in
830 3126 1078 3183 ecclesiis
1122 3134 1181 3181 et
1226 3141 1339 3181 non
1382 3124 1437 3179 in
1472 3123 1822 3180 monasteriis

227 3223 566 3297 congregari.

293 3342 388 3397 20.
463 3338 756 3410 Aquilinus
794 3344 1029 3408 quaestor
1077 3334 1215 3390 dixit
1271 3351 1282 3386 :
1337 3354 1355 3386 ε
1416 3332 1562 3389 Editi
1618 3332 1823 3387 fuimus

228 3429 623 3486 controversiae
653 3429 939 3498 cuiusdam
971 3426 1200 3491 arbitri;
1233 3425 1331 3479 sed
1358 3424 1582 3479 ubinam
1617 3422 1825 3493 episco-

230 3538 423 3593 porum
462 3521 799 3576 multitudo?
847 3520 1071 3574 ubinam
1115 3517 1353 3573 senioris
1391 3516 1582 3570 Romae
1623 3515 1825 3584 legati?

230 3611 437 3667 Revera
472 3613 854 3667 demonstrant
876 3625 1052 3680 neque
1083 3607 1345 3663 canonice
1372 3621 1551 3677 neque
1584 3605 1827 3675 legitima

232 3701 335 3756 huc
361 3701 713 3765 convenisse,
741 3699 838 3754 sed
868 3715 935 3754 ex
972 3697 1231 3753 mandato
1255 3696 1442 3751 nescio
1467 3711 1595 3766 quo.
1636 3714 1654 3745 ι
1684 3696 1826 3749 Aca-

233 3793 344 3847 cius
366 3792 577 3847 Bertea:
605 3791 743 3847 dixit
776 3809 788 3843 :
820 3810 837 3842 ι
873 3788 1250 3865 Sacratissima
1292 3787 1536 3858 Augusta
1566 3786 1827 3857 praecepit

234 3883 319 3938 hic
336 3883 451 3938 fieri
472 3882 826 3947 auditorium,
846 3889 1070 3951 propter
1092 3880 1381 3935 discidium
1399 3894 1525 3934 cum
1550 3878 1783 3934 Joanne.
1800 3898 1818 3931 ›

232 3974 481 4039 Quaestor
528 3981 883 4043 exasperatus
912 3973 1049 4027 dixit
1083 3991 1096 4026 :
1130 3992 1149 4023 ι
1186 3970 1298 4027 Cur
1337 3971 1520 4026 dicere
1567 3970 1821 4037 voluisti,

232 4066 532 4137 Augustam
604 4065 886 4121 insolitum
936 4064 1068 4135 quid
1134 4062 1413 4120 voluisse?
1478 4062 1620 4116 Num
1675 4062 1824 4116 scius

231 4157 469 4216 Joannes
496 4158 755 4231 Augustae
786 4158 1165 4215 conviciatur?
1194 4158 1306 4213 Cur
1334 4172 1467 4212 vero
1506 4155 1824 4227 huiusmodi

232 4254 638 4308 accusationem
671 4252 761 4307 hic
791 4251 907 4307 ﬁeri
946 4267 1084 4322 opus
1113 4252 1234 4305 est?
1267 4249 1407 4305 Ecce
1436 4260 1496 4305 tu
1538 4250 1595 4304 in
1633 4250 1826 4319 primis

235 4346 580 4401 contumeliae
612 4355 893 4400 auctorem
921 4354 973 4398 te
1007 4343 1160 4398 facis.
1190 4361 1209 4393 ›
1244 4340 1686 4397 Arehimandrita
1718 4341 1822 4396 ait:

240 4456 258 4489 ι
300 4436 441 4491 Vere
471 4436 692 4501 dixisti;
727 4436 843 4506 ipsa
870 4444 1054 4491 autem
1089 4435 1195 4489 hoc
1230 4433 1592 4488 nihilominus
1630 4443 1827 4503 postue

234 4526 377 4582 lavit.
432 4547 450 4579 ο
497 4527 568 4583 At
616 4528 904 4598 Aquilinus
957 4537 1212 4596 tanquam
1254 4525 1391 4580 nihil
1437 4525 1711 4589 audisset,
1751 4524 1829 4578 ait

234 4618 504 4687 episcopis
555 4634 569 4672 :
606 4636 623 4669 ε
674 4617 903 4687 Oportet
937 4618 1045 4672 huc
1088 4617 1280 4671 adesse
1319 4615 1605 4676 Joannem,
1646 4623 1706 4669 ut
1759 4630 1827 4669 eo

232 4719 502 4781 prtesente
548 4718 660 4765 tota
693 4710 923 4781 quaestio
953 4700 1265 4765 ventiletur.
1306 4726 1323 4760 ι
1355 4707 1479 4762 Mox
1517 4706 1829 4778 signiﬁcant

233 4802 425 4857 Joanni
456 4818 560 4872 per
587 4802 725 4857 duos
754 4801 1011 4866 clericos,
1058 4802 1152 4871 qui
1182 4800 1251 4855 ab
1301 4801 1420 4871 ipso
1449 4798 1681 4855 ecclesia
1714 4798 1826 4853 Iuc-

235 4903 353 4949 rant
377 4895 563 4965 eiecti,
607 4904 668 4948 ut
711 4895 781 4949 ad
818 4894 1133 4965 synedrium
1179 4893 1423 4947 accedat.
1475 4891 1546 4947 At
1584 4892 1827 4945 Joannes

233 4987 308 5041 sic
334 4987 415 5042 eis
447 4986 732 5057 respondit
766 5006 778 5040 :
818 5006 835 5038 ‹
875 4986 993 5041 Non
1026 4983 1293 5041 canonico
1340 4993 1532 5039 tenore
1580 4982 1821 5047 utimini,

234 5082 318 5150 qui
347 5097 436 5136 me
464 5098 570 5152 per
599 5081 849 5136 inimicos
876 5080 1127 5135 homines
1155 5077 1459 5148 appellatis,
1524 5085 1584 5131 ut
1615 5075 1822 5131 inimici

234 5173 293 5226 ad
324 5173 575 5228 inimicos
599 5173 956 5243 iudicandum
974 5172 1267 5227 deducant.
1295 5189 1312 5221 ι
1332 5169 1657 5224 llenuerunt
1680 5168 1824 5222 simi-

234 5265 349 5322 liter
379 5268 475 5339 qui
520 5268 742 5323 stabant
775 5283 877 5338 pro
902 5267 1114 5321 Joanne
1139 5264 1380 5335 episcopi
1409 5270 1601 5319 contra
1637 5262 1823 5315 Theo-

231 5357 458 5428 philum,
489 5359 741 5414 dicentes
773 5375 787 5429 ;
826 5376 843 5407 ι
882 5357 1046 5411 Extra
1087 5370 1294 5408 morem
1328 5361 1429 5417 est,
1482 5362 1543 5406 ut
1582 5350 1823 5405 Ecclesia

232 5460 423 5519 praeter
455 5465 698 5506 canones
725 5448 1076 5513 dissolvatur,
1108 5460 1272 5517 quam
1306 5444 1573 5499 Dominus
1599 5440 1822 5512 proprio

234 5543 483 5613 sanguine
521 5526 836 5612 acquisivit.
874 5538 1129 5610 Oportuit
1156 5553 1286 5608 ergo
1318 5544 1372 5590 te
1412 5533 1595 5604 potius
1631 5532 1819 5586 venire

234 5633 293 5688 ad
320 5650 415 5689 nos
439 5634 493 5689 in
538 5635 737 5689 urbem
772 5631 934 5701 iustis
974 5630 1185 5703 legibus
1217 5626 1675 5687 administratam,
1708 5636 1817 5676 non

1050 347 1136 402 DE
1180 346 1342 403 VITA
1384 346 1472 404 ET
1515 346 1788 402 EXSILIO
1824 348 1883 403 S.
1924 346 2216 405 JOANNIS
2255 346 2771 403 CIlliYSOSTOMI.

3362 362 3526 403 ωιτν

1926 478 2109 522 autem
2136 482 2362 523 evocare
2392 467 2537 521 foras
2566 466 2811 530 Abelem,
2841 476 2901 520 ut
2928 463 3065 521 Cain
3088 465 3239 519 fecit.
3268 464 3351 519 Tu
3378 468 3528 522 enim

1927 573 1992 614 ex
2028 557 2191 612 unica
2219 557 2461 629 regione,
2488 572 2592 611 nos
2621 572 2686 612 ex
2717 556 2902 611 multis
2938 558 3316 627 provenimus,
3350 566 3406 613 et
3446 572 3503 612 se

1926 658 2075 718 ptem
2093 665 2256 719 supra
2278 649 2636 720 quadraginta
2652 649 3017 719 metropolitae
3033 665 3225 705 sumus
3240 668 3253 714 ;
3276 666 3529 720 :equum-

1927 759 2033 813 que
2063 754 2148 799 est
2192 753 2253 797 ut
2300 744 2587 813 pauciores
2626 759 2660 798 a
2706 743 2956 814 pluribus
2986 751 3042 799 et
3088 744 3302 798 diversa
3352 745 3527 814 patria

1928 835 2081 899 ortis,
2113 835 2449 903 iudicentur.
2495 834 2631 899 Quae
2671 835 2713 888 si
2747 833 2989 904 ignoras,
3021 850 3171 888 nunc
3200 834 3373 891 disce.
3430 834 3523 890 Sin

1930 926 2209 995 tyrannica
2234 926 2369 997 agis,
2395 926 2533 980 nihil
2555 926 2653 980 tibi
2676 925 2939 996 proderit,
2973 934 3068 979 aut
3093 934 3198 982 tua:
3224 928 3527 996 tyrannidis

1929 1019 2118 1084 sociis,
2152 1019 2406 1073 Satanica
2450 1018 2729 1073 violentia.
2778 1034 2796 1067 ι
2831 1016 3085 1072 Attamen
3115 1018 3405 1088 Aquilinus
3448 1018 3528 1073 sic

1926 1110 2124 1166 Joanni
2179 1110 2499 1165 intimavil:
2542 1130 2560 1162 ε
2614 1110 2732 1165 Νἱεὶ
2768 1111 2880 1165 huc
2926 1111 3091 1177 adsis,
3133 1119 3195 1166 ut
3240 1111 3527 1166 ambarum

1928 1204 2165 1273 partium
2196 1203 2361 1257 verba
2392 1202 2700 1269 audiamus,
2748 1211 3008 1272 tanquam
3054 1203 3245 1272 iudicii
3275 1203 3531 1259 deserto-

1928 1308 2043 1347 rem
2075 1303 2127 1349 te
2158 1293 2240 1347 lex
2275 1293 2625 1350 condemnat.
2658 1292 2817 1360 Quod
2848 1295 2894 1349 si
2926 1294 3128 1358 aderis,
3166 1311 3393 1366 prorsus
3421 1309 3529 1353 not-

1928 1394 2102 1439 strum
2150 1386 2421 1458 iudicium
2470 1401 2589 1453 eos,
2644 1387 2738 1459 qui
2783 1388 2925 1443 male
2967 1387 3020 1444 id
3077 1390 3525 1459 provocaverint,

1928 1488 2203 1548 coarguet.
2221 1498 2237 1529 ι

1998 1571 2087 1625 2t.
2116 1570 2258 1642 Ergo
2294 1570 2515 1627 advenit
2542 1571 2783 1628 Joannes
2815 1582 2983 1630 multa
3014 1576 3350 1631 cumturba.
3383 1575 3524 1631 Tum

1923 1676 2214 1747 iusserunt
2238 1677 2454 1748 iudices
2484 1688 2543 1735 ut
2574 1679 2866 1750 Theophili
2901 1681 3131 1737 comites
3156 1692 3329 1737 extra.
3352 1683 3525 1752 pelle-

1930 1793 2143 1847 rentur,
2192 1792 2250 1838 et
2280 1784 2352 1837 illi
2379 1784 2608 1841 Joannis
2633 1802 2745 1842 non
2787 1787 3207 1858 ingrederentur
3255 1798 3528 1858 :uterque

1926 1895 2109 1942 autem
2137 1888 2379 1959 quinque
2401 1890 2691 1961 episcopos
2713 1906 2902 1947 secum
2935 1892 3183 1947 haberet.
3212 1892 3280 1947 Et
3303 1892 3524 1962 sapiente

1928 1983 2175 2039 tissrmus
2222 1986 2515 2055 Aquilmus
2559 2002 2685 2042 cum
2738 1988 2951 2057 reliquo
3004 1989 3269 2044 tribunali
3324 1989 3461 2044 dixit
3509 2006 3523 2043 :

1933 2098 1953 2131 ‹
1982 2080 2364 2153 Ingrediantur
2394 2085 2673 2150 monachi,
2696 2086 2791 2155 qui
2820 2085 3033 2141 libellos
3057 2088 3337 2157 supplices
3365 2084 3528 2139 exhi-

1929 2182 2059 2238 bere
2092 2182 2301 2235 volunt.
2325 2199 2341 2232 ›
2360 2179 2568 2235 llivero
2587 2180 2822 2251 ingressi
2840 2188 3112 2236 suntcum
3125 2183 3522 2253 duobus,quos

1929 2273 2167 2329 Joannes
2204 2276 2558 2343 presbyteros
2603 2272 2957 2327 ordinaverat
2992 2292 3005 2327 :
3052 2290 3192 2343 quos
3226 2275 3520 2345 Aquilinus

1928 2374 2169 2437 quaestor
2194 2363 2491 2433 aspiciens.
2530 2370 2585 2418 et
2607 2350 2829 2419 sanctus
2863 2363 3116 2420 homines
3155 2381 3279 2420 csse
3310 2368 3515 2431 sciens,

1927 2459 2005 2511 ait
2026 2455 2371 2525 Theophilo:
2404 2473 2423 2507 ι
2454 2454 2499 2510 0
2538 2456 2799 2524 praeclare
2820 2455 3099 2525 episcope,
3140 2472 3394 2526 quaenam
3421 2458 3521 2513 fuit

1927 2574 2111 2624 causa,
2134 2568 2228 2614 aut
2255 2574 2377 2629 quae
2412 2558 2552 2612 ratio
2583 2558 2682 2613 tibi
2713 2564 2905 2624 suasit,
2941 2572 3002 2617 ut
3029 2559 3263 2630 sumptis
3277 2559 3529 2615 militari-

1925 2655 2028 2711 bus
2073 2655 2241 2709 armis
2282 2662 2473 2708 contra
2504 2656 2607 2708 hos
2655 2656 2957 2711 monachos
2988 2658 3253 2727 impetum
3289 2655 3524 2722 faceres,

1926 2765 2131 2820 eosque
2146 2750 2433 2820 spoliares,
2453 2751 2665 2806 baculis
2691 2752 3034 2820 verberares,
3056 2763 3111 2809 et
3131 2753 3528 2809 exterminare:

1928 2870 2035 2909 una
2066 2869 2190 2910 cum
2220 2854 2431 2909 Isidoro
2462 2856 2783 2927 presbytero
2813 2872 2941 2913 vere
2971 2858 3195 2926 celebri,
3231 2859 3326 2914 Dei
3364 2859 3527 2915 timo-

1927 2977 2043 3017 rem
2104 2971 2162 3016 et
2222 2962 2571 3018 dominorum
2620 2979 2838 3035 semper
2873 2966 3170 3021 timendam
3228 2966 3529 3023 vindictam

1928 3068 2335 3123 contemnens?
2373 3087 2391 3119 ›
2438 3068 2522 3123 Ad
2567 3069 2685 3125 haec
2717 3068 3059 3141 The0philus
3098 3092 3109 3125 :
3163 3092 3182 3124 ‹
3237 3071 3526 3142 Tanquam

1928 3173 2219 3230 haereticos
2247 3184 2305 3229 et
2333 3174 2618 3230 dioecesim
2648 3190 2825 3231 meam
2856 3178 3259 3243 subvertentes,
3299 3178 3373 3234 ita
3416 3186 3529 3233 tra-

1926 3271 2090 3327 ctavi.
2118 3290 2134 3322 ι
2163 3270 2416 3338 Quaestor
2440 3272 2610 3326 dixit:
2648 3292 2667 3324 ‹
2686 3272 2807 3328 Non
2833 3274 3081 3345 cogitasti
3104 3274 3270 3331 illud:
3297 3275 3528 3331 "tereti-

1926 3393 2045 3431 cum
2076 3377 2337 3431 hominem
2365 3387 2480 3446 post
2505 3394 2667 3433 unam
2698 3388 2757 3433 et
2796 3379 3027 3435 alteram
3056 3384 3397 3439 munitionem
3436 3386 3529 3439 de-

1927 3488 2036 3542 vita
2067 3486 2192 3556 (Tit.
2225 3488 2279 3550 3,
2314 3488 2403 3557 l0)
2428 3504 2443 3553 ;
2474 3501 2586 3542 non
2608 3495 2793 3542 autem
2824 3488 3140 3559 huiusmodi
3167 3491 3414 3549 cladibus
3442 3503 3527 3552 at-

1928 3607 2035 3663 que
2075 3592 2404 3649 omnimodis
2434 3593 2589 3649 malis
2624 3594 2847 3651 obrue?
2888 3615 2906 3646 θ
2949 3595 3291 3669 Theophilus
3330 3600 3527 3663 obmu-

1930 3698 2053 3754 tuit.
2089 3698 2296 3754 Deinde
2328 3699 2613 3765 monachis
2644 3700 2788 3756 idem
2818 3711 3061 3773 quaestor
3088 3704 3165 3759 ait
3197 3723 3210 3758 :
3254 3722 3273 3755 ι
3315 3704 3416 3772 Qui
3449 3716 3532 3762 tot

1928 3820 2142 3877 pugnas
2172 3805 2484 3862 dazmonum
2528 3808 2739 3877 experti
2770 3811 2923 3876 estis,
2958 3826 3107 3865 nunc
3136 3813 3417 3882 patientia:
3444 3814 3529 3870 vi-

1929 3927 2117 3983 gorem
2142 3910 2435 3967 arnisistis?
2480 3930 2497 3962 ι
2532 3912 2615 3966 Illi
2640 3912 3047 3981 responderunt
3076 3932 3090 3969 :
3127 3935 3145 3966 ι
3180 3915 3529 3976 Intoleranda

1929 4020 2014 4074 vis
2042 4035 2071 4072 a
2098 4020 2282 4090 priore
2307 4034 2461 4075 more
2483 4019 2757 4074 declinare
2788 4034 2889 4073 nos
2915 4020 3220 4090 compulit;
3246 4022 3360 4091 iam
3380 4023 3530 4079 enim

1930 4142 1961 4180 a
1994 4125 2353 4197 quadraginta
2399 4125 2559 4180 annis
2587 4125 2642 4179 in
2677 4140 2745 4179 eo
2790 4126 3105 4181 habitaculo
3147 4128 3541 4185 versabantura

1930 4232 2161 4303 Insuper
2195 4240 2251 4287 et
2278 4232 2461 4304 inclyti
2488 4230 2675 4287 Patres
2709 4232 2905 4288 Petrus
2930 4248 2994 4287 ac
3019 4232 3365 4299 Timotheus,
3401 4251 3532 4290 cum

1928 4357 2031 4397 nos
2066 4341 2405 4406 invisissent,
2442 4348 2500 4395 et
2526 4339 2733 4409 aliquot
2754 4337 2823 4394 de
2855 4337 3061 4393 nostris
3092 4353 3256 4407 quam
3286 4338 3537 4393 aestimas

1933 4449 2073 4503 biles
2098 4457 2284 4503 essent
2310 4447 2680 4518 agnovissent,
2715 4444 3031 4499 nullatenus
3060 4441 3221 4498 nobis
3250 4442 3528 4498 adversati

1929 4564 2081 4620 sunt,
2118 4553 2214 4608 sed
2235 4560 2291 4607 et
2309 4560 2527 4607 nostras
2555 4565 2746 4621 preces
2778 4548 3147 4612 ambiverunt,
3181 4563 3393 4619 nosque
3424 4549 3529 4603 bo-

1928 4670 2192 4716 norantes
2218 4669 2275 4715 et
2304 4657 2715 4721 continuantes,
2759 4672 2885 4712 mox
2934 4655 3179 4725 epistolis
3224 4657 3338 4711 suis
3368 4671 3529 4728 roga-

1927 4775 2076 4832 runt,
2110 4774 2167 4818 ut
2194 4764 2250 4818 in
2270 4763 2529 4835 precibus
2552 4776 2824 4818 memores
2848 4761 3067 4816 illorum
3090 4777 3213 4817 esse
3238 4763 3525 4818 vellemus.

1926 4872 2117 4942 Itaque
2144 4871 2259 4926 sive
2280 4869 2424 4941 quod
2447 4868 2719 4924 verberati
2743 4866 2969 4932 fuimus,
2990 4866 3106 4921 sive
3122 4867 3269 4937 quod
3293 4868 3526 4939 expulsi,

1928 4977 1982 5032 id
2023 4992 2188 5033 omne
2232 4977 2344 5031 Deo
2371 4974 2739 5039 dimittimus;
2770 4990 2941 5029 unum
2986 4974 3243 5043 petimus,
3279 4982 3338 5029 ut
3370 4974 3530 5030 nobis

1929 5084 2302 5139 habitaculum
2334 5090 2583 5138 nostrum
2605 5080 2886 5147 reddatur,
2920 5090 2980 5134 ut
3010 5080 3119 5135 illic
3153 5081 3219 5135 ad
3251 5080 3531 5151 paeniten-

1928 5193 2058 5245 tiam
2089 5190 2353 5262 agendam
2384 5195 2601 5243 ncsmct
2630 5185 2980 5256 recipiamus.
3026 5203 3045 5237 ι
3076 5185 3291 5241 Excelsi
3326 5195 3527 5256 prreto-

1929 5315 2018 5353 res
2051 5313 2158 5352 una
2190 5312 2315 5350 cum
2361 5292 2619 5364 Aquilino
2670 5293 2930 5347 dixerunt
2975 5310 2987 5345 :
3036 5311 3056 5343 r
3117 5291 3263 5346 Bene
3314 5291 3528 5353 facitis;

1928 5403 2193 5473 scriptum
2224 5409 2309 5455 est
2352 5397 2503 5453 enim
2534 5416 2546 5452 :
2578 5397 2707 5461 Quis
2752 5413 2845 5451 nos
2885 5396 3156 5466 separabit
3198 5415 3229 5449 α
3270 5396 3530 5451 rharitare

1929 5504 2127 5560 Christi
2172 5502 2345 5573 (Rom.
2390 5502 2446 5565 8,
2477 5499 2992 5570 55)?Quamobrem
3030 5508 3181 5556 recte
3202 5499 3525 5565 sentientes,

1933 5612 1997 5667 ad
2052 5610 2341 5666 stationem
2392 5597 2630 5664 vestram
2677 5606 3023 5664 laudabiliter
3064 5605 3445 5663 revertemin‘i.
3502 5617 3527 5654 ι

292 5797 357 5867 (ὓ)
402 5797 684 5856 Palladius
722 5794 777 5848 in
815 5791 1056 5859 Dialuqn.
1088 5789 1249 5845 infra.
1294 5787 1427 5841 dicit
1462 5804 1523 5840 xi,
1575 5786 1880 5855 episcopos,
1922 5796 2151 5855 quorum
2185 5798 2257 5836 vn
2295 5780 2675 5850 metropolitaz.
