4234 6310
205 403 362 452 ιιινιι

210 509 556 572 lilseruntque
577 511 676 552 eos
692 498 762 554 ad
783 497 1188 565 imperatorem,
1212 487 1353 543 facta
1379 482 1459 539 rei
1480 478 1785 537 relatione:

212 613 291 683 qui
322 607 448 665 boni
495 603 792 660 consulens
811 640 825 665 ,
873 593 1298 670 mandatumque
1335 590 1447 660 jam
1484 583 1746 664 omittens
1765 621 1783 645 ,

213 719 337 775 dona
362 715 433 768 iis
459 711 706 766 tribuere
726 704 921 769 voluit,
955 715 1079 772 quae
1114 713 1226 754 non
1249 695 1612 751 admiserunt.
1643 685 1788 743 Scri-

215 818 308 893 psit
330 817 559 885 insuper
579 807 797 883 Egypti
826 804 1105 878 praefecto,
1137 808 1201 856 ut
1226 800 1442 855 illorum
1471 794 1636 851 cellas
1661 790 1790 847 aedi.

214 921 399 985 σαι-ει,
427 915 744 972 necessaria
773 908 1168 981 suppeditaret,
1201 911 1257 960 et
1280 911 1342 957 ut
1362 899 1534 971 quieti
1567 896 1788 953 habita-

216 1033 339 1081 rent.
365 1023 520 1078 Idem
548 1020 792 1090 Augusta
819 1028 1038 1085 quoque
1066 1008 1366 1067 mandavit.

272 1125 354 1180 Ὦ.
385 1123 531 1178 τω
560 1119 849 1190 Aquilinus
881 1122 1120 1187 quaestor
1155 1109 1353 1166 Joanni
1380 1106 1559 1163 dixit:
1615 1121 1636 1156 ι
1669 1100 1792 1157 Non

216 1229 394 1286 audisti
421 1227 535 1282 hoc
552 1222 838 1296 praedicari
865 1239 880 1275 :
903 1221 1074 1275 Deum
1103 1217 1300 1281 timete,
1337 1228 1515 1284 regem
1539 1211 1796 1263 honorate

217 1334 262 1405 (I
285 1334 421 1388 Patr.
452 1331 511 1385 2.
546 1327 681 1398 1‘1)!
701 1325 963 1391 Quaenam
993 1321 1160 1394 igitur
1185 1325 1240 1372 te
1273 1329 1436 1371 causa
1469 1310 1706 1383 impulit,
1733 1314 1794 1363 ut

215 1440 271 1494 in
296 1437 604 1509 religiosam
655 1431 952 1502 Augustam
1001 1433 1286 1494 tantopere
1342 1414 1724 1474 invehereris?
1767 1431 1786 1466 ι

211 1542 364 1599 Time
402 1543 698 1610 surgentes
728 1529 1058 1589 Severianus
1103 1527 1306 1596 aliique
1359 1521 1734 1577 clamaverunt
1775 1535 1788 1570 :

222 1670 238 1699 ι
249 1649 496 1718 Augusta
508 1643 712 1698 multos
723 1654 916 1704 annos,
929 1647 986 1692 et
997 1635 1236 1692 inimicis
1249 1634 1369 1704 ejus
1378 1631 1726 1686 Proconesus
1741 1626 1754 1678 l
1772 1642 1789 1674 ι

215 1749 492 1820 Aquilinns
520 1760 647 1802 cum
679 1743 893 1799 caeteris
920 1739 1057 1795 dixit
1089 1755 1103 1792 :
1140 1757 1159 1788 ι
1192 1734 1431 1790 Decetne
1454 1746 1569 1795 vos,
1596 1727 1800 1783 omisso

217 1870 354 1912 more
378 1848 728 1915 sacerdotali,
759 1846 954 1901 laicum
999 1855 1302 1905 assumere,
1339 1844 1397 1893 et
1432 1833 1587 1890 laicis
1623 1830 1801 1886 excla-

217 1958 544 2018 mationibus
578 1952 698 2009 uti?
735 1967 755 2004 ι
803 1949 1012 2004 'l’amen
1052 1961 1124 2001 ne
1157 1944 1237 1999 sic
1279 1941 1502 2013 quidem
1550 1937 1801 2009 quiesce-

217 2066 352 2122 bant.
405 2057 757 2128 Theophilus
793 2053 930 2109 dixit
978 2073 990 2107 :
1034 2070 1052 2102 ι
1089 2046 1331 2119 Supplex
1368 2059 1496 2108 oro,
1529 2038 1804 2112 quomodo

217 2168 298 2224 hic
335 2181 424 2221 me
466 2161 822 2233 deposuerit,
865 2157 1009 2213 scire
1058 2153 1256 2216 velim,
1312 2158 1368 2205 et
1416 2163 1518 2203 cur
1555 2143 1806 2201 inimicos

218 2283 375 2334 meos,
434 2264 537 2336 qui
589 2269 723 2318 sunt
752 2258 1020 2321 haeretici,
1075 2251 1383 2311 sacerdotio
1431 2243 1742 2303 ornaverit?
1781 2261 1798 2292 ι

217 2373 456 2438 Quaestor
488 2366 632 2423 dixit
665 2382 680 2416 :
719 2383 745 2414 «ς
774 2361 1125 2434 Nequaquam
1166 2357 1258 2411 hic
1288 2361 1344 2408 te
1391 2348 1678 2422 deposuit,
1711 2344 1808 2400 sed

217 2474 582 2546 apostolorum
618 2465 886 2537 Princeps
930 2477 1057 2520 cum
1101 2474 1298 2530 magno
1343 2453 1684 2511 Innocentio.
1732 2449 1809 2504 De

220 2579 472 2636 ordinatis
505 2585 694 2631 autem
724 2589 827 2629 cur
859 2568 1125 2642 quereris,
1158 2581 1284 2621 cum
1316 2572 1375 2618 tu
1408 2561 1526 2633 ipse
1557 2558 1613 2614 in
1643 2571 1802 2612 arcu-

219 2689 417 2744 satione
448 2680 729 2740 versetis?
768 2697 788 2731 ι
823 2676 1014 2732 Denuo
1054 2668 1398 2741 Theophilus
1430 2672 1583 2720 metu
1612 2661 1811 2718 obmu-

225 2792 334 2848 tuit.
379 2788 600 2846 Deinde
639 2785 831 2842 dicunt
878 2777 1076 2836 «ιοπωί
1112 2793 1127 2830 :
1168 2794 1190 2828 ς
1246 2773 1413 2828 Decet
1467 2777 1522 2824 te
1580 2764 1814 2836 objectis

221 2893 556 2965 respondere
599 2905 664 2944 ac
702 2879 1098 2946 demonstrare,
1143 2891 1306 2948 quam
1344 2875 1417 2930 ob
1462 2886 1682 2929 causam
1733 2875 1815 2925 tot

226 3007 490 3067 tantaque
543 3000 735 3049 contra
778 2985 1220 3059 gloriosissimam
1265 2979 1566 3052 Augustam
1611 2991 1676 3031 ex
1719 2988 1816 3030 ore

221 3113 312 3154 tuo
344 3093 705 3154 contumelia:
729 3088 1038 3147 sonuerint.
1075 3104 1097 3137 ι
1128 3084 1369 3139 Joannes
1416 3094 1549 3136 vero
1578 3076 1757 3148 inquit
1797 3092 1812 3129 :

231 3224 249 3256 c
285 3204 556 3276 Equidem
589 3200 637 3254 si
673 3198 937 3253 adversus
981 3191 1279 3255 Dominum_
1309 3201 1508 3259 meum
1532 3183 1816 3240 Christum

223 3309 358 3364 male
384 3303 599 3378 aliquid
627 3302 767 3368 dixi,
794 3301 912 3372 ipse
957 3305 1133 3354 semet
1177 3293 1491 3351 vindicabit.
1532 3290 1734 3346 Verum
1769 3285 1824 3356 si,

221 3412 290 3469 de
313 3413 566 3475 homine,
598 3407 981 3480 praecipueque
1009 3403 1055 3459 si
1078 3402 1146 3458 de
1167 3399 1367 3456 lentim
1393 3397 1591 3469 agitur,
1618 3408 1718 3466 ego
1748 3393 1818 3449 de

231 3521 325 3575 hac
346 3534 406 3575 re
433 3517 613 3573 verba
635 3529 748 3570 non
777 3511 990 3566 faciam.
1023 3525 1043 3558 ι
1075 3505 1539 3574 Consurgensque
1566 3510 1820 3570 egressus

237 3831 371 3886 hunc
402 3827 690 3900 agendum
721 3820 814 3877 sit.
854 3837 872 3870 ι
911 3816 1218 3885 Statimque
1253 3817 1648 3882 consurgentes
1678 3806 1825 3878 judi-

235 3949 318 3990 ces
341 3933 623 3989 exierunt.

298 4039 385 4095 23.
414 4039 625 4095 Postea
667 4031 976 4089 deliberans
1011 4042 1137 4084 cum
1167 4025 1283 4082 suis
1319 4021 1686 4094 Theophilus,
1711 4019 1826 4076 for-

240 4141 428 4196 mulam
457 4135 760 4196 sententiae
797 4115 1103 4204 composuit
1133 4140 1391 4201 tanquam
1420 4144 1453 4183 a
1486 4126 1674 4182 multis
1707 4123 1829 4195 epi-

238 4246 404 4316 scopis
431 4245 601 4300 (λειω
621 4283 638 4308 ,
669 4249 728 4296 ct
755 4235 1070 4308 imperatori
1094 4234 1311 4292 obtulit.
1340 4232 1442 4288 ilic
1469 4239 1654 4287 autem
1681 4229 1831 4300 judi-

235 4350 371 4406 cium
393 4352 452 4407 in
493 4349 628 4404 illos
655 4343 915 4415 rejiciens
943 4343 1060 4398 ait:
1099 4360 1118 4393 ‹
1153 4339 1356 4397 Judicii
1385 4338 1554 4394 vestri
1591 4351 1682 4392 res
1723 4342 1827 4402 est,

237 4467 390 4526 prout
417 4451 760 4516 censuistis;
792 4463 892 4505 vos
916 4446 1191 4504 videbitis.
1229 4465 1248 4496 ι
1275 4445 1414 4500 Tum
1443 4442 1640 4499 Joanni
1673 4441 1835 4515 signi-

244 4560 393 4615 ficant
417 4573 524 4632 per
558 4555 887 4619 Hariannm,
918 4551 1011 4623 qui
1052 4557 1173 4606 erat
1209 4547 1354 4619 apud
1390 4547 1690 4620 Augustam
1731 4545 1833 4601 do-

243 4681 355 4720 mos
375 4663 705 4736 prefectus,
752 4666 810 4714 et
838 4675 938 4730 per
965 4657 1087 4713 illos
1125 4671 1158 4710 a
1194 4654 1404 4711 Joanne
1437 4654 1643 4724 ejectos
1671 4651 1836 4708 cleri-

243 4784 345 4836 cos,
371 4779 433 4825 ut
463 4767 538 4824 de
565 4763 819 4825 .ecclesia
851 4761 1097 4819 decedat.
1129 4760 1199 4816 At
1233 4759 1322 4815 ille
1373 4758 1454 4814 sic
1488 4758 1769 4829 respondit
1818 4772 1834 4811 :

248 4891 267 4926 ι
299 4874 406 4946 Ego
434 4889 468 4928 a
491 4869 732 4928 Christo
760 4865 1043 4924 Salvatore
1071 4865 1370 4922 Ecclesiam
1405 4863 1622 4935 accepi,
1657 4878 1837 4935 neque

248 4990 430 5050 sponte
467 4976 708 5051 propria
741 4973 964 5030 discedo
985 5013 1002 5040 ,
1036 4971 1142 5028 nisi
1179 4986 1268 5026 me
1303 4971 1358 5026 vi
1397 4970 1715 5041 expelletis;
1777 4979 1839 5025 ut

251 5081 488 5137 videlicet
508 5081 625 5136 hac
654 5075 881 5132 omnino
897 5073 1386 5137 defensione'utar,
1406 5072 1552 5143 quod
1572 5087 1732 5143 quant
1756 5088 1842 5129 ec-

251 5183 458 5245 clesiam
500 5179 652 5261 mihi
691 5176 942 5233 Christus
968 5176 1271 5241 commisit,
1305 5191 1426 5230 eam
1462 5177 1599 5232 mihi
1645 5177 1842 5232 mulier

251 5288 457 5360 eripuit.
502 5306 521 5338 ι
559 5284 729 5340 Tunc
754 5281 1030 5336 Marianus
1056 5281 1108 5335 vi
1136 5289 1446 5351 correptum
1486 5279 1713 5335 ecclesia
1745 5296 1843 5335 ex-

257 5510 513 5577 primi}:
575 5471 855 5577 Domings
889 5495 1269 5577 Je_s_t_is__eoram
1324 5494 1532 5576 Caipha
1561 5510 1644 5577 ac_
1672 5495 1849 5577 Pilato

257 5565 357 5655 egit
387 5572 582 5655 (lare.
635 5568 732 5655 id,
748 5652 763 5655 Α
883 5567 1153 5655 3‘l5‘,‘5A)_i
1167 5565 1536 5655 nequerenim
1563 5565 1848 5655 subornati

259 5634 334 5697 νὲι
394 5634 547 5713 regia
602 5637 936 5717 auctoritate
989 5634 1236 5706 oppressi
1268 5634 1485 5706 ’judices
1545 5636 1848 5708 apologiam

260 5713 548 5786 quamlibet
575 5706 1145 5786 faetle_admisissent.
1774 5706 1788 5714 '

325 5783 394 5852 (ὁ)
431 5781 572 5839 Cod.
599 5781 896 5832 τυποῡσιν.

957 373 1046 430 DE
1082 372 1245 429 VITA
1285 368 1375 427 ET
1413 362 1696 424 EXSlLlO
1740 356 1804 412 S.
1843 348 2695 409 JOA‘NNIS-CHRYSOSTOMI.

3303 353 3507 395 LXXVII!

1901 469 2081 539 pulit;
2122 467 2419 539 statimque
2446 467 2567 529 loco
2603 465 2730 536 ejus
2772 459 3058 516 Arsacium
3089 457 3366 514 ordinant.
3399 453 3515 515 Nec

1902 575 2078 631 multo
2119 582 2277 646 post,
2311 581 2534 645 propter
2574 571 2781 642 injuste
2815 572 3091 639 patratum
3126 562 3392 620 adversus
3422 561 3515 637 ju-

1904 690 2053 737 stum
2083 678 2363 734 hominem
2411 678 2588 734 scelus
2610 717 2624 743 ,
2672 676 2813 747 ignis
2854 670 2996 726 coelo
3037 669 3297 739 delapsus
3332 669 3513 727 eccle-

1903 785 2042 840 siam
2091 780 2488 848 concremavit,
2539 780 2636 835 uhi
2693 788 2852 835 antea
2916 775 3210 846 episcopus
3270 771 3518 832 Joannes

1902 890 2194 955 manebat;
2227 898 2434 944 et.mox
2466 888 2709 944 dilatata-
2728 885 2948 940 ﬂamma
2976 883 3124 940 atdes
3155 881 3360 939 multas
3395 896 3516 936 any

1903 996 2102 1053 bussit.
2134 993 2442 1065 Statimque
2465 993 2664 1049 civitas
2691 990 2978 1047 Arsacium
3016 990 3255 1062 expulit,
3296 995 3370 1053 et,
3396 987 3510 1043 im-

1902 1107 2157 1170 peratore
2194 1105 2494 1163 annuente,
2522 1095 2791 1152 Joannem
2838 1095 3071 1151 reduxit.
3118 1093 3376 1149 Sedenim
3411 1090 3512 1148 de-

1903 1220 2016 1261 nuo
2054 1201 2436 1272 conspirantes
2465 1215 2590 1255 oum
2629 1199 2936 1271 Theophilo
2964 1188 3208 1271 episcOpi
3237 1198 3507 1256 Joannem

1904 1308 2180 1366 criminati
2228 1315 2359 1361 sunt
2388 1306 2634 1362 dicentes
2671 1323 2683 1360 :
2722 1325 2738 1358 ι
2796 1305 2928 1372 Nos,
2961 1321 2995 1362 o
3025 1307 3342 1378 imperator,
3376 1321 3507 1364 sen-

1907 1415 2134 1472 tentiam
2178 1411 2541 1483 protulimus,
2584 1425 2748 1481 quam
2793 1411 3016 1480 exsequi
3069 1426 3297 1467 necesse
3349 1421 3436 1468 est
3493 1431 3505 1468 :

1904 1534 2142 1590 namque
2191 1525 2251 1571 et
2301 1515 2591 1571 ecclesiam
2644 1526 2770 1586 post
2819 1516 3215 1587 depositionem
3261 1518 3379 1588 ipse
3421 1518 3508 1573 in-

1906 1624 2223 1681 ﬂammavit.
2261 1641 2279 1674 l
2315 1620 2952 1690 Concitaverunt-itaque
2977 1622 3306 1692 Augustum,
3337 1622 3508 1677 multa

1907 1746 2122 1803 quoque
2182 1730 2284 1785 alia
2338 1736 2532 1783 contra
2585 1725 2853 1782 Joannem
2902 1727 3279 1798 obloquentes.
3327 1727 3510 1794 Quare

1907 1837 2183 1909 Augustus
2213 1836 2384 1892 dixit:
2435 1852 2457 1886 ι
2494 1834 2606 1905 Ego
2639 1832 2832 1903 judicii
2865 1834 3028 1903 hujus
3059 1832 3319 1888 immunis
3351 1849 3511 1899 sum;

1909 1957 2008 1998 vos
2034 1941 2317 2007 videbitis;
2341 1939 2611 2012 judicium
2641 1945 2882 1994 vestrum
2911 1947 2996 1992 est
3029 1959 3041 1992 :
3071 1938 3339 2009 judicium
3365 1941 3512 2011 quod

1890 2046 1979 2128 _de
2015 2060 2080 2100 eo
2105 2042 2317 2113 teretis,
2344 2043 2399 2097 in
2428 2042 2606 2113 capita
2637 2047 2814 2094 vestra
2846 2039 3323 2097 Deus'eonvertet.
3368 2058 3387 2093 ι
3423 2038 3512 2096 Si-

1913 2143 2190 2216 gniﬁcavit
2227 2153 2411 2199 autem
2453 2142 2650 2198 Joanni
2700 2141 3001 2211 imperator
3038 2142 3120 2198 sic
3173 2160 3186 2196 :
3246 2162 3266 2195 α
3323 2141 3515 2200 οωιιιε

1913 2251 2184 2306 dictorum
2215 2250 2560 2304 sacerdotum
2587 2246 2856 2318 judicium
2885 2245 2954 2301 de
2985 2253 3039 2300 te
3073 2245 3241 2301 latum
3268 2246 3325 2301 in
3351 2256 3517 2317 caput
3543 2281 3546 2284 -

1917 2371 2077 2411 suum
2107 2345 2403 2424 sponsione
2423 2359 2773 2422 receperunt.
2805 2350 2949 2419 Ergo
2969 2363 3058 2404 res
3091 2358 3214 2419 tuas
3236 2348 3351 2405 Deo
3371 2364 3522 2405 com-

1917 2459 2202 2523 mendans,
2235 2458 2305 2514 de
2333 2456 2565 2513 ecclesia
2595 2455 2898 2527 digredere.
2942 2473 2960 2505 ι

1987 2564 2078 2618 24.
2136 2562 2243 2617 Per
2297 2576 2393 2616 eos
2441 2558 2566 2614 dies
2622 2572 2854 2630 magnus
2908 2571 3126 2628 quoque
3176 2557 3520 2628 Epiphanius

1919 2669 2254 2726 Constantia:
2275 2665 2487 2739 Cypria:
2507 2664 2802 2735 episcopus
2826 2661 3301 2734 Constantinopoli
3325 2677 3518 2720 versa-

1922 2779 2082 2833 batur
2111 2793 2122 2828 :
2158 2787 2322 2844 quem
2357 2771 2425 2828 ad
2454 2786 2514 2826 se
2547 2776 2800 2825 vocatum
2819 2766 3066 2823 Eudoxia
3095 2768 3174 2823 sic
3195 2766 3362 2824 atrata
3386 2777 3472 2824 est
3499 2785 3515 2822 :

1930 2901 1947 2934 ι
1983 2881 2146 2935 Pater
2178 2873 2515 2938 reverende,
2547 2872 2790 2927 Joannes
2817 2870 3110 2927 hereticus
3152 2879 3267 2937 est,
3302 2871 3520 2927 cuncti-

1923 3002 2031 3057 que
2059 2982 2249 3039 exsilio
2268 2981 2391 3052 ejus
2416 2977 2799 3044 subscribunt;
2834 2977 3030 3050 agesis,
3059 2986 3118 3033 tu
3143 2992 3360 3049 quoque
3391 2977 3523 3032 sub-

1925 3091 2120 3148 scribe.
2156 3107 2173 3139 ι
2202 3087 2298 3142 Ille
2319 3084 2396 3140 ait
2424 3103 2438 3140 :
2472 3104 2492 3136 ι
2524 3082 2582 3139 Si
2610 3083 2851 3139 Joannes
2875 3091 2960 3138 est
2985 3082 3294 3149 haereticus,
3323 3082 3522 3154 dignus

1926 3200 2117 3257 exsilio
2141 3205 2257 3264 est;
2291 3195 2376 3251 sin
2407 3209 2539 3250 vero
2568 3207 2747 3252 secus.
2779 3192 2876 3248 sed
2907 3191 2978 3247 ob
3006 3189 3250 3246 convicia
3281 3189 3334 3244 in
3369 3197 3520 3245 tuam

1927 3305 2270 3375 majestatem
2321 3301 2466 3357 dicta
2527 3297 2844 3354 decernitur
2894 3295 3182 3361 exsilium,
3238 3293 3523 3366 ignoscere

1927 3413 2163 3478 oportet,
2208 3401 2651 3475 quandoquidem
2689 3414 2788 3453 vos
2830 3412 3047 3468 quoque
3093 3395 3356 3451 adversus
3408 3409 3524 3450 cte-

1929 3496 2121 3566 lestem
2161 3521 2345 3578 regem
2384 3503 2670 3575 peccastis.
2710 3520 2729 3552 ι
2776 3500 2870 3555 llla
2901 3508 3082 3554 autem
3120 3498 3301 3554 dixit:
3348 3517 3367 3549 ι
3406 3495 3524 3552 Nisi

1774 3598 1822 3652 Ῐ-
1931 3612 2066 3668 mihi
2096 3607 2580 3680 obtemperaveris,
2609 3615 2667 3662 et
2690 3621 2846 3676 aeque
2876 3619 2938 3659 ac
2968 3603 3151 3659 caeteri
3181 3601 3524 3671 subscripse-

1933 3715 2028 3779 ris,
2063 3728 2165 3784 ego
2199 3710 2456 3767 ecclesias
2485 3709 2792 3772 occludam,
2830 3716 2885 3761 et
2914 3706 3180 3763 idolorum
3208 3704 3406 3776 templa
3437 3719 3526 3769 re-

1933 3815 2162 3878 serabo,
2199 3822 2260 3868 ut
2300 3812 2373 3868 ibi
2414 3827 2607 3868 omnes
2639 3811 2888 3866 adorent.
2942 3829 2960 3861 ι
3017 3807 3325 3878 Respondit
3367 3807 3459 3862 ille
3509 3823 3524 3860 :

1941 3939 1961 3972 ι
2004 3918 2062 3974 Si
2085 3916 2215 3989 quid
2243 3917 2439 3972 animm
2472 3925 2579 3970 tuae
2602 3913 2948 3986 profuturum
2973 3911 3138 3970 nosti.
3171 3910 3225 3966 id
3255 3925 3353 3982 age
3386 3925 3400 3962 :
3429 3911 3527 3965 sed

1935 4031 2105 4085 certe,
2142 4019 2245 4076 etsi
2275 4034 2468 4074 omnes
2496 4017 2862 4082 subscribam,
2894 4013 3238 4086 Epiphanius
3261 4029 3374 4068 non
3405 4013 3530 4069 sub—

1937 4126 2161 4183 scribet.
2201 4141 2221 4176 ι
2254 4123 2483 4180 Interim
2519 4122 2831 4177 nuntiatum
2862 4128 2946 4176 est
2983 4118 3181 4175 Joanni
3223 4116 3370 4189 quod
3399 4117 3554 4188 Epi-

1938 4229 2175 4303 phanius
2207 4227 2651 4298 subscripsisset;
2691 4225 2782 4296 qui
2826 4225 2957 4280 huic
2997 4222 3072 4278 ita
3113 4220 3556 4294 signiﬁcandum,

1941 4335 2152 4392 curavit
2197 4354 2212 4390 :
2260 4354 2279 4390 ι
2329 4332 2619 4404 Epiphani,
2649 4343 2709 4386 tu
2738 4345 2956 4403 quoque
3003 4327 3192 4385 exsilio
3225 4342 3357 4383 meo:
3397 4326 3549 4382 suh-s

1943 4440 2243 4513 scripsisti?
2272 4438 2422 4494 Scito
2447 4437 2611 4508 igitur
2632 4478 2646 4504 ,
2676 4445 2730 4492 te
2759 4435 2815 4490 in
2850 4435 2979 4491 sede
3013 4443 3103 4490 tua
3144 4431 3380 4504 amplius
3420 4447 3552 4487 non-

1944 4562 2244 4605 sessurum.
2291 4565 2309 4597 ι
2345 4543 2649 4615 Respondit
2677 4542 2726 4598 ei
2773 4540 3115 4613 Epiphanius
3162 4557 3174 4593 :
3234 4558 3252 4591 ι
3313 4539 3537 4594 Athleta

1944 4652 2149 4709 Christi
2191 4650 2422 4714 Joanne,
2456 4649 2657 4704 luctam
2697 4655 2884 4718 patere
2929 4653 2986 4701 et
3025 4646 3188 4701 vince
3230 4663 3250 4698 ε’
3297 4660 3537 4715 namque

1945 4755 2015 4812 ad
2055 4756 2234 4811 locum
2286 4753 2384 4809 tibi
2434 4753 2625 4809 exsilio
2671 4762 2767 4807 tuo
2817 4750 3157 4807 destinatum
3192 4765 3304 4805 non
3344 4764 3539 4821 perve-

1947 4859 2084 4915 nies.
2141 4877 2160 4908 ›
2197 4857 2666 4925 Quemadmodum
2709 4864 2891 4913 autem
2945 4856 3014 4912 ab
3055 4864 3289 4928 utroque
3329 4855 3540 4912 dictum

1949 4965 2070 5031 fuit,
2103 4965 2176 5020 ita
2204 4962 2538 5019 adamussim
2566 4961 2769 5019 evenit.

2019 5072 2110 5127 25.
2151 5070 2306 5126 Tunc
2339 5068 2578 5125 Joannes
2634 5067 2943 5123 valedicens
2981 5067 3211 5123 cunctis.
3233 5067 3315 5122 sui
3351 5082 3543 5123 aman-

1952 5173 2099 5232 tibus
2125 5173 2397 5246 episcopis
2418 5214 2432 5238 ,
2470 5181 2526 5228 et
2548 5171 2879 5243 presbyteris
2904 5187 3044 5227 cum
3061 5171 3309 5226 diaconis
3343 5180 3399 5226 et
3423 5186 3544 5246 mo-

1952 5281 2145 5360 nachis
2171 5290 2334 5351 atque
2363 5278 2700 5343 diaconissis,
2732 5278 3030 5334 adhortans
3057 5288 3115 5332 ut
3136 5277 3399 5332 doctrina:
3429 5294 3460 5332 a
3486 5293 3545 5331 se

1991 5495 2107 5586 ,ω
2146 5495 2968 5586 ,ὲὲῗηᾚιέἷὲίτᾞτὲρὲἔὶἓέ
3003 5496 3130 5586 2'5"
3157 5494 3275 5586 ,ηυξ
3322 5508 3546 5586 εἷίξτ⁴⁵⁵’

1959 5563 2124 5650 εἰσρεῖ
2146 5564 2286 5634 Ἐγὼ
2305 5563 2647 5650 ἁύραιρέτωξ
2673 5563 2844 5637 αὑτὴν
2869 5563 3274 5638 (Ἐκκλησίαν)
3304 5565 3366 5618 οὐ
3396 5563 3550 5616 ﬂow

1959 5635 2068 5696 τῶς
2101 5635 2210 5705 ἔχω
2237 5635 2577 5705 κατᾳλιπὲῐν.
2752 5655 2759 5663 ·

2025 5701 2419 5786 .(d)"Cod.,_.bic
2446 5714 2502 5760 et
2536 5706 2678 5786 intra
2705 5707 3028 5786 Νειιτάριρν.
3064 5701 3551 5786 scribendum

1963 5773 2129 5830 fuisse
2157 5775 2436 5829 Araaéium
2459 5789 2559 5846 pro
2583 5776 2852 5857 Νεειανίρ,
2893 5773 3014 5846 quis
3055 5773 3305 5830 dubitet?
