4234 6310
158 370 303 414 ιιικι

160 476 360 533 traditae
385 474 870 543 obtemperarent,
904 472 1155 529 discessit
1182 475 1251 529 ab
1286 475 1515 529 ecclesia
1547 483 1601 528 et
1632 474 1750 544 cpi-

161 582 369 652 seepio,
413 576 578 633 tertio
626 576 1071 633 Resurrectionis
1127 578 1423 632 Dominicae
1464 578 1573 631 die.
1627 577 1753 631 Fuit

160 696 336 740 autem
362 699 431 738 eo
475 682 565 738 die
604 683 787 737 luctus
820 684 1012 753 ingens
1040 684 1340 736 amantium
1371 682 1629 747 Joannis,
1660 682 1751 752 qui

160 792 206 843 ci
238 789 616 845 valedicebant
648 789 894 843 derelicti
923 788 993 843 ab
1031 804 1097 842 eo
1119 828 1133 853 ,
1178 797 1440 857 tanquam
1466 806 1501 840 ‘a
1534 788 1753 859 proprio

160 902 375 964 pastore
422 909 576 950 oves.
618 893 859 964 Pupulus
892 903 1073 949 tamen
1114 894 1355 948 urbanus
1383 893 1585 948 exitum
1636 894 1757 962 ejus

162 1002 461 1071 ignoravit;
493 1002 589 1071 qui
621 1001 665 1055 si
700 1002 1046 1065 innotuisset,
1076 1000 1354 1069 sanguinis
1385 996 1579 1052 effusio
1614 998 1755 1051 inter

160 1108 307 1160 cives
350 1122 415 1160 ac
446 1106 655 1161 milites
695 1104 876 1159 futura
906 1114 1042 1159 erat.
1092 1104 1302 1159 Idcirco
1348 1106 1586 1159 Joannes
1618 1104 1755 1158 clam

162 1209 363 1280 pepulo
391 1224 652 1281 egressus
674 1218 775 1264 est.
814 1208 967 1263 Tunc
991 1209 1043 1263 ei
1066 1209 1178 1263 dati
1205 1216 1333 1262 sunt
1358 1208 1604 1261 Thraces
1632 1207 1757 1277 qui-

163 1316 282 1373 dam
319 1314 676 1371 inverecundi
702 1315 974 1379 custodes,
1010 1324 1071 1370 ut
1098 1330 1224 1368 eum
1256 1314 1311 1367 in
1344 1313 1592 1367 exsilium
1630 1328 1757 1381 per-

164 1424 449 1480 traherent
466 1438 486 1489 ;
503 1423 596 1494 qui
618 1423 685 1477 de
708 1422 829 1478 loco
847 1421 903 1476 in
929 1422 1109 1476 locum
1132 1419 1431 1475 transferre
1450 1428 1753 1489 cmperunt.

163 1527 409 1598 Cumque
438 1528 549 1599 iam
573 1526 640 1583 ad
669 1526 929 1597 oppidum
952 1524 1095 1596 quod
1121 1523 1322 1580 dicitur
1342 1523 1588 1579 Cucusus
1615 1531 1761 1578 esset

166 1644 553 1703 perventurus,
586 1643 815 1704 apparet
835 1635 883 1689 ei
908 1634 960 1687 in
992 1633 1200 1688 somnis
1228 1641 1450 1687 sanctus
1474 1631 1762 1685 Basiliscus

167 1738 459 1808 episcopus
479 1754 545 1793 ac
567 1748 772 1809 martyr
791 1738 979 1793 dicens
1004 1757 1016 1792 :
1051 1758 1069 1787 ‹
1111 1737 1301 1792 Frater
1324 1736 1552 1801 Joanne,
1584 1743 1761 1789 macte

169 1840 373 1904 animo,
423 1840 714 1895 nobiscum
758 1840 903 1895 enim
948 1842 1197 1910 quiesces
1230 1842 1283 1895 in
1332 1856 1457 1895 arca
1488 1841 1579 1895 ubi
1624 1857 1760 1895 mete

170 1944 516 2013 aliorumque
548 1953 849 2016 martyrum
890 1945 1131 2014 reliquiae
1160 1955 1307 2009 sunt,
1341 1946 1610 2017 Eutropii,
1647 1945 1765 2000 Ru-

175 2047 263 2101 fini
284 2057 470 2117 atque
499 2047 760 2101 Colluthi.
803 2066 819 2098 ›
856 2047 1034 2117 Atque
1062 2049 1256 2103 eadem
1285 2049 1491 2118 pariter
1517 2049 1655 2103 visio
1683 2065 1767 2104 ec-

175 2151 350 2206 clesiae
398 2152 781 2206 mansionario‘
813 2152 993 2207 oblata
1038 2152 1171 2217 fuit,
1222 2154 1430 2208 scilicet
1471 2173 1484 2207 :
1523 2174 1541 2205 ι
1577 2154 1768 2208 Frater

175 2253 432 2319 Joannes,
465 2255 558 2325 qui
591 2256 699 2310 huc
737 2257 978 2321 advenit,
1007 2258 1074 2311 ad
1114 2256 1406 2340 Dominum
1438 2261 1769 2330 migraturus

176 2364 257 2409 est
296 2376 311 2409 :
368 2366 427 2411 tu
479 2372 611 2411 vero
645 2360 1029 2427 corpusculum
1072 2361 1193 2429 eius
1238 2362 1520 2417 nobiscum
1564 2381 1791 2435 ponere-

177 2457 327 2512 veiis.
370 2477 389 2509 ι
420 2458 663 2513 Ventum
692 2476 821 2531 ergo
856 2470 942 2516 est
968 2461 1036 2515 ad
1061 2462 1239 2516 locum
1271 2465 1363 2518 ubi
1395 2475 1659 2537 martyres
1683 2467 1773 2537 ja-

178 2562 371 2617 ccbant
404 2582 418 2616 :
456 2563 777 2634 rogavitque
820 2564 1059 2620 Joannes
1088 2568 1373 2634 custodes,
1407 2578 1467 2622 ut
1500 2585 1559 2623 se
1599 2587 1771 2641 usque

180 2665 244 2720 ad
277 2667 474 2721 horam
504 2668 751 2736 quintam
782 2669 1082 2723 subsistere
1113 2670 1397 2736 sinerent;
1427 2686 1660 2739 quorum
1691 2677 1773 2729 al-

181 2780 261 2826 ter
300 2772 528 2841 qutdem
566 2772 818 2837 volebat,
861 2772 998 2827 alter
1026 2784 1208 2829 autem
1262 2777 1454 2832 immiti
1496 2779 1679 2833 animo
1712 2796 1775 2836 ac

182 2889 328 2928 more
372 2874 663 2930 renuebat.
702 2874 839 2945 Ipsis
866 2876 1031 2946 igitur
1069 2894 1240 2948 usque
1264 2879 1332 2934 ad
1357 2881 1648 2951 quemdam
1693 2883 1777 2937 lo-

183 2994 301 3032 cum
333 2978 441 3033 iter
474 2980 957 3049 prosequentibus,
989 2996 1182 3053 magna
1220 2984 1401 3053 pluvia
1442 2985 1674 3057 ingruit,
1702 2986 1775 3040 ita

186 3092 239 3135 ut
266 3083 525 3153 progredi
546 3082 911 3153 nequeuntes,
943 3086 1011 3140 ad
1045 3086 1335 3142 stationem
1366 3098 1661 3160 martyrum
1690 3091 1777 3144 in-

186 3186 275 3241 viti
296 3193 729 3241 reverterentur.
754 3187 1059 3258 Statimque
1086 3189 1326 3245 Joannes
1346 3193 1578 3262 sumptis
1607 3208 1778 3248 sacra:

188 3289 417 3361 liturgis:
447 3290 815 3355 vestimentis,
847 3301 903 3348 et
938 3293 1136 3348 divinis
1166 3297 1438 3366 mysteriis
1468 3298 1779 3352 communia

190 3408 333 3459 cans,
362 3394 706 3467 largitusque
733 3396 1133 3453 benedictionis
1157 3399 1277 3455 loco
1304 3390 1568 3471 quidquid
1593 3418 1778 3457 secum

192 3497 398 3553 ferebat
422 3499 753 3575 astantibus,
779 3501 965 3572 eisque
986 3502 1315 3570 valedicens,
1341 3522 1491 3561 more
1522 3507 1621 3560 sibi
1650 3522 1782 3561 con-

199 3614 349 3659 sueto
370 3605 552 3660 dixit:
590 3625 611 3656 ι
657 3605 835 3661 Gloria
880 3606 991 3661 Deo
1028 3616 1251 3677 prepter
1300 3610 1520 3673 omnia;
1559 3628 1577 3661 ι
1613 3627 1781 3681 seque

204 3710 504 3775 reclinatis,
552 3710 771 3767 Christo
821 3710 933 3766 Deo
982 3721 1173 3767 nostro
1227 3713 1481 3784 spiritum
1528 3716 1780 3782 tradidit,

198 3804 394 3871 sanctis
422 3815 644 3886 quoque
673 3816 1001 3886 martyribus
1026 3818 1301 3883 salutatis,
1334 3835 1457 3874 cum
1489 3822 1663 3891 iisque
1696 3822 1786 3877 die

201 3919 383 3972 eadem
416 3917 701 3988 sepelitur,
743 3918 913 3973 multa
943 3920 1010 3974 ab
1054 3920 1370 3977 inhumanis
1412 3923 1515 3977 illis
1551 3924 1788 3979 homini-

200 4020 295 4075 bus
339 4036 561 4091 passus.
610 4020 699 4076 Sic
731 4023 877 4078 enim
922 4024 1187 4080 militibus
1229 4025 1362 4096 ipsis
1404 4028 1784 4085 denuntiatum

201 4123 391 4187 fuerat,
424 4140 626 4195 nempe
657 4126 804 4197 quod
838 4126 883 4181 si
905 4127 992 4182 ille
1021 4128 1255 4197 pessime
1280 4130 1348 4185 ab
1377 4131 1442 4185 iis
1467 4132 1699 4189 aﬂ‘cctus
1721 4151 1787 4191 ex

203 4245 437 4285 aerumna
462 4239 791 4296 moreretur,
831 4232 999 4286 multa
1028 4232 1205 4287 forent
1229 4250 1453 4290 munera
1485 4241 1783 4309 accepturi.

264 4335 351 4390 36.
380 4336 523 4391 Ecce
553 4344 737 4391 autem
762 4336 981 4407 quidam
1007 4338 1075 4393 de
1100 4336 1328 4393 Joannis
1347 4342 1537 4397 amicis
1557 4343 1787 4399 Romam

205 4438 445 4506 profecti,
472 4434 680 4494 cuncta
701 4439 818 4494 hzcc
843 4440 1163 4498 innocentia
1181 4459 1336 4514 papa:
1365 4448 1784 4516 nuntiaverunt,

205 4542 289 4611 qui
312 4544 393 4598 ira
422 4553 648 4614 propter
675 4543 940 4601 Joannem
962 4547 1119 4602 valde
1143 4559 1469 4616 commotus,
1493 4560 1789 4624 etpropter

206 4645 604 4701 circumventos
634 4646 846 4702 insidiis
882 4647 1088 4719 legatos
1132 4664 1292 4713 suos,
1325 4653 1511 4707 statim
1546 4653 1789 4711 Honorio

206 4752 265 4806 ad
302 4761 416 4808 tres
445 4768 665 4809 menses
694 4752 893 4808 divinis
925 4754 1197 4826 mysteriis
1228 4755 1523 4811 interdicit.
1557 4758 1694 4813 Tum
1735 4772 1791 4814 et

206 4859 431 4922 Arcadio
458 4870 623 4930 atque
644 4860 903 4916 Eudoxiae
922 4861 1539 4918 excommunicationem
1570 4864 1656 4919 his
1674 4882 1790 4921 ver-

210 4960 287 5014 bis
310 4962 508 5017 mittit:
550 4982 567 5013 ‹
599 4961 835 5017 Arcadio
873 4970 929 5017 et
967 4962 1223 5017 Eudoxia:
1260 4959 1633 5021 innocentius.
1674 4967 1790 5022 Vox

211 5069 483 5139 sanguinis
508 5068 737 5123 Joannis
785 5068 969 5123 fratris
998 5069 1105 5123 mei
1140 5070 1337 5124 clamat
1379 5072 1447 5126 ad
1485 5073 1655 5126 Deum
1678 5116 1692 5137 ,
1735 5080 1792 5127 et

213 5174 428 5229 omnino
482 5176 704 5247 sanguis
758 5175 878 5245 ejus
934 5174 1319 5230 vindicabitur.
1374 5178 1442 5231 Et
1486 5193 1586 5232 nos
1636 5194 1783 5249 ergo,

216 5289 471 5346 quantum
500 5281 557 5335 in
584 5278 742 5335 nobis
762 5288 866 5346 est,
889 5280 1249 5346 vindicantes,
1274 5283 1481 5337 cmlesti
1519 5286 1789 5340 sententia

242 5564 255 5575 _
280 5495 350 5575 (li)
391 5494 527 5562 Quis
553 5511 663 5575 nep
692 5495 785 5565 pio
808 5510 973 5549 sensu
998 5502 1373 5575 prosequatur
1392 5495 1540 5548 hunc
1565 5495 1787 5575 religio-

215 5564 478 5644 sissimum
518 5581 582 5622 ac
624 5563 847 5621 beatum
900 5563 1075 5644 sancti
1121 5563 1224 5617 viri
1266 5564 1507 5644 obitum,
1550 5563 1789 5644 prat'illo

217 5636 517 5691 tristissimo
544 5644 962 5705 persecutormn
1003 5636 1143 5703 ejus,
1168 5650 1330 5705 quem
1371 5634 1617 5689 historici
1660 5652 1789 5690 nar-

219 5709 366 5759 rant?
396 5704 697 5774 Quis’cjns
735 5706 963 5777 gloriam
1007 5720 1116 5758 non
1164 5704 1413 5777 miretur,
1460 5720 1581 5777 quae
1614 5714 1784 5759 totum

218 5778 391 5831 urbem
444 5774 916 5848 implevitTSanc
961 5785 1015 5829 ct
1047 5788 1276 5844 magnus
1322 5774 1656 5845 Augustinus
1687 5778 1780 5844 0p.

929 355 1019 409 DE
1058 355 1225 411 VlTA
1264 354 1351 410 ET
1396 354 1671 411 EXSlLlO
1714 353 2102 411 SDJOANMS
2134 351 2657 437 CIIRYSQSTOMI.

3255 361 3439 402 LIII"

1853 472 2127 543 verboque
2180 471 2275 526 Dei
2319 471 2509 527 ambos
2555 485 2654 525 vos
2684 467 2966 538 alligamus
3011 462 3286 519 insolubili
3336 460 3439 517 vin.

1854 578 2011 631 culo:
2033 586 2084 631 te
2111 576 2367 631 nimirum
2391 590 2451 629 ac
2480 573 2743 636 Dalidam,
2778 586 2899 641 quae
2927 579 2980 623 te
3011 568 3275 636 paulatim
3305 566 3450 622 fratr.

1853 684 1938 739 dis
1973 683 2236 738 novacula
2268 682 2452 746 erasit,
2479 680 2629 735 omni
2661 676 3045 749 mysteriorum
3077 688 3300 729 accessu
3328 686 3452 742 μου

1856 790 2107 844 bibemus
2129 830 2143 853 ,
2190 802 2241 843 te
2273 787 2496 857 quidem
2536 802 2628 840 sex
2662 782 2946 839 mensibus
2967 823 2981 845 ,
3017 779 3159 834 illaut
3203 776 3445 832 biennio.

1856 898 2032 965 Atque.
2063 897 2165 950 hoc
2196 894 2411 951 scitote.
2442 890 2585 961 quod
2614 890 2659 943 si
2686 886 3023 943 violaveritis
3055 886 3277 939 missam
3303 900 3331 936 a
3357 898 3450 936 no-

1855 988 1940 1042 bis
1974 988 2189 1042 coelitus
2233 985 2582 1049 sententiam,
2614 984 2701 1037 vel
2743 980 2808 1034 ad
2837 979 3020 1034 divina
3061 974 3318 1047 mysteria
3357 989 3453 1029 ac-

1857 1080 2162 1134 cedendum
2197 1077 2541 1147 putaveritis,
2588 1083 2770 1129 vestra
2807 1072 3027 1142 quidem
3074 1070 3284 1124 viscera
3333 1070 3455 1121 ta‘no

1858 1191 2021 1245 quam
2052 1174 2222 1244 ignita
2248 1172 2487 1228 carbone
2519 1175 2933 1223 consumentur.
2962 1163 3030 1217 Et
3059 1162 3103 1215 si
3130 1161 3250 1231 quis
3271 1175 3335 1214 ea
3365 1175 3458 1213 vo-

1857 1268 1943 1321 bis
1970 1264 2236 1334 impertiri
2269 1263 2486 1324 audeat,
2520 1260 2635 1316 sive
2657 1258 2969 1328 episcopus,
3003 1254 3118 1309 sive
3148 1252 3453 1323 presbyter,

1860 1360 1905 1413 si
1953 1373 2197 1427 prorsus,
2229 1357 2469 1426 inquam,
2514 1354 2620 1407 tale
2671 1350 2884 1406 tacinus
2936 1358 3141 1403 temere
3200 1349 3454 1404 attentet,

1858 1466 2060 1521 nempe
2100 1456 2162 1503 ut
2185 1448 2463 1503 decretam
2493 1443 2759 1499 divinitus
2799 1439 2945 1494 Petri
2968 1437 3197 1508 apostoli
3239 1446 3462 1490 senten-

1863 1544 1989 1597 tiam
2022 1541 2299 1611 infringat,
2336 1547 2392 1592 et
2429 1552 2543 1591 rem
2581 1532 2880 1606 quamlibet
2921 1544 3129 1585 sacram
3168 1527 3324 1582 vobis
3359 1524 3463 1578 lar-

1862 1636 2039 1707 giatur
2064 1652 2077 1687 :
2106 1632 2196 1687 ille
2224 1630 2434 1686 cmlesti
2476 1628 2677 1700 gratia,
2710 1634 2763 1681 et
2796 1634 3013 1680 terrena
3035 1635 3260 1699 quoque
3290 1616 3464 1688 digni-

1866 1737 1973 1783 tate
2018 1726 2263 1797 privatus
2318 1721 2635 1777 habebitur.
2693 1718 2920 1788 Depone
2964 1716 3095 1769 item
3152 1710 3462 1766 adulterum

1864 1820 2188 1882 Arsacium;
2220 1825 2383 1885 atque
2408 1829 2603 1869 omnes
2643 1811 2735 1883 qui
2775 1826 2901 1865 cum
2941 1823 3007 1863 eo
3030 1804 3463 1866 communicant,

1866 1924 1988 1963 cum
2031 1907 2224 1961 eodem
2270 1904 2697 1958 damnabuntur.
2747 1896 3039 1968 Theophili
3085 1909 3217 1950 vero
3251 1890 3468 1960 deposi-

1866 1998 2002 2053 tioni
2049 2007 2162 2051 tres
2208 2009 2399 2063 pmnas
2438 1991 2749 2060 adiicimus,
2806 1982 3461 2045 excommunicationem,

1866 2089 2178 2153 anathema,
2211 2097 2267 2142 ct
2296 2084 2666 2141 omnimodam
2697 2079 2991 2137 Christiani
3014 2075 3254 2132 nominis
3274 2074 3463 2143 priva-

1868 2184 2096 2237 tionem.
2125 2199 2144 2230 ι

1939 2276 2029 2330 27.
2072 2272 2360 2329 Scribebat
2421 2273 2588 2325 etiam
2654 2265 2932 2322 Honorius
3006 2260 3159 2317 fratri
3232 2254 3469 2312 Arcadio

1869 2365 2054 2419 verbis
2112 2363 2240 2417 his:
2294 2382 2312 2413 ι
2353 2360 2587 2415 Arcadio
2646 2356 2798 2411 fratri
2856 2363 3044 2408 nostro
3104 2345 3468 2418 oonregnanti

1873 2455 2144 2509 Honorius
2182 2454 2439 2507 salutem.
2492 2449 2690 2503 Nescio
2726 2461 2977 2516 quaenam
3029 2440 3343 2497 adversaria
3387 2441 3469 2495 vis

1873 2547 2152 2617 deceperit
2201 2554 2272 2606 te,
2308 2553 2369 2599 ut
2427 2541 2645 2596 feminae
2706 2538 2947 2594 conlisus
3001 2536 3143 2590 mala
3200 2543 3467 2604 patrares.

1872 2642 2051 2709 Atque
2087 2638 2178 2691 hic
2220 2652 2415 2690 omnes
2454 2632 2668 2704 imperii
2707 2632 2878 2686 nostri
2922 2626 3164 2698 episcopi
3199 2625 3472 2685 clamant,

1874 2728 2020 2799 quod
2069 2726 2227 2798 legati
2272 2726 2341 2779 ad
2384 2732 2530 2779 tuam
2574 2721 2917 2790 maiestatem
2962 2710 3139 2782 missi,
3190 2722 3355 2785 atque
3405 2714 3473 2769 ad

1876 2832 2120 2877 coactam
2176 2820 2443 2891 synodum
2499 2813 2955 2874 conﬁrmandam,
3014 2817 3163 2865 arcta
3224 2807 3475 2865 custodia

1877 2914 2110 2973 detenti,
2176 2911 2320 2965 fame
2380 2908 2766 2964 conficiantur.
2832 2905 2975 2959 Tum
3030 2902 3178 2973 quod
3251 2901 3475 2971 propria

1878 3010 2158 3064 voluntate
2192 3004 2524 3075 proprioque
2550 3002 2761 3071 judicio
2803 2999 2978 3071 pulsis
3006 2997 3298 3068 episcopis.
3338 2994 3477 3048 alios
3516 3036 3525 3043 .

1879 3096 2249 3157 substitueris,
2284 3093 2582 3164 apostolica
2615 3091 2941 3147 auctoritate
2974 3094 3319 3155 contempta;
3351 3099 3476 3153 quae

1880 3190 2099 3259 quidem
2143 3203 2234 3241 res
2275 3186 2577 3257 periculum
2619 3184 2687 3238 ab
2734 3181 3052 3237 hominibus
3095 3178 3254 3232 nobis
3293 3184 3476 3239 creat;

1881 3298 2005 3337 nam
2037 3291 2094 3335 ct
2120 3279 2222 3350 ipsi
2253 3278 2388 3333 mihi
2434 3277 2599 3332 rebus
2643 3276 2813 3330 sacris
2859 3271 3212 3326 interdictum
3264 3267 3388 3333 fuit,
3422 3275 3480 3321 et

1883 3376 1938 3429 in
1970 3375 2056 3429 his
2084 3372 2329 3443 partibus
2353 3385 2462 3424 non
2493 3368 2706 3424 modica
2736 3364 2977 3422 turbatio
3003 3370 3106 3417 est.
3158 3360 3282 3416 Cito
3314 3359 3479 3431 igitur

1882 3480 1991 3521 non
2034 3462 2236 3525 verbis,
2266 3461 2359 3515 sed
2386 3459 2564 3523 factis,
2598 3457 2741 3511 malo
2770 3455 2899 3509 huic
2931 3451 3152 3507 medere
3185 3468 3198 3503 :
3229 3463 3356 3504 nam
3387 3463 3479 3503 sa-

1884 3556 2167 3611 cerdotum
2204 3567 2306 3624 pro
2348 3550 2509 3605 nobis
2546 3564 2736 3619 preces
2767 3560 2931 3617 regna
2976 3553 3165 3599 nostra
3211 3548 3481 3613 perpetuo

1885 3648 2123 3702 firmant.
2169 3663 2188 3695 ι

1954 3737 2045 3793 28.
2092 3737 2228 3790 Dum
2267 3750 2398 3805 ergo
2440 3733 2495 3787 in
2542 3732 2688 3803 regia
2744 3731 2881 3784 urbe
2931 3726 3272 3799 Theophilus
3312 3726 3482 3781 innu-

1887 3844 2068 3885 meras
2109 3827 2444 3883 calamitates
2481 3824 2741 3888 ediceret,
2777 3823 3123 3876 advenerunt
3156 3817 3481 3891 Byzantium

1886 3922 2138 3987 Romani,
2183 3919 2473 3990 prardictas
2523 3918 2737 3971 litteras
2759 3914 3001 3969 ferentes
3036 3931 3051 3966 :
3087 3911 3287 3983 quibus
3323 3923 3482 3965 rece-

1887 4017 2025 4087 ptis,
2062 4015 2354 4083 imperator
2399 4010 2759 4065 conturbatus
2785 4016 2891 4071 est,
2928 4018 3259 4077 prorsusque
3297 4000 3487 4056 animo

1888 4108 2201 4164 dissolutus.
2263 4103 2605 4175 TheOphilus
2650 4101 2833 4171 itaque
2880 4115 2981 4169 pro
3034 4112 3133 4152 sua
3186 4096 3484 4151 calliditate

1888 4200 2198 4271 intelligens
2254 4199 2359 4252 hoc
2398 4198 2510 4267 jam
2572 4211 2694 4250 esse
2746 4192 3012 4248 malorum
3067 4190 3305 4255 initium,
3354 4188 3482 4259 fuga

1891 4292 2050 4349 saluti
2099 4307 2212 4346 suae
2254 4289 2403 4344 solus
2442 4286 2748 4350 consuluit;
2778 4283 3056 4355 Augustus
3087 4290 3293 4346 autem,
3324 4282 3481 4350 quasi

1892 4392 2121 4439 veterno
2147 4382 2427 4454 evigilans,
2479 4378 2837 4450 praetorianos
2871 4376 3022 4431 misit
3045 4375 3115 4430 ad
3153 4372 3481 4444 capiendum

1893 4474 2278 4546 Theophilum,
2333 4471 2426 4541 qui
2476 4470 2728 4525 sobrinus
2783 4469 2903 4537 ejus
2951 4466 3186 4530 Menam,
3240 4464 3483 4519 Theote~

1893 4581 2086 4630 cuum,
2121 4574 2176 4619 et
2212 4563 2602 4633 lschyriouem,
2636 4559 2953 4615 verberatos
2989 4557 3354 4612 adduxerunt.
3392 4553 3483 4610 Si-

1893 4660 2096 4714 militer
2145 4663 2200 4710 et
2246 4655 2537 4718 Acacium,
2592 4659 2928 4722 cunctosque
2982 4651 3118 4705 alios
3141 4648 3379 4703 violenta
3429 4646 3482 4701 vi

1891 4756 2195 4819 pet-tractos
2225 4748 2281 4801 in
2328 4760 2605 4800 carcerem
2641 4743 2784 4798 trudi
2822 4741 2985 4812 jussit
3017 4740 3353 4810 imperator:
3390 4737 3485 4806 qui

1893 4858 2017 4896 mox
2056 4840 2125 4894 ad
2174 4836 2473 4893 Eudoxiam
2509 4837 2810 4906 ingressus,
2840 4842 2899 4889 ut
2929 4848 3049 4888 eam
3081 4830 3479 4901 pessumdaret,

1892 4934 2029 4990 vidit
2054 4933 2161 4987 illic
2188 4931 2476 5001 episcopos
2503 4927 2595 4997 qui
2624 4936 2812 4981 contra
2840 4923 3208 4994 Theophilum
3242 4922 3483 4982 fuerant,

1893 5025 2091 5094 quibus
2123 5024 2200 5077 ait
2229 5040 2241 5075 :
2283 5042 2301 5073 ‹
2340 5020 2481 5086 Quid
2509 5020 2599 5075 hic
2627 5017 2823 5088 agitis?
2856 5034 2875 5068 ι
2910 5015 2991 5069 illi
3023 5022 3207 5068 autem
3244 5030 3257 5067 :
3289 5032 3307 5064 ς
3344 5010 3483 5064 Μυιι

1894 5118 1963 5172 tis
1987 5118 2099 5186 jam
2126 5115 2320 5169 diebus
2356 5113 2448 5167 hic
2493 5112 2853 5173 custodimur,
2883 5124 2954 5162 ne
2980 5107 3269 5162 veritatem
3301 5103 3485 5159 dicere

1895 5210 2073 5265 liceat.
2116 5227 2133 5260 ι
2158 5237 2230 5248 ——
2256 5226 2273 5258 ι
2313 5205 2357 5261 Λ
2378 5220 2638 5274 quonam,
2665 5202 2861 5272 inquit,
2882 5217 2980 5257 vos
3002 5196 3421 5270 comprehensi?
3460 5213 3479 5243 ι

1893 5332 1964 5341 —-
1989 5322 2004 5351 ε
2030 5303 2068 5353 A
2092 5298 2349 5364 Mariano,
2376 5317 2395 5349 ι
2418 5297 2695 5352 dixerunt.
2713 5295 2909 5349 Statim
2928 5292 3206 5363 Augustus
3233 5287 3352 5344 dari
3376 5287 3485 5342 illis

1893 5503 2102 5571 imperf.
2151 5510 2330 5571 contra
2364 5497 2478 5552 Jul.
2510 5498 2606 5554 lib.
2646 5513 2719 5571 vt,
2764 5498 2815 5571 7,
2848 5497 2927 5571 sic
2961 5496 3029 5571 de
3069 5495 3161 5550 illo
3190 5511 3203 5547 :
3248 5493 3482 5571 Joanne:

1891 5566 2508 5637 Constantinopolitanae
2538 5568 2837 5623 excellentis
2865 5566 3049 5637 gloria’
3072 5568 3337 5637 sacerdos.

1966 5642 2032 5709 (ε)
2066 5643 2141 5695 Ita
2186 5630 2425 5709 loquitur
2466 5640 2583 5709 ipse
2613 5630 3037 5709 Chrysost'omus
3056 5636 3125 5690 de
3170 5634 3393 5689 Arsacio
3426 5630 3481 5686 in

1892 5706 2117 5780 cpi‘stola
2160 5706 2377 5765 123ml.
2402 5706 2616 5774 blenni,
2659 5718 2696 5761 ι.
2729 5706 2819 5773 ill,
2857 5722 2909 5776 p.
2944 5706 3065 5762 670.
