4234 6310
217 395 404 436 iam:

219 501 394 554 videns
433 497 648 568 pariter
691 497 886 550 missas
931 496 998 550 ad
1045 513 1102 552 se
1135 512 1356 552 reorum
1401 513 1684 567 personas,
1719 513 1816 552 co-

215 591 350 664 gnita
383 591 554 644 simul
581 589 884 642 criminum
915 589 1136 654 ultione,
1168 589 1448 660 mitigatus
1475 589 1586 644 Deo
1615 592 1816 660 gratias

215 681 344 752 egit;
381 680 710 750 rogavitque
743 679 1066 745 Ilonorium,
1118 689 1178 734 ut
1223 697 1390 750 super
1430 690 1546 736 toto
1579 681 1685 736 hoc
1723 695 1819 736 ne-

215 773 352 844 gotio
381 771 628 827 oﬂiciose
667 781 856 844 ageret
891 787 1016 826 cum
1041 772 1276 828 Arcadio
1301 781 1360 827 et
1387 773 1656 828 Eudosia.
1691 771 1815 830 Jam

213 865 354 920 missi
391 865 462 918 ab
499 865 740 920 Arcadio
778 865 1030 920 homines
1059 866 1570 936 cum-trepidarent
1617 865 1813 920 incerti

211 959 274 1013 de
303 957 380 1012 rei
414 956 584 1018 exitu,
616 958 824 1012 vocatis
847 957 914 1012 ad
945 974 1004 1012 se
1037 958 1388 1014 Innocentius
1418 957 1588 1012 dixit:
1625 977 1644 1009 ι
1669 957 1813 1012 Deus

211 1046 384 1108 vobis,
435 1061 468 1098 ο
515 1044 642 1113 lilii,
687 1047 932 1117 ignoscat
981 1057 1261 1118 peccatum
1309 1047 1436 1102 hoc.
1506 1046 1814 1118 Theophilo

207 1147 392 1194 autem
454 1143 670 1196 dicite:
729 1140 810 1194 Tu
870 1138 1092 1208 quidem
1160 1139 1436 1193 interdicti
1479 1154 1640 1210 poena
1705 1141 1812 1194 mi-

209 1231 352 1284 nime
391 1231 550 1294 liber,
595 1245 852 1300 compara
881 1239 934 1284 te
963 1231 1030 1284 ad
1066 1229 1330 1299 synodum
1361 1236 1620 1298 tanquam
1651 1243 1808 1296 rcus;

207 1337 328 1376 nam
375 1331 602 1392 pmpter
633 1329 684 1374 te
725 1337 892 1374 unum
925 1319 1054 1373 illuc
1083 1329 1350 1374 venturus
1401 1333 1542 1371 sum.
1570 1335 1589 1368 ι
1637 1316 1809 1372 Dimi-

207 1413 380 1482 sitque
425 1429 620 1468 omnes
651 1413 838 1468 multis
887 1427 1011 1466 cum
1043 1409 1382 1464 muneribus.
1417 1409 1662 1480 Denique
1707 1407 1811 1463 Ar-

203 1506 356 1559 cadio
397 1517 454 1558 et
503 1505 764 1560 :Iudoxia:
819 1505 891 1558 ita
941 1503 1172 1558 scribit:
1213 1501 1619 1556 «Innocentius
1669 1517 1810 1572 papa

205 1597 324 1650 Iiliis
375 1597 582 1652 nostris
618 1597 856 1652 Arcadio
891 1606 947 1650 et
979 1593 1238 1650 Eudoxia:
1271 1613 1282 1646 :
1319 1593 1500 1648 valere
1523 1609 1620 1648 vos
1635 1603 1804 1662 .opto.

203 1687 446 1758 Cognovi
495 1697 742 1743 vestrum
791 1687 1096 1742 secundum
1147 1687 1323 1740 Deum
1372 1685 1632 1738 devotum
1687 1693 1808 1738 stu-

203 1779 384 1842 dium,
441 1779 590 1849 quod
643 1789 868 1849 propter
933 1795 1134 1832 nomen
1189 1778 1310 1846 ejus
1363 1777 1800 1846 exprompsistis.

201 1871 572 1936 Quamobrem
609 1887 705 1925 vos
739 1871 907 1924 sacris
955 1869 1191 1924 vinculis
1247 1869 1535 1932 resolutos,
1579 1869 1647 1922 ad
1697 1867 1804 1922 Do-

203 1963 398 2018 minica
435 1965 705 2018 accedere
737 1963 938 2018 ﬁdente
985 1963 1172 2016 animo
1217 1961 1463 2031 symbola
1505 1961 1647 2014 sino.
1691 1959 1806 2014 IIoc

201 2065 376 2108 tanien
426 2071 529 2108 vos
573 2069 919 2118 commoneo,
962 2069 996 2108 ο
1039 2053 1163 2116 lilii,
1224 2061 1282 2107 ut
1333 2051 1560 2108 Joannis
1605 2065 1806 2106 nomen

199 2147 362 2200 sacris
391 2147 672 2216 diptychis
710 2145 1062 2208 inscribalur,
1095 2144 1456 2213 ejusdemque
1492 2158 1694 2212 corpus
1735 2143 1804 2197 ad

201 2239 474 2308 propriam
525 2240 820 2294 ecclesiam
871 2237 1161 2293 referatur.
1217 2237 1332 2291 Iloc
1381 2236 1528 2290 enim
1591 2233 1804 2304 justum

197 2443 244 2478 se
290 2427 354 2478 ab
397 2427 622 2490 inﬂictis
677 2425 778 2477 sibi
829 2426 884 2476 in
939 2426 1166 2480 ecclesiis
1207 2426 1566 2495 multifariam
1612 2433 1795 2478 contu-

199 2497 354 2550 meliis
385 2515 418 2548 α
457 2511 652 2564 magno
680 2495 908 2556 Joanne,
941 2505 1096 2562 prout
1125 2498 1172 2549 ei
1197 2505 1334 2548 certe
1365 2495 1658 2548 videbatur.
1699 2497 1796 2546 At-

197 2579 362 2618 tamen
395 2569 582 2618 beatus
633 2565 716 2617 vir
758 2565 954 2616 nemini
998 2566 1312 2618 nominatim
1355 2565 1678 2617 convicimus
1715 2572 1796 2618 est

197 2653 444 2704 unquam,
479 2635 572 2688 sed
601 2635 790 2702 culpas
834 2644 1038 2688 tantum
1075 2635 1392 2704 coarguebat
1429 2635 1792 2704 peccantium,

195 2703 368 2776 quibus
397 2709 490 2772 qui
519 2717 674 2758 erant
703 2705 938 2776 obnoxii,
971 2707 1152 2758 statim
1175 2705 1328 2758 dictis
1357 2703 1796 2776 percellebantur,

193 2772 336 2844 quasi
361 2778 418 2829 in
459 2793 516 2830 se
535 2776 692 2844 jacta
727 2775 971 2845 fuissent,
1002 2772 1363 2844 putabamque
1405 2791 1459 2827 se
1489 2774 1536 2827 ei
1569 2772 1800 2842 cognitos

221 2926 458 2940 ἡ

1023 377 1412 436 IDIOMELUM
1467 376 1531 430 IN
1571 377 1628 433 S.
1671 377 1990 432 JOANNEM
2033 375 2628 434 CIIIIYSOSTONIIIM.
3455 399 3522 437 xc

1917 513 2041 552 esse
2095 511 2404 550 censemus.
2463 495 2696 549 Serihite
2753 505 2935 550 autem
2989 496 3312 567 Thcophilo,
3351 509 3408 552 ut
3449 499 3520 554 sit

1917 590 2156 664 generali
2193 589 2400 659 synodo
2429 599 2670 656 paratus,
2699 603 2860 656 quam
2901 587 3064 642 indici
3097 589 3152 640 in
3183 589 3316 642 urbe
3340 587 3520 643 Thes-

1917 681 2156 736 salonica
2205 679 2368 734 velim
2417 677 2672 747 jubeatis.
2703 697 2721 728 ι
2777 675 2989 742 Quibus
3061 677 3300 746 acceptis
3353 677 3520 733 Iuno-

1916 773 2082 829 centii
2137 771 2366 834 litteris,
2417 769 2574 823 valde
2629 769 2796 823 lmtati
2853 779 2982 823 sunt
3025 769 3294 824 Arcadius
3351 779 3518 840 atque

1917 863 2181 926 Eudoxia,
2225 861 2642 930 Theophiloque
2691 861 3033 930 scripserunt
3097 869 3156 916 ut
3217 877 3278 916 se
3315 872 3520 932 quant-

1915 955 2071 1012 ocius
2100 953 2547 1008 Thessalonicam
2580 951 2873 1007 conferret.
2905 953 3149 1008 Audiens
3181 969 3310 1008 vero
3331 953 3516 1009 Theo-

1914 1047 2098 1118 philus
2133 1045 2540 1116 impendentem
2586 1042 2686 1098 sibi
2735 1045 3103 1110 scntentiam,
3145 1044 3518 1100 sollicitudine

1913 1141 2084 1193 multa
2123 1145 2506 1208 compunctus,
2548 1135 2716 1191 mittit
2751 1152 2946 1207 preces
2975 1139 3044 1192 ad
3091 1139 3410 1206 monachos,
3459 1149 3519 1194 ut

1913 1245 2013 1299 pro
2049 1230 2168 1298 ipso
2211 1229 2356 1283 bona
2393 1228 2555 1282 verba
2585 1228 2791 1283 dicant.
2823 1227 2894 1284 At
2943 1229 3018 1284 illi
3061 1231 3464 1300 responderunt
3499 1249 3510 1282 :

1921 1340 1936 1370 ε
1967 1319 2078 1375 Nos
2115 1329 2308 1374 contra
2343 1327 2394 1372 te
2427 1319 2613 1384 locuti,
2643 1322 2922 1390 quomodo
2953 1337 3054 1392 pro
3085 1331 3140 1378 te
3175 1323 3320 1394 loqui
3355 1333 3516 1395 pote-

1914 1409 2122 1464 rimus?
2164 1408 2274 1463 Sed
2329 1410 2421 1463 Dei
2475 1409 2714 1464 vindicta
2767 1413 3095 1481 quantocius
3142 1423 3193 1468 te
3233 1413 3512 1484 corripiet.

1911 1503 2184 1556 Car-terum
2215 1503 2282 1556 de
2311 1501 2632 1558 Innocentio
2666 1515 2738 1558 ne
2783 1505 2860 1560 sis
2903 1505 3198 1571 sollicitus;
3229 1522 3356 1560 nam
3391 1505 3515 1560 vitae

1911 1597 2032 1664 ejus
2075 1605 2322 1664 tempora
2354 1595 2624 1663 completa
2659 1594 2899 1650 fuerunt.
2932 1615 2949 1646 ι
2993 1595 3122 1650 Ilazc
3150 1597 3370 1666 quidem
3412 1613 3516 1651 au-

1910 1685 2066 1740 diens
2119 1684 2474 1754 Theophilus,
2517 1699 2709 1739 secura
2755 1695 2940 1740 mente
2977 1685 3087 1756 jam
3131 1695 3268 1741 erat.
3297 1687 3367 1740 At
3413 1685 3516 1739 Isi-

1913 1777 2082 1832 dorus
2125 1777 2448 1844 sodalesque
2499 1776 2618 1846 ejus
2663 1776 2716 1830 in
2761 1787 2946 1832 monte
2990 1777 3272 1848 degentes,
3315 1777 3512 1834 eximia

1913 1869 2205 1923 sanctitate
2243 1868 2422 1922 ornati
2452 1876 2764 1929 evaserunt,
2798 1877 2854 1922 et
2891 1868 3316 1923 charismatibus
3346 1867 3514 1922 etiam

1907 1959 2056 2032 digni
2097 1959 2343 2014 fuerunt.
2399 1959 2644 2028 Denique
2691 1967 2746 2014 et
2783 1960 2888 2028 ipsi
2938 1961 3105 2014 vitam
3158 1973 3514 2013 consumam-

1908 2059 2056 2116 runt,
2087 2051 2375 2106 laudantes
2405 2049 2620 2106 Patrem
2662 2061 2720 2107 et
2751 2052 2947 2108 Filium
2992 2061 3048 2108 et
3091 2061 3341 2106 sanctum
3389 2050 3513 2119 Spi-

1910 2143 2098 2197 ritum.
2149 2143 2256 2214 lpsi
2310 2143 2500 2214 gloria,
2563 2145 2741 2200 honor
2779 2153 2834 2198 ct
2881 2145 3126 2198 adoratio
3167 2159 3264 2214 per
3313 2141 3513 2196 saecula

1907 2238 2256 2291 saeculorum.
2289 2235 2484 2290 Amen.

1897 2439 2022 2486 esse,
2055 2425 2264 2478 etiamsi
2292 2439 2475 2490 reapse
2503 2421 2760 2474 latebant.

1971 2495 2048 2562 (τι)
2091 2487 2476 2564 Ἀνεστορηὰία
2520 2493 2646 2564 haec
2694 2501 2783 2564 est
2833 2505 2994 2564 quam
3037 2487 3229 2564 sumi_t_
3261 2505 3290 2542 a
3333 2491 3510 2564 Geor-

1901 2563 1988 2632 gio
2031 2559 2090 2630 'p.
2127 2564 2234 2616 552
2301 2559 2488 2616 noster
2519 2561 2862 2614 Theodorus.
2907 2559 3121 2632 Etenim
3169 2559 3512 2632 Theophilus

1900 2629 2049 2685 {nimi
2077 2632 2280 2686 Christi
2319 2633 2422 2686 M2
2472 2641 2721 2686 mortuus
2767 2638 2871 2690 est,
2921 2629 3278 2684 Innocentius
3325 2637 3510 2685 autem

1903 2717 2050 2756 anno
2083 2703 2208 2766 417,
2247 2711 2306 2756 ut
2335 2701 2459 2756 fasti
2487 2699 2780 2756 certissimi
2809 2701 3034 2754 docent.

1639 3085 2112 3164 EPITOME

1252 3263 1436 3323 VITIE
1479 3265 1536 3322 S.
1579 3265 1874 3324 JOANNIS
1911 3265 2424 3324 CIIRYSOSTOSII.

257 3549 498 3604 Joannes
525 3551 750 3620 quidem
797 3561 914 3604 erat
951 3565 1150 3620 genere
1179 3549 1570 3606 Antiochensis
1603 3571 1616 3604 :
1647 3564 1804 3622 pater

200 3641 306 3708 ejus
335 3643 599 3712 magister
637 3643 876 3696 militum
909 3641 1094 3713 Syrite,
1129 3651 1182 3694 et
1213 3653 1386 3696 mater
1431 3643 1551 3712 ejus
1597 3659 1803 3714 cngno-

201 3743 372 3786 tuento
419 3733 694 3786 Anthusa.
727 3732 1046 3788 Octodecim
1088 3751 1262 3788 annos
1307 3743 1468 3788 natus
1509 3735 1737 3789 recessit
1770 3751 1802 3790 a

200 3825 406 3880 rhetore
429 3826 664 3880 Libanio
685 3843 698 3890 ;
719 3835 882 3894 atque
899 3843 930 3880 a
955 3827 1188 3888 Melctio,
1209 3825 1568 3880 Antiochensi
1588 3827 1804 3881 archie-

199 3917 432 3986 piscopo,
467 3919 798 3986 baptizatur,
835 3927 890 3972 et
931 3919 1102 3971 lector
1151 3917 1456 3972 ordinatur.
1489 3918 1628 3971 Ilinc
1675 3935 1799 3972 cum

201 4009 472 4064 incidisset
495 4011 546 4062 in
563 4025 754 4064 senem
774 4010 1066 4079 quemdam
1086 4013 1440 4074 monachum,
1455 4013 1599 4081 apud
1621 4011 1800 4080 ipsum

197 4117 362 4153 annos
391 4113 632 4170 quatuor
667 4103 968 4170 permansit
1005 4119 1016 4152 :
1052 4103 1104 4154 in
1145 4103 1460 4170 speluncam
1501 4103 1794 4170 quamdam

199 4191 474 4252 secedens,
511 4191 658 4246 solus
691 4191 764 4244 ibi
791 4193 990 4246 mansit
1019 4208 1195 4246 annos
1219 4193 1390 4246 duos:
1416 4203 1580 4260 atque
1609 4209 1799 4248 rursus

203 4281 334 4334 redit
361 4283 430 4336 ad
467 4283 792 4350 Ecclesiam,
818 4295 872 4338 et
899 4285 1185 4338 ordinatur
1219 4285 1575 4350 diaconus,et
1605 4285 1800 4339 claruit

200 4387 362 4427 annos
391 4375 660 4444 quinque.
679 4377 720 4428 Α
749 4375 1008 4430 Flaviano
1037 4387 1220 4430 autem
1253 4377 1538 4430 ordinatur
1571 4379 1798 4446 presby—

201 4471 292 4524 ter,
307 4478 428 4517 cum
455 4465 888 4534 resplenduisset
907 4467 960 4520 in
980 4483 1046 4521 eo
1065 4467 1250 4521 habitu
1273 4483 1448 4522 annos
1471 4469 1793 4522 duodecim:

197 4555 282 4620 qui
312 4573 506 4612 omnes
521 4558 686 4612 simul
705 4559 844 4613 ﬁunt
873 4561 1000 4614 anni
1031 4561 1388 4631 quadraginta
1415 4569 1668 4630 quatuor.
1685 4561 1799 4615 Sub

199 4645 250 4698 id
277 4663 400 4701 vero
419 4659 660 4718 tempus,
683 4661 903 4705 mortuo
921 4651 1200 4714 Nectario,
1216 4651 1632 4722 archiepiscopo
1657 4653 1798 4708 Con-

197 4740 697 4810 stantinopolitano,
731 4745 1028 4798 arcessitus
1045 4745 1355 4806 Antiochia,
1386 4747 1673 4800 ordinatur
1703 4749 1798 4812 far-

197 4823 572 4903 ὠὶιερίει-ονυδ
595 4833 1260 4906 Constantinopolitanus,
1279 4837 1513 4892 Arcadio
1531 4837 1803 4908 imperan-

627 5175 1056 5237 IDIOMELUM
1089 5179 1170 5238 IN
1324 5175 1688 5240 JOANNEM
1727 5177 2348 5244 CHRYSOSTOMUM
2399 5182 2497 5262 (13
2540 5184 2909 5264 Novembr.)
2945 5187 3053 5264 (ιι).

195 5437 254 5494 iis
297 5457 432 5510 quas
483 5443 640 5496 leues
689 5445 1098 5500 admonitiones
1150 5447 1409 5514 adhibes,
1462 5447 1790 5520 Christoque

197 5534 344 5586 Iunior
405 5536 676 5604 Spirituali
727 5553 952 5606 sponso,
985 5555 1048 5594 ac
1079 5537 1128 5593 ei
1176 5554 1472 5610 conregno.
1509 5539 1791 5606 Quamob-

193 5637 298 5678 tem
333 5641 434 5679 nos
467 5645 692 5699 quoque
727 5631 782 5684 in
813 5639 904 5684 tua
941 5632 1254 5704 congregati
1293 5631 1558 5686 memoria
1587 5633 1790 5688 clama-

263 5809 332 5876 ta)
367 5803 684 5860 Bibliot‘m-a
715 5807 940 5863 Patrum
981 5809 1219 5880 Lugdtm.
1259 5819 1296 5864 t.
1337 5807 1445 5872 Ml,
1479 5827 1530 5878 p.
1569 5813 1690 5866 7:252.

1911 3565 1980 3618 te,
2015 3555 2274 3610 vicesimo
2323 3556 2516 3625 quinto
2563 3555 2769 3610 mensis
2819 3553 3170 3621 Decembris,
3215 3555 3514 3613 indictione

1907 3657 2116 3712 quarta.
2139 3647 2430 3716 Postquam
2457 3654 2640 3700 autem
2667 3645 3044 3716 episcopatum
3069 3663 3244 3702 annos
3272 3649 3512 3717 quinque

1905 3735 2365 3800 administrasset,
2389 3751 2488 3806 per
2517 3735 2851 3798 invidiamin
2884 3738 3136 3792 exsilium
3167 3747 3322 3792 actus
3353 3745 3434 3790 est
3458 3736 3510 3788 in

1905 3827 2184 3882 civitatem
2219 3829 2480 3892 Cumana,
2503 3828 2780 3883 Armenia:
2811 3829 3064 3884 vicinam.
3084 3829 3210 3900 Egit
3233 3829 3288 3883 in
3323 3827 3514 3882 exsilio

1905 3935 2079 3974 annos
2127 3929 2257 3984 tres,
2293 3935 2511 3973 menses
2561 3919 2720 3974 duos.
2755 3921 2928 3974 Simul
2969 3921 3092 3974 vita:
3141 3922 3262 3988 ejus
3297 3929 3512 3988 tempus

1905 4011 2044 4064 fiunt
2065 4012 2196 4065 anni
2221 4012 2612 4081 quinquaginta
2635 4013 2764 4072 duo,
2783 4021 2840 4066 et
2871 4027 3086 4066 menses
3117 4021 3262 4064 octo.
3283 4011 3512 4066 Moritur

1903 4103 2118 4160 decimo
2135 4115 2329 4174 quarto
2349 4107 2552 4160 mensis
2573 4105 2918 4164 Novembris.
2935 4115 2989 4160 et
3009 4107 3202 4160 eodem
3231 4107 3320 4160 die
3349 4121 3512 4176 sepe-

1905 4197 2032 4250 litur
2089 4199 2141 4250 in
2190 4199 2442 4266 sepulcro
2497 4213 2622 4252 cum
2659 4199 2820 4252 beato
2857 4199 3140 4252 Basilisco.
3173 4197 3510 4252 Reverenda-

1905 4291 2024 4358 cjus
2059 4291 2298 4359 reliquiae
2325 4291 2854 4362 t'lonstantinopolim
2889 4293 3072 4348 relata:
3101 4301 3230 4348 sunt
3255 4301 3378 4360 post
3407 4307 3510 4344 an-

1903 4397 2004 4436 nos
2033 4383 2274 4452 quinque
2297 4391 2350 4434 et
2379 4381 2597 4452 triginta
2617 4423 2630 4444 ,
2651 4383 2956 4451 imperante
2977 4383 3286 4438 Theodosio
3313 4383 3507 4438 Junio-

1905 4489 1995 4538 re,
2035 4483 2089 4526 et
2143 4472 2336 4526 Proclo
2398 4473 2816 4542 archiepiscopo
2873 4473 3504 4544 Constantinopolitano.

1905 4565 2156 4618 Relatum
2189 4581 2314 4618 cum
2351 4581 2540 4620 rursus
2569 4581 2692 4619 cum
2723 4567 3024 4636 psalmodia
3061 4567 3432 4636 deposuerunt
3453 4567 3502 4618 in

1902 4660 2132 4712 ecclesia
2187 4659 2474 4714 beatorum
2531 4659 2918 4730 Apostolorum
2971 4661 3232 4716 vicesimo
3269 4661 3506 4731 septimo

1903 4751 2108 4804 mensis
2135 4750 2404 4806 Januarii.

2713 5042 2981 5056 ῌ*

3009 5241 3024 5266 l

1901 5473 2024 5510 mus
2061 5457 2181 5512 :Ne
2213 5473 2312 5527 pro
2359 5457 2522 5512 nobis
2565 5455 2860 5511 Dominum
2908 5455 3190 5526 deprecari
3233 5455 3496 5528 graveris,

1900 5563 2010 5618 quo
2039 5549 2348 5604 animorum
2379 5548 2614 5604 salutem
2644 5563 3068 5618 consequamur.
