4234 6310
697 382 782 423 xu
1601 350 1730 412 [Hs
1754 356 2006 412 BlGO'l‘ll
2037 354 2414 413 PRIEFATIO
2451 351 2520 407 IN
2561 346 2991 406 PALLADIUM.
3866 349 3989 392 xcu

716 498 3982 538 mw

1703 533 1938 544 —-———

1939 532 2353 545 ___..___———-——

1007 800 1190 913 DE
1267 801 1621 917 VITA
1708 795 1829 907 s.
1914 789 2530 910 JOANNIS
2610 755 3646 903 CHRYSOSTOMI

782 1132 977 1221 12x
1088 1124 1816 1220 DIALOGO
1917 1112 2847 1213 H-ISTORICO
2951 1089 3865 1200 PALLADIIW

1857 1417 2407 1478 HELENOPOLEOS
2450 1412 2790 1469 EPISCOPI.

761 1927 919 1984 Hunc
944 1923 1266 1994 scriptorem
1296 1921 1482 1978 Graece
1508 1930 1562 1975 et
1597 1920 1788 1974 Latine
1824 1918 1971 1989 prior
1998 1916 2168 1972 edidit
2193 1919 2275 1969 vir
2387 1910 2569 1965 missa:
2602 1916 2784 1961 tamen
2817 1914 2975 1959 nobis
3005 1913 3134 1958 sunt
3155 1899 3317 1955 variae
3348 1897 3835 1955 lectionesadocto
3864 1901 3998 1953 viro

668 2037 1036 2093 doctissimus
1081 2033 1364 2089 Emericus
1396 2032 1637 2105 Bigotius
1681 2032 1888 2086 amicus
1931 2041 2136 2090 noster,
2182 2029 2271 2099 qui
2385 2019 2786 2090 execrptaa,qui
2807 2017 3105 2072 Palladium
3127 2032 3155 2070 a
3175 2014 3384 2085 Bigotio
3415 2027 3608 2068 cusum
3635 2027 3760 2066 cum
3788 2012 3997 2067 eodem

690 2165 836 2205 anno
868 2147 1003 2204 1689
1041 2146 1333 2201 defunctus
1354 2155 1454 2200 est.
1489 2144 1542 2198 ls
1576 2144 1627 2199 in
1657 2143 1992 2199 Bibliotheca
2034 2143 2273 2199 Medicea
2385 2136 2630 2190 Mediceo
2669 2133 2858 2187 codice
2884 2129 3193 2185 contulerat
3227 2145 3238 2180 :
3276 2127 3420 2180 inter
3456 2140 3550 2178 eas
3576 2135 3759 2178 autem
3802 2122 3999 2176 varias

689 2280 754 2318 ex
777 2263 965 2318 codice
990 2262 1222 2332 quodam
1254 2262 1360 2315 hoc
1376 2275 1514 2330 opus
1529 2259 1836 2328 exscripsit,
1856 2257 2117 2313 etLatine
2138 2257 2204 2310 ab
2219 2271 2275 2310 se
2385 2250 2668 2313 lectiones,
2697 2247 2966 2316 quadam,
3005 2244 3099 2298 sed
3145 2239 3484 2312 paucissima:
3519 2246 3665 2300 sunt,
3709 2252 3829 2305 quae
3862 2250 3997 2288 om-

690 2383 942 2428 accurate
973 2387 1301 2427 conversum
1335 2371 1563 2442 Lutetia:
1594 2371 1925 2424 Parisiorum
1953 2370 2037 2423 edi
2066 2369 2279 2423 curavit
2389 2366 2521 2419 nino
2561 2381 2833 2435 germana:
2863 2373 2919 2416 et
2949 2379 3089 2418 verae
3119 2362 3396 2423 videntur,
3427 2357 3557 2412 licet
3585 2370 3710 2409 cum
3743 2352 3999 2423 Bigotia-

687 2499 835 2540 anno
864 2484 1020 2539 1680.
1047 2483 1303 2554 Ejusdem
1323 2482 1503 2552 operis
1531 2483 1637 2553 iam
1671 2483 1763 2537 diu
1789 2482 2034 2536 Latinam
2066 2483 2277 2536 VCI‘SiO-
2389 2490 2456 2527 na
2491 2475 2730 2529 editione
2767 2490 2877 2528 non
2922 2470 3271 2527 consentiant
3304 2487 3316 2522 :
3350 2478 3413 2523 ut
3462 2467 3516 2521 in
3547 2466 3782 2520 decursu
3818 2463 4004 2532 hujus

690 2610 816 2650 netu
845 2595 1070 2655 fecerat.
1103 2587 1338 2667 et'typis
1360 2594 1604 2648 mandari
1635 2604 1924 2649 curaverat
1956 2595 2280 2650 Ambrosius
2389 2585 2641 2641 editionis
2675 2595 2879 2640 nostrae
2918 2580 3576 2638 animadverteteruditus
3601 2577 4004 2633 lector.Ncmo

689 2708 1122 2764 Camaldulensis
1149 2706 1415 2770 Venetiis,
1440 2707 1551 2778 qui,
1574 2717 1633 2761 ut
1651 2708 1789 2761 infra
1814 2707 1980 2762 refert
2010 2708 2273 2780 Bigotius,

2387 2698 2533 2751 enim
2567 2698 2916 2767 quantumvis
2957 2697 3170 2761 doetus,
3201 2693 3555 2764 quantumvis
3579 2699 3868 2746 accuratus
3889 2689 3996 2752 sit,

690 2821 883 2875 eodem
915 2836 1023 2892 quo
1049 2821 1165 2891 ipse
1207 2821 1398 2876 codice
1431 2837 1582 2886 usus,
1614 2838 1722 2876 non
1751 2838 1922 2892 pauca
1947 2823 2010 2875 de
2049 2839 2144 2876 εηο
2180 2828 2279 2874 αα-
2386 2820 2445 2865 ut.
2472 2821 2590 2865 erat
2620 2821 2769 2865 certe
2805 2812 2866 2864 ι).
2905 2810 3163 2882 Bigotius,
3206 2806 3323 2877 pari
3355 2819 3576 2874 semper
3607 2802 3769 2857 animi
3799 2811 4000 2855 atten-

693 2934 950 2988 didit.Ex
977 2934 1079 2990 hac
1129 2935 1290 3006 igitur
1335 2935 1524 3006 Bigotii
1569 2937 1809 2990 editione
1854 2937 1994 2991 hanc
2037 2948 2282 2992 nostram

1204 2945 1290 2989 tur
1335 2935 1524 3006 Bigotii
1569 2937 1809 2990 editione
1854 2937 1994 2991 hanc
2037 2948 2282 2992 nostram
2387 2923 2536 2978 ῑίοηο
2561 2924 2638 2977 "Li
2669 2933 2868 2993 potest-

694 3043 1094 3098 adornavimus.
2460 3036 2610 3092 Illam
2647 3051 2778 3090 vero
2803 3035 3144 3092 Praefationis
3179 3035 3476 3108 Bigotianze
3504 3040 3737 3102 partem.
3766 3041 3889 3096 quae
3920 3025 3998 3078 ad

767 3135 916 3190 Licet
938 3145 1119 3190 autem
1155 3136 1242 3189 ille
1272 3152 1433 3207 quam
1464 3138 1872 3193 accuratissime
1900 3149 2113 3210 poterat
2138 3141 2280 3196 hanc
2387 3149 2570 3204 Vitam
2626 3149 2998 3221 Chrysostomi
3026 3165 3053 3202 a
3086 3149 3325 3205 Palladio
3383 3147 3703 3203 adornatam
3749 3149 3995 3211 spectat,

696 3249 915 3306 Palladii
962 3250 1243 3305 historiam
1279 3268 1343 3308 ex
1390 3253 1591 3308 codice.
1625 3253 1868 3308 Mediceo
1897 3255 2280 3326 exscripserit,
2393 3263 2481 3316 hic
2511 3262 2891 3333 apponendam
2921 3277 3043 3317 esse
3072 3243 3406 3318 censuimus.

1969 3721 2703 3813 EXCERPTUM

1724 3997 1812 4050 EX
1861 3997 2324 4053 PR:tEl".-\TIO.\'E
2365 3999 2647 4056 EHEIUCI
2689 3997 2957 4053 BIGOTII.

778 4443 798 4480 ι
839 4423 976 4482 Cum
1001 4425 1239 4496 primum
1265 4425 1333 4481 de
1361 4425 1574 4482 edendo
1595 4423 1734 4481 Vita:
1780 4425 1835 4481 S.
1860 4425 2088 4482 Joannis
2113 4425 2290 4496 Cbry—
2400 4424 2504 4479 hac
2554 4435 2733 4495 spat-ta
2777 4427 3091 4482 exornanda
3129 4441 3410 4492 versarer,
3452 4425 3584 4480 varii
3640 4425 3870 4480 subinde
3907 4443 4007 4483 me

702 4517 1132 4575 sostomiGmco
1161 4527 1418 4574 contextu
1443 4520 1680 4590 cogitare
1706 4519 1870 4589 ccepi,
1891 4520 2088 4574 Lector
2127 4520 2295 4574 bene-
2399 4516 2576 4572 morbi
2604 4528 2901 4583 vexarunt;
2949 4519 3039 4588 qui
3098 4518 3406 4573 institutum
3438 4533 3576 4588 opus
3607 4519 3660 4571 in
3697 4517 4006 4588 longinqua

701 4609 842 4673 vole,
877 4609 1162 4664 uberiores
1192 4617 1350 4662 notas
1369 4609 1424 4662 in
1456 4624 1576 4662 eam
1600 4609 1836 4664 scribere
1860 4618 2192 4674 statueram,
2221 4608 2292 4662 ob
2400 4617 2644 4678 tempora
2677 4610 2938 4678 reiecere.
2971 4609 3186 4665 Interea
3218 4611 3420 4680 prodiit
3441 4609 3493 4664 in
3524 4610 3700 4664 lucem
3730 4608 4005 4663 eximium

703 4702 866 4772 idque
890 4701 1212 4772 collegeram
1242 4701 1502 4771 quidquid
1532 4702 1584 4754 in
1622 4701 1880 4770 operibus
1915 4701 2294 4771 eloquentissi-
2399 4717 2540 4772 opus
2593 4703 2657 4757 de
2704 4702 3079 4774 Cbrysostomi
3122 4703 3306 4774 gestis.
3336 4703 3404 4757 ab
3447 4702 3815 4758 eruditissimo
3847 4709 3902 4755 et
3931 4702 4010 4756 de

703 4792 778 4846 mi
808 4792 1065 4854 doctoris.
1086 4792 1348 4863 quidquid
1385 4793 1439 4847 in
1471 4793 1688 4862 scriptis
1728 4793 1948 4847 Patrum
1979 4794 2288 4862 aequalium,
2400 4794 2625 4849 historia
2653 4795 3022 4851 ecclesiastica
3061 4795 3265 4865 optime
3288 4796 3506 4859 merito,
3538 4791 3831 4849 Godefrido
3855 4791 4011 4847 Her-

702 4879 965 4950 quidquid
999 4881 1232 4951 denique
1271 4883 1412 4953 apud
1452 4882 1741 4938 historicos
1783 4883 2186 4939 ecclesiasticos
2225 4885 2290 4938 ad
2403 4887 2630 4953 manlio,
2664 4886 2868 4942 Gallice
2904 4887 3275 4957 conscriptum
3309 4906 3318 4940 :
3348 4888 3401 4941 in
3434 4901 3544 4956 quo
3581 4882 3844 4955 quidquid
3871 4887 4010 4938 ani-

702 4981 826 5022 cam
859 4968 1234 5037 illustrandam
1270 4970 1520 5026 conferre
1561 4973 1694 5028 mihi
1734 4974 2039 5029 videbatur.
2073 4973 2209 5029 Cum
2237 4975 2291 5030 in
2404 4994 2492 5032 mo
2523 4993 2903 5048 conceperam,
2934 4978 3021 5032 ille
3062 4978 3273 5033 erudite
3309 4987 3470 5044 atque
3516 4976 3794 5044 eleganter
3829 4987 4014 5028 occu-

780 5269 856 5338 (α)
883 5267 1158 5343 Palladius
1188 5312 1199 5334 ,
1236 5269 1453 5340 ignotae
1522 5272 1810 5338 cujusdam
1867 5273 2109 5328 civitatis
2170 5271 2223 5326 in
2273 5270 2499 5330 Oriente
2531 5275 2825 5343 episcOpus
2860 5281 2914 5328 et
2943 5273 3000 5327 ὃ.
3031 5271 3259 5328 Joannis
3276 5269 3657 5343 Chrysostomi
3686 5267 4014 5343 familiaris.

707 5354 833 5410 cum
873 5340 993 5410 ejus
1037 5339 1473 5396 communionem
1526 5343 1956 5397 ecclesiasticam
2029 5343 2282 5398 deserere
2318 5345 2505 5408 nollet,
2537 5339 2608 5398 ab
2638 5339 2885 5399 Ecclesia
2917 5358 3016 5398 sua
3046 5339 3302 5398 exsulare
3340 5339 3566 5396 coactus
3598 5355 3787 5395 amore
3820 5339 4015 5410 pacis,

705 5419 764 5490 tn
795 5406 1421 5490 ΟίτςῖάριῃιιΙίΑΙΞΣε-ριεξείε⁸
1444 5412 1700 5490 vigentis.
1734 5427 1782 5466 c.
1818 5428 1887 5490 a._
1912 5413 2021 5468 ιοε
2052 5429 2119 5490 ex
2154 5413 2331 5483 patria
2367 5406 2585 5490 fugiens
2631 5415 2856 5490 Romam
2902 5413 3155 5490 secessit.
3192 5411 3458 5490 Ubi_dum
3483 5406 3836 5490 _versaretu_r,'
3873 5406 4017 5462 Dia-

709 5480 860 5548 loga:
896 5481 1098 5557 (ις-τίω
1128 5480 1188 5537 8.
1219 5481 1846 5557 ,Ιοεᾳηὶε-ϐιινῃιοεέοηιὶ
1875 5479 2256 5557 inter_ipsum,
2297 5485 2392 5557 qui
2431 5479 2716 5557 plerisque
2733 5483 2914 5557 rebus
2944 5484 3109 5554 paulo
3150 5492 3278 5538 ante
3304 5484 3362 5557 in
3402 5479 3632 5557 Orientg
3660 5479 3831 5557 gestis
3861 5493 4014 5557 praeo-

708 5551 1242 5626 sens_adfuerat,_ct
1291 5549 1664 5626 Theodorum,
1699 5551 1961 5626 Romana:
2011 5549 2271 5626 Ecclesia:
2306 5549 2639 5626 diaconum;
2661 5553 2883 5610 habitus
2921 5549 3029 5626 est.
3085 5569 3247 5626 quem
3303 5551 3445 5626 idern
3491 5549 3775 5626 Palladius
3808 5555 4012 5626 postea

711 5621 939 5697 pulchre
965 5633 1019 5697 et
1053 5616 1299 5697 studiose
1328 5623 1694 5697 conscripsit;
1738 5622 1865 5677 inde
1900 5621 2284 5697 plenissimam
2316 5616 2814 5697 totius_tra'gmdim
2846 5616 3118 5680 natitiam'
3138 5633 3192 5681 et
3228 5623 3506 5697 egregiam
3554 5622 3680 5677 vitae
3719 5617 3775 5674 8.
3811 5616 4016 5691 Chry-

709 5694 940 5747 sostomi
979 5693 1401 5750 delineationem
1431 5693 1500 5746 ab
1535 5692 1798 5762 episcOpo
1825 5692 2072 5750 veritatis
2103 5695 2326 5749 conscio
2357 5695 2583 5752 haurire
2610 5692 2764 5752 licet.
