4234 6310
137 373 251 418 Χσιιι

140 472 290 546 pavit,
322 469 398 526 ita
427 481 494 526 ut
521 469 663 526 nihil
688 469 821 526 tnihi
837 469 1070 542 amplius
1097 471 1367 541 reliquum
1385 469 1546 526 foret.
1569 483 1735 538 quam

139 580 309 624 acum
331 579 498 634 agere
535 583 549 617 :
581 563 730 634 quod
755 579 786 618 a
817 563 955 618 meis
979 563 1222 618 moribus
1248 577 1466 632 semper
1485 561 1586 615 fuit
1604 561 1739 615 alie-

140 673 287 712 num.
317 656 515 724 Itaque
539 656 867 710 mutandum
906 654 1041 708 mihi
1073 654 1363 709 consilium
1390 653 1511 719 fuit,
1547 662 1601 707 et
1629 650 1740 706 alio

141 747 510 804 convertenda
561 747 741 802 studia
776 765 788 799 :
822 761 1044 815 nempe,
1097 754 1157 799 ut
1193 745 1369 801 solum
1417 753 1732 800 contextum

129 841 385 897 Graecus
414 855 547 894 cum
581 855 722 894 nova
748 838 941 893 Latina
971 838 1227 893 versione
1257 837 1459 908 publici
1487 837 1626 906 juris
1657 835 1740 890 fa-

138 945 340 993 cerem,
365 945 535 999 quem
567 944 599 982 a
629 929 762 984 viris
800 928 976 983 doctis
1019 927 1173 982 avide
1199 926 1504 996 exspectari
1539 925 1743 980 intelli-

136 1021 454 1093 gebam.Ad
493 1036 619 1076 eum
650 1037 749 1091 pro
776 1021 1123 1076 uberioribus
1153 1017 1739 1084 animadversionibus,

132 1129 276 1184 quas
302 1113 490 1167 animo
520 1112 946 1176 destinaveram,
989 1112 1254 1182 quasdam
1273 1109 1512 1175 criticas,
1546 1117 1607 1164 ut
1643 1124 1743 1164 vo-

135 1215 288 1268 cant,
313 1214 496 1266 notas.
521 1220 644 1273 qua:
667 1203 909 1274 phrasim
936 1204 1172 1258 subinde
1203 1203 1385 1258 minus
1404 1202 1657 1258 usitatam
1690 1210 1747 1257 et

135 1299 311 1364 specie
326 1297 574 1350 vitiosam
599 1297 952 1366 explicarent,
976 1295 1425 1364 elucidarentque
1440 1295 1590 1350 locos
1610 1310 1748 1354 non-

133 1389 342 1453 nullos,
377 1389 474 1458 qui
507 1389 692 1443 varios
717 1404 912 1444 sensus
941 1388 1230 1457 variasque
1258 1385 1746 1456 interpretationes

143 1479 436 1532 admittere
465 1477 816 1541 videbantur,
851 1477 1148 1547 adjungere
1201 1476 1389 1530 statui.
1436 1474 1750 1546 Suppuduit

143 1586 225 1624 me
262 1578 452 1623 tamen
480 1578 693 1638 postea,
727 1568 918 1634 fateor,
954 1566 1222 1638 propositi
1254 1566 1391 1632 mei;
1432 1567 1748 1637 indignum-

142 1676 244 1730 que
269 1662 550 1730 reputavi,
573 1659 956 1730 praetermissis
981 1659 1332 1715 uberioribus
1353 1657 1520 1722 uotis,
1537 1657 1605 1712 ad
1631 1657 1750 1711 illas

144 1748 410 1802 minutias
473 1747 844 1813 descendere;
885 1747 1093 1802 veritus
1150 1747 1331 1802 locum
1373 1747 1502 1801 dare
1542 1746 1750 1817 vulgari

144 1840 356 1910 adagio,
390 1837 503 1893 Pro
527 1842 773 1894 thesauro
803 1840 1076 1894 carbones.
1101 1836 1172 1892 At
1201 1853 1333 1892 vero
1362 1837 1624 1908 quidquid
1648 1839 1754 1893 hoc

146 1932 311 1987 libelli
341 1939 460 1995 est,
489 1931 847 2001 quantumvis
885 1929 1303 1985 commentariis
1342 1928 1610 1994 destituti,
1653 1945 1753 1999 pro

148 2037 364 2094 magno,
396 2030 555 2077 certo
581 2023 716 2084 scio,
759 2022 1048 2076 habiturus
1073 2036 1134 2076 es
1169 2022 1452 2088 thesauro,
1477 2022 1524 2076 si
1555 2022 1753 2076 memi-

147 2114 312 2177 neris,
345 2123 560 2183 quanto
605 2112 806 2177 studio,
835 2122 1112 2182 quantave
1153 2113 1433 2184 diligentia
1465 2115 1754 2169 clarissimi

147 2203 388 2275 Operum
416 2204 477 2260 S.
513 2203 742 2258 Joannis
767 2202 1140 2275 Chrysostomi
1184 2205 1444 2272 editores,
1480 2205 1754 2261 Henricus

147 2297 385 2353 Savilius
416 2306 476 2353 et
502 2296 722 2363 Fronto
758 2295 1006 2362 Ducaaus,
1055 2313 1195 2368 opus
1234 2298 1366 2353 illud
1408 2314 1755 2368 quaquaver-

149 2403 265 2442 sum
291 2387 713 2459 perquisierint.
739 2387 847 2444 Sed
869 2405 993 2444 cum
1017 2389 1219 2444 frustra
1244 2405 1438 2445 omnes
1459 2391 1755 2446 bibliothe-

151 2496 334 2536 carum
385 2479 602 2535 forulos
638 2481 1031 2546 excussissem,
1058 2481 1232 2537 sancti
1262 2483 1502 2537 doctoris
1539 2483 1752 2537 studio-

154 2585 238 2625 sos
269 2570 502 2640 scriptis
543 2570 659 2624 suis
690 2571 754 2626 ad
785 2572 1033 2627 eamdem
1066 2588 1254 2627 curam
1279 2572 1602 2638 invitarunt,
1634 2587 1755 2627 mo-

153 2671 510 2731 uueruntque
570 2661 716 2716 hanc
739 2660 919 2717 Vitam
950 2662 1019 2717 ad
1063 2662 1395 2732 paucissima
1424 2663 1757 2734 exemplaria

153 2755 427 2808 redactam
464 2767 607 2807 esse.
643 2752 804 2807 llunc
835 2767 935 2824 ego
963 2754 1320 2824 archetypum
1348 2754 1640 2809 Florentiae
1669 2769 1759 2808 re-

151 2846 259 2915 peri
306 2846 368 2899 in
415 2845 762 2899 Bibliotheca
806 2845 1048 2900 Medicea
1082 2863 1094 2899 :
1128 2847 1357 2916 ejusque
1409 2845 1759 2900 exscribendi

151 2936 301 3006 copia
333 2935 679 3006 perbenigne
723 2936 856 2990 mihi
896 2935 1036 2991 facta
1085 2945 1170 2990 est
1212 2951 1243 2990 a
1278 2952 1478 3007 magno
1524 2937 1761 2991 Etruriae

154 3027 284 3080 duce
305 3066 321 3090 ,
341 3024 702 3079 Ferdinando
728 3024 772 3078 ll
803 3042 814 3078 :
839 3026 954 3094 qui,
985 3040 1150 3080 verus
1169 3025 1347 3096 gentis
1369 3025 1627 3082 Medicea:
1656 3027 1765 3081 haz-

155 3129 256 3178 res,
273 3129 534 3170 amorem
563 3129 689 3184 erga
715 3113 923 3168 litteras
950 3123 1005 3168 et
1021 3114 1290 3170 litteratos
1310 3116 1476 3181 viros,
1509 3125 1570 3170 ut
1590 3116 1764 3186 patri-

155 3207 397 3260 monium
417 3222 451 3260 a
470 3205 797 3275 parentibus
814 3214 1120 3276 acceptum,
1140 3205 1208 3261 ad
1226 3205 1396 3260 lilium
1413 3205 1673 3262 Cosmum
1691 3206 1761 3260 lli

158 3299 381 3353 feliciter
404 3297 739 3352 transmisit.
768 3296 868 3351 Hic
898 3297 1015 3366 ipse
1045 3307 1130 3352 est
1165 3299 1358 3360 codex,
1378 3314 1487 3368 quo
1517 3315 1649 3354 usus
1679 3308 1765 3353 est

156 3390 480 3443 Ambrosius
524 3387 988 3453 Camaldulensis,
1049 3389 1143 3458 qui
1193 3390 1347 3460 prior
1388 3391 1532 3446 hanc
1582 3390 1763 3446 V’itam

159 3478 346 3535 Latine
372 3479 544 3534 vertit
575 3498 591 3534 :
626 3479 791 3535 vertit
820 3489 1004 3535 autem
1034 3481 1244 3547 Romte,
1278 3491 1340 3536 ut
1369 3483 1487 3552 ipse
1531 3491 1767 3538 testatur

161 3572 215 3624 in
247 3573 481 3643 epistola
524 3572 920 3642 nuncupatoria
965 3573 1034 3627 ad
1086 3573 1394 3645 Eugenium
1440 3591 1637 3646 papam
1672 3574 1762 3641 IV,

162 3661 393 3730 ejusque
419 3663 608 3716 versio
642 3663 782 3733 typis
826 3679 1024 3718 excusa
1056 3665 1257 3734 prodiit
1299 3666 1535 3736 primum
1583 3667 1765 3723 Vene-

165 3755 250 3807 tiis
275 3754 331 3807 in
361 3754 543 3809 forma
564 3765 776 3818 octava,
797 3771 929 3809 cura
961 3766 1017 3810 et
1042 3757 1226 3812 studio
1243 3756 1452 3813 Nicolai
1475 3759 1762 3830 Erythraei,

165 3842 394 3899 Lutetia
411 3843 618 3914 saepius
644 3852 832 3914 postea
865 3860 1078 3900 recusa.
1099 3845 1275 3912 Hunc,
1313 3847 1554 3918 inquam,
1587 3849 1765 3919 ipsum

164 3949 283 3990 esse
313 3934 566 3990 codicem
595 3949 705 4004 quo
744 3950 875 3989 usus
910 3943 995 3990 est
1018 3933 1365 4004 Ambrosius,
1401 3937 1764 4007 deprehendi,

165 4040 286 4080 cum
321 4043 390 4081 ex
413 4026 670 4098 pluribus
693 4027 850 4092 locis,
875 4027 966 4096 qui
991 4027 1155 4082 unius
1190 4037 1285 4083 aut
1313 4029 1541 4084 alterius
1572 4030 1770 4085 litterae

165 4118 466 4173 mutatione
503 4119 747 4188 corrupti
776 4129 951 4184 erant,
983 4127 1100 4174 tum
1137 4134 1203 4173 ex
1240 4120 1423 4174 verbis
1461 4121 1768 4190 litterisque

166 4225 450 4280 perperam
503 4209 814 4279 conjunctis
870 4219 966 4264 aut
1019 4210 1230 4266 divisis.
1264 4209 1423 4275 Quod
1485 4219 1600 4265 tute
1672 4227 1770 4282 per

168 4304 403 4372 teipsum
459 4299 620 4355 facile
666 4300 1111 4366 animadvertes,
1162 4302 1407 4356 studiose
1451 4302 1680 4365 Lector.
1723 4303 1769 4357 si

167 4395 469 4450 attenderis
519 4396 588 4450 ad
641 4395 821 4451 varias
876 4395 1142 4452 lectiones
1202 4397 1542 4468 marginibus
1593 4413 1624 4450 a
1682 4413 1771 4453 me

165 4487 452 4556 ascriplas,
485 4501 624 4556 quas
650 4487 928 4558 desumpsi
958 4488 1156 4558 partim
1188 4502 1254 4541 ex
1291 4487 1497 4558 scripto
1529 4487 1768 4560 Georgii,

169 4577 524 4634 Alexandrini
549 4579 965 4651 archiepiscopi,
1008 4579 1208 4651 partim
1237 4595 1304 4635 ex
1331 4581 1573 4651 Epistola
1604 4582 1773 4654 Chry-

166 4671 394 4726 ωειωηί
426 4671 496 4726 ad
531 4671 917 4726 Innocentium
947 4687 1144 4743 papam
1168 4714 1182 4737 ,
1206 4688 1329 4742 quae
1357 4672 1500 4728 inter
1530 4672 1771 4746 Chryso-

167 4764 327 4817 ςιοωὶ
369 4761 561 4834 Opera
601 4774 795 4830 exstat,
828 4775 982 4820 eruta
1010 4781 1077 4822 ex
1118 4765 1242 4820 aliis
1271 4766 1554 4822 codicibus
1595 4783 1768 4822 mss.:

167 4858 367 4925 partim
397 4856 642 4927 denique
679 4872 743 4913 ex
772 4857 1098 4929 fragmento,
1126 4857 1272 4926 quod
1301 4873 1368 4912 ex
1399 4859 1588 4914 codice
1613 4859 1773 4930 Cuja—

168 4952 319 5004 lianc
346 4947 558 5004 Fronto
585 4947 817 5004 Ducaeus
841 4950 1009 5004 edidit
1033 4949 1090 5003 in
1125 4948 1233 5004 line
1269 4951 1473 5022 vulgati
1501 4967 1531 5006 a
1561 4968 1619 5007 se
1654 4954 1773 5008 dia-

168 5043 298 5116 logi.
327 5043 432 5099 Bis
456 5044 607 5100 vitiis
637 5055 692 5100 et
715 5045 1078 5100 incommodis
1095 5044 1154 5099 in
1187 5047 1463 5112 versione,
1487 5063 1654 5118 quam
1673 5064 1774 5119 pro

171 5137 396 5192 modulo
416 5150 542 5191 meo
572 5137 914 5203 concinnavi,
961 5147 1241 5208 utcunque
1270 5154 1564 5195 occurrere
1604 5156 1774 5196 cona-

169 5237 261 5283 tus
286 5243 435 5289 sum,
482 5241 668 5280 veram
718 5242 784 5283 ac
830 5227 1122 5299 genuinam
1176 5239 1403 5287 secutus
1448 5231 1768 5299 lectionem,

171 5331 338 5383 quam
375 5317 564 5370 notavi
599 5315 666 5370 ad
706 5317 1030 5387 marginem,
1052 5327 1264 5375 retenta
1295 5321 1352 5375 in
1385 5330 1538 5378 textu
1578 5323 1773 5397 dialogi

169 5407 434 5472 lectione,
459 5423 581 5478 qua:
610 5409 664 5462 in
690 5409 879 5464 codice
905 5412 1281 5482 manuscripto
1322 5414 1647 5472 habebatur.

250 5605 270 5633 ε
308 5585 405 5639 ilic
427 5601 706 5642 nonnemo
735 5587 968 5642 fortasse
999 5589 1238 5659 objiciat,
1269 5593 1520 5651 diversos
1549 5597 1654 5652 sibi
1690 5601 1775 5655 vi-

173 5676 296 5730 deri
313 5677 530 5732 codices
549 5679 976 5735 Ambrosianum
998 5697 1062 5736 ac
1085 5682 1462 5742 Florentinum
1485 5706 1497 5741 :
1519 5702 1776 5761 propter-

175 5783 238 5824 ea
279 5771 422 5841 quod
456 5770 776 5831 Ambrosius
817 5775 1084 5832 nonnulla
1114 5779 1368 5847 procemii
1398 5780 1521 5837 loco
1546 5786 1773 5853 praemi—

1117 352 1236 411 ΕΜ.
1280 352 1537 410 BlGOTll
1580 348 1955 408 ΡΠᾹΞΕΑΤΙΟ
1992 348 2058 405 IN
2097 344 2514 404 PALLADIUM.

3313 351 3441 395 XCIV

1843 468 1912 522 sit
1939 469 1994 522 in
2019 482 2117 522 sua
2147 464 2417 527 versione,
2452 473 2575 531 quae
2616 458 2671 512 in
2702 455 3023 511 Florentino
3063 468 3175 508 non
3211 466 3436 524 compa-

1843 569 1984 614 rent.
2022 559 2170 614 [dem
2201 555 2434 611 subinde
2463 552 2701 608 occurrit
2746 549 2802 602 in
2845 548 3084 602 decursu
3127 543 3345 618 dialogi,
3380 559 3440 600 ut

1842 652 2017 708 cuivis
2053 650 2254 720 legenti
2300 647 2593 702 observare
2631 642 2778 695 licet.
2803 639 3006 694 Verum
3047 636 3297 707 quisquis
3323 650 3441 691 rem

1843 753 2097 801 accurate
2126 739 2496 814 perpenderit,
2513 735 2670 790 facile
2699 748 2916 789 mecum
2935 729 3291 794 existimabit,
3311 725 3444 782 Am-

1843 837 2088 894 brosium
2119 836 2220 889 ista
2250 833 2318 888 de
2345 846 2445 887 suo
2475 828 2770 890 addidisse,
2796 834 2858 880 ut
2900 825 2970 880 ad
3011 822 3308 894 dialogum,
3349 819 3442 890 qui

1847 930 2012 985 nimis
2043 929 2277 998 abrupto
2305 923 2530 980 exordio
2560 919 2914 992 procedebat,
2955 916 3103 972 viam
3147 912 3392 984 aperiret
3429 931 3442 964 :

1846 1021 2104 1089 idemque
2138 1015 2462 1088 praestitisse
2497 1013 2553 1066 in
2593 1009 2736 1066 serie
2779 1006 3005 1078 dialogi,
3050 1003 3227 1061 sicubi
3281 1001 3450 1057 nimis

1850 1112 2031 1172 hiulca
2075 1109 2365 1165 videbatur
2416 1104 2614 1160 oratio.
2649 1099 2786 1168 Quis
2810 1098 2956 1153 enim
2989 1097 3090 1151 sibi
3119 1094 3451 1169 persuadeat

1849 1203 2052 1260 Zosimi
2109 1200 2385 1272 pontificis
2427 1196 2650 1252 maximi
2687 1192 3032 1263 temporibus
3061 1189 3291 1245 Romam
3334 1187 3451 1258 pri-

1850 1313 2003 1353 mum
2029 1295 2249 1351 venisse
2298 1292 2473 1347 nostri
2508 1289 2834 1359 scriptorem
2866 1283 3088 1354 dialogi,
3119 1282 3215 1354 qui
3245 1282 3301 1336 in
3331 1281 3454 1352 ipso

1851 1385 2302 1446 animadverterit
2340 1381 2690 1437 Theodorum
2722 1377 3015 1433 diaconum
3067 1373 3136 1427 ab
3186 1371 3455 1443 episcopo

1850 1494 2116 1552 quaerere,
2151 1493 2220 1532 an
2252 1475 2494 1530 Joannes
2531 1479 2783 1526 mortuus
2809 1468 2908 1532 sit;
2947 1465 3280 1536 respondere
3321 1476 3456 1518 vero

1853 1573 2172 1644 episcopum
2204 1588 2218 1624 :
2250 1566 2417 1630 Vixit,
2446 1563 2571 1633 quia
2595 1569 2847 1616 mortuus
2878 1568 2981 1613 est.
3010 1555 3152 1612 Sane
3168 1555 3456 1625 haudqua-

1853 1678 2017 1732 quam
2063 1657 2362 1716 verisimile
2403 1663 2504 1718 est,
2531 1649 2878 1707 celeberrimi
2924 1647 3196 1719 pontificis
3243 1646 3456 1702 obitum

1853 1765 1964 1811 tam
1991 1754 2086 1809 diu
2119 1753 2290 1806 latere
2317 1747 2561 1819 potuisse
2590 1740 3245 1806 TheodorumJlomanae
3261 1738 3456 1794 Eccle-

1855 1849 1950 1904 size
1979 1846 2289 1905 diaconum,
2309 1839 2397 1895 cui
2417 1838 2521 1892 alia
2539 1837 2798 1907 pleraque
2810 1835 2876 1890 de
2892 1833 3284 1904 Chrysostomo
3304 1843 3458 1884 com-

1854 1944 2009 2006 perta
2036 1940 2212 1987 erant.
2242 1927 2487 1993 Accedit,
2520 1925 2688 1996 quod,
2721 1940 2846 1979 cum
2891 1921 3132 1994 episcopi
3173 1920 3243 1976 ab
3290 1919 3459 1973 Inno-

1856 2025 2039 2082 centio
2068 2038 2207 2093 papa
2242 2017 2776 2087 Constantinopolim
2810 2015 3056 2078 missi,in
3091 2014 3292 2068 itinere
3317 2010 3460 2066 male
3491 2065 3496 2069 .

1858 2117 2063 2186 accepti
2083 2113 2333 2179 fuissent,
2365 2128 2492 2167 eum
2514 2111 2749 2165 maxime
2782 2102 3076 2164 sollicitum
3108 2106 3341 2161 reddere
3361 2105 3462 2160 de-

1857 2209 2062 2264 hebant
2087 2222 2176 2261 res
2190 2205 2519 2261 Orienlales.
2547 2203 2719 2257 Porro
2741 2217 2772 2255 a
2797 2210 2972 2255 morte
2984 2199 3212 2254 Joannis
3232 2197 3301 2252 ad
3318 2211 3462 2266 pon-

1860 2300 2124 2355 tiflcatum
2154 2297 2355 2353 Zosimi
2391 2295 2521 2350 anni
2555 2293 2749 2349 decem
2779 2279 2951 2362 elapsi
2996 2299 3172 2346 erant.
3201 2289 3257 2344 Si
3294 2304 3460 2360 argu-

1859 2400 2107 2447 mentum
2138 2388 2585 2458 chronologicum
2635 2384 2880 2455 pressius
2919 2398 3112 2454 urgere
3152 2397 3242 2437 me
3286 2381 3456 2444 sinas,

1861 2483 2064 2553 rogabo
2103 2490 2177 2545 te,
2212 2489 2274 2535 ut
2303 2479 2493 2535 oculos
2536 2477 2796 2546 coniicias
2828 2476 2882 2530 in
2918 2475 3034 2530 hare
3064 2474 3229 2528 verba
3273 2473 3462 2527 Theo-

1861 2572 2002 2639 dori,
2038 2586 2160 2642 quae
2183 2570 2285 2625 sub
2311 2569 2475 2624 finem
2504 2567 2701 2639 dialogi
2725 2566 2899 2622 nostri
2931 2565 3120 2620 Grtece
3159 2564 3461 2636 leguntur:

1862 2664 2060 2733 Scopas
2094 2664 2193 2717 iste
2225 2662 2480 2716 Romana?
2511 2660 2761 2715 Ecclesia!
2783 2669 2881 2726 est,
2922 2674 3194 2729 nunquam
3223 2672 3467 2710 commu-

1863 2759 2042 2810 nicare
2089 2753 2448 2811 Orientalibus
2503 2754 2780 2822 cpiscapis,
2827 2752 3125 2820 praesertim
3163 2749 3464 2820 Theophila.

1862 2850 1968 2918 Qui
1993 2851 2110 2905 haec
2144 2850 2311 2905 verba
2337 2847 2487 2918 legit,
2524 2863 2708 2902 nonne
2736 2847 2920 2902 statim
2964 2846 3339 2916 Theophilum
3381 2845 3468 2899 vi—

1863 2961 1994 3000 vum
2016 2944 2199 2998 adhuc
2228 2950 2283 2996 et
2313 2941 2617 3012 spirantem
2647 2939 2792 2994 videt
2824 2954 2890 2993 eo
2916 2947 3185 3008 tempore,
3212 2953 3322 3007 quo
3353 2937 3472 2991 haec

1863 3039 2029 3094 verba
2066 3036 2378 3108 proferebat
2421 3033 2788 3088 Theodorus?
2839 3031 3212 3101 Theophilum
3255 3039 3466 3094 autem,

1864 3128 2298 3184 Alexandrinum
2346 3126 2684 3196 episcopum,
2710 3139 2857 3178 anno
2881 3125 2986 3179 412
3019 3137 3299 3177 mortuum
3326 3136 3471 3183 esse,

1865 3221 2009 3290 apud
2035 3234 2229 3274 omnes
2255 3225 2492 3273 constat.
2522 3214 2681 3282 Quod
2709 3215 2819 3270 dixi
2847 3216 2915 3269 de
2949 3213 3218 3284 prooemio
3251 3211 3469 3282 dialogi,

1866 3314 2095 3383 aliisque
2123 3328 2221 3382 per
2256 3309 2610 3366 Ambrosium
2650 3307 2996 3379 interpolatis
3024 3306 3182 3371 locis,
3214 3305 3269 3360 id
3306 3305 3472 3361 etiam

1867 3406 2137 3460 afﬁrmare
2175 3404 2355 3459 ausim
2400 3402 2468 3457 de
2504 3400 2821 3457 nominibus
2868 3398 3106 3470 propriis
3140 3413 3355 3464 eorum,
3381 3396 3475 3467 qui

1868 3499 2010 3553 inter
2036 3511 2096 3553 se
2117 3480 2406 3566 loquentes
2434 3493 2573 3550 inibi
2602 3493 2965 3549 inducuntur.
2996 3490 3133 3546 Nam
3159 3489 3327 3561 quiin
3359 3505 3479 3543 ver-

1869 3591 2022 3646 sione
2052 3588 2414 3645 Ambrosiana
2444 3588 2706 3644 dicuntur
2737 3584 3011 3642 Palladius
3041 3594 3097 3641 et
3127 3583 3475 3646 Theodorus,

1869 3684 1924 3739 in
1956 3683 2146 3739 Graeco
2183 3682 2374 3738 codice
2403 3680 2652 3736 Mediceo
2678 3679 2973 3750 episcopus
2986 3687 3043 3733 et
3057 3676 3478 3732 diaconus'sim-

1868 3777 2079 3848 pliciter
2108 3776 2484 3847 appellantur:
2519 3774 2686 3845 idque
2728 3773 2798 3828 ab
2844 3771 3146 3842 interprete
3182 3769 3478 3825 Ambrosio

1869 3875 2059 3921 contra
2089 3864 2252 3919 ﬁdem
2295 3861 2678 3931 manuscripti,
2711 3869 2769 3914 ut
2800 3859 2992 3914 lectori
3026 3858 3363 3921 consuleret,
3392 3855 3476 3910 fa-

1868 3965 2019 4011 ctum
2047 3954 2217 4009 fuisse
2240 3954 2425 4007 nullus
2451 3951 2663 4006 dubito.
2705 3950 2850 4003 Sane
2882 3947 3144 4004 omnibus
3174 3947 3478 4005 contestari

1868 4059 1981 4098 non
2031 4059 2223 4098 verear
2266 4041 2572 4096 Mcdiceum
2632 4038 2883 4092 codicem
2925 4036 3200 4106 integrum
3253 4049 3398 4100 esse,
3424 4044 3482 4088 et

1868 4135 2012 4190 bona
2047 4133 2174 4196 fide,
2201 4134 2280 4186 uti
2307 4133 2454 4202 jacet
2486 4131 2544 4184 in
2583 4131 2898 4199 archetypo,
2929 4143 2959 4181 a
2984 4142 3073 4182 me
3104 4134 3476 4197 repraesenta-

1872 4232 2010 4278 tum.
2041 4220 2098 4276 Si
2127 4222 2252 4291 quis
2283 4230 2532 4290 reponat,
2561 4220 2702 4274 hanc
2728 4217 3038 4272 versionem
3057 4216 3268 4283 Romae,
3298 4226 3358 4272 ut
3383 4234 3479 4273 su-

1871 4314 2058 4386 perius
2077 4313 2356 4378 notabam,
2377 4311 2697 4366 adornatam
2717 4324 2840 4363 esse
2867 4309 2934 4362 ab
2962 4307 3273 4374 Ambrosio,
3297 4323 3479 4378 neque

1872 4424 1903 4462 a
1937 4422 2068 4460 vero
2114 4404 2357 4459 alienum
2407 4402 2605 4464 videri,
2631 4417 2760 4456 eum
2812 4401 3052 4471 quodam
3100 4401 3480 4473 manuscripto

1874 4498 2095 4563 codice,
2128 4497 2223 4567 qui
2254 4495 2445 4549 Romae
2477 4502 2593 4548 tum
2626 4501 2889 4557 exstaret,
2923 4508 3087 4547 usum
3128 4491 3336 4548 fuisse:
3389 4507 3479 4548 re-

1876 4590 2180 4662 spondebo,
2211 4585 2480 4658 probabili
2511 4600 2666 4656 mque
2697 4595 3021 4656 argumento
3037 4585 3141 4640 dici
3157 4601 3321 4656 posse
3348 4585 3480 4640 Am-

1873 4681 2115 4737 brosium
2148 4686 2243 4732 aut
2284 4675 2490 4732 codicis
2515 4675 2816 4731 Florentini
2846 4691 2945 4732 seu
2969 4676 3195 4733 Medicei
3221 4677 3376 4749 prius
3390 4677 3483 4732 ha-

1875 4773 2065 4829 buisse
2098 4771 2332 4842 copiam,
2376 4777 2470 4823 aut
2512 4767 2758 4824 codicem
2815 4768 2997 4840 ipsum
3047 4768 3240 4825 Roma
3281 4768 3483 4826 Cosmo

1875 4865 2069 4936 Magno
2105 4876 2478 4934 comparasse,
2513 4860 2568 4915 in
2600 4861 2761 4932 cujus
2799 4861 3189 4919 bibliOthecam
3234 4863 3481 4920 codicem

1877 4957 2018 5014 facta
2049 4955 2302 5011 versione
2334 4953 2698 5008 transtulerit.
2728 4952 3013 5010 Ambrosii
3049 4955 3202 5010 enim
3238 4956 3388 5012 curis
3417 4971 3484 5010 ac

1877 5047 2171 5119 diligentiae
2207 5045 2616 5100 institutionem
2651 5043 2912 5100 Mediceae
2939 5045 3295 5102 Bibliotheca
3321 5062 3483 5102 accc-

1877 5147 2027 5210 ptam
2062 5135 2254 5207 referri
2286 5135 2506 5200 debere,
2539 5149 2724 5201 nemo,
2780 5137 2876 5205 qui
2909 5137 3050 5206 ejus.
3075 5137 3244 5194 vitam
3277 5147 3331 5194 et
3362 5140 3484 5210 epi-

1878 5232 2044 5289 stolas
2067 5231 2275 5303 legerit,
2313 5227 2653 5284 diﬂitebitur.
2680 5227 2811 5287 Hac
2835 5229 2906 5285 de
2941 5230 3131 5287 codice
3165 5232 3313 5301 dicta
3345 5247 3484 5288 sun-

1878 5331 1935 5378 to
1969 5342 1983 5378 :
2017 5337 2169 5378 nunc
2191 5322 2260 5378 de
2293 5328 2520 5377 auctore
2550 5318 2747 5391 dialogi
2787 5319 3092 5377 videamus.

1959 5524 1978 5558 c
2018 5503 2276 5574 Dialogus
2304 5503 2373 5558 de
2398 5502 2520 5559 Vita
2537 5502 2768 5559 Joannis
2796 5504 3173 5576 Chrysostomi
3198 5505 3344 5560 inter
3359 5504 3482 5577 epi-

1879 5612 2106 5667 scopum
2137 5605 2194 5650 et
2222 5595 2574 5651 Theodorum
2599 5594 2861 5652 Romana:
2895 5597 3158 5652 Ecclesiae
3186 5597 3480 5654 diaconum

1879 5689 2100 5744 habitus
2126 5697 2211 5742 est
2236 5687 2444 5751 Romae,
2464 5702 2648 5742 coram
2685 5688 2873 5744 multis
2897 5697 2951 5743 et
2981 5704 3081 5758 per
3114 5687 3303 5758 plures
3332 5689 3476 5746 dics.

1880 5781 2040 5839 Hunc
2071 5779 2391 5852 episcopum
2418 5788 2673 5838 vocatum
2705 5778 2874 5838 fuisse
2896 5778 3216 5842 Palladium.
3248 5789 3306 5838 et
3333 5793 3480 5850 pm—
