4234 6310
774 385 874 428 χεν

775 491 944 542 fuisse
979 483 1228 540 Ecclesia:
1266 483 1751 552 lleletmpOIitame,
1797 483 1958 536 ﬁdem
2003 480 2206 533 faciunt
2239 480 2356 532 inec

775 578 914 632 tttult
932 573 1114 639 verba,
1141 575 1394 645 Dialogus
1413 574 1646 627 Palladii
1666 574 1891 642 episcopi
1911 571 2356 640 Helenopolitani,

775 672 964 724 eadem
987 669 1042 722 in
1068 668 1172 724 fine
1195 669 1359 722 libelli
1380 667 1628 736 repetita.
1655 665 1814 734 Apud
1838 663 2098 720 Savilium
2125 664 2357 718 habetur

775 763 1037 817 elenchos
1063 771 1374 824 auctorum,
1403 761 1491 830 qui
1525 759 1729 830 aliquid
1769 757 1836 812 de
1869 757 2079 812 Joanne
2117 757 2355 826 Chryso-

776 864 954 908 stomo
986 852 1341 922 scripseram.
1377 852 1504 906 Fuit
1533 863 1716 906 autem
1749 857 2034 920 excerptas
2067 850 2264 903 Patavii
2289 865 2354 902 ex

777 947 964 1002 codice
999 947 1370 1000 vetustissimo
1403 945 1686 999 Michaelis
1729 942 2013 1012 Sophiani,
2044 951 2099 996 et
2123 941 2356 1011 praefigi-

775 1050 866 1094 tur
891 1041 1035 1109 apud
1088 1041 1337 1094 eumdem
1379 1039 1639 1092 Savilium
1671 1036 1806 1092 Vita:
1828 1035 1884 1090 S.
1917 1035 2144 1090 Joannis
2175 1033 2355 1104 Chry-

777 1130 1021 1194 sostomi,
1051 1129 1264 1197 scriptze
1305 1129 1372 1183 ab
1403 1138 1626 1182 auctore
1659 1128 1896 1196 quodam
1933 1140 2226 1195 anonymo,
2263 1123 2356 1193 qui

778 1237 837 1275 se
879 1237 1000 1275 eam
1041 1220 1400 1275 concitmasse
1429 1220 1560 1274 dicit
1587 1235 1652 1273 es
1696 1219 1950 1272 omnibus
1991 1216 2082 1285 qui
2124 1216 2180 1269 in
2212 1215 2358 1268 dicto

777 1311 1008 1366 elencho
1041 1311 1394 1365 nominantur
1427 1310 1802 1379 scriptoribus.
1839 1309 1949 1363 llos
1983 1309 2126 1362 inter
2171 1305 2358 1362 Grmce

777 1404 972 1474 legitur
997 1403 1276 1458 Palladius
1318 1404 1586 1472 episcopus
1629 1401 2019 1469 llelenopoleos.
2071 1399 2354 1468 Georgius,

777 1496 1176 1550 Alexandrinus
1221 1496 1546 1565 patriarcha,
1588 1495 1679 1564 qui
1709 1494 1874 1548 multa
1907 1510 1971 1546 ex
2005 1495 2107 1547 hoc
2147 1493 2359 1562 dialogo

777 1588 830 1641 in
861 1585 1032 1641 Vitam
1063 1587 1286 1642 Joannis
1315 1588 1682 1658 Chrysostomi
1713 1606 1742 1641 a
1777 1605 1836 1642 se
1867 1587 2122 1656 scriptam
2175 1597 2356 1639 trans-

777 1674 936 1738 tulit,
985 1691 1048 1728 ea
1089 1677 1269 1730 omnia
1317 1686 1536 1744 accepta
1576 1675 1742 1729 refert
1781 1675 2016 1728 Palladio
2051 1675 2308 1744 episeopo
2345 1689 2358 1697 ·

777 1781 900 1836 qua:
933 1767 1121 1820 eadem
1157 1768 1337 1821 omnia
1367 1768 1418 1820 in
1443 1768 1546 1821 hoc
1574 1767 1786 1838 dialogo
1821 1766 2019 1836 scripta
2045 1768 2299 1835 leguntur
2329 1785 2340 1817 :

777 1857 1030 1922 Qua'dam
1051 1875 1224 1911 eorum
1246 1875 1308 1911 ex
1327 1859 1535 1928 dialogo
1555 1859 1790 1911 Palladii
1813 1858 2036 1925 episcopi
2058 1875 2176 1910 cum
2197 1858 2360 1910 Theo—

777 1951 926 2014 doro,
967 1949 1212 2003 Romana:
1241 1949 1484 2002 Ecclesia:
1516 1950 1758 2012 diacono,
1777 1950 2070 2002 hausimus.
2099 1948 2194 2001 Ille
2225 1959 2358 2000 tem-—

779 2043 990 2106 poribus
1025 2043 1136 2095 istis
1178 2043 1300 2095 rixit
1335 2041 1806 2109 Constantinopoli,
1840 2052 1888 2094 et
1929 2042 2165 2110 interfuit
2193 2042 2362 2094 omni-

779 2137 872 2184 bus
903 2147 1018 2196 qua:
1039 2141 1158 2182 acta
1183 2139 1303 2183 sunt
1330 2146 1348 2182 :
1374 2141 1552 2196 postea
1581 2147 1700 2183 τρι-ο
1729 2130 1854 2183 urbe
1873 2139 2029 2198 atque
2060 2131 2358 2198 episwpotu

777 2239 872 2274 suo
901 2222 1137 2290 decessit,
1171 2223 1507 2276 abominatus
1537 2221 1952 2274 communionem
1989 2237 2106 2274 cum
2159 2223 2245 2282 iis,
2271 2221 2360 2288 qui

781 2314 1004 2367 insidias
1043 2323 1346 2366 struxerant
1377 2313 1626 2366 adversus
1655 2313 1860 2365 beatum
1901 2313 2176 2375 Joannem,
2205 2323 2362 2380 alque

779 2418 962 2459 contra
1005 2407 1196 2475 ipsum,
1225 2407 1330 2458 into
1355 2417 1534 2460 contra
1565 2423 1662 2460 sua
1703 2407 1880 2474 capita
1907 2407 2193 2459 sententias
2227 2407 2363 2458 tule-

780 2508 924 2560 rant,
978 2496 1122 2550 nulla
1180 2513 1440 2550 canonum
1493 2497 1674 2550 habita
1724 2497 1946 2550 ratione.
1997 2496 2240 2556 l’hotius,
2267 2512 2360 2564 qut

783 2589 925 2644 hanc
973 2587 1144 2642 sancti
1186 2587 1410 2643 Joannis
1439 2588 1726 2657 aGeorgio
1779 2587 2134 2655 compositam
2185 2585 2363 2639 Vitam

781 2681 928 2750 legit,
952 2689 1006 2733 et
1035 2697 1100 2734 ex
1133 2695 1196 2733 ea
1227 2681 1472 2748 qiuedam
1503 2679 1554 2732 in
1586 2697 1683 2732 sua
1722 2678 2044 2732 Bibliotheca
2091 2677 2248 2730 nobis
2279 2693 2364 2730 re-

779 2771 960 2840 liquit.
988 2771 1102 2826 ha'c
1133 2771 1318 2824 Graece
1343 2771 1506 2824 habet
1539 2787 1551 2822 :
1583 2769 1758 2838 Refert
1799 2770 2044 2838 quasdam
2081 2785 2143 2820 ea:
2171 2767 2360 2822 Palla-

779 2864 902 2916 dio:
930 2863 1204 2916 Palladias
1243 2863 1328 2916 ille
1379 2863 1646 2930 cpiscopus
1699 2861 1819 2930 fuit,
1867 2871 1912 2912 et
1957 2860 2154 2928 dialogi
2193 2860 2362 2928 forma

781 2955 997 3020 pulchre
1019 2965 1066 3007 et
1093 2955 1323 3008 studiose
1351 2971 1430 3007 res
1453 2953 1806 3022 Chrysostomi
1831 2952 2158 3020 crnscripsit.
2181 2949 2364 3004 Theo-

781 3047 968 3111 dorus,
1013 3045 1398 3100 'l'rimithuntis
1429 3045 1480 3098 in
1507 3045 1684 3115 Cypro
1719 3043 1893 3097 insula
1923 3041 2233 3112 episcopus,
2273 3041 2364 3109 qui

781 3137 966 3192 Gnece
996 3137 1210 3206 scripsit
1241 3137 1512 3191 homiliam
1539 3137 1612 3190 De
1631 3138 1736 3190 vita
1763 3145 1810 3189 et
1839 3135 2042 3199 exsilio,
2077 3151 2278 3187 necnon
2301 3133 2365 3185 de

782 3229 1210 3282 tribulatimiibus
1241 3229 1529 3282 beatissimi
1558 3229 1779 3282 Joannis
1809 3226 2163 3297 Chrysostomi
2189 3227 2366 3279 archi-

783 3321 1011 3387 episcopi
1033 3320 1624 3387 Constantinopolitani,
1652 3323 1718 3374 de
1739 3321 1906 3374 nostri
1929 3329 2150 3374 auctore
2169 3317 2366 3386 dialogi

787 3411 900 3464 licet:
921 3411 1082 3465 habet
1109 3411 1358 3465 :Disscrit
1390 3413 1452 3464 de
1472 3411 1676 3465 Joanne
1705 3413 1834 3466 etde
1857 3412 2095 3464 omnibus
2119 3427 2233 3478 qua:
2267 3409 2366 3478 ipsi

783 3499 1114 3562 occiderunt,
1131 3516 1246 3552 cum
1267 3500 1542 3563 Theodoro,
1555 3519 1759 3571 magiae
1777 3502 1914 3555 urbis
1931 3501 2110 3555 Roma:
2123 3503 2364 3566 diacono,

785 3593 862 3644 cir
879 3592 1092 3660 quidam
1110 3595 1448 3656 venerandus,
1477 3593 1751 3646 Palladius
1769 3595 1998 3646 nomine.
2023 3595 2118 3647 Ille
2137 3595 2364 3660 primunt

784 3683 977 3735 multos
1003 3699 1166 3736 annos
1191 3701 1422 3737 cremant
1439 3685 1677 3750 incoluit,
1698 3687 1884 3738 deinde
1919 3688 2366 3752 edepiscopatant

784 3775 839 3825 in
875 3773 1122 3844 Bithynia
1156 3789 1423 3842 promotus
1465 3779 1582 3848 fuit,
1618 3789 1664 3830 et
1693 3779 1899 3846 scripsit
1930 3780 2145 3832 rirtutes
2181 3779 2370 3830 multo-

785 3883 902 3916 rum
936 3865 1178 3918 Patrum.
1205 3867 1349 3920 Idem
1387 3869 1495 3936 ipse
1543 3871 1944 3922 commndiravit
1987 3887 2102 3922 cum
2141 3870 2364 3933 Joanne,

787 3967 834 4008 et
885 3959 938 4009 in
993 3961 1211 4012 obscura
1277 3963 1594 4014 domuncula
1645 3965 1885 4016 undecim
1945 3979 2142 4018 menses
2189 3961 2364 4013 latuit.

785 4049 864 4103 Ex
919 4051 1002 4104 his
1051 4051 1298 4122 colligere
1350 4053 1475 4106 licet
1505 4055 1840 4122 episcopum,
1877 4065 2156 4107 auctorem
2210 4054 2369 4118 hujus

787 4143 1019 4212 dialogi,
1075 4145 1408 4197 nominatum
1491 4145 1659 4199 fuisse
1721 4145 2013 4198 Palladium
2073 4165 2101 4198 a
2139 4145 2370 4213 (icorgio

788 4233 1152 4288 Alexandrino
1183 4246 1345 4304 atque
1376 4253 1404 4288 a
1439 4235 1650 4289 l’hotio.
1679 4235 1839 4288 Addit
1878 4236 2216 4296 Theodorus,
2246 4235 2369 4288 'l'ri—

787 4327 1076 4380 mithuntis
1107 4327 1418 4394 episcopus,
1448 4343 1570 4379 eum
1603 4327 1654 4378 iu
1681 4326 1925 4394 Bithynia
1948 4327 2207 4378 donatum
2252 4326 2370 4393 epi-

789 4426 1036 4484 scopatu.
1069 4417 1227 4470 Solus
1255 4416 1444 4469 titulus
1496 4416 1701 4468 codicis
1735 4415 1904 4468 (inuri
1959 4415 2174 4484 dialogi,
2207 4427 2260 4466 et
2299 4415 2374 4466 in-

789 4505 1002 4558 diculus
1027 4505 1114 4572 qui
1151 4515 1328 4558 exstat
1367 4505 1508 4572 apud
1551 4505 1833 4566 Savilium,
1875 4507 2022 4559 hunc
2057 4505 2370 4573 episcopum

791 4597 960 4650 fuisse
1014 4596 1522 4665 llelenopolilanutn
1568 4605 1854 4649 testantur.

867 4757 981 4812 lloc
997 4772 1160 4826 porro
1184 4757 1720 4812 animadvertendam
1743 4768 1843 4818 est,
1874 4759 1922 4810 in
1943 4757 2130 4812 codice
2149 4759 2342 4810 Horon
2357 4789 2370 4796 -

797 4850 1028 4916 litto(est
1061 4857 1240 4900 autem
1261 4857 1642 4900 sescentorum
1665 4847 1954 4914 annorum)
1985 4845 2170 4900 Grmce
2204 4848 2374 4900 ascri-

795 4949 947 5009 ptum
981 4938 1166 4992 haberi
1192 4937 1243 4990 in
1265 4939 1525 5008 margine,
1545 4939 1732 4992 inaliis
1750 4939 2018 5002 scribitur,
2035 4939 2320 5004 Asponum.
2346 4959 2376 4990 υ

792 5046 1013 5100 regione
1047 5031 1192 5083 vocis
1215 5029 1614 5096 llelenopoleos:
1645 5045 1765 5099 qua:
1789 5029 1992 5083 notatio
2013 5029 2376 5082 indieathune

795 5123 970 5192 ipsum
998 5123 1419 5191 l"al|-.ulium,qui
1441 5124 1637 5177 dicitur
1671 5122 2176 5192 llelenopolitanus,
2213 5123 2376 5175 etiam

795 5215 1000 5268 dictum
1051 5215 1217 5268 fuisse
1259 5217 1324 5268 ab
1360 5215 1480 5268 aliis
1507 5215 1820 5286 episcopum
1854 5215 2250 5283 Asptmensem.
2283 5215 2378 5267 llis

798 5307 1083 5375 astipulari
1122 5307 1334 5361 videtur
1371 5309 1640 5372 Socrates,
1673 5309 1762 5378 qui
1807 5309 1944 5362 libro
1973 5310 2224 5378 septimo,
2256 5325 2374 5376 cap.

795 5399 866 5452 26
901 5401 1149 5452 Historia:
1179 5401 1565 5464 ecclesiastica’,
1605 5401 1656 5452 in
1695 5401 1938 5468 catalogo
1975 5400 2376 5469 episcoporum,

798 5491 887 5556 qui
907 5491 976 5543 ab
995 5505 1102 5542 uno
1125 5493 1440 5560 episcomtu
1457 5493 1522 5545 ad
1549 5495 1710 5545 alium
1745 5495 1984 5546 translati
2011 5495 2254 5557 fuerunt,
2274 5495 2376 5546 ait:

801 5581 1078 5636 Palladius
1107 5585 1170 5634 ab
1203 5584 1506 5651 llelcnopoii
1531 5585 1794 5652 Asponum
1819 5585 2107 5638 translatus
2145 5595 2248 5637 est:
2273 5585 2382 5637 Alr-

799 5677 1001 5728 trmtder
1017 5677 1081 5726 ab
1096 5675 1396 5740 llelenopeli
1417 5677 1674 5728 Adrianos
1695 5678 1920 5728 transiit.
1945 5678 2378 5746 llelettopolisosl

803 5767 860 5818 in
894 5765 1156 5838 Bithynia,
1191 5765 1425 5834 Aspouia
1461 5785 1588 5823 vero
1617 5769 1669 5821 iu
1695 5769 1896 5822 Galatia
1931 5770 2122 5838 prima,
2145 5771 2378 5824 subitu-

1635 366 1748 420 Ell.
1791 363 2042 420 BlGOTll
2081 357 2452 417 PIL-EFATIO
2495 358 2566 412 ΙΝ
2609 359 3022 418 ΡΑΗΛΟΙΙΤΜ.

3925 380 4055 422 καί

2459 491 2586 544 cyra
2619 477 2926 546 metropoli.
2965 477 3093 530 Mihi
3133 485 3313 530 autem
3337 475 3628 531 admodum
3668 479 3945 547 probabile
3968 481 4058 535 vi-

2461 565 2640 629 detur,
2666 577 2944 620 auctorem
2989 567 3152 636 hujus
3189 567 3384 640 dialogi
3415 587 3616 626 nomen
3665 587 3822 626 suum
3866 572 4056 628 dedita

2463 667 2626 720 opera
2657 649 2972 718 reticuisse,
3001 671 3182 724 neque
3208 657 3523 726 ascripsisse
3551 659 3714 714 fronti
3743 661 4062 730 operis,aut

2465 743 2790 798 narrationis
2809 748 3022 814 corpori
3043 747 3342 802 inseruisse
3365 767 3378 800 :
3407 750 3511 804 hoc
3539 751 3714 804 solum
3744 753 3812 806 de
3837 769 3896 806 se
3919 753 4055 808 sciri

2466 835 2656 899 voluit,
2672 837 2816 904 quod
2833 838 3122 906 episcopus
3142 837 3306 892 fuerit
3325 856 3533 910 magna:
3561 840 3812 906 civitatis,
3826 853 3880 896 et
3905 844 4054 912 quod

2465 924 2610 978 lauta
2634 935 2798 994 atque
2817 929 3038 996 opipara
3064 929 3310 984 convivia
3327 931 3616 999 aliquando
3637 915 3975 998 insiruxerit,
3993 945 4052 989 ut

2467 1015 2582 1085 ipse
2613 1017 2814 1072 fatetur
2837 1017 2890 1070 in
2923 1016 3202 1091 Apologia,
3230 1037 3391 1089 quam
3421 1023 3660 1091 scripsit,
3685 1039 3784 1076 cur
3809 1023 4057 1079 Joannes

2463 1115 2651 1162 noster
2679 1109 2829 1163 solus
2858 1111 3188 1165 comederet.
3229 1113 3527 1167 Diaeonum
3561 1123 3752 1168 contra
3793 1115 3874 1168 bis
3901 1125 4058 1172 terve

2465 1199 2644 1268 ipsum
2664 1199 3012 1254 Theodorum
3030 1201 3318 1267 voeitavit;
3341 1203 3561 1258 Palladii
3589 1221 3791 1258 nomen
3807 1205 4054 1259 additum

2465 1291 2662 1346 deinde
2693 1291 2788 1345 fuit
2815 1307 2912 1357 ;ae
2945 1293 3165 1347 tandem
3177 1294 3446 1348 Palladius
3461 1296 3530 1348 ab
3551 1295 3824 1364 aliquibus
3843 1297 4056 1364 episco-

2463 1396 2566 1449 pus
2601 1381 3104 1450 Helenopolitanus,
3141 1382 3209 1436 ab
3238 1383 3358 1436 aliis
3385 1383 3674 1453 episcopus
3711 1385 4054 1454 Asponensis

2465 1472 2802 1536 nominatur,
2835 1474 2904 1526 ab
2937 1474 3060 1527 aliis
3087 1485 3270 1528 autem
3306 1476 3545 1529 creditus
3573 1485 3654 1530 est
3683 1477 3971 1546 episcopus
3995 1477 4054 1531 in

2465 1556 2744 1631 Bithynia,
2771 1572 2828 1616 et
2857 1561 3001 1616 idem
3023 1573 3212 1618 auctor
3228 1565 3476 1618 Historia'
3505 1567 3784 1619 cretttiticte
3809 1569 3880 1620 ad
3901 1567 4056 1620 Lau-

2463 1671 2601 1716 sunt,
2637 1669 2758 1722 ﬂlliB
2789 1656 2948 1726 vulgo
2977 1657 3242 1711 Lausiaca
3271 1658 3491 1711 dicitur.
3525 1655 3643 1722 Qua
3689 1658 3743 1711 in
3777 1659 4054 1712 sententia

2464 1745 2633 1798 fuisse
2646 1741 3012 1811 Theodorum,
3035 1747 3520 1802 Trimithuntinum
3537 1749 3873 1818 episcopum,
3897 1762 4057 1806 certo

2466 1838 2748 1892 atlirmabit
2779 1839 2870 1907 qui
2905 1839 3272 1894 observaverit
3299 1843 3488 1896 eadem
3517 1843 3585 1896 de
3627 1853 3848 1897 auctore
3889 1845 4056 1914 hujus

2463 1931 2658 1999 dialogi
2693 1931 2958 1994 scribere,
2991 1947 3112 2000 qme
3159 1933 3225 1986 de
3269 1949 3326 1985 se
3374 1934 3561 1987 scribit
3593 1945 3780 1988 auctor
3807 1935 4060 1989 Historia:

2467 2021 2778 2074 Lausiacat:
2803 2021 3000 2074 Relicta
3033 2023 3345 2087 Pttltestina,
3379 2026 3560 2092 repetii
3589 2023 3894 2094 Bithyniam
3923 2037 3974 2081 et
4001 2030 4060 2080 in

2467 2129 2550 2176 ea,
2574 2129 2674 2166 non
2703 2129 2911 2181 possum
2930 2115 3100 2168 dicere
3129 2117 3386 2184 quomodo
3415 2118 3470 2170 id
3501 2119 3698 2188 factum
3719 2119 3804 2182 sit,
3827 2121 3934 2172 sive
3957 2120 4062 2173 lto-

2469 2202 2670 2254 minum
2704 2204 2912 2265 studiis,
2933 2203 3040 2254 sive
3068 2202 3160 2256 Dei
3184 2203 3447 2270 beneﬁcio.
3466 2204 3606 2257 solus
3637 2205 3689 2256 id
3723 2205 3862 2257 novit
3891 2205 4058 2266 Deus,

2468 2296 2653 2363 dignus
2687 2295 2894 2347 habitus
2919 2312 3034 2348 sunt
3061 2297 3391 2370 ordinatione
3413 2313 3530 2365 qua?
3563 2299 3694 2350 vires
3727 2315 3872 2350 meas
3896 2314 4060 2364 supe-

2469 2395 2572 2446 rat,
2592 2396 2642 2437 et
2671 2387 2931 2454 particeps
2961 2388 3040 2454 fui
3065 2387 3436 2454 persecutionis
3467 2388 3604 2440 beati
3632 2387 3872 2450 Joannis,
3896 2401 4060 2458 atque

2469 2476 2704 2529 undecim
2731 2493 2926 2530 menses
2955 2479 3008 2530 in
3027 2477 3246 2530 obscura
3271 2477 3398 2530 cella
3421 2477 3574 2530 latui.
3591 2477 3852 2548 Agnoscis
3881 2479 4062 2534 Palla-

2467 2567 2640 2630 dium,
2679 2569 3190 2640 llelcnopolitanum
3217 2571 3554 2639 episcopum,
3583 2573 3674 2640 qui
3727 2583 3850 2642 post
3895 2573 4060 2643 Euly-

2471 2660 2614 2712 sium
2639 2669 2692 2713 et
2721 2661 3052 2730 Demetrium
3077 2663 3386 2732 episc0pos,
3405 2663 3630 2716 Romam
3648 2664 3849 2718 missus
3871 2663 4059 2718 fuitad

2471 2749 2846 2802 Innocentium
2901 2767 3128 2820 papam;
3157 2753 3358 2821 quique
3393 2761 3578 2820 postea
3636 2753 3898 2806 remissus
3931 2769 4060 2808 cum

2471 2841 2679 2894 Latinis
2709 2842 2983 2910 episcopis
3011 2841 3219 2896 litteras
3233 2844 3458 2898 Honorii
3489 2845 3836 2913 imperatoris
3861 2849 3929 2899 ad
3951 2848 4060 2898 Ar—

2469 2931 2684 2984 cadium
2727 2933 3130 3000 deferentibus,
3163 2936 3218 2988 in
3249 2951 3522 2989 carcerem
3553 2938 3837 3006 conjectus
3863 2948 3966 3002 est.
4001 2953 4061 2996 ut

2471 3022 2786 3091 perhibetur
2827 3025 2883 3077 in
2913 3025 3144 3096 dialogo.
3181 3027 3236 3082 Si
3283 3027 3352 3080 ita
3385 3045 3442 3082 se
3473 3045 3558 3084 res
3590 3032 3834 3097 haberet,
3864 3034 4060 3088 dicen-

2469 3111 2597 3164 dum
2621 3123 2788 3176 esset,
2818 3115 3070 3168 eumdem
3097 3131 3217 3171 esse
3247 3117 3566 3183 Palladium,
3585 3130 3860 3175 auctorem
3895 3123 4064 3192 hujus

2471 3201 2686 3272 dialogi,
2702 3218 2766 3257 ac
2784 3201 3082 3258 Palladium
3099 3207 3189 3276 qui
3209 3207 3434 3262 Romam
3461 3227 3490 3263 a
3513 3210 3721 3266 Joanne
3741 3211 4065 3268 Constanti-

2472 3295 2787 3362 nopolitano
2827 3296 3026 3352 missus
3053 3297 3174 3362 fuit,
3206 3309 3262 3353 et
3287 3302 3378 3370 qui
3411 3302 3704 3356 Historiam
3733 3307 4064 3358 eremiticam

2472 3385 2541 3437 ad
2573 3384 2804 3439 Lausum
2837 3389 3046 3456 scripsit
3079 3407 3088 3440 :
3123 3391 3266 3458 quod
3310 3391 3471 3445 simul
3509 3401 3652 3446 stare
3694 3393 3920 3448 omnino
3953 3412 4068 3448 non

2471 3485 2667 3544 potest.
2685 3478 2817 3531 Nam
2837 3491 3027 3534 auctor
3043 3481 3204 3549 hujus
3222 3483 3435 3554 dialogi,
3452 3487 3824 3554 cujuscunque
3841 3489 4070 3542 tandem

2473 3567 2708 3622 civitatis
2739 3571 3030 3639 episcopus
3061 3573 3536 3643 fuerit,aliquanto
3567 3585 3688 3646 post
3731 3587 3978 3646 tempore
4007 3597 4073 3634 se

2473 3661 2710 3726 primum
2733 3661 2960 3714 Romam
2994 3665 3208 3718 venisse
3229 3651 3326 3727 ait,
3345 3683 3506 3734 quam
3527 3668 4066 3728 veneratPalladius.

2471 3749 2760 3820 cpiscopus
2777 3753 3260 3823 llelenopolitanus
3277 3773 3289 3821 ;
3307 3773 3469 3826 quem
3488 3767 3733 3828 tempore
3759 3761 4070 3814 Innocentii

2473 3841 2698 3895 ltotnam
2722 3845 2955 3910 venisse,
2974 3847 3087 3914 ipse
3111 3848 3318 3912 scribit,
3345 3862 3636 3917 antequam
3653 3852 3950 3904 haberetur
3977 3854 4074 3906 hie

2475 3934 2734 4002 dialogus.
2757 3935 3022 3988 Prteterca
3054 3953 3176 3990 eum
3205 3939 3385 3994 adhuc
3412 3941 3554 4010 apud
3583 3943 3885 4013 Blemmyas
3920 3945 4072 4000 det;—

2475 4027 2590 4080 neri
2615 4027 2802 4080 scribit
2833 4045 2898 4082 co
2923 4029 3036 4098 ipso
3061 4039 3324 4100 tempore,
3356 4049 3464 4104 quo
3494 4035 3638 4088 hanc
3653 4035 3884 4102 διάλεξιν
3911 4037 4074 4091 insti—

2479 4115 2664 4166 tuebat
2693 4131 2814 4167 eum
2845 4115 3132 4171 Theodoro
3169 4140 3180 4172 :
3213 4137 3332 4189 qua:
3359 4122 3499 4177 inter
3523 4139 3582 4177 se
3611 4125 3884 4180 conciliari
3911 4127 4068 4182 nullo

2477 4208 2637 4260 modo
2679 4219 2926 4276 possunt.
2969 4209 3194 4264 Demum
3228 4213 3462 4265 Historia
3497 4215 3760 4269 Lausiaca
3809 4217 3944 4272 mihi
3981 4221 4074 4272 vi-

2476 4297 2635 4350 detur
2659 4299 2860 4366 scripta
2891 4301 3032 4354 circa
3061 4303 3376 4356 annutan
3405 4319 3543 4372 :quo
3569 4320 3714 4360 anno
3742 4315 3936 4362 auctor
3959 4309 4068 4362 hu—

2473 4389 2562 4456 jus
2583 4390 2820 4442 historia:
2851 4401 3036 4444 natum
3065 4409 3122 4446 se
3154 4409 3272 4448 esse
3306 4411 3478 4450 annos
3507 4399 3892 4470 quinquaginta
3929 4411 4066 4466 tros,~

2479 4491 2572 4532 eta
2588 4481 2772 4549 viginti
2791 4484 2947 4536 annis
2967 4483 3016 4536 in
3051 4483 3306 4554 Bithynia
3323 4487 3640 4558 episcopum
3668 4505 3786 4544 esse
3809 4501 4071 4548 testatur.

2477 4573 2596 4624 Jam
2633 4573 2677 4625 si
2713 4575 2965 4628 detrahas
3005 4592 3066 4628 ex
3115 4581 3270 4632 annis
3301 4579 3398 4632 .59.!
3435 4596 3606 4634 annos
3631 4585 4068 4651 quatuordecim.

2480 4679 2624 4715 anno
2671 4666 2792 4727 -107,
2830 4681 2936 4732 quo
2969 4679 3212 4720 mortuus
3261 4681 3343 4722 est
3375 4671 3814 4740 Chrysostomus,
3857 4691 4070 4730 annum

2482 4765 2608 4806 tunc
2639 4757 2828 4824 agebat.
2859 4757 3126 4812 Palladius
3161 4761 3492 4831 trigesimum
3529 4779 3752 4818 nonum.
3773 4766 3939 4837 Igitur
3971 4787 4070 4821 γι·-

2481 4845 2702 4900 risimile
2737 4859 2822 4900 est
2863 4863 2928 4901 ex
2979 4853 3232 4919 superius
3271 4853 3476 4917 allatis,
3515 4856 3784 4928 dialogum
3816 4859 4070 4914 habitum

2479 4937 2648 4990 luisse
2669 4939 2826 5005 paulo
2857 4950 2976 5007 post
3003 4951 3230 4994 mortem
3249 4942 3475 4998 Joannis
3499 4947 3888 5017 (.‘hrysostomi,
3918 4953 4068 5006 circa

2481 5045 2684 5080 annum
2731 5031 2855 5092 .408,
2903 5047 3010 5098 quo
3056 5049 3200 5086 anno
3253 5035 3538 5100 Palladius,
3577 5049 3766 5092 aur-tor
3815 5040 4072 5099 Historia:

2487 5123 2776 5186 latusiactc,
2797 5133 2952 5176 natus
2987 5135 3096 5178 erat
3132 5141 3301 5180 annos
3333 5129 3868 5199 quadraginta:quod
3895 5139 4074 5189 omni-

2483 5228 2552 5264 no
2599 5215 3064 5268 anitiiadversione
3119 5217 3342 5284 dignum
3391 5229 3538 5286 puto,
3571 5221 3694 5287 quia
3747 5222 4078 5280 Theodorus

2483 5320 2624 5372 stt-pe
2656 5305 2944 5373 tzotnpcllat
2975 5307 3266 5373 episcopum
3313 5321 3592 5363 auctorem
3621 5312 3816 5380 dialogi
3845 5353 3856 5376 ,
3897 5317 4072 5370 veluti

2484 5413 2691 5460 senem,
2713 5413 2944 5466 eumque
2973 5415 3068 5466 per
3083 5415 3248 5454 canos
3265 5401 3385 5467 ejus
3409 5403 3638 5468 adjurat,
3659 5415 3718 5456 ut
3746 5383 3932 5458 verum
3963 5408 4074 5476 ipsi

2485 5495 2666 5544 miri-et
2699 5509 2710 5540 :
2741 5507 2860 5558 (μιίιι
2891 5491 3232 5560 compellatio
3269 5493 3462 5544 cadere
3493 5493 3577 5546 vix
3607 5477 3780 5562 potest
3811 5497 3865 5548 in
3887 5497 4074 5550 virum

2484 5599 2750 5635 annorum
2787 5585 3154 5652 quadraginta.

2555 5673 2609 5724 Si
2676 5676 3000 5728 sententiam
3067 5675 3164 5728 hac
3231 5679 3297 5728 de
3358 5693 3414 5728 re
3483 5693 3654 5730 meum
3721 5678 4078 5746 interponere:

2485 5768 2573 5822 hic
2612 5769 2815 5834 liceret,
2857 5769 2988 5823 illud
3038 5778 3246 5824 tantum
3287 5769 3354 5825 de
3381 5783 3602 5826 auctore
3644 5772 3802 5840 hujus
3849 5769 4074 5843 dialogi,
