4234 6310
252 297 384 337 ἰΕΠΙ

261 409 390 480 ιιιοὰ
445 409 567 477 ipse
639 407 708 464 de
771 422 834 462 se
887 409 1054 473 dixit,
1110 407 1573 478 pronuntiandum
1635 423 1840 464 cense-

254 518 360 557 rem
379 518 396 556 :
411 503 595 572 ipsum
612 501 820 556 scilicet
841 516 1052 573 magnae
1066 499 1298 555 civitatis
1315 499 1634 570 episc0pum
1651 499 1836 566 fuisse,

248 595 407 652 sicuti
446 593 717 666 Georgius
741 593 1140 650 Alexandrinus
1155 601 1212 648 et
1231 590 1456 648 Pbotius
1481 594 1838 662 scripserunt.

244 688 304 743 Si
325 703 456 742 vero
481 685 756 741 Palladius
776 685 1040 741 dicendus
1063 694 1148 740 est
1175 686 1465 756 episcOpus
1488 684 1840 756 Helenopoli-

243 789 428 840 ianus,
455 777 748 832 dicendum
779 793 994 847 quoque
1027 776 1160 831 mihi
1193 777 1491 842 videretur,
1510 793 1576 830 ex
1603 777 1843 832 lleleno—

240 865 353 935 poli
385 867 709 922 translatum
732 866 902 922 fuisse
928 868 1224 938 Asponam,’
1243 877 1407 938 atque
1437 869 1491 922 in
1521 869 1642 938 ejus
1660 869 1839 924 locum

234 956 537 1011 suffectum
564 973 686 1012 esse
703 959 997 1013 Palladium
1018 959 1268 1016 alterum.
1283 960 1376 1030 qui
1396 959 1625 1014 Romam
1644 960 1841 1015 missus

231 1047 408 1101 fuerit
434 1064 463 1101 a
485 1048 697 1104 Joanne
715 1051 782 1106 ad
814 1067 1007 1122 papam
1036 1052 1413 1107 Innocentium
1437 1051 1620 1121 :isque
1648 1061 1840 1105 auctor

227 1141 350 1194 erit
383 1139 639 1194 Historiw
677 1142 972 1207 Lausiara’,
1005 1151 1062 1198 et
1087 1137 1385 1213 discipulus
1417 1142 1650 1212 Evagrii.
1673 1141 1840 1195 Porro

226 1231 543 1286 Palladium
562 1247 628 1286 ex
653 1231 972 1304 Helenopoli
1001 1233 1325 1289 translatum
1353 1234 1654 1302 Asponam,
1677 1232 1842 1287 tradit

222 1318 526 1387 Socrates;
558 1332 840 1378 auctorem
868 1341 998 1380 vero
1023 1325 1217 1396 dialogi
1243 1323 1561 1394 episcopatu
1582 1323 1833 1387 cessisse,

219 1428 281 1467 ex
333 1412 552 1486 Georgii
583 1417 766 1472 verbis
786 1418 1039 1487 superius
1068 1417 1252 1472 relatis
1277 1416 1582 1471 coniicitur.
1606 1416 1719 1471 Hac
1750 1432 1837 1470 ra-

219 1506 383 1562 tione
415 1508 507 1560 via
539 1509 893 1576 praecluditur
921 1511 1106 1565 multis
1135 1509 1474 1580 ambagibus,
1506 1524 1643 1577 quas
1680 1505 1839 1562 aliter

217 1598 470 1653 evadere
500 1598 688 1654 nullus
737 1602 932 1671 possit.
966 1601 1020 1657 Si
1063 1602 1194 1672 quid
1223 1609 1407 1655 tamen
1438 1586 1632 1654 rationi
1672 1609 1835 1668 atque

220 1689 512 1745 historica:
540 1691 761 1746 veritati
786 1693 956 1764 magis
983 1701 1416 1748 consentaneum
1449 1693 1572 1762 quis
1593 1693 1838 1747 attulerit

217 1780 269 1833 in
305 1779 585 1842 medium,
606 1781 926 1836 nullatenus
951 1783 1264 1854 repugnabo
1280 1800 1292 1835 :
1307 1782 1554 1852 quinimo
1573 1780 1839 1851 quidquid

215 1870 346 1924 illud
368 1871 501 1935 erit,
524 1872 807 1928 ambabus
836 1873 976 1928 ulnis
998 1875 1140 1929 ultro
1164 1873 1450 1944 excipiam.
1484 1873 1591 1928 Sed
1615 1873 1744 1927 dum
1769 1873 1838 1926 de

215 1962 491 2032 scriptore
523 1964 701 2034 hujus
745 1965 942 2021 dialovi
996 1967 1171 2023 fusius
1218 1967 1461 2022 edissero
1484 2009 1498 2030 ,
1533 1982 1673 2037 pene
1705 1965 1836 2020 mihi

409 5818 411 5820 -
487 5783 816 5841 ΡΑτιιοι..
861 5771 981 5834 Gn.
1031 5772 1287 5835 XLV".

1256 271 1366 331 ΞΜ.
1411 272 1664 331 BIGOTII
1702 266 2160 330 PREFATIOIN
2184 265 2606 327 PALIADIUM.

3371 292 3537 336 XCVI“

1944 395 2218 450 exciderat
2253 395 2395 466 loqui
2424 397 2493 459 de
2518 395 2836 461 Theodoro;
2868 409 3028 464 quem
3062 394 3225 466 aliqui
3255 403 3534 450 auctorem

1947 485 2240 555 perhibent
2270 485 2434 555 hujus
2456 485 2673 558 dialogi,
2697 485 2792 540 sed
2818 485 2920 540 levi
2951 499 3177 554 prorsus
3199 493 3542 556 argumento.

1947 575 2289 639 Theodorus,
2319 578 2592 648 inquiunt,
2616 579 2950 649 compellans
2980 576 3324 648 episcopum,
3353 595 3415 634 se
3437 578 3542 633 ali-

1943 668 2163 738 quando
2183 668 2320 724 forte
2340 669 2407 724 de
2423 671 2590 725 rebus
2605 671 2780 725 sancti
2805 669 3180 741 Cbrysostomi
3211 671 3544 741 scripturum

1943 761 2038 816 ait.
2055 760 2188 827 Quis
2203 760 2612 831 dialogistarum
2639 777 2849 818 morem
2872 778 2982 818 non
3001 762 3406 829 animadvertit,
3427 761 3543 832 qui,

1945 862 2006 908 ut
2033 855 2119 909 vel
2172 855 2398 908 minima
2427 871 2656 924 quasque
2697 855 2766 909 ab
2820 855 3210 910 interlocutore
3270 855 3543 926 expiscari

1942 947 2177 1016 possint,
2209 947 2388 1023 varias
2417 946 2730 1002 sciscitandi
2761 946 3002 1002 rationes
3025 947 3542 1012 comminiscuntur,

1943 1048 2109 1108 atque.
2134 1039 2275 1094 hanc
2304 1039 2359 1093 in
2387 1040 2871 1110 primis,aut-alias
2894 1038 3244 1106 similes?Qui
3278 1040 3420 1100 hanc
3446 1053 3545 1094 su-

1946 1129 2249 1200 spicionem
2303 1130 2464 1200 primi
2501 1131 2871 1201 protulerunt,
2899 1145 3246 1200 nequaquam
3289 1131 3542 1186 attende-

1943 1233 2092 1289 runt,
2108 1222 2323 1294 opinor,
2344 1225 2526 1279 omnia
2563 1223 2974 1287 incobmrentia,
2993 1239 3116 1292 qua:
3145 1223 3308 1278 modo
3333 1224 3541 1289 notavi,

1942 1334 1971 1371 a
1990 1317 2232 1374 Palladio
2261 1333 2373 1372 non
2404 1318 2697 1389 depellere,
2718 1317 2807 1372 cui
2835 1326 3014 1372 tamen
3045 1317 3122 1371 rei
3147 1317 3419 1387 praecipue
3448 1333 3544 1371 ca-

1941 1409 2179 1463 vendum
2211 1408 2333 1464 fuit.
2355 1409 2566 1463 Deinde
2597 1407 2799 1463 iaciant
2818 1407 2952 1462 mihi
2984 1407 3135 1472 satis,
3159 1407 3203 1461 si
3233 1407 3462 1477 possint,
3489 1417 3547 1465 et

1940 1500 2210 1569 querenti
2269 1500 2667 1570 respondeant,
2699 1515 2869 1570 quare
2899 1499 3242 1564 Theodorus,
3279 1499 3545 1554 Romana:

1943 1586 2199 1646 Ecclesiae
2229 1591 2512 1657 diaconus,
2545 1589 2737 1644 Latine
2761 1605 2873 1644 non
2896 1589 3213 1658 scripserit:
3243 1597 3337 1643 aut
3360 1589 3405 1643 si
3437 1589 3547 1642 La-

1941 1684 2054 1738 tine
2093 1683 2331 1754 scripsit,
2367 1693 2429 1740 ut
2473 1699 2584 1740 non
2625 1683 2834 1738 nemini
2872 1683 3051 1738 visum
3085 1691 3188 1748 est,
3225 1699 3396 1754 quare
3437 1684 3545 1739 hoc

1938 1789 2077 1841 opus
2100 1775 2384 1844 hucusque
2405 1773 2614 1829 Latinis
2638 1773 2863 1829 auribus
2893 1772 3200 1828 inauditum
3230 1771 3542 1828 fuerit.Sed

1937 1866 2101 1921 missa
2133 1867 2235 1922 ista
2261 1866 2544 1932 faciamus,
2581 1883 2704 1936 quae
2731 1865 2882 1922 omni
2912 1865 3123 1923 ratione
3149 1874 3313 1936 atque
3336 1863 3543 1936 proba-

1939 1957 2033 2012 bili
2069 1959 2387 2029 conjectura
2417 1968 2625 2014 carent.
2665 1978 2682 2010 ι
