4234 6310
1558 348 1589 354 .,
1633 348 1659 353 ν.
1955 343 1964 349 ι
1983 334 2033 349 ..-ο
2215 346 2244 352 -
2486 335 2734 347 ’ψέ-
3110 345 3111 348 η

187 357 580 367 -νκ-α--οω
610 358 847 368 “mw..—
884 360 937 366 _..-
961 350 1353 365 ﬂ..—
1508 348 1627 374 η-...ς-ἶι
1674 347 1707 365 ⁴⁶
1792 366 1793 369 η
2228 354 2467 377 -υ-Δῖτ-ομ-ν-
2512 365 2525 368 ⁴
2548 376 2551 377 ν
2595 338 3470 396 ’Μ

246 386 263 389 ᾖ
334 388 343 389 7
524 387 557 391 Τ
628 388 632 391 Ἴ
680 388 697 391 μ
894 390 897 391 ν
1036 384 1059 389 ,Δ
1145 379 1266 389 -.ιη-
1335 368 1503 391 Lam/’7
1540 380 1541 383 η
1602 376 1729 383 ...ηερ
1774 376 1815 381 κ-
1850 376 1913 382 μ-
1960 376 1967 379 η
2006 374 2101 382 .WV
2151 374 2177 380 »ρ
2584 379 2594 384 -
3066 396 3068 398 γ

762 587 1669 706 υιΔιοθυε

1840 580 2861 699 ίιετοιιιαῠε

1205 802 1546 869 PALLADII,
1592 801 1894 858 EPISCOPI
1938 799 2434 863 HELENOPOLIS,

841 966 1004 1028 CUM
1048 962 1507 1037 THEODORO,
1552 962 1733 1025 ECCI

1840 963 1962 1023 iUE
2007 962 2376 1030 ΒΟΜΑΝᾹΞ
2419 953 2818 1033 DIACONO,

261 1128 341 1168 DE
395 1127 556 1170 VITA
607 1127 690 1169 ΕΤ
735 1123 1254 1170 CONVERSATIONB
1299 1123 1488 1167 ΒΒΔΤΙ
1536 1123 1733 1168 JOANN

1840 1122 2300 1179 CHRYSOSTOMI,
2349 1121 2631 1166 EPISCOPI
2678 1117 3324 1167 CONSTANTINOPOLISb

1583 1325 2005 1373 #0000900»

219 1503 346 1558 CAP.
379 1520 418 1559 I.
449 1535 524 1545 —
549 1504 704 1559 Dona
728 1504 845 1571 Dei,
870 1506 973 1560 alia
995 1506 1215 1577 quidem
1243 1517 1394 1573 sunt,
1415 1515 1474 1562 ut
1504 1506 1745 1575 videtur,

158 1599 470 1652 communia
487 1605 545 1654 et
567 1598 834 1665 indivisa,
863 1599 1068 1669 optime
1085 1599 1257 1655 frater
1277 1599 1608 1656 Theodore:
1639 1602 1746 1656 alia

156 1707 280 1747 vero
315 1692 638 1746 communia
679 1701 736 1746 et
767 1691 960 1748 divisa.
998 1692 1204 1747 Horum
1239 1693 1403 1748 tertia
1434 1703 1595 1756 sunt,
1628 1709 1749 1765 qute

156 1799 330 1854 neque
352 1785 697 1848 communia,
723 1799 898 1853 neque
922 1784 1097 1839 divisa
1118 1799 1212 1839 seu
1233 1786 1487 1851 indivisa,
1508 1786 1603 1842 sed
1623 1802 1750 1856 pro-

155 1879 297 1946 pria,
323 1877 450 1931 data
487 1876 797 1932 secundum
823 1877 1150 1946 praecipuam
1187 1879 1422 1946 gratiam
1455 1879 1524 1933 iis
1547 1880 1749 1948 quibus

154 1970 277 2023 data
317 1979 466 2024 sunt.
506 1969 800 2026 DIACONUS.
845 1969 978 2039 Age,
1005 1969 1094 2025 dic
1119 1971 1279 2026 nobis
1307 1971 1746 2041 uniuscujusque

153 2061 370 2131 generis
393 2061 678 2128 ordinem;
701 2063 1062 2132 probabiliter
1085 2063 1233 2118 enim
1258 2062 1521 2133 prtel‘atus
1537 2079 1618 2120 es.
1648 2065 1740 2118 Er.

154 2152 277 2218 Quae
316 2163 514 2206 natura
545 2153 690 2208 bona
731 2165 889 2220 sunt,
923 2156 1044 2210 sine
1070 2155 1276 2226 quibus
1310 2156 1420 2210 vita
1475 2155 1747 2226 (molesta)

153 2243 315 2313 impia
341 2251 449 2308 est,
473 2245 792 2299 communia
837 2257 890 2300 et
916 2246 1176 2302 indivisa.
1213 2246 1370 2302 Duc.
1422 2246 1737 2314 Quomodo.

151 2332 351 2390 Pater?
374 2334 467 2389 Er.
494 2335 678 2392 Primo
702 2339 921 2405 quidem
955 2337 1097 2394 Deus
1130 2340 1372 2395 universi
1397 2354 1522 2394 cum
1557 2341 1748 2410 unige-

149 2429 262 2480 nito
280 2427 460 2494 ipsius
483 2425 623 2480 Filio
640 2426 912 2496 ctSpiritu
935 2437 1130 2483 sancto
1153 2431 1466 2484 communis
1483 2439 1567 2485 est
1588 2439 1642 2485 et
1664 2431 1746 2483 in-

145 2518 357 2572 divisus
385 2538 397 2570 :
424 2517 725 2588 unicuique
741 2520 885 2574 enim
910 2519 1056 2585 licet,
1077 2521 1170 2590 qui
1201 2521 1459 2587 voluerit,
1489 2522 1610 2576 sine
1633 2519 1745 2576 ullo

146 2607 364 2675 negotio
382 2607 566 2677 ipsum
583 2616 757 2662 totum
773 2610 1238 2680 contemplatione
1251 2612 1565 2682 complecti.
1583 2613 1744 2668 Dein-

147 2695 208 2751 de
240 2707 367 2766 post
401 2698 578 2751 Deum
618 2697 820 2754 divina:
855 2700 1173 2772 Scriptura,
1202 2707 1257 2754 et
1284 2702 1746 2770 supermundanae

147 2790 398 2843 virtutes.
433 2789 702 2846 Praeterea
730 2791 953 2857 malum,
982 2793 1086 2860 sol,
1115 2794 1245 2846 luna
1275 2801 1329 2848 et
1355 2796 1536 2850 omnis
1564 2803 1744 2850 astro-

143 2896 258 2934 rum
284 2881 522 2943 chorus,
548 2889 602 2935 et
625 2882 745 2952 ipse
767 2897 880 2948 aer,
909 2884 1225 2939 communia
1249 2893 1378 2940 sunt
1404 2893 1458 2939 et
1481 2886 1738 2948 indivisa,

142 2984 330 3044 utpote
349 2975 544 3029 omnia
558 2976 826 3030 omnium.
847 2975 995 3032 Intra
1013 2977 1129 3033 haec
1145 2979 1304 3034 nobis
1318 2980 1585 3035 consistat
1602 2981 1743 3034 indi-

144 3068 390 3121 risorum
405 3081 605 3138 genus.
623 3066 752 3121 Erat
770 3069 933 3123 etiam
949 3070 1242 3141 aliquando
1256 3080 1405 3128 terra
1431 3070 1742 3126 communis

140 3167 185 3213 et
205 3158 448 3212 indivisa
473 3157 640 3212 simul
666 3173 788 3212 cum
813 3174 1082 3229 aquarum
1104 3159 1326 3217 ﬂuentis
1347 3180 1362 3216 :
1387 3178 1452 3218 ex
1480 3177 1591 3234 quo
1613 3179 1741 3219 vero

138 3246 388 3301 avaritia:
410 3246 585 3301 ardor
600 3247 1033 3318 voluptariorum
1060 3260 1269 3307 mentes
1283 3254 1594 3322 occupavit,
1617 3268 1741 3322 gra-

135 3337 282 3391 viora
303 3346 476 3393 terra
491 3345 546 3391 et
567 3352 722 3409 aquae
743 3340 1014 3395 elementa
1027 3341 1206 3397 divisa
1231 3353 1380 3400 sunt.
1398 3343 1550 3401 Duc.
1579 3345 1739 3401 Clara

133 3427 432 3482 admodum
462 3437 614 3491 sunt,
638 3443 760 3498 quae
776 3429 990 3484 dixisti:
1013 3431 1281 3486 rationem
1306 3439 1489 3489 autem
1509 3435 1737 3490 secundi

125 3518 339 3587 generis
369 3517 668 3571 divisorum
711 3517 968 3586 adimple.
1000 3518 1096 3572 Er.
1126 3515 1359 3571 Necesse
1388 3527 1471 3572 est
1507 3532 1616 3574 non
1643 3533 1733 3574 re-

127 3609 291 3678 linqui
343 3609 726 3678 impcrfectum
778 3611 1078 3678 argumenti
1128 3617 1460 3664 contextum.
1527 3612 1732 3666 Aurum

123 3701 279 3769 igitur
303 3711 363 3756 et
382 3712 670 3763 argentum
696 3711 748 3755 et
764 3701 938 3754 omnis
957 3701 1222 3756 metallica
1243 3710 1454 3769 natura,
1475 3711 1730 3770 prmterea

122 3791 343 3860 lignaria
363 3792 646 3853 materies,
672 3799 725 3846 et
747 3801 802 3844 ut
834 3807 941 3845 uno
967 3792 1134 3847 verbo
1158 3792 1353 3858 dicam,
1377 3807 1731 3865 quaecumque

122 3881 295 3936 media
329 3891 482 3946 sunt,
516 3883 823 3937 communia
871 3883 1089 3952 quidem
1113 3894 1256 3950 sunt,
1299 3883 1393 3939 sed
1427 3894 1605 3939 tamen
1650 3884 1731 3939 di-

121 3973 224 4026 visa
255 3992 269 4026 :
301 3989 490 4043 neque
515 3973 658 4027 enim
685 3974 873 4041 cuivis,
902 3984 960 4028 ut
991 3975 1090 4044 ipsi
1124 3975 1272 4039 libet,
1298 3984 1406 4029 tota
1436 3976 1648 4044 penitus
1675 3977 1727 4031 in

120 4072 389 4132 potestate
417 4073 568 4118 sunt.
601 4063 750 4119 Duc.
794 4063 1242 4121 Evidensadbuc
1288 4075 1342 4120 et
1394 4064 1481 4120 hic
1522 4081 1723 4122 sermo.

116 4151 217 4208 Sed
244 4153 445 4208 dubito
477 4169 544 4208 ne
565 4153 708 4208 circa
736 4157 876 4210 tertii
906 4156 1172 4211 donorum
1210 4157 1606 4229 praecipuorum
1635 4175 1726 4231 ge-

115 4245 261 4300 neris
281 4245 813 4301 demonstrationem
859 4246 1100 4314 detieias,
1147 4249 1236 4319 qui
1270 4250 1583 4319 promiseris
1639 4266 1726 4306 os-

115 4337 370 4398 tendere.
401 4337 548 4407 quod
576 4337 754 4408 aliqua
782 4339 888 4394 sint
917 4357 1036 4411 qum
1065 4357 1238 4411 neque
1270 4345 1575 4397 communia
1599 4355 1726 4398 sunt

113 4441 287 4497 neque
310 4427 512 4492 divisa,
542 4429 636 4484 sed
671 4431 883 4499 propria
908 4432 1203 4487 secundum
1247 4435 1580 4505 privilegium
1632 4452 1724 4490 eo-

114 4533 229 4572 rum
251 4520 348 4589 qui
377 4518 528 4589 digni
546 4519 824 4578 fuerinteo
853 4538 1095 4579 munere.
1124 4524 1378 4595 Imposito
1409 4536 1584 4582 autem
1616 4529 1723 4583 line

115 4611 357 4665 sermoni
379 4609 527 4676 huic,
557 4610 796 4668 edissere
823 4614 978 4669 nobis
1006 4615 1151 4671 unde
1174 4617 1388 4684 venisti,
1415 4627 1469 4672 et
1497 4633 1559 4673 ea
1585 4633 1720 4688 quo-

116 4716 228 4755 rum
249 4701 540 4756 veritatem
559 4703 696 4758 scire
717 4703 1102 4761 desideramus.
1130 4705 1226 4761 Er.
1249 4706 1305 4762 Si
1326 4707 1382 4766 in
1398 4723 1484 4764 me
1504 4709 1718 4779 quidem

117 4791 164 4845 id
190 4793 359 4847 situm
389 4801 496 4859 est,
527 4801 583 4846 et
609 4793 652 4847 si
683 4809 869 4850 eorum
918 4813 1038 4867 quae
1087 4799 1226 4853 scire
1270 4814 1417 4867 aves,
1472 4800 1717 4856 notitiam

121 4883 308 4951 habeo,
361 4900 470 4954 non
501 4885 828 4954 detrectabo,
873 4903 972 4944 nec
1015 4890 1304 4960 quidquam
1348 4891 1713 4948 abscondam:

120 4977 352 5033 debitum
386 4980 636 5050 promissi
677 4982 962 5046 sermonis,
1008 4992 1066 5037 ut
1103 4985 1318 5053 opinor,
1369 4999 1465 5056 pro
1515 4986 1718 5042 viribus

121 5072 411 5125 exsolvam.
448 5070 820 5147 Virginitatem
875 5074 1033 5145 igitur
1061 5084 1117 5130 et
1169 5086 1420 5132 eceteram
1460 5079 1715 5134 castimoo

126 5162 252 5214 aiam
271 5162 508 5217 indivisa
527 5163 762 5233 reperies
795 5183 807 5217 :
842 5180 946 5219 non
974 5167 1117 5222 enim
1140 5176 1265 5223 sunt
1293 5184 1322 5224 e
1344 5184 1538 5239 genere
1567 5186 1716 5228 com-

124 5254 350 5308 manium
379 5262 473 5308 aut
507 5253 871 5323 dividuorum,
925 5260 1178 5329 quoniam
1228 5277 1336 5316 non
1389 5263 1714 5334 quicumque

130 5344 239 5408 vult,
270 5345 436 5400 etiam
461 5345 818 5417 virginitatem
843 5361 1040 5415 servat,
1089 5352 1183 5407 sed
1211 5355 1298 5423 qui
1330 5364 1504 5424 potest
1531 5375 1543 5409 :
1589 5373 1710 5412 nam

129 5434 326 5502 plurimi
353 5452 547 5494 eorum
577 5441 667 5510 qui
707 5443 1049 5499 matrimonio
1079 5446 1253 5515 juncti
1299 5460 1443 5514 sunt,
1490 5451 1714 5520 cupiunt

129 5525 210 5595 ipsi
235 5530 478 5600 quidem,
504 5531 600 5588 sed
629 5547 738 5589 non
761 5547 1138 5606 assequuntur,
1158 5539 1279 5609 quia
1301 5541 1548 5611 conjugio
1574 5558 1710 5613 prae-

130 5624 357 5693 occupati
384 5634 526 5682 sunt.
558 5626 1034 5696 Quemadmodum
1063 5631 1116 5686 in
1147 5630 1440 5703 Olympicis
1461 5635 1709 5690 certami-

131 5709 263 5768 libus
290 5731 457 5784 percu
484 5728 644 5777 vocat
691 5719 784 5789 qui
822 5729 1029 5776 certare
1072 5722 1220 5786 velit,
1261 5734 1484 5780 coronat
1529 5734 1707 5781 autem

133 5816 229 5860 eum
248 5810 327 5882 qui
355 5815 561 5883 vicerit,
595 5832 608 5868 :
640 5811 728 5867 sic
752 5819 806 5864 et
833 5812 882 5864 in
922 5813 1187 5878 castitate,
1215 5825 1271 5867 ut
1307 5815 1434 5871 dicit
1469 5817 1707 5889 Evange-

1873 1511 2023 1565 lium.
2056 1510 2191 1564 Cum
2210 1510 2351 1565 enim
2373 1510 2561 1564 Petrus
2580 1507 2855 1564 Scrvatori
2886 1510 3251 1580 respondisset
3285 1529 3297 1564 :
3324 1512 3385 1568 Si
3412 1529 3474 1570 co

1865 1610 2114 1654 estcausa
2140 1601 2234 1654 viri
2249 1615 2366 1652 cum
2388 1615 2567 1666 uxore,
2592 1616 2693 1653 non
2747 1601 2952 1670 expedit
3003 1616 3213 1656 uxorem
3279 1594 3470 1649 ducere

1866 1692 2079 1763 (Matth.
2112 1694 2200 1749 i9.
2229 1693 2318 1748 10.
2370 1693 2429 1746 Η
2462 1691 2480 1763 )
2518 1691 2624 1746 :ad
2655 1707 2777 1762 qua
2822 1690 2964 1747 dixit
3000 1691 3254 1750 Servator
3287 1714 3300 1750 :
3346 1687 3466 1749 Non

1862 1788 2088 1840 onmium
2113 1797 2190 1840 est
2215 1803 2397 1856 capere
2423 1787 2626 1839 verbum
2670 1785 2784 1852 hoc,
2815 1787 2904 1840 sed
2932 1786 3114 1856 quibus
3141 1788 3320 1841 datum
3371 1803 3462 1842 at.

1862 1878 2023 1932 \‘ides
2048 1878 2187 1949 quod
2208 1893 2312 1933 non
2345 1878 2614 1942 omnibus,
2644 1873 2738 1932 sed
2761 1878 2954 1948 quibus
2970 1876 3154 1933 datum
3178 1881 3293 1934 est?
3312 1879 3463 1935 Νη.

1862 1970 2118 2024 Putabam
2170 1986 2313 2040 aegre
2354 1970 2736 2040 expediturum
2784 1979 2837 2024 te
2885 1985 3006 2039 quae
3049 1971 3157 2026 sint
3197 1975 3462 2042 praecipua

1857 2061 2020 2128 duna,
2054 2061 2148 2116 sed
2172 2061 2411 2130 profecto
2434 2073 2485 2116 et
2515 2061 2727 2116 fortiter
2751 2071 2805 2115 et
2831 2053 3125 2132 Scriptura:
3155 2065 3464 2119 testimonio

1857 2155 2012 2209 nobis
2043 2155 2379 2225 persuasisti.
2411 2155 2503 2210 Er.
2534 2155 2590 2209 Si
2611 2155 2724 2209 haec
2754 2156 3037 2225 perspicua
3068 2155 3162 2212 tibi
3193 2159 3350 2223 sunt,
3376 2174 3466 2211 re-

1856 2247 2013 2318 liquis
2033 2243 2355 2303 testimoniis
2383 2247 2656 2302 exornabo
2681 2261 3013 2313 sermonem,
3046 2256 3105 2302 ut
3141 2249 3230 2319 qui
3283 2260 3463 2305 me‘ntu

1856 2339 2006 2407 pravi
2031 2347 2178 2406 sunt,
2205 2339 2288 2393 his
2309 2339 2574 2408 persuasi,
2604 2337 2851 2393 desinant
2875 2355 3085 2409 rapere,
3119 2356 3238 2410 qua:
3267 2352 3462 2411 capere

1854 2445 1959 2483 non
1993 2438 2310 2499 potuerunt.
2335 2430 2468 2484 Nam
2502 2428 2806 2484 invenimus
2849 2427 3212 2485 sacerdotium
3241 2449 3456 2502 quoque

1852 2519 1908 2577 in
1928 2521 2124 2578 divinis
2148 2522 2440 2592 Scripturis
2471 2536 2645 2593 neque
2670 2536 2960 2577 commune
2987 2538 3108 2578 esse
3134 2539 3308 2593 neque
3323 2525 3461 2579 divi-

1850 2613 2039 2679 duum,
2085 2615 2179 2670 sed
2211 2615 2425 2668 illorum
2459 2613 2736 2684 proprium
2759 2613 2850 2682 qui
2881 2629 2948 2668 eo
2975 2613 3122 2683 digni
3151 2625 3296 2682 sunt,
3319 2615 3461 2671 sicut

1849 2684 2105 2761 admonet
2155 2706 2412 2761 Hebrzeos
2440 2705 2666 2760 excelsa:
2707 2705 2799 2759 ille
2853 2706 3049 2761 mentis
3091 2705 3310 2773 Paulus,
3367 2707 3454 2761 di-

1848 2812 1977 2853 cens
2003 2814 2014 2848 :
2041 2795 2163 2851 Non
2185 2797 2328 2851 enim
2351 2796 2438 2867 qui
2463 2796 2559 2850 sibi
2583 2795 2766 2864 accipit
2788 2795 3051 2860 honorem,
3085 2797 3178 2850 sed
3195 2798 3283 2868 qui
3307 2812 3458 2852 voca.

1846 2896 1983 2940 tura
2007 2886 2320 2958 Deo(Hebr.
2350 2887 2402 2942 5.
2437 2888 2516 2955 4).
2551 2889 2639 2946 Sic
2685 2895 2732 2940 et
2759 2886 2955 2953 Aaron,
2989 2887 3082 2953 ait,
3113 2906 3212 2942 non
3233 2889 3456 2960 seipsum

1844 2979 2092 3048 gloriatus
2123 2990 2325 3033 estesse
2348 2979 2658 3050 pontiﬁcem.
2685 2976 2816 3032 Nam
2847 2993 2968 3032 cum
2989 2990 3242 3035 sexcenta
3272 2992 3457 3036 essent

1843 3065 2011 3124 millia
2034 3070 2338 3137 hominum,
2372 3079 2426 3124 et
2447 3069 2600 3123 multi
2627 3085 2691 3124 ex
2714 3068 2820 3124 illis
2841 3070 3017 3125 zelum
3050 3071 3140 3126 Dei
3166 3071 3450 3135 haberent.

1843 3176 1982 3216 unus
2002 3161 2312 3218 declaratus
2353 3169 2436 3217 est
2476 3161 2678 3226 Aaron,
2710 3175 2869 3231 quem
2901 3177 2930 3216 a
2977 3162 3086 3217 Deo
3116 3175 3451 3235 assumptum

1842 3251 2007 3308 fuisse
2031 3251 2367 3321 pontiﬁcem,
2401 3251 2716 3306 miraculum
2750 3251 2935 3322 virgzu,
2967 3269 3086 3324 qua:
3124 3269 3289 3310 nuces
3326 3271 3453 3326 pro-

1842 3341 2013 3408 duxit,
2038 3340 2363 3396 multitudini
2417 3341 2682 3410 persuasit
2715 3339 2904 3411 (Num.
2940 3342 3028 3397 17.
3058 3343 3153 3412 8).
3200 3344 3452 3413 Plerique

1840 3449 1970 3489 vero
1998 3433 2266 3489 bonorum
2296 3435 2538 3488 omnium
2565 3433 2756 3504 ignari,
2811 3449 2962 3490 vanu:
3002 3435 3188 3506 gloria:
3233 3438 3450 3493 stimulo

1841 3515 2333 3590 icti,sacerdotium
2358 3525 2499 3579 inter
2536 3526 2843 3580 communia
2865 3538 2920 3580 et
2961 3527 3132 3582 divisa
3165 3539 3285 3586 esse
3332 3533 3450 3601 Opi-

1839 3614 1972 3680 nati,
2002 3630 2030 3668 a
2061 3617 2368 3686 semetipsis
2393 3616 2575 3682 electi,
2611 3632 2724 3672 rem
2753 3617 2902 3672 illam
2936 3619 3195 3687 involant,
3226 3621 3448 3694 dignum

1838 3723 1949 3761 suae
1977 3707 2211 3762 vesania:
2242 3709 2405 3762 linem
2427 3709 2592 3773 nacti,
2624 3707 2752 3762 dum
2789 3708 2960 3779 ipsam
2994 3726 3282 3784 synagoga:
3333 3730 3447 3770 sua:

1838 3809 2036 3855 terram
2070 3803 2390 3856 temeritatis
2430 3810 2623 3856 testem
2677 3802 2896 3857 faciunt.
2941 3804 3150 3860 Dathan
3198 3808 3342 3863 enim
3391 3815 3449 3865 et

1838 3894 2041 3948 Abiron
2093 3893 2282 3965 (Num.
2340 3895 2426 3948 16.
2481 3895 2575 3966 52)
2621 3911 2744 3950 cum
2795 3897 3081 3953 sacerdotii
3127 3900 3441 3970 dignitatem

1835 3987 2155 4042 meretriciis
2202 3987 2519 4057 quibusdam
2558 3987 2730 4042 oculis
2791 3991 3251 4059 concupivisscnt,
3312 3998 3436 4051 cum

1833 4079 2086 4134 omnibus
2114 4081 2471 4135 sectatoribus
2499 4082 2610 4135 suis
2667 4091 2808 4135 terra
2855 4082 3094 4152 absorpti
3147 4087 3440 4156 perierunt,

1833 4185 2156 4241 synagogam
2211 4185 2362 4225 suam
2427 4171 2605 4226 sortiti
2678 4175 3047 4244 extemporale
3106 4178 3438 4248 sepulcrum.

1836 4263 1960 4316 Post
1992 4262 2092 4318 hos
2111 4261 2242 4331 Oza,
2277 4263 2619 4332 superiorum
2650 4263 2959 4331 immemor,
2993 4267 3183 4323 eadem
3232 4273 3436 4342 cupidi-

1834 4361 1939 4407 tate
1969 4353 2246 4423 abreptus,
2272 4370 2384 4409 rem
2409 4369 2528 4408 eam
2557 4355 2836 4426 expetivit.
2866 4356 3001 4412 Cum
3026 4360 3171 4415 enim
3202 4363 3434 4435 quadam

1829 4447 1915 4500 die
1954 4461 2078 4501 area
2128 4448 2179 4502 in
2212 4447 2453 4518 plaustro
2481 4447 2769 4502 veheretur
2797 4447 2877 4518 (2.
2903 4448 3033 4523 Reg.
3068 4453 3120 4508 6.
3171 4453 3262 4525 6),
3297 4455 3440 4514 forte

1831 4540 2026 4595 accidit
2055 4549 2112 4593 ut
2139 4540 2230 4609 qui
2258 4555 2376 4594 eam
2407 4539 2652 4595 trahebat
2700 4540 2922 4608 vitulus,
2964 4557 3274 4601 succussam
3328 4549 3442 4604 dis-

1830 4630 2087 4684 turbaret.
2119 4629 2226 4685 Oza
2256 4630 2417 4700 igitur
2445 4631 2536 4699 qui
2559 4629 2904 4701 sequebatur,
2929 4649 3092 4691 manu
3120 4635 3434 4707 apprehen-

1827 4721 1924 4787 dit,
1958 4735 2063 4776 non
2091 4736 2280 4790 passus
2311 4736 2432 4777 eam
2494 4721 2756 4778 subverti.
2788 4723 2856 4779 Ut
2883 4729 3063 4780 autem
3093 4727 3225 4782 vidit
3269 4729 3436 4797 Deus,

1829 4811 1986 4882 idque
2027 4812 2127 4880 ipsi
2171 4826 2279 4867 non
2324 4812 2542 4883 placuit,
2595 4813 2850 4884 quoniam
2908 4831 2976 4872 ex
3029 4832 3096 4873 eo
3129 4821 3431 4879 temerariis

1826 4903 2158 4960 consuetudo
2193 4906 2424 4960 oriretur
2475 4907 2628 4961 Arcze
2682 4907 3082 4963 attrectandze:
3128 4913 3424 4981 prohibuit,

1825 4995 1932 5051 Oza
1953 4997 2016 5051 ad
2045 5006 2273 5054 mortem
2302 5013 2470 5068 usque
2501 5014 2779 5068 percusso,
2809 5001 3012 5058 docens
3040 5010 3289 5074 posteros
3309 5011 3428 5065 asi-

1825 5088 1940 5142 mili
1965 5089 2269 5144 temeritate
2298 5089 2581 5145 desiSIere.
2615 5091 2694 5146 Ac
2718 5091 2932 5147 tandem
2958 5094 3119 5166 longo
3144 5097 3431 5169 interjccto

1826 5190 2087 5251 tempore,
2120 5191 2240 5250 post
2282 5179 2479 5237 Christi
2530 5180 2844 5252 adventum,
2901 5187 3086 5244 Simon
3137 5190 3319 5262 Magus
3359 5191 3430 5251 de

1823 5285 1960 5342 pago
1982 5270 2240 5339 Gettlion,
2271 5272 2620 5328 adversorum
2635 5275 2845 5329 veritati
2876 5275 3186 5348 dogmatum
3208 5282 3427 5352 artifex,

1822 5362 1969 5417 vafer
1995 5362 2084 5417 ille
2115 5363 2167 5418 iu
2192 5363 2553 5433 improbitate,
2583 5366 2922 5436 superiorum
2955 5380 3140 5436 pcenas
3196 5375 3426 5444 veritus,

1821 5464 1936 5507 arte
1968 5461 2163 5508 tractat
2190 5455 2365 5510 scelus
2392 5473 2404 5509 :
2437 5471 2504 5512 ne
2533 5455 2729 5510 similia
2766 5457 2810 5513 si
2841 5460 3087 5526 sevisset,
3132 5464 3282 5532 paria
3314 5478 3426 5520 me—

1823 5553 1979 5600 tcret.
2033 5545 2194 5616 Igitur
2216 5544 2372 5600 ovina
2426 5547 2565 5616 pelle
2613 5546 2797 5618 lupum
2857 5558 3062 5621 tegens,
3116 5553 3311 5608 blande
3358 5545 3432 5610 ad

1820 5636 2094 5706 apostolos
2119 5637 2327 5692 accedit
2357 5638 2491 5709 (Act.
2524 5637 2628 5710 8),
2675 5654 2797 5694 cum
2826 5643 3006 5698 aureis
3055 5647 3317 5713 nummis,
3369 5662 3426 5704 ιιι

1821 5741 1888 5781 ne
1913 5742 2105 5798 rapere
2122 5726 2396 5784 videretur
2421 5725 2566 5800 quod
2589 5731 2822 5802 pessime
2836 5734 3086 5790 studebat
3111 5748 3295 5794 emere
3319 5755 3333 5792 :
3359 5756 3422 5798 ea

1822 5817 2008 5875 dicens
2055 5835 2174 5891 quae
2205 5829 2260 5879 et
2287 5821 2462 5892 ipsum
2492 5831 2546 5880 et
2576 5835 2765 5881 omnes
2794 5824 2886 5894 qui
2935 5833 3060 5882 eum
3119 5827 3423 5903 imitantur,
