4234 6310
692 367 721 410 τ
1963 335 2252 396 PALLADi

2369 335 2678 395 iALOCLTS.
3962 345 3987 391 λ

693 475 829 540 Ionii
859 473 1032 524 decet.
1067 467 1325 537 Accipite,
1357 465 1545 533 inquit,
1576 461 1854 531 pecuniam
1889 461 2063 514 istam.
2096 465 2148 508 rt
2178 456 2276 508 ἀλλ’

691 579 737 618 te
772 564 897 617 inihi
930 569 1246 633 potestatem
1289 565 1482 611 vestra:
1513 553 1805 623 dignitatis,
1861 549 2048 617 ut_eui
2090 560 2279 601 manus

690 665 1009 729 imposuere,
1059 651 1286 722 accipiat
1325 650 1579 719 Spirittuu
1623 654 1894 701 sanctum.
1946 645 2067 697 Erat
2118 654 2279 711 porro

693 752 988 817 baptizatus
1012 749 1065 801 in
1096 745 1314 801 nomine
1342 743 1488 797 Jesu.
1521 740 1617 796 Cui
1642 738 1915 808 respondit
1945 746 2114 792 costus
2144 748 2276 801 apo-

687 841 990 894 stolorum:
1029 838 1208 909 Apage
1258 835 1352 897 sis,
1389 832 1623 896 ohomo,
1655 830 1823 900 gratia
1877 826 1969 883 Dei
2022 824 2177 881 vendi
2217 837 2277 877 se

687 948 791 984 non
822 930 967 983 sinit.
997 929 1207 983 Eleum
1241 925 1381 979 fores
1405 924 1487 977 his
1516 921 1856 977 sermonibus
1902 920 2118 991 pulsare
2150 931 2274 987 per-

686 1036 855 1092 geret,
885 1024 1059 1076 denuo
1081 1020 1332 1075 dixerunt
1362 1035 1373 1070 :
1402 1016 1539 1083 Quid
1569 1018 1725 1079 unis,
1752 1014 1892 1084 quod
1944 1012 2106 1082 gratis
2130 1009 2276 1065 inve-

689 1119 825 1178 nios,
858 1116 900 1168 si
929 1115 1089 1183 digne
1116 1112 1348 1166 vixeris?
1373 1109 1440 1166 Ut
1464 1122 1640 1164 autem
1670 1110 1791 1161 vice
1818 1108 2026 1161 labores
2051 1113 2103 1159 et
2126 1119 2273 1158 men-

691 1207 759 1260 tis
786 1223 897 1261 sua:
924 1206 1207 1275 segnitiem
1240 1215 1400 1273 atque
1429 1212 1685 1255 nit-crtum
1720 1201 1793 1254 rei
1823 1202 2069 1252 evetitum
2098 1198 2274 1251 consi-

686 1298 912 1362 deravit,
946 1312 1157 1349 rursum
1189 1310 1216 1350 Β
1238 1292 1447 1347 sacculo
1475 1306 1659 1344 aurum
1684 1290 1923 1360 protulit,
1971 1290 2070 1342 hac
2096 1288 2275 1342 illece-

688 1388 779 1444 lira
806 1388 1106 1442 Senatoris
1132 1382 1423 1456 discipulos
1457 1383 1814 1435 inescaturum
1839 1395 1895 1433 se
1926 1390 2138 1447 putans.
2194 1377 2269 1429 Ad

685 1478 1117 1548 lnocindiguatns
1171 1476 1258 1530 ille
1297 1476 1387 1545 qui
1442 1471 1848 1542 Comprehendit
1904 1470 2175 1538 Sapientes
2222 1470 2270 1519 iu

681 1571 876 1624 astutia
926 1570 1185 1639 ipsorum,
1218 1583 1312 1637 per
1352 1582 1411 1619 os
1459 1565 1599 1620 Petri
1643 1565 1896 1633 loquutus
1928 1573 2007 1615 est
2035 1561 2229 1615 dicens
2259 1580 2270 1614 :

688 1643 913 1715 Pecunia
969 1673 1055 1714 tua
1088 1677 1250 1714 tecum
1278 1659 1340 1712 sit
1396 1661 1447 1711 in
1491 1656 1841 1726 perditionem,
1892 1654 2130 1724 quoniam
2175 1653 2270 1704 do-

685 1771 803 1808 num
834 1754 926 1807 Dei
966 1753 1266 1807 existimasti
1317 1749 1528 1821 pecunia
1570 1747 1812 1817 possideri
1860 1749 1997 1816 (Act.
2041 1744 2093 1799 8.
2139 1742 2271 1813 20).

678 1844 772 1898 (lui
806 1845 1058 1913 impOsuit
1082 1840 1407 1912 pmnitentia:
1435 1838 1756 1904 remedium,
1799 1851 2107 1908 praeparans
2149 1851 2270 1889 eum

684 1949 736 1981 ιιι
771 1929 1052 1996 patientia.
1092 1942 1220 1994 age,
1264 1928 1438 1993 inquit
1470 1938 1486 1994 ι
1513 1928 1649 1977 ibid.
1678 1924 1749 1978 9.2
1769 1936 1817 1978 et
1840 1925 1967 1993 25).
2010 1927 2252 1992 ptriiiten-

685 2024 814 2074 tiam
838 2061 852 2084 ,
880 2020 927 2072 si
956 2018 1049 2071 tibi
1080 2018 1389 2089 dimittatur
1419 2018 1669 2085 cogitatio
1705 2019 1878 2069 cordis
1920 2017 2015 2070 tui.
2054 2015 2116 2068 In
2147 2014 2267 2083 felle

682 2117 822 2170 enim
845 2114 1225 2170 amaritudinis
1253 2123 1301 2166 et
1333 2112 1539 2167 vinculo
1563 2112 1859 2180 iuiquimtis
1883 2109 2033 2165 video
2062 2124 2176 2163 esse
2197 2119 2263 2161 te.

693 2208 810 2264 Non
841 2210 984 2264 enim
1027 2208 1141 2262 vult
1176 2207 1458 2260 interitmn
1484 2207 1790 2275 peccatoris
1817 2213 2029 2257 amator
2055 2204 2266 2255 anima-

692 2319 814 2357 rum
847 2300 989 2355 Deus
1014 2300 1229 2366 (ιῗιιιεὴ.
1256 2298 1338 2353 i8.
1362 2297 1431 2351 39
1458 2335 1472 2350 .
1504 2296 1896 2351 Demonstratis
1920 2311 2017 2355 pro
2043 2296 2181 2348 virili
2206 2292 2271 2346 iis

677 2383 924 2436 omnibus
956 2398 1072 2453 qua:
1119 2381 1382 2447 dixeram,
1434 2394 1467 2435 ο
1498 2380 1672 2451 magni
1708 2380 1937 2433 nominis
1963 2378 2265 2443 Theodore,

679 2487 733 2529 et
765 2476 1138 2546 mysteriorum
1168 2474 1404 2530 veritatis
1447 2473 1709 2539 minister,
1756 2472 1879 2526 audi
1922 2474 2030 2541 jam
2077 2490 2195 2542 qua:
2238 2490 2267 2527 a

682 2566 833 2623 nobis
860 2566 997 2620 scire
1028 2564 1389 2638 prat‘ottlaiias.
1424 2567 1573 2622 Βιιιο.
1608 2563 1757 2621 Unde.
1800 2562 1862 2615 ad
1895 2577 1992 2615 nos
2020 2576 2156 2616 nunc
2175 2562 2270 2616 ad-

674 2662 861 2715 venis?
886 2660 1057 2715 Emsc.
1087 2660 1165 2715 Ab
1186 2657 1403 2715 Oriente
1430 2659 1631 2714 scilicet
1661 2674 1674 2711 :
1708 2673 1847 2711 nunc
1876 2656 2014 2709 enim
2036 2656 2261 2727 primunt

673 2752 893 2810 liotnam
953 2754 1123 2810 video.
1193 2752 1344 2808 Duc.
1400 2753 1652 2822 Quintam
1713 2761 1761 2805 te
1819 2749 2050 2806 maxime
2102 2765 2261 2805 eausa

670 2848 922 2901 adduxit?
986 2846 1167 2902 Ense.
1205 2845 1403 2903 Unicus
1434 2846 1579 2916 pacis
1637 2854 1826 2900 vestra:
1877 2860 2051 2899 amor.
2108 2844 2257 2899 DIAC.

668 2942 856 2996 Aliane
889 2942 1047 3011 igitur
1076 2959 1103 2992 ει
1132 2952 1308 2994 vestra
1342 2940 1459 2995 est?
1484 2940 1578 2993 Er.
1613 2938 1724 2993 Non
1770 2937 1868 2991 alia
1898 2937 2130 3009 quidem,
2165 2936 2259 2991 sed

670 3034 825 3099 plane
854 3033 1063 3095 eadem,
1094 3047 1249 3101 quam
1271 3046 1299 3084 e
1320 3030 1452 3084 caelo
1475 3030 1725 3084 Servator
1741 3028 1905 3091 dedit,
1931 3027 2261 3095 dicensapo-

672 3122 825 3176 stolis
871 3140 882 3176 :
921 3120 1107 3177 Parem
1156 3139 1317 3174 meam
1371 3121 1436 3175 do
1479 3120 1615 3173 vobis
1650 3118 1831 3191 (Joan.
1889 3120 1970 3173 Η.
2016 3120 2128 3191 ‘27).
2178 3119 2257 3173 Ad

668 3214 915 3269 lirmioris
944 3223 1121 3269 autem
1149 3214 1334 3283 gratim
1360 3213 1824 3267 caulirmationem
1860 3212 2049 3267 iterum
2083 3212 2216 3265 dixit
2241 3230 2252 3264 :

670 3305 853 3361 Pacem
880 3324 1039 3360 meum
1059 3306 1297 3373 relinquo
1326 3307 1497 3359 vobis:
1533 3308 1632 3359 hoc
1661 3306 1874 3374 quidem
1923 3305 2144 3359 verbum
2191 3307 2257 3358 do

661 3395 728 3448 ad
758 3410 816 3450 se
842 3397 1103 3458 referens;
1132 3396 1255 3449 illud
1288 3405 1463 3449 autem
1486 3396 1709 3465 relinquo
1731 3396 1796 3450 ad
1817 3396 2071 3465 Spiritum
2100 3411 2256 3452 stmc-

663 3496 793 3551 tum,
824 3499 879 3539 ut
906 3486 956 3539 in
1002 3487 1199 3555 Spiritu
1235 3502 1330 3556 per
1359 3486 1629 3541 Christum
1677 3488 2039 3556 cognitionem
2080 3486 2254 3541 Patris

658 3578 905 3643 gentibus
936 3578 1251 3632 revelarent.
1287 3578 1488 3633 Verum
1520 3579 1671 3633 sicuti
1705 3580 1755 3630 in
1789 3579 2037 3633 resolutis
2080 3595 2251 3633 mem-

662 3669 769 3721 bris
846 3670 1037 3722 animm
1079 3670 1420 3737 operationes
1467 3668 1531 3721 ad
1600 3669 1839 3723 saniores
1886 3670 2248 3724 membroi-um

662 3770 837 3820 partes
856 3771 1169 3815 recurrunt:
1208 3762 1274 3814 ita
1306 3762 1505 3829 patitur
1527 3761 1705 3815 inﬁdix
1724 3762 1956 3815 Orientis
1990 3763 2245 3817 Ecclesia.

659 3854 926 3908 liesolutis
948 3855 1088 3908 enim
1129 3854 1246 3923 ejus
1273 3854 1548 3917 membris,
1584 3869 1757 3922 neque
1787 3854 1855 3908 ob
1886 3854 2087 3922 pulsam
2119 3869 2249 3908 con-

655 3944 888 3997 cordiam
915 3944 1090 3995 tnunia
1119 3958 1213 3997 sua
1263 3945 1482 4012 exsequi
1529 3943 1851 4009 valentibus,
1901 3937 2139 4013 pint-ique
2180 3944 2247 3997 de

654 4035 915 4103 expeditis
946 4045 999 4087 ct
1025 4034 1139 4104 ejus
1169 4034 1439 4105 desiderio
1465 4036 1730 4098 accensis,
1762 4037 1975 4089 exsules
2018 4052 2044 4087 a
2077 4038 2242 4105 patria

655 4144 916 4193 erramus,
958 4130 1043 4199 qui
1090 4126 1206 4181 sine
1253 4127 1488 4196 periculo
1532 4138 1585 4182 et
1640 4128 1925 4197 tranquille
1969 4128 2241 4181 alumnam

655 4228 891 4272 nostram
920 4218 1155 4273 incolere
1187 4233 1290 4270 non
1323 4219 1590 4285 possimus
1610 4219 1678 4272 ob
1708 4233 1946 4276 amorem
1978 4219 2239 4281 veritatis,

650 4312 695 4363 si
716 4324 821 4376 quo
848 4311 1009 4362 modo
1038 4323 1255 4376 paucos,
1287 4311 1373 4376 qui
1405 4296 1579 4361 adhuc
1624 4319 1930 4378 supersunt,
1962 4312 2082 4364 vice
2126 4311 2241 4366 dies

651 4402 943 4459 secundum
987 4400 1328 4469 Evangelium
1374 4400 1512 4468 apud
1535 4415 1644 4466 .vos
1690 4402 1948 4455 vivamus.
1983 4403 2130 4456 ὓιΑε.
2162 4398 2238 4455 Ad

653 4513 780 4565 nos,
811 4494 1131 4552 venerabilis
1162 4494 1347 4562 Pater,
1392 4511 1421 4548 a
1451 4494 1628 4548 divina
1660 4495 2012 4565 providentia,
2060 4508 2113 4549 ut
2161 4495 2241 4548 vi-

650 4590 771 4646 tico.
806 4589 999 4643 missos
1024 4603 1081 4640 es
1110 4605 1121 4640 :
1154 4587 1393 4640 dolorem
1416 4586 1556 4639 enim
1592 4598 1737 4639 tuum
1766 4590 1963 4640 uestris
2000 4589 2236 4641 anxieta-

652 4684 791 4733 tibus
812 4690 1229 4735 consentaneum
1260 4678 1491 4732 invenio.
1517 4678 1692 4733 Credo
1721 4689 1897 4732 autem
1933 4691 1983 4733 te
2007 4696 2125 4733 esse
2170 4698 2234 4735 ex

649 4771 865 4829 Joannis
886 4770 1459 4845 Constantinopoliiani
1486 4771 1778 4827 Consortio.
1813 4771 1986 4825 Emsc.
2022 4772 2106 4825 Sic
2130 4782 2228 4835 est,

647 4882 701 4921 ut
731 4868 932 4923 dixisti.
952 4867 1101 4923 Duc.
1131 4866 1279 4936 Rogo
1312 4877 1366 4921 ut
1400 4868 1506 4921 Deo
1530 4875 1663 4920 teste
1686 4882 1874 4921 narres
1917 4868 2069 4920 nobis
2109 4883 2233 4921 vere

642 4976 703 5013 ea
734 4976 853 5030 qua:
891 4960 1196 5027 singillatim
1269 4959 1407 5013 scire
1441 4958 1595 5013 avide
1648 4960 1888 5027 cupimus
1924 4976 1938 5021 ;
2010 4958 2074 5012 de
2132 4961 2233 5016 isto

643 5062 851 5115 certus,
896 5052 1037 5121 quod
1069 5050 1111 5103 si
1140 5050 1265 5121 quid
1296 5061 1488 5120 praeter
1513 5051 1793 5105 veritatem
1839 5055 1993 5104 nobis
2028 5054 2232 5107 nuntia-

642 5150 801 5213 veris,
838 5145 999 5200 Deum
1030 5144 1249 5199 habebis
1271 5145 1612 5214 qumsitorcm
1636 5157 1688 5199 ct
1704 5144 1957 5213 judicem;
1991 5148 2233 5215 argueris

641 5253 852 5310 quoque
869 5252 898 5291 a
922 5238 1076 5292 nobis
1093 5238 1180 5302 qui
1206 5239 1362 5293 aliter
1382 5237 1745 5301 acceperimus
1767 5256 1779 5290 :
1810 5255 1913 5291 non
1934 5239 2073 5292 enim
2096 5255 2232 5294 unus

644 5341 737 5385 aut
762 5332 917 5394 alter,
954 5339 1045 5385 aut
1070 5343 1198 5397 tres,
1222 5342 1313 5384 aut
1336 5330 1541 5395 decem,
1598 5341 1690 5385 aut
1724 5330 2107 5403 cujuscumque
2135 5349 2229 5403 ge-

648 5424 788 5477 neris
806 5422 1047 5477 homines
1058 5439 1123 5478 ea
1142 5440 1262 5493 qua:
1284 5423 1746 5495 Constantinopoli
1769 5427 2059 5494 contigere,
2076 5428 2230 5483 nobis

644 5522 1014 5579 itcnarrarunt,
1042 5516 1134 5572 sed
1162 5516 1364 5588 plures.
1398 5524 1449 5569 et
1473 5531 1537 5569 ex
1567 5517 1673 5571 illis
1701 5517 1789 5570 alii
1821 5518 2081 5587 episeopi,
2142 5520 2229 5573 alii

643 5607 937 5675 presbyteri
961 5618 1118 5675 atque
1142 5623 1203 5661 ex
1225 5605 1831 5661 ordinemonachorum.
1861 5609 2012 5676 Quod
2045 5612 2087 5663 si
2115 5626 2232 5663 nos-

642 5715 701 5753 se
720 5701 797 5752 vis
826 5715 945 5763 qum
960 5702 1026 5757 ad
1058 5698 1347 5753 Ecclesiam
1382 5699 1673 5751 Romanam
1706 5710 2079 5759 pervenerunt.
2113 5703 2227 5754 bre-

643 5791 775 5848 ἐὶιρι
811 5805 1093 5860 exponam.
1123 5787 1582 5849 l’i‘itilubomltium
1613 5795 1677 5843 ad
1701 5806 1796 5847 nos
1826 5794 1967 5853 venit
1994 5794 2223 5849 Alexan-

2392 454 2578 509 drinus
2602 455 2769 510 lector
2794 474 2913 511 cum
2939 457 3218 529 Theophili
3246 456 3404 531 Papa:
3462 463 3649 525 literis,
3696 468 3749 517 in
3799 467 3986 535 quibus

2388 545 2658 601 referebat
2689 562 2746 603 se
2766 548 3078 617 deposuisse
3098 550 3379 605 Joannem.
3400 552 3604 621 Quibus
3629 553 3804 622 lectis,
3850 560 3977 611 bea-

2389 650 2473 695 tus
2505 654 2634 709 papa
2668 637 3011 696 Innocentius
3045 656 3230 713 parum
3260 645 3445 709 abfuit,
3478 646 3604 715 quin
3629 650 3982 704 temeritatem

2388 730 2669 802 Theophili
2697 742 2858 802 atque
2888 736 3190 803 superbiam
3222 737 3590 793 condemnatis
3633 741 3977 797 exhorresm-

2389 832 2493 887 ret,
2522 823 2665 892 quod
2689 834 2743 879 et
2772 827 2917 879 solus
2940 842 2983 879 St
3002 828 3263 895 ripsisset,
3290 847 3387 885 nec
3413 831 3610 886 clamo
3640 834 3755 903 ejus
3786 835 3862 889 rei
3893 852 3985 890 no~

2396 915 2561 968 titiam
2592 918 2845 981 misisset,
2874 928 2966 972 aut
2992 935 3108 983 eur,
3139 930 3230 974 aut
3259 923 3451 990 quibus
3500 927 3789 994 assumptis
3817 928 3981 982 sociis

2390 1005 2650 1063 Joannem
2676 1010 3030 1077 deposuisset.
3063 1014 3143 1068 Ad
3172 1012 3288 1069 lucc
3307 1014 3502 1071 dubius
3519 1018 3681 1072 animi
3711 1020 3982 1082 manebat.

2387 1101 2685 1155 rest'rihere
2713 1102 2902 1159 ueiens
2924 1104 2992 1158 ob
3025 1105 3098 1159 rei
3125 1115 3289 1173 gesta:
3318 1106 3609 1163 levitatem.
3642 1109 3846 1166 Interea
3878 1110 3985 1166 Eu-

2384 1193 2562 1247 sobius
2582 1193 2796 1263 quidam
2819 1196 3429 1269 Constantinopolitanm
3487 1204 3744 1260 Ecclesia:
3795 1205 3981 1263 diaco-

2384 1302 2504 1351 nus,
2536 1287 2627 1356 qui
2683 1298 2807 1342 tunc
2851 1288 3037 1343 Roma?
3087 1301 3203 1345 erat
3256 1292 3740 1349 ecclesiasticarum
3801 1312 3982 1351 rerum

2382 1392 2560 1439 (‘atl~:t,
2591 1379 2719 1431 ailiit
2753 1396 2939 1449 papam
2973 1380 3367 1449 Innocentium,
3400 1394 3453 1438 et
3476 1387 3746 1454 supplices
3774 1387 3985 1444 libellos

2381 1467 2543 1527 dedit,
2576 1469 2827 1538 adjntans
2854 1486 2974 1526 eum
3010 1484 3065 1526 ut
3097 1474 3364 1528 modicum
3397 1478 3654 1545 temporis
3705 1490 3982 1547 exspecta-

2382 1567 2455 1609 ro:
2481 1577 2493 1610 :
2515 1558 2642 1614 «fore
2664 1561 2806 1614 enim
2834 1573 2888 1616 ut
2913 1554 3059 1617 brevi
3084 1563 3370 1619 factionem
3405 1569 3719 1634 patefactam
3751 1571 3979 1625 videret.

2383 1650 2595 1705 interim
2632 1662 2751 1722 post
2780 1654 3013 1709 triduum
3040 1656 3372 1711 advenerunt
3406 1668 3635 1728 quatuor
3662 1661 3899 1730 episcopi
3950 1680 3983 1717 e

2380 1742 2619 1812 partibus
2651 1744 2892 1812 Joannis,
2922 1746 3018 1800 viri
3050 1747 3308 1817 religiosi,
3356 1749 3693 1820 Pansophius
3733 1753 3979 1816 Pisidiae,

2384 1834 2591 1903 l’appus
2611 1835 2803 1907 Syt‘izc,
2832 1838 3132 1894 Demetrius
3149 1838 3370 1894 Gaiatim
3401 1842 3673 1907 secunda},
3705 1843 3982 1914 Eugenius

2378 1924 2646 1997 Phrygias,
2675 1927 2765 1996 qui
2797 1938 2905 1981 tres
2937 1928 3191 1996 epistolas
3235 1929 3608 1996 reddiderunt,
3653 1919 3810 1987 unam
3860 1940 3982 2005 qui-

2376 2015 2496 2070 dem
2523 2016 2746 2071 Joannis
2770 2018 3029 2089 episcopi,
3063 2020 3283 2075 alteram
3308 2023 3656 2093 quadraginta
3696 2026 3982 2095 episcopo-

2378 2123 2493 2160 rum
2514 2107 2582 2161 de
2606 2109 2985 2164 communione
3025 2109 3270 2176 Joannis,
3307 2115 3519 2169 tertiam
3548 2130 3677 2171 vero
3709 2115 3841 2172 cler.
3880 2117 3977 2171 Ju-

2376 2200 2531 2253 annis
2560 2218 2570 2253 :
2606 2214 2795 2256 omnes
2826 2202 2964 2257 inter
2981 2217 3039 2257 se
3064 2206 3488 2269 consentientes,
3520 2217 3574 2261 et
3603 2209 3979 2276 imperitorum

2375 2292 2725 2361 quorumdam
2752 2294 3033 2356 tumultum
3063 2296 3449 2365 signiﬁcantes.
3486 2298 3616 2354 Erat
3658 2311 3834 2356 autem
3881 2302 3979 2355 Ju-

2373 2382 2528 2437 annis
2553 2383 2794 2454 epistola:
2822 2386 2942 2441 talis
2970 2396 3292 2442 contextus:

2374 2525 2495 2577 (ΞΑ)
2528 2536 2694 2577 ιιο--ι
2723 2526 2939 2582 Domino
2969 2545 3076 2582 meo
3106 2531 3375 2585 venerabili
3403 2545 3451 2585 et
3474 2534 3789 2587 seuerissima
3834 2533 3968 2603 Epi-

2504 2634 2657 2687 scopo
2682 2620 2998 2677 lnaocssrto
3023 2621 3260 2678 Joannes
3285 2625 3337 2678 in
3362 2623 3585 2681 Domino
3606 2628 3839 2682 salutem.

2420 2747 2627 2804 «Etiam
2642 2748 2964 2807 anteliteras
3007 2752 3439 2824 nostrasOpinor
3460 2755 3711 2824 pietatem
3736 2768 3982 2812 vestram

2366 2838 2655 2900 audivisse.
2683 2840 2810 2911 quid
2843 2842 2929 2897 hic
2952 2857 3081 2897 ausa
3113 2843 3180 2897 sit
3218 2843 3488 2914 iniquitas.
3533 2845 3790 2901 Malorum
3827 2850 3983 2903 enim

2370 2930 2677 3000 magnitudo
2724 2932 2923 2986 nullam
2968 2933 3078 2989 fere
3112 2935 3263 2989 orbis
3306 2945 3511 3004 partem
3554 2938 3803 3007 reliquit,
3849 2956 3980 3007 quav

2368 3022 2505 3077 hanc
2530 3024 2778 3078 acerbam
2808 3025 3120 3095 tragoediam
3144 3042 3249 3081 non
3277 3028 3538 3095 audierit;
3571 3030 3663 3085 sed
3694 3042 3976 3099 gestorum

2366 3112 2503 3167 fama
2536 3129 2701 3183 usque
2728 3116 2793 3168 ad
2826 3117 2957 3170 lines
2982 3126 3137 3171 terra:
3163 3119 3385 3186 perlata,
3415 3120 3639 3189 plurima
3668 3123 3866 3190 tibique
3893 3123 3978 3179 la-

2365 3217 2539 3259 menta
2568 3215 2622 3259 et
2648 3206 2876 3275 ejulatus
2905 3209 3214 3262 commovit.
3241 3208 3438 3264 Verum
3462 3212 3713 3280 quoniam
3746 3229 3851 3268 non
3881 3229 3977 3269 so-

2365 3298 2471 3350 lum
2497 3297 2750 3367 plangere
2779 3301 2952 3365 decet,
2984 3301 3079 3355 sed
3108 3312 3160 3356 et
3190 3303 3501 3368 emendare,
3542 3317 3597 3358 et
3631 3305 3814 3361 videre
3857 3324 3978 3377 quo

2363 3403 2517 3460 pacto
2544 3392 2853 3461 gravissima
2886 3394 2972 3448 illa
3009 3395 3262 3450 ECt‘lCSi'JB
3286 3406 3579 3465 tempestas
3604 3399 3840 3462 Sedetnr,
3867 3417 3975 3457 nc-

2360 3485 2652 3539 cessarium
2700 3501 2820 3540 esse
2866 3486 3146 3555 duximus,
3193 3489 3442 3543 dominos
3482 3507 3631 3547 meos
3673 3493 3973 3550 admodum

2360 3576 2692 3631 venerabiles
2718 3588 2769 3632 et
2800 3579 3230 3648 religiosissimos
3269 3583 3548 3653 episcopo;
3595 3584 3969 3654 Demetrium,

2356 3668 2741 3737 Pansophitun,
2770 3670 3002 3739 l‘appum
3035 3683 3085 3725 et
3112 3674 3404 3743 Eugenium
3436 3676 3655 3741 hortari,
3690 3690 3745 3733 ut
3774 3681 3973 3738 Eccle-

2356 3758 2464 3812 sias
2497 3773 2621 3814 suas
2662 3762 3045 3830 relinquerent,
3078 3773 3132 3817 et
3159 3773 3307 3818 tanto
3336 3781 3395 3822 se
3438 3767 3625 3837 pelago
3649 3774 3968 3830 committe-

2358 3860 2496 3911 rent,
2529 3859 2584 3904 et
2624 3851 2836 3921 longam
2874 3853 3085 3907 obirent
3131 3857 3637 3925 peregrinationem,
3679 3870 3731 3914 et
3770 3863 3839 3916 ad
3874 3882 3974 3919 ve-

2354 3949 2519 3995 stram
2578 3944 2855 3998 earitatem
2906 3958 3266 4013 recurrerent,
3319 3958 3476 4019 atque
3519 3952 3768 4007 omnibus
3810 3956 3971 4012 clare

2352 4036 2609 4105 expositis
2671 4038 3125 4106 promptissimum
3195 4042 3493 4099 remedium
3556 4061 3967 4118 compararent.

2351 4128 2481 4181 Cum
2511 4128 2703 4198 quibus
2727 4130 3171 4187 honoratissimus
3200 4134 3426 4190 dilectos
3446 4136 3700 4193 diaconos
3728 4140 3964 4197 Paultnn

2350 4229 2405 4273 et
2432 4221 2717 4291 (Iyriacum
2746 4224 3007 4278 misimus.
3039 4226 3103 4280 Et
3126 4226 3197 4280 illi
3221 4228 3458 4298 quidem,
3490 4240 3545 4286 ut
3574 4233 3624 4286 in
3649 4233 3820 4289 forma
3846 4241 3970 4305 cpi—

2349 4312 2520 4375 stola},
2542 4330 2660 4383 qua:
2679 4314 2763 4370 hic
2782 4326 2928 4387 gesta
2950 4328 3077 4373 sunt
3103 4330 3330 4375 vestram
3354 4325 3630 4380 caritatem
3654 4325 3963 4385 docebunt.

2349 4403 2675 4471 TlieOphilus
2699 4407 2840 4461 enim
2865 4408 3239 4467 Alexandrinae
3268 4413 3521 4470 Ecclesite
3548 4417 3799 4485 antistes,
3832 4437 3960 4476 eum

2349 4512 2375 4547 a
2407 4496 2723 4564 quibusdam
2751 4500 2890 4567 apud
2924 4502 3219 4570 piissimum
3255 4502 3635 4574 Imperatorem
3667 4509 3963 4567 insinuata-

2349 4597 2511 4647 retur,
2547 4588 2727 4654 jussus
2749 4592 2897 4647 Solus
2936 4596 3390 4658 venire,'colleela
3418 4600 3757 4659 multitudine
3780 4604 3962 4679 Aigy-

2344 4680 2578 4747 ptiortun
2623 4698 2727 4736 non
2776 4695 3063 4753 paucorum
3100 4687 3312 4743 advenit
3348 4709 3358 4743 :
3392 4706 3458 4746 eo
3502 4692 3647 4747 velut
3690 4698 3967 4763 [ιι-αξΙιιιιίη

2344 4772 2615 4828 declarare
2646 4776 2849 4842 voicns,
2895 4794 2955 4835 se
3001 4780 3065 4834 ad
3118 4780 3312 4837 bellum
3366 4794 3421 4839 et
3466 4787 3704 4855 prrelium
3737 4793 3953 4848 venire.

2346 4869 2545 4922 Deinde
2586 4885 2831 4941 magnam
2872 4883 2923 4927 et
2967 4873 3055 4927 Dei
3085 4887 3351 4932 amantem
3391 4877 3724 4936 Constantini
3754 4886 3955 4939 urbem

2344 4961 2633 5031 ingressus,
2665 4966 2943 5019 ecclesiam
2974 4983 3077 5020 non
3104 4968 3231 5021 adiit
3252 4970 3401 5037 juxta
3434 4988 3636 5025 morem
3681 4973 3953 5032 hactenus

2342 5054 2710 5121 observatum,
2761 5073 2932 5128 neque
2982 5060 3258 5115 nobiscum
3311 5078 3629 5134 congressus
3681 5077 3794 5133 est,
3844 5088 3957 5128 nec

2342 5151 2628 5219 participes
2660 5167 2755 5205 nos
2782 5156 3045 5206 sermonis
3072 5154 3212 5235 fecit,
3248 5172 3351 5209 non
3387 5169 3622 5225 precum,
3654 5178 3757 5215 non
3790 5180 3953 5218 com-

2343 5242 2642 5307 mnnionis;
2677 5245 2768 5298 sed
2800 5260 3048 5315 egressus
3077 5262 3107 5300 e
3139 5248 3286 5314 navi,
3317 5260 3367 5304 et
3401 5252 3720 5319 vestibulum
3759 5258 3947 5311 eccle-

2339 5335 2433 5390 sim
2482 5347 2911 5407 praetergressus,
2955 5339 3149 5395 alicubi
3198 5354 3344 5396 extra
3397 5343 3583 5400 urbe'ht
3634 5346 3954 5404 diversatus

2338 5440 2420 5480 est
2452 5444 2463 5479 :
2495 5438 2547 5480 et
2587 5444 2707 5481 cum
2750 5430 2973 5484 multum
3020 5430 3377 5500 hortarentur,
3412 5446 3469 5489 nt
3510 5426 3623 5505 ipse
3668 5448 3722 5494 et
3767 5440 3801 5493 ii
3849 5444 3955 5509 qui

2339 5536 2458 5573 eum
2490 5532 2555 5573 eo
2584 5531 2861 5584 venerant,
2884 5525 3022 5591 apud
3051 5538 3147 5578 nos
3176 5524 3573 5583 diversarentnr
3596 5529 3767 5592 (erant
3792 5534 3951 5588 enim

2340 5612 2516 5665 munia
2544 5622 2745 5680 parata,
2776 5623 2829 5668 et
2857 5614 3150 5671 diversoria
3173 5625 3227 5671 et
3246 5630 3437 5673 cmtera
3464 5623 3813 5688 necessaria),
3849 5640 3958 5680 ne—

2339 5720 2440 5769 que
2490 5704 2561 5757 illi
2613 5722 2782 5772 neque
2827 5707 2938 5769 ipse
2982 5710 3268 5778 acquievit.
3316 5711 3442 5768 l'larc
3491 5725 3544 5770 ut
3588 5715 3854 5780 vidimus,
3895 5722 3961 5776 iu

2348 5814 2573 5852 maxnna
2603 5815 2815 5852 ciamus
2846 5802 3132 5869 anxietate,
3158 5796 3245 5873 qui
3276 5817 3341 5859 ne
3366 5820 3580 5860 causam
3612 5804 3827 5878 quidem
3862 5810 3957 5868 ir.-
