4234 6310
232 397 260 451 9
1219 381 1304 441 DE
1349 384 1502 442 VITA
1539 384 1596 441 S.
1637 384 1913 442 JOANNIS
1946 384 2434 443 CHRYSOSTOML
3440 396 3498 443 ttt

234 508 374 575 justa;
394 504 538 558 illius
565 497 884 554 offensionis
909 495 1144 550 invenire
1166 510 1475 565 possemus;
1497 505 1726 550 attamen
1746 495 1813 550 fa-

233 601 424 651 cientes
449 594 501 648 id
531 591 677 663 quod
698 591 1052 657 nosmetipsos
1078 588 1319 652 decebat,
1345 598 1398 642 et
1415 588 1624 643 assidue
1643 591 1813 657 ipsum

233 687 581 742 adhortantes
620 692 680 737 ut
715 679 1129 751 congrederetur
1169 678 1477 742 nobiscmn,
1518 688 1572 732 et
1616 678 1818 733 diceret

237 796 334 849 qua
353 778 419 833 de
439 791 602 833 causa
630 775 808 831 statim
834 773 902 828 ab
925 773 1073 826 initio
1095 779 1295 825 tantum
1322 770 1517 824 bellum
1543 769 1820 824 accendis-

237 880 334 933 set,
367 878 638 938 tantaeque
661 866 859 920 civitati
881 864 1164 919 excitasset
1188 861 1514 916 scandalum.
1537 860 1668 916 Cum
1689 875 1818 915 vero

240 975 407 1029 neque
423 960 538 1028 ipse
560 970 777 1013 causam
802 955 981 1010 dicere
1002 952 1200 1017 voluit,
1233 961 1287 1007 et
1317 961 1562 1022 urgerent
1584 952 1698 1022 ejus
1729 967 1816 1005 ac-

235 1061 528 1116 cusatores,
563 1065 661 1105 nos
690 1050 742 1104 in
773 1047 1078 1102 ulteriorem
1117 1045 1262 1099 urbis
1312 1045 1581 1114 regionem
1608 1045 1696 1098 ubi
1724 1043 1819 1098 de—

237 1143 415 1212 gebat,
449 1140 717 1210 piissimus
762 1137 1054 1206 Imperator
1089 1135 1361 1199 evocavit,
1404 1143 1563 1204 atque
1603 1149 1819 1189 causam

237 1233 354 1296 ejus
375 1230 535 1298 jussit
554 1229 756 1283 audire.
783 1227 914 1281 Nam
940 1235 995 1281 et
1015 1225 1358 1295 irruptionem
1375 1233 1428 1279 et
1446 1223 1622 1279 credes
1639 1234 1691 1278 et
1711 1224 1810 1277 alia

238 1322 517 1374 innumera
547 1319 890 1388 objiciebant.
918 1316 1024 1372 Sed
1053 1330 1152 1370 nos
1185 1317 1274 1384 qui
1304 1323 1359 1370 et
1393 1315 1539 1385 leges
1572 1322 1776 1384 patrum
1802 1353 1817 1378 ,

237 1423 292 1463 ct
313 1412 484 1463 virum
512 1409 716 1467 honore
740 1421 802 1461 ac
824 1407 1117 1461 reverentia
1141 1399 1601 1473 presequcremur,
1627 1405 1824 1459 baben-

240 1511 322 1553 tcs
359 1499 522 1554 etiam
563 1513 724 1567 super
749 1497 848 1551 hac
874 1511 932 1550 re
960 1497 1074 1564 ejus
1100 1496 1301 1559 literas,
1326 1496 1438 1550 Non
1461 1505 1709 1564 oportere
1731 1495 1821 1565 ju-

241 1591 378 1643 dicia
408 1597 556 1642 extra
585 1587 780 1641 limites
813 1585 969 1649 trahi,
999 1584 1091 1639 sed
1138 1586 1192 1639 in
1237 1584 1364 1654 ipsis
1405 1584 1692 1653 provinciis
1737 1599 1824 1639 res

243 1681 596 1749 provinciales
647 1677 948 1734 tractandas
995 1691 1143 1741 esse;
1193 1690 1297 1730 non
1336 1676 1506 1730 solum
1567 1674 1822 1744 judicium

241 1787 350 1825 IlOll
421 1770 650 1824 obiimus
686 1810 701 1836 ,
759 1767 852 1822 sed
911 1766 1372 1822 vehementissime
1442 1765 1821 1820 recusavimus.

243 1861 413 1914 Porro
454 1859 574 1921 ille,
621 1857 770 1927 quasi
810 1871 929 1910 cum
969 1855 1232 1924 prioribus
1277 1863 1520 1920 certans,
1550 1862 1702 1908 vocat
1736 1869 1820 1906 ar-

239 1949 614 2004 chidiaconum
665 1962 842 2002 meum
887 1961 1076 2016 magna
1121 1961 1243 2001 cum
1288 1945 1635 2009 auctoritate,
1675 1945 1822 2014 quasi

239 2045 350 2110 jam
404 2041 563 2095 vidua
601 2049 746 2095 esset
787 2039 1024 2093 Ecclesia
1064 2053 1162 2092 nec
1207 2037 1513 2106 episcopum
1561 2035 1822 2090 haberet:

243 2149 341 2200 pt'l‘
373 2133 547 2197 illum,
579 2131 781 2185 clerum
809 2143 1021 2183 omnem
1047 2128 1099 2181 in
1125 2142 1183 2181 se
1210 2127 1502 2182 transtulit.
1542 2126 1826 2182 Subverte-

241 2228 440 2277 bantur
481 2221 753 2287 Ecclesiae,
780 2235 899 2274 cum
934 2217 1323 2273 abducerentur
1348 2219 1672 2286 singularum
1712 2217 1824 2272 cle-

244 2315 363 2379 rici,
391 2323 450 2369 et
486 2314 904 2367 subornarentur
924 2317 981 2363 ut
1003 2308 1257 2362 adversus
1286 2323 1383 2362 nos
1407 2308 1615 2362 libellos
1638 2305 1826 2361 darent

243 2419 297 2459 et
321 2406 388 2459 ad
417 2403 812 2459 accusationem
841 2403 1256 2471 accingerentur.
1294 2399 1382 2453 llis
1409 2399 1570 2463 actis,
1602 2398 1743 2451 misit
1773 2407 1826 2452 et

246 2478 458 2550 \ocavit
487 2510 585 2550 nos
606 2496 659 2548 in
677 2493 953 2563 judicium,
979 2491 1210 2545 nondum
1237 2490 1472 2559 purgatis
1499 2504 1616 2558 qua:
1636 2488 1824 2542 adver-

243 2603 336 2641 sus
363 2601 426 2642 se
455 2593 607 2642 erant
636 2583 942 2638 criminibus
972 2600 984 2635 :
1013 2581 1155 2651 quod
1185 2580 1413 2634 maxime
1453 2587 1633 2633 contra
1661 2591 1825 2632 cano-

244 2694 341 2732 nes
365 2687 422 2732 et
445 2686 632 2754 contra
660 2675 804 2744 leges
825 2688 1009 2727 omnes
1027 2682 1160 2727 erat.
1192 2671 1297 2726 Sed
1325 2686 1421 2724 nos
1443 2670 1661 2731 conscii,
1684 2669 1825 2738 quod

245 2785 349 2822 non
377 2766 446 2821 ad
480 2765 714 2836 judicem
739 2763 943 2819 venturi
971 2775 1182 2816 eramus
1215 2760 1485 2830 (alioquin
1514 2758 1704 2813 millies
1729 2758 1824 2812 ad-

247 2859 580 2926 fuissemus),
612 2854 705 2910 sed
733 2853 800 2910 ad
827 2853 1092 2906 inimicum
1114 2861 1168 2906 et
1193 2853 1430 2905 hostem:
1462 2849 1512 2902 id
1538 2847 1676 2918 quod
1699 2847 1827 2901 satis

244 2950 519 3004 declarant
568 2961 685 3016 qua:
731 2953 785 2999 ct
826 2944 968 3013 prius
1015 2951 1070 2996 et
1117 2939 1453 3010 postmodum
1498 2947 1613 2992 aeta
1659 2946 1823 2991 sunt:

247 3041 494 3093 misimus
541 3036 606 3090 ad
647 3050 767 3090 eum
813 3035 1111 3103 episcopos,
1155 3029 1479 3084 Demetrium
1522 3028 1826 3096 episcopum

247 3131 570 3192 l'isinuntis,
607 3127 877 3197 Eulysium
905 3125 1211 3194 episcopum
1241 3122 1509 3189 Apameae,
1550 3118 1828 3186 Luppicia-

248 3237 370 3274 num
399 3219 667 3291 Appiarim
700 3235 713 3270 :
744 3216 1079 3285 presbyteros
1111 3222 1289 3266 autem
1311 3209 1632 3265 Germanum
1661 3219 1711 3262 et
1732 3208 1826 3262 Se-

249 3327 458 3376 verum,
486 3307 821 3364 convenienti
851 3305 1004 3360 nobis
1029 3303 1285 3358 modestia
1317 3301 1729 3372 reSpondentcs,
1765 3313 1827 3353 ac

247 3407 523 3465 dicentes,
567 3413 664 3454 nos
708 3412 810 3452 non
854 3396 1102 3466 defugere
1124 3393 1398 3462 judicium,
1427 3392 1519 3448 sed
1556 3391 1825 3446 inimicum

252 3506 497 3564 apertum
522 3502 680 3562 atque
709 3489 915 3543 hostem
940 3487 1294 3554 manifestum.
1324 3483 1454 3537 Nam
1477 3483 1564 3552 qui
1594 3480 1824 3536 nondum

250 3586 482 3654 acceptis
510 3582 702 3636 libellis
728 3581 904 3635 statim
942 3579 1008 3632 ab
1054 3577 1204 3631 initio
1247 3575 1363 3629 talia
1412 3575 1645 3639 fecisset,
1675 3583 1728 3627 et
1762 3573 1828 3626 ab

252 3675 492 3730 Ecclesia
515 3675 750 3743 seipsum
775 3670 1093 3739 abrupisset,
1124 3683 1152 3719 ει
1180 3665 1574 3731 communione,
1608 3680 1634 3717 a
1665 3664 1830 3734 preci-

252 3767 375 3830 bus;
421 3773 761 3818 accusatores
802 3761 1099 3824 instruens,
1144 3757 1343 3812 clerum
1385 3757 1450 3808 ad
1489 3770 1548 3809 se
1590 3754 1822 3818 trahens,

250 3856 514 3912 Ecclesias
535 3856 781 3908 desolans
811 3869 824 3906 :
852 3849 1114 3922 quomodo
1137 3848 1326 3917 dignus
1355 3856 1517 3911 esset,
1547 3845 1638 3915 qui
1669 3846 1718 3898 in
1743 3845 1829 3914 ju-

250 3951 380 4003 dicis
401 3947 654 4003 thronum
697 3944 826 3998 nihil
869 3943 936 3996 ad
973 3957 1032 3996 se
1067 3941 1419 4011 pertinentem
1447 3937 1827 3992 adscenderct?

250 4038 360 4093 Non
390 4039 537 4094 enim
573 4044 986 4090 consentaneum
1024 4047 1162 4094 esse,
1197 4039 1254 4084 ut
1278 4030 1367 4083 ille
1391 4029 1481 4098 qui
1507 4044 1572 4083 ex
1598 4027 1828 4098 IEgypto

251 4138 410 4194 esset,
443 4129 500 4181 in
519 4127 743 4181 Thracia
761 4123 1040 4193 judicaret,
1072 4122 1183 4190 ipse
1204 4119 1514 4174 criminibus
1539 4118 1823 4181 obnoxius,

251 4222 495 4276 inimicus
529 4227 687 4289 atque
731 4217 916 4270 hostis.
945 4214 1325 4269 Verumtamen
1363 4211 1494 4264 nihil
1523 4211 1611 4264 ille
1638 4209 1824 4263 borum

253 4312 533 4373 reveritus,
567 4309 657 4363 sed
703 4321 893 4376 urgens
931 4304 1068 4374 quod
1108 4302 1330 4371 implere
1376 4310 1664 4363 statuerat,
1706 4314 1826 4352 cum

252 4402 673 4456 declarassemus
708 4406 917 4467 paratos
960 4408 1056 4448 nos
1098 4409 1216 4448 esse
1251 4393 1456 4446 diluere
1482 4391 1700 4444 crimina
1734 4377 1828 4444 co-

253 4509 360 4548 ram
385 4500 604 4546 centum
629 4497 682 4542 et
701 4487 843 4540 mille
864 4485 1144 4554 episcopis,
1168 4491 1217 4537 et
1243 4494 1404 4551 puros
1424 4481 1489 4534 ab
1511 4481 1652 4534 omni
1676 4479 1828 4550 culpa

259 4598 352 4638 nos
379 4581 688 4644 ostendere,
720 4589 776 4631 ut
802 4590 983 4631 revera
1024 4588 1207 4630 sumus
1245 4591 1257 4626 :
1296 4585 1401 4626 non
1448 4572 1565 4624 tulit
1599 4571 1705 4634 ille,
1735 4569 1826 4623 sed

253 4673 403 4727 nobis
429 4668 739 4724 absentibus
763 4676 813 4720 et
839 4665 903 4719 ad
929 4664 1188 4735 synodum
1216 4661 1610 4730 appellantibus
1645 4674 1706 4712 ac
1739 4658 1825 4726 ju-

251 4763 443 4817 dicium
465 4758 814 4828 flagitantibus
834 4795 850 4821 ,
881 4769 981 4809 nec
1005 4754 1326 4807 auditionem
1364 4749 1703 4819 fugientibus,
1735 4748 1827 4802 sed

254 4853 594 4910 manifestum
617 4851 794 4905 odium
817 4890 831 4914 ,
865 4850 974 4918 ipse
999 4855 1334 4900 accusatores
1359 4841 1591 4904 admisit,
1616 4850 1669 4894 et
1695 4855 1827 4909 quos

253 4951 539 5020 ligavcram
581 4944 770 5008 solvit,
800 4950 956 5010 atque
977 4939 1043 4993 ab
1064 4938 1186 4999 illis,
1219 4937 1306 5004 qui
1335 4935 1552 4988 crimina
1583 4947 1675 4985 sua
1699 4947 1828 4983 non-

252 5041 373 5092 dum
424 5037 716 5098 exuissent,
768 5030 974 5086 libellos
1022 5027 1242 5094 accepit,
1289 5033 1345 5077 et
1386 5031 1498 5075 acta
1551 5020 1824 5075 confecit:

253 5146 368 5199 qua:
395 5128 573 5182 omnia
596 5135 648 5180 et
674 5133 855 5179 contra
882 5122 968 5190 jus
997 5123 1052 5174 et
1076 5127 1260 5172 contra
1286 5129 1517 5168 canones
1544 5121 1598 5166 ct
1623 5125 1828 5164 morem

254 5231 424 5276 erant.
489 5219 555 5274 Et
601 5215 726 5288 quid
773 5211 959 5268 attinet
1005 5212 1155 5284 plura
1200 5207 1424 5263 dicere?
1474 5221 1579 5261 non
1627 5204 1829 5258 destitit

255 5317 428 5367 omnia
460 5312 632 5380 facere
651 5325 712 5364 ac
741 5308 934 5371 moliri,
961 5306 1131 5359 donec
1155 5317 1254 5357 nos
1272 5317 1367 5371 per
1383 5301 1487 5354 vim
1509 5314 1572 5353 ac
1593 5299 1826 5368 tyranni-

255 5422 374 5460 eam
401 5403 816 5460 dominationem
859 5415 890 5454 e
927 5397 1137 5453 civitate
1178 5402 1334 5463 atque
1379 5390 1613 5446 Ecclesia
1652 5389 1825 5456 ejecit.

260 5498 419 5566 Igitur
444 5492 768 5565 procedente
789 5489 898 5558 jam
921 5501 1144 5555 vespere
1162 5497 1319 5549 ,cum
1346 5495 1444 5534 nos
1472 5479 1643 5533 omnis
1665 5493 1831 5546 popu—

261 5588 340 5640 Ius
369 5586 734 5648 comitaretur,
768 5588 965 5636 tractus
1001 5592 1030 5630 a
1063 5574 1286 5630 Curioso
1312 5572 1458 5626 urbis
1485 5585 1578 5638 per
1603 5567 1829 5622 mediam

261 5677 519 5731 civitatem
549 5676 602 5730 vi
622 5673 882 5737 abducor,
909 5677 964 5724 et
996 5668 1048 5720 in
1086 5664 1263 5719 navim
1299 5660 1572 5728 conjicior,
1602 5666 1654 5712 et
1676 5665 1830 5710 noctu

267 5769 542 5837 abnavigo,
586 5768 708 5837 quia
753 5759 1012 5832 synodum
1048 5756 1112 5812 ad
1139 5755 1334 5825 justum
1365 5749 1617 5822 judicium
1652 5747 1831 5816 appel—

1918 498 2114 554 labam.
2143 499 2272 565 Quis
2294 499 2409 555 htee
2433 501 2548 554 sine
2574 500 2840 572 lacrymis,
2867 501 3029 557 etiam
3055 503 3096 555 si
3118 517 3208 556 cor
3229 503 3495 569 lapidem“

1922 593 2130 661 habent,
2163 593 2421 648 audierit?
2449 594 2642 648 Verum
2673 597 2812 665 quia,
2844 596 2978 650 sicut
3021 597 3163 665 prius
3206 597 3348 659 dixi,
3394 613 3496 650 non

1921 685 2094 739 solum
2138 685 2414 741 lamentari
2450 695 2675 756 Oportet,
2712 687 2804 741 sed
2841 697 2893 741 et
2919 687 3237 751 emendare;
3272 691 3498 743 obsecro

1921 779 2193 834 caritatem
2225 788 2496 844 vestram,
2541 789 2597 832 ut
2640 790 2886 848 exsurgat
2923 789 2975 835 et
3012 780 3310 842 condoleat,
3343 790 3496 848 atque

1923 869 2097 922 omnia
2130 869 2315 933 faciat,
2350 879 2405 923 ut
2443 870 2576 923 mala
2620 869 2733 923 hmo
2773 871 2978 924 sistant.
3031 870 3210 939 Neque
3241 871 3379 924 enim
3416 871 3500 922 hic

1924 959 2171 1026 iniquitas
2208 975 2391 1013 eorum
2434 962 2596 1023 stetit,
2642 959 2733 1014 sed
2779 960 2843 1013 ad
2893 961 3064 1030 priora
3103 961 3415 1029 adjecerunt
3449 974 3496 1013 et

1924 1050 2042 1103 alia.
2097 1050 2379 1118 Postquam
2424 1050 2564 1104 enim
2613 1050 2879 1118 piissimus
2926 1050 3215 1120 Imperator
3253 1066 3367 1113 eos,
3409 1053 3496 1119 qui

1926 1139 2213 1194 Ecclesiam
2248 1139 2580 1208 impudenter
2605 1149 2762 1208 atque
2799 1141 2990 1209 injuste
3029 1141 3356 1205 invaserant,
3386 1140 3497 1209 eje-

1925 1231 2016 1293 cit,
2045 1241 2094 1285 et
2119 1231 2264 1284 multi
2293 1231 2536 1300 episc0pi>
2570 1233 2680 1285 visa
2724 1247 2906 1285 eorum
2951 1233 3286 1299 improbitate
3312 1233 3376 1285 ad
3405 1246 3508 1285 sua-

1927 1319 2213 1386 rcdierunt,
2235 1320 2486 1388 impetum
2513 1335 2696 1374 eorum
2715 1320 2872 1374 veluti
2894 1321 3191 1375 incendium
3209 1323 3384 1375 omnia
3401 1322 3469 1374 de
3483 1353 3499 1362 -

1926 1424 2148 1477 pascens
2170 1408 2425 1480 fugientes
2449 1428 2461 1463 :
2488 1424 2582 1464 nos
2603 1410 2811 1478 quidem
2836 1411 3023 1464 iterum
3057 1411 3106 1464 in
3138 1411 3323 1464 urbem
3346 1420 3504 1477 atque

1927 1501 1978 1554 in
2006 1502 2316 1566 Ecclesium,
2356 1516 2386 1557 e
2429 1519 2528 1570 qua
2578 1503 2768 1572 injuste
2810 1519 3022 1557 eramus
3055 1505 3230 1572 ejecti,
3271 1506 3500 1558 revocati

1927 1607 2127 1654 sumus,
2156 1591 2521 1646 inducentibus
2544 1607 2638 1647 nos
2659 1593 2920 1663 episcopis
2945 1596 3174 1664 triginta,
3193 1604 3247 1649 et
3265 1595 3507 1664 piissimo

1928 1678 2250 1748 lmperatore
2279 1682 2366 1751 qui
2407 1681 2677 1737 Notarium
2707 1683 2772 1737 ad
2801 1683 2850 1737 id
2880 1685 3098 1738 miserat
3127 1701 3139 1737 :
3177 1684 3504 1754 TltcOphilus

1929 1785 2054 1824 vero
2095 1771 2269 1825 statim
2312 1771 2530 1842 aufugit,
2576 1789 2670 1828 cur
2707 1783 2758 1828 et
2795 1789 2897 1844 qua
2924 1775 2987 1829 de
3015 1792 3070 1830 re
3098 1777 3380 1830 nescimus.
3423 1775 3505 1828 lu-

1928 1863 2092 1929 grcssi
2136 1862 2291 1930 igitur
2331 1862 2738 1919 obsecrabamus
2774 1866 3069 1933 piissimum
3105 1867 3507 1934 imperatorem,

1930 1959 1985 2004 ut
2012 1951 2268 2018 synodum
2300 1962 2510 2020 cogeret
2533 1952 2597 2006 ad
2621 1951 2900 2008 vindictam
2931 1968 3110 2009 eorum
3145 1971 3262 2024 qurc
3303 1963 3503 2023 patrata

1929 2048 2096 2095 erant.
2125 2039 2380 2095 Conscius
2404 2057 2531 2112 ergo
2559 2042 2814 2098 factorum
2841 2058 3058 2098 suorum
3089 2044 3430 2113 Theophilus,
3456 2054 3507 2097 ct

1930 2130 2394 2200 reprehensionem
2437 2133 2630 2187 veritus
2657 2172 2670 2198 ,
2713 2149 2831 2188 cum
2874 2134 3206 2202 Imperatoris
3247 2135 3410 2188 literae
3452 2135 3504 2187 in

1929 2234 2139 2274 omnem
2169 2230 2372 2288 partem
2405 2223 2576 2276 missae
2611 2224 2978 2293 undecumque
3013 2240 3201 2280 omnes
3233 2236 3504 2295 cogerent,

1930 2310 2134 2366 occulte
2156 2309 2325 2364 media
2346 2320 2498 2366 nocte
2525 2313 2575 2366 in
2600 2314 2778 2367 navim
2800 2329 2856 2368 se
2877 2316 3162 2384 conjiciens
3188 2316 3258 2369 ita
3283 2316 3503 2385 aufugit,

1931 2414 2115 2452 omnes
2143 2413 2266 2454 suos
2304 2415 2484 2456 secum
2525 2401 2809 2457 abducens.
2859 2404 3026 2458 Porro
3059 2419 3151 2459 nos
3185 2406 3508 2459 conscientia

1930 2498 2108 2543 nostra
2132 2488 2269 2552 freti,
2294 2505 2466 2560 neque
2494 2492 2570 2545 sic
2589 2492 2887 2547 destitimus
2907 2493 3092 2547 eadem
3115 2494 3300 2547 iterum
3322 2510 3508 2563 rogare

1930 2581 2381 2650 religiosissimum
2409 2581 2784 2651 Imperatorem
2815 2603 2827 2639 :
2860 2585 2947 2654 qui
2978 2600 3075 2654 pro
3101 2601 3194 2640 sua
3222 2587 3415 2654 pietate
3443 2587 3508 2640 ad

1929 2685 2049 2726 eum
2079 2671 2254 2726 denuo
2282 2672 2442 2739 misit,
2472 2682 2529 2728 ιιι
2566 2675 2742 2729 statim
2787 2691 2851 2729 ex
2884 2675 3114 2746 JEgypto
3151 2679 3355 2732 veniret
3389 2693 3508 2733 eum

1929 2760 2173 2815 omnibus
2203 2762 2311 2816 suis
2340 2765 2694 2831 consortibus,
2724 2774 2778 2821 et
2805 2767 3061 2822 rationem
3100 2768 3355 2822 factorum
3391 2771 3510 2822 red.

1929 2850 2110 2918 deret,
2143 2867 2314 2922 neque
2353 2851 2598 2910 sufficere
2640 2867 2848 2925 putaret
2876 2857 2939 2912 ad
2971 2858 3329 2914 defensionem
3361 2875 3510 2913 suam

1925 2957 1990 2996 ea
2015 2959 2131 3012 qua:
2160 2953 2264 2998 tam
2297 2945 2488 3014 injuste
2512 2946 2578 3000 ab
2611 2963 2710 3000 una
2737 2957 2886 3017 parte
2910 2948 3061 3004 nobis
3086 2951 3393 3005 absentibus
3420 2967 3510 3018 pa-

1931 3041 2063 3088 trata
2093 3032 2321 3101 fuerant,
2349 3036 2506 3090 etiam
2534 3046 2716 3091 contra
2754 3047 2831 3092 tot
2865 3053 3115 3094 canones.
3168 3040 3259 3094 Ille
3289 3055 3414 3094 vero
3444 3055 3510 3094 ne

1933 3122 2290 3192 lmperatoriis
2338 3124 2549 3194 quidem
2595 3126 2759 3180 literis
2798 3128 3212 3196 obtemperavit,
3242 3128 3335 3183 sed
3365 3128 3509 3182 domi

1931 3214 2141 3276 mansit,
2184 3223 2478 3282 praetexens
2517 3213 2832 3269 seditionem
2875 3217 3051 3285 pepuli
3090 3225 3142 3270 et
3183 3217 3509 3284 intempesti-

1929 3319 2051 3356 vum
2073 3304 2676 3373 studiumqnorumdam
2704 3307 2904 3360 scilicet
2930 3307 3016 3376 qui
3041 3308 3086 3361 ei
3117 3307 3380 3370 faverent;
3407 3308 3508 3362 etsi

1931 3403 2057 3447 ante
2085 3394 2177 3447 has
2203 3395 2572 3460 lmpcratorias
2598 3396 2777 3452 literas
2805 3397 2917 3451 lure
2943 3399 3052 3467 ipsa
3082 3398 3230 3466 plebs
3266 3399 3512 3453 innume-

1931 3485 2003 3537 ris
2028 3499 2147 3538 eum
2176 3484 2426 3538 conviciis
2457 3484 2810 3554 adsperscrat.
2843 3486 3040 3541 Verum
3069 3489 3165 3540 ista
3199 3505 3301 3541 non
3335 3488 3506 3556 inqui-

1931 3575 2114 3638 rimus,
2146 3573 2236 3628 sed
2277 3574 2558 3629 ostendere
2587 3575 2821 3629 volentes
2847 3577 2985 3646 quod
3021 3577 3071 3631 in
3099 3577 3357 3632 maleficio
3385 3595 3501 3645 per-

1930 3667 2200 3729 manserit,
2247 3661 2360 3721 hmc
2390 3667 2644 3722 diximus.
2685 3667 2946 3722 Cmterum
2974 3684 3040 3724 ne
3065 3672 3141 3724 sic
3165 3669 3376 3738 quidem
3411 3684 3511 3723 nos

1931 3757 2244 3826 quievimus,
2263 3757 2354 3811 sed
2382 3755 3031 3826 institimuspostulantes,
3059 3769 3115 3813 ιιι
3131 3759 3386 3828 judicium
3416 3760 3519 3812 has.

1933 3850 2146 3904 bcretur
2188 3848 2474 3902 secundum
2508 3849 2826 3918 interrogata
2871 3859 2924 3903 et
2959 3865 3213 3918 responsa
3249 3869 3260 3903 :
3295 3860 3506 3919 paratos

1933 3942 2072 3995 enim
2107 3955 2224 3995 esse
2253 3940 2558 3995 dicebamus
2577 3940 2859 3994 ostendere
2882 3956 2978 3995 nos
2994 3942 3145 4010 culpa
3161 3956 3368 4006 vacare,
3390 3941 3514 3994 illos

1931 4041 2104 4085 autem
2137 4040 2371 4085 extrema
2407 4045 2628 4100 quaeque
2652 4045 2807 4085 ausos
2833 4046 2969 4086 esse.
3004 4031 3099 4086 llic
3124 4033 3263 4086 enim
3295 4046 3509 4085 reman-

1933 4130 2110 4175 serant
2154 4121 2407 4191 Syrorum
2452 4120 2663 4189 quidam
2691 4120 2778 4189 qui
2820 4130 2942 4173 tunc
2970 4119 3264 4186 adfuerant,
3311 4129 3364 4176 et
3403 4136 3507 4174 una

1932 4227 2049 4265 cum
2074 4211 2186 4280 ipso
2212 4212 2386 4265 omnia
2409 4219 2694 4279 patrarant.
2725 4210 2896 4264 Etiam
2914 4211 3164 4265 adversus
3189 4211 3318 4265 istos
3342 4213 3504 4277 parati

1931 4318 2140 4358 eramus
2179 4302 2429 4371 judicium
2472 4301 2672 4365 subire,
2716 4310 2769 4356 et
2810 4301 3000 4370 saepius
3044 4315 3200 4369 super
3226 4301 3315 4355 illo
3346 4301 3509 4354 inter-

1933 4395 2267 4463 pellavimus,
2302 4401 2548 4462 rogantes
2578 4401 2752 4446 utaut
2786 4401 2898 4445 acta
2933 4392 3084 4446 nobis
3120 4391 3390 4454 darentur,
3418 4401 3509 4444 aut

1934 4484 2090 4538 libelli
2122 4492 2506 4546 accusatorum,
2541 4488 2631 4534 aut
2668 4480 2947 4535 criminum
2979 4495 3142 4551 genus
3169 4480 3504 4534 examinare-

1934 4582 2037 4639 tur,
2070 4581 2159 4626 aut
2201 4571 2299 4640 ipsi
2346 4580 2712 4633 accusatores;
2760 4580 2811 4623 et
2855 4570 2981 4622 nihil
3029 4570 3213 4622 horum
3261 4570 3507 4637 impetra-

1935 4663 2127 4725 vimus,
2156 4660 2246 4714 scd
2281 4675 2458 4712 rursus
2487 4659 2720 4713 Ecclesia
2759 4659 2961 4727 expulsi
3005 4673 3207 4711 sumus.
3258 4659 3372 4725 Quo
3417 4674 3507 4725 pa-

1931 4764 2016 4809 cto
2041 4768 2157 4822 qua:
2184 4750 2304 4806 inde
2329 4760 2442 4804 acta
2474 4758 2597 4803 sunt
2625 4750 2877 4818 deinceps
2906 4765 3119 4802 narrare
3150 4760 3362 4816 queam,
3389 4765 3508 4818 quae

1933 4857 2143 4897 omnem
2190 4849 2440 4909 superant
2489 4839 2833 4909 tragoediam?
2875 4840 2993 4908 quis
3035 4854 3097 4893 ea
3140 4853 3316 4892 sermo
3353 4839 3507 4892 exhi-

1936 4931 2114 4986 bebit?
2157 4944 2273 4999 qua:
2312 4930 2454 4984 auris
2501 4929 2613 4982 sine
2654 4929 2870 4983 horrore
2899 4927 3152 4996 accipiet?
3191 4927 3322 4982 Cum
3368 4929 3506 4981 enim

1933 5038 1992 5076 ea
2051 5023 2158 5090 ipsa
2185 5063 2198 5083 ,
2255 5021 2391 5075 sicut
2438 5029 2559 5074 ante
2603 5019 2746 5082 dixi,
2796 5017 3205 5073 obtenderemus
3244 5035 3256 5070 :
3294 5028 3511 5087 repente

1935 5113 2210 5168 multitudo
2262 5113 2482 5166 militum
2530 5112 2644 5180 ipso
2686 5123 2876 5179 magno
2919 5109 3172 5175 sabbato,
3216 5108 3282 5163 ad
3321 5124 3510 5177 respe-

1935 5219 2044 5257 ram
2075 5203 2180 5270 jam
2211 5202 2495 5256 inclinante
2525 5201 2610 5254 die
2630 5243 2643 5266 ,
2675 5201 2726 5254 in
2753 5199 3007 5255 ecclesias
3035 5200 3241 5254 irruens
3261 5239 3277 5265 ,
3307 5199 3509 5253 clerum

1935 5309 2144 5346 omnem
2196 5292 2280 5363 qui
2335 5291 2606 5344 nobiscum
2647 5298 2780 5356 erat,
2817 5289 2868 5341 vi
2916 5288 3207 5356 ejecerunt,
3249 5296 3304 5343 et
3350 5288 3512 5340 aruis

1937 5385 2099 5436 altare
2135 5381 2362 5450 undique
2392 5380 2797 5434 circumsessum
2844 5387 2963 5432 est:
3011 5386 3064 5431 et
3104 5377 3357 5432 mulieres
3393 5392 3510 5444 qua:

1938 5475 1990 5526 in
2043 5471 2209 5527 sacris
2273 5470 2475 5525 aedibus
2534 5467 2584 5524 id
2647 5469 2899 5539 temporis
2955 5467 3021 5521 ad
3077 5469 3393 5537 baptismum
3455 5480 3514 5519 se

1938 5572 2232 5626 exuerant,
2298 5571 2438 5614 metu
2504 5559 2710 5614 acerba:
2779 5559 2919 5613 illius
2979 5557 3286 5627 irruptionis
3353 5556 3511 5609 nuda:

1937 5655 2250 5724 aufugerunt
2275 5669 2288 5716 ;
2320 5667 2438 5706 cum
2468 5665 2535 5706 ne
2559 5664 2674 5705 eam
2703 5649 2916 5719 quidem
2947 5665 3062 5718 qure
3084 5647 3336 5702 mulieres
3361 5647 3513 5701 decet

1939 5754 2139 5799 vestem
2171 5742 2388 5798 induere
2413 5745 2865 5811 permitterentur.
2900 5737 3072 5793 Multa:
3095 5739 3254 5794 etiam
3267 5740 3518 5810 acceptis
