4234 6310
586 364 642 419 ιι
1852 357 2173 419 causa"
2211 358 2550 421 DIALOGUS
3791 386 3857 443 η

588 479 897 536 vulneribus
941 476 1384 539 exturbabantur,
1416 484 1468 531 et
1513 478 1775 547 sanguine
1816 479 2172 548 implebantur

586 571 825 641 piscinae,
858 579 916 625 et
941 570 1077 624 sacri
1122 567 1307 623 latices
1338 582 1529 623 cruore
1574 569 1950 625 rubescebant.
1990 570 2171 641 Neque

585 661 672 714 hic
693 658 891 714 malum
934 659 1191 720 substitit,
1224 658 1318 714 sed
1362 658 1448 714 ubi
1478 672 1629 714 sacra
1659 668 1809 714 erant
1835 661 2067 731 reposita
2096 662 2171 715 ir-

582 761 892 821 runtpentes
914 792 931 819 ,
962 766 1189 821 quorum
1220 751 1423 820 aliqui,
1459 758 1516 803 ιιι
1556 750 1918 819 comperimus
1941 792 1957 817 ,
1992 767 2057 805 ne
2086 752 2169 804 in-

582 842 716 898 itiati
757 842 970 913 quidem
1009 852 1200 908 erant,
1248 851 1302 896 et
1330 840 1577 895 viderunt
1624 841 1800 895 omnia
1856 857 1975 911 quas
2029 842 2169 897 intus

580 941 736 988 erant
768 949 784 988 :
829 942 883 989 et
911 935 1280 989 sanctissimus
1305 933 1502 988 Christi
1543 933 1795 1002 sanguis,
1842 944 1900 987 ut
1934 933 1986 987 in
2021 942 2169 989 tanto

581 1026 847 1093 tumultu,
889 1026 943 1079 in
988 1025 1362 1095 pra-dictorum
1407 1032 1588 1080 vestes
1629 1023 2018 1088 ell'undebatur,
2070 1024 2166 1078 fie-

580 1115 815 1185 bantque
840 1117 1050 1178 omnia,
1076 1124 1130 1169 ut
1182 1130 1235 1169 tn
1283 1114 1559 1169 barbarica
1604 1114 1932 1185 captivitate.
1965 1113 2168 1183 Vulgus

580 1207 634 1265 in
685 1206 1029 1262 solitudinem
1074 1206 1473 1279 expellebatur,
1508 1214 1563 1260 et
1611 1208 1893 1260 universus
1941 1206 2166 1275 populus

578 1308 731 1354 extra
784 1299 1057 1354 civitatem
1107 1298 1381 1369 fugiebat,
1428 1304 1685 1367 erantque
1739 1296 1791 1351 in
1837 1304 1983 1352 tanto
2029 1296 2165 1351 festo

578 1405 762 1447 vacua:
802 1390 1013 1461 pepulis
1038 1389 1308 1452 ecclesias,
1339 1396 1392 1443 et
1423 1387 1605 1458 plures
1630 1403 1787 1457 quam
1816 1387 2163 1458 quadraginta

576 1481 850 1550 episcopi,
881 1484 969 1549 qui
998 1478 1276 1534 nobiscum
1311 1476 1773 1532 communicabant
1797 1517 1814 1543 ,
1844 1493 1963 1532 cum
2010 1477 2165 1546 plebe

575 1579 777 1625 temere
803 1578 858 1625 et
887 1569 1025 1624 nulla
1055 1568 1122 1623 de
1150 1582 1310 1623 causa
1332 1566 1682 1638 pellebantur.
1708 1566 1913 1637 Ubique
1931 1567 2161 1622 ululatus

574 1671 631 1715 et
660 1661 890 1726 lamenta
913 1666 967 1715 et
1005 1658 1161 1715 fletus
1189 1667 1244 1713 et
1285 1660 1455 1713 fontes
1501 1658 1859 1731 lacrymarum
1891 1674 1986 1728 per
2024 1658 2158 1726 fora,

576 1771 674 1826 per
699 1755 889 1810 domos
913 1796 930 1820 ,
981 1768 1079 1823 per
1100 1753 1420 1810 solitudines
1451 1768 1466 1807 :
1511 1761 1565 1806 et
1598 1766 1788 1808 omnes
1814 1752 2041 1807 civitatis
2071 1769 2157 1807 re-

572 1848 759 1917 giones
781 1846 864 1900 his
889 1844 1283 1901 calamitatibus
1312 1844 1689 1915 implebantur.
1720 1842 1851 1900 Nam
1874 1843 1943 1898 ob
1969 1844 2164 1913 iniqui-

575 1938 698 2004 tatis
723 1935 1140 2006 magnitudinem
1182 1949 1289 1989 non
1332 1934 1507 1989 solum
1535 1934 1625 2003 qui
1679 1934 2032 2003 patiebantur,
2064 1931 2159 1988 sed

572 2038 629 2084 et
664 2030 751 2097 qui
784 2028 916 2082 niltil
944 2029 1051 2083 tale
1081 2027 1440 2098 patiebantur,
1460 2027 1616 2082 uobis
1641 2026 2025 2089 condolebant;
2052 2041 2158 2080 non

576 2118 741 2173 modo
778 2117 1037 2173 Catholici
1070 2158 1085 2183 ,
1117 2117 1210 2172 sed
1239 2127 1292 2172 et
1320 2116 1581 2181 haeretici,
1610 2126 1666 2170 et
1695 2115 1863 2171 Judazi
1904 2126 1957 2172 et
1984 2117 2159 2186 genti.

572 2210 692 2265 les:
727 2218 781 2263 ct
805 2209 954 2279 quasi
995 2224 1097 2286 per
1125 2209 1231 2263 vim
1279 2218 1433 2278 capta
1478 2209 1718 2275 civitate,
1744 2209 1816 2262 ita
1845 2207 1898 2262 in
1928 2209 2155 2264 tumultu

569 2315 634 2357 ac
661 2302 1058 2371 perturbatione
1108 2312 1163 2355 et
1202 2300 1487 2369 ejulatibus
1534 2302 1712 2356 omnia
1754 2311 1925 2356 erant.
1982 2303 2155 2372 Atque

571 2393 686 2446 luce
702 2391 892 2446 fiebant
912 2399 1103 2460 prmter
1128 2390 1447 2445 sententiam
1467 2390 1851 2459 religiosissimi
1877 2390 2151 2459 principis,

569 2499 692 2541 cum
725 2499 831 2537 nox
858 2483 1168 2552 ingrueret,
1213 2482 1480 2555 episcopis
1528 2482 1643 2538 ha'e
1686 2484 2150 2553 comparantibus,

571 2591 708 2645 quos
732 2591 836 2631 non
861 2576 1092 2643 pudebat
1121 2573 1562 2643 Campiductores
1594 2584 1893 2643 przeeuntes
1918 2592 2013 2644 pro
2036 2576 2153 2629 dia.

566 2667 717 2723 conis
740 2666 1069 2723 babere.Ubi
1098 2679 1228 2721 vero
1254 2665 1579 2732 illuxitdies,
1608 2658 1782 2721 omnis
1797 2668 1984 2722 civitas
2001 2677 2150 2723 extra

566 2776 747 2815 muros
773 2760 1108 2829 demigravit,
1139 2758 1290 2829 quasi
1318 2773 1446 2812 oves
1484 2757 1764 2828 dispersre,
1790 2758 1981 2813 festqu
2009 2759 2150 2814 diem

571 2850 851 2906 celebrans
887 2850 988 2904 sub
1031 2849 1315 2904 arboribus
1341 2859 1395 2904 et
1437 2850 1488 2903 in
1530 2848 1771 2903 saltibus.
1799 2849 1878 2903 Ex
1922 2850 2005 2904 his
2031 2850 2154 2904 licet

569 2942 720 2996 vobis
749 2956 809 2995 ea
839 2956 958 3011 qua:
988 2948 1272 2994 consecuta
1303 2947 1448 3003 sunt,
1477 2938 1734 3009 deinceps
1759 2948 2009 3007 reputare
2035 2955 2154 2993 om-

570 3034 654 3087 nia
687 3051 700 3087 :
738 3047 880 3097 nam,
913 3041 969 3085 ut
1015 3039 1137 3084 ante
1189 3029 1337 3095 dixi,
1370 3044 1489 3098 qua)
1534 3038 1653 3083 acta
1684 3039 1807 3084 sunt
1843 3030 2149 3099 singillatim

567 3124 788 3190 exsequi
816 3120 1146 3190 impossibile
1172 3128 1273 3175 cst.
1321 3118 1386 3173 Et
1414 3119 1556 3188 quod
1603 3134 1731 3174 sane
1774 3120 2149 3187 permolestum

567 3222 687 3279 est,
744 3220 821 3266 tot
881 3221 937 3266 et
991 3211 1113 3264 talia
1180 3224 1249 3264 ne
1292 3224 1433 3263 nunc
1469 3208 1682 3277 quidem
1732 3207 1892 3263 finem
1932 3225 2151 3279 accepe-

568 3312 711 3368 runt,
739 3316 801 3355 ac
838 3316 905 3355 ne
941 3314 1066 3371 spes
1112 3299 1326 3369 quidem
1356 3299 1462 3353 ulla
1494 3297 1615 3352 finis
1644 3298 1900 3363 faciendi;
1933 3299 2026 3353 sed
2052 3315 2150 3354 au-

564 3402 719 3463 getur
761 3392 811 3444 in
854 3390 970 3445 dies
998 3389 1196 3443 malum
1217 3429 1232 3454 ,
1261 3403 1465 3459 nosque
1498 3388 1763 3459 plerisque
1791 3388 1998 3444 ridiculi
2028 3390 2148 3445 facti

565 3496 750 3538 sumus
778 3501 791 3537 :
814 3482 975 3536 immo
1002 3495 1129 3535 vero
1154 3480 1293 3536 ridet
1320 3480 1533 3551 quidem
1556 3494 1736 3545 nemo,
1768 3480 1977 3535 etiamsi
2006 3496 2152 3535 Sum-

566 3588 667 3627 ma:
692 3571 764 3626 sit
805 3570 1195 3641 improbitatis;
1238 3570 1420 3639 lugent
1456 3578 1634 3623 autem
1657 3608 1673 3632 ,
1702 3578 1760 3623 ut
1784 3569 1930 3635 dixi,
1962 3585 2151 3626 omnes

566 3664 770 3734 apicent
822 3663 1080 3718 malorum
1107 3703 1122 3728 ,
1153 3660 1441 3715 inauditam
1474 3660 1612 3715 hanc
1652 3660 2000 3730 iniquitatem.
2032 3661 2147 3716 Jam

565 3770 693 3811 vero
710 3754 1032 3825 reliquarum
1062 3752 1421 3807 Ecelesiarum
1452 3752 1881 3822 peraurbationes
1906 3753 2022 3822 quis
2040 3754 2152 3808 elu-

565 3848 802 3919 quatur?
844 3847 957 3901 Non
1011 3845 1155 3900 enim
1208 3844 1294 3899 hic
1323 3843 1483 3898 desiit
1529 3844 1630 3897 hoc
1686 3843 1922 3904 malum.
1954 3843 2049 3899 sed
2099 3853 2153 3898 et

569 3956 732 4011 usque
762 3943 814 3994 in
862 3939 1133 3993 Orientem
1165 3936 1426 4007 pervenit.
1460 3934 1592 3987 Nam
1636 3944 1694 3987 ut
1737 3950 1766 3987 a
1810 3935 1984 4003 capite
2012 3934 2151 3989 malo

569 4033 790 4086 humore
813 4027 981 4084 etl'uso
1025 4026 1227 4096 reliqua
1280 4024 1521 4079 membra
1566 4033 1979 4093 corrmnpuutur
2021 4043 2034 4077 :
2082 4026 2150 4080 ita

564 4124 767 4180 exortis
806 4121 961 4190 hujus
1008 4133 1215 4189 magna:
1246 4117 1477 4172 civitatis
1515 4115 1692 4181 malis,
1722 4117 1865 4171 velut
1892 4134 1956 4171 ex
1982 4116 2146 4180 fonte,

570 4213 834 4268 tumultus
873 4224 1207 4281 quocumque
1247 4208 1331 4261 via
1378 4207 1646 4277 progressi
1687 4217 1845 4270 sunt,
1877 4217 1931 4260 et
1972 4209 2149 4262 clerici

568 4306 761 4373 ubique
816 4304 868 4355 in
912 4302 1195 4371 episcopos
1235 4299 1682 4362 insurrexerunt,
1738 4305 1792 4351 et
1843 4298 2019 4365 populi
2062 4300 2148 4353 alii

567 4395 779 4464 quidem
807 4392 1015 4446 discissi
1065 4398 1231 4452 sunt,
1261 4389 1348 4441 alii
1379 4387 1689 4458 propediem
1734 4386 2063 4454 scindentur,
2097 4401 2152 4444 et

569 4486 765 4555 ubique
795 4484 1057 4538 malorum
1098 4481 1428 4551 exSpectatio
1454 4479 1707 4548 orbisque
1736 4479 1898 4532 totius
1924 4480 2150 4536 subver-

566 4580 668 4633 sio.
713 4578 895 4647 Igitur,
927 4574 1128 4630 domini
1181 4574 1284 4627 tttci
1328 4572 1556 4626 maxime
1593 4571 1881 4625 venerandi
1922 4581 1977 4625 et
2020 4574 2149 4627 reli-

568 4668 878 4742 giosissimi,
910 4683 1030 4721 cum
1074 4664 1189 4717 haec
1233 4663 1302 4717 ita
1342 4677 1402 4716 se
1439 4661 1633 4715 habere
1677 4660 1997 4729 didiceritis,
2032 4678 2148 4718 cam

565 4777 685 4833 qua:
707 4775 800 4815 vos
824 4758 1011 4823 decet,
1038 4754 1399 4810 fortitudinem
1422 4762 1475 4807 et
1499 4752 1730 4806 studium
1756 4767 1936 4820 quicso
1971 4764 2151 4806 osten-

567 4854 699 4916 dite,
729 4859 784 4904 ut
815 4858 956 4902 tanta
995 4846 1245 4915 iniquitas
1273 4858 1392 4913 qua:
1437 4842 1706 4896 Ecclesias
1755 4842 1945 4896 invasit
1983 4844 2150 4909 repri-

568 4955 765 5002 matur.
798 4943 854 4998 Si
883 4941 1026 4995 enim
1055 4939 1143 4993 hic
1172 4952 1288 4990 mos
1318 4934 1616 4999 invalucrit,
1651 4943 1703 4987 et
1744 4934 1787 4987 si
1819 4933 1998 4988 licebit
2034 4936 2150 4988 cui-

565 5039 648 5092 vis
675 5037 726 5090 in
775 5033 977 5088 alienas
1026 5028 1283 5083 invadere
1336 5025 1635 5094 provincias
1658 5063 1672 5086 ,
1709 5023 1867 5092 idque
1897 5039 1961 5077 ex
1991 5026 2151 5078 tantis

566 5126 880 5187 intervallis,
900 5133 953 5177 et
969 5123 1163 5191 ejicere
1187 5133 1321 5189 quos
1336 5116 1454 5187 quis
1472 5117 1727 5179 voluerit,
1750 5131 1813 5169 ex
1838 5117 2151 5172 auctoritate

566 5236 660 5275 sua
687 5215 961 5288 quodlibet
987 5210 1227 5283 agendo;
1253 5209 1400 5262 scitis
1440 5206 1618 5260 omnia
1665 5220 1881 5275 pessum
1910 5206 2065 5271 itura,
2095 5216 2154 5263 et

569 5308 890 5379 inexpiabile
933 5304 1131 5359 bellum
1171 5299 1441 5371 quoddam
1471 5298 1655 5352 orbem
1681 5307 1940 5351 terrarum
1970 5300 2148 5353 incur-

566 5417 784 5462 surum,
825 5396 1070 5452 omnibus
1093 5407 1283 5448 omnes
1334 5391 1669 5461 ejicientibus
1694 5404 1748 5446 et
1775 5392 2008 5446 vicissim
2037 5396 2146 5459 eje-

568 5494 687 5547 ctis.
718 5489 794 5544 Nc
822 5488 982 5558 igitur
1009 5492 1153 5539 tanta
1184 5481 1426 5537 confusio
1452 5495 1665 5534 omnem
1713 5497 1832 5549 qua:
1879 5481 1979 5535 sub
2022 5482 2154 5537 tmfo

562 5593 646 5637 Cal
693 5591 886 5634 terram
956 5574 1207 5637 invadat,
1236 5586 1366 5642 rogo
1417 5579 1474 5623 ut
1513 5586 1604 5640 per
1648 5570 1900 5639 epistolas
1940 5570 2148 5625 denun-

567 5670 709 5725 tietis
741 5711 755 5732 ,
788 5683 849 5724 ea
876 5682 994 5738 qua:
1022 5674 1127 5720 tam
1173 5664 1350 5733 inique
1406 5670 1521 5715 acta
1567 5672 1688 5714 sunt
1730 5664 1797 5715 ab
1829 5677 1931 5716 una
1963 5673 2109 5731 parte
2134 5704 2147 5728 ,

563 5763 875 5827 absentibus
941 5758 1093 5813 nobis
1156 5763 1205 5810 et
1254 5770 1357 5808 non
1413 5753 1801 5811 declinantibus
1842 5755 2094 5823 judicium
2131 5799 2144 5820 ,

2284 483 2487 539 nullum
2532 484 2732 541 habere
2780 486 2961 552 robur,
2998 490 3134 545 sicut
3164 508 3227 547 ex
3281 510 3373 549 sua
3418 507 3601 555 natura
3653 508 3852 567 nullum

2279 570 2469 633 habet;
2500 582 2553 628 et
2577 583 2632 629 ut
2657 577 2746 645 qui
2779 579 2899 632 talia
2928 582 3043 635 ausi
3074 594 3237 651 sunt,
3270 589 3753 653 ecclesiasticarum
3782 602 3856 654 le-

2276 675 2399 729 gum
2429 663 2602 730 poenis
2626 666 2996 734 subjiciuntur.
3028 670 3137 728 Nos
3164 675 3339 745 igitur,
3369 682 3458 750 qni
3485 698 3586 738 nec
3604 689 3850 754 convicti,

2276 766 2377 807 nec
2403 754 2711 821 reprehensi
2734 774 2937 823 sumus,
2962 776 3060 817 nec
3078 766 3158 820 rei
3187 766 3556 837 demonstrati,
3575 776 3743 833 literis
3758 796 3851 834 ve.-

2276 842 2401 896 stris
2426 842 2529 897 frui
2559 844 2702 909 date,
2731 856 2787 902 et
2813 851 3035 908 caritate
3056 866 3237 910 vestra
3263 863 3579 933 crete-risque
3608 871 3826 926 omnibu

2273 1043 2378 1121 que
2403 1030 2627 1083 crimina
2656 1032 2892 1101 objicere
2918 1037 2989 1091 ob
3017 1053 3136 1107 quas
3183 1057 3282 1097 nos
3329 1046 3523 1116 injuste
3547 1030 3851 1121 ejecerunt,

2272 1119 2411 1173 datis
2438 1120 2590 1176 nobis
2611 1125 2763 1190 actis,
2783 1135 2838 1181 et
2866 1142 2985 1182 cum
3013 1131 3172 1186 libelli
3194 1143 3248 1188 et
3263 1119 3601 1198 accusatores
3631 1119 3852 1215 compa;

2274 1212 2500 1277 ruerint,
2543 1211 2863 1287 incorruptis
2885 1216 3153 1288 iudicibus
3194 1225 3500 1284 sedentibus
3527 1211 3853 1291 causam-di-

2269 1316 2474 1371 cemus,
2506 1312 2562 1359 et
2590 1306 2935 1364 ostendemus
2969 1322 3118 1367 extra
3143 1315 3349 1385 culpam
3381 1333 3477 1374 nos
3505 1336 3625 1378 esse
3665 1340 3851 1383 eorum

2269 1410 2388 1465 qua:
2418 1398 2574 1453 nobis
2599 1398 2942 1469 objiciuntur,
2973 1404 3110 1459 sicut
3140 1408 3295 1474 plane
3323 1423 3527 1471 sumus.
3559 1413 3689 1470 Nam
3731 1433 3852 1487 qua:

2268 1488 2336 1543 ab
2364 1488 2468 1544 illis
2510 1488 2669 1558 facta,
2700 1504 2885 1550 contra
2927 1510 3141 1551 onmem
3184 1508 3307 1553 sunt
3350 1501 3591 1558 ordinem
3619 1544 3635 1570 ,
3664 1516 3850 1575 contra

2268 1595 2454 1635 omnes
2485 1582 2632 1653 leges
2656 1592 2712 1639 et
2738 1600 2972 1642 canones
2997 1588 3386 1648 ecclesiasticos
3411 1612 3425 1649 :
3448 1609 3619 1666 neque
3645 1598 3695 1651 iu
3723 1614 3851 1667 gen-

2269 1672 2440 1726 tilium
2464 1672 2701 1743 judiciis,
2739 1685 2914 1746 neque
2952 1678 3004 1731 in
3052 1680 3331 1737 barbarico
3358 1685 3571 1754 quidem
3602 1688 3850 1744 tribunali

2269 1762 2391 1815 talia
2440 1779 2691 1833 umquam
2728 1775 2844 1821 aeta
2874 1777 3033 1833 sunt;
3081 1771 3245 1825 immo
3271 1788 3401 1828 vero
3427 1790 3601 1845 neque
3635 1777 3851 1849 Scytha:

2267 1868 2443 1924 neque
2485 1854 2745 1910 Sarmata:
2774 1857 2843 1911 ita
2873 1874 3122 1929 umquam
3147 1861 3470 1930 iudicarunt,
3496 1866 3754 1935 judicium
3780 1872 3851 1926 ab

2267 1960 2369 1999 una
2422 1954 2572 2014 parte
2620 1945 2893 2014 ferentes,
2921 1951 3145 2005 absente
3185 1969 3254 2006 eo
3288 1956 3376 2023 qui
3423 1969 3722 2024 accusatur,
3750 1978 3851 2018 nec

2267 2045 2553 2091 recusante
2576 2038 2855 2106 judicium,
2889 2039 2982 2093 sed
3010 2039 3376 2111 hostilitateut,
3400 2059 3623 2105 vocante
3640 2052 3851 2121 judices

2265 2125 2577 2181 innumeros
2602 2169 2617 2193 ,
2648 2138 2799 2182 extra
2827 2130 3037 2199 culpam
3071 2146 3129 2186 se
3166 2148 3286 2189 esse
3332 2137 3563 2206 dicente,
3587 2151 3641 2196 et
3666 2158 3847 2200 coram

2265 2227 2528 2273 terrarum
2556 2220 2686 2275 orbe
2717 2222 2939 2275 crimina
2967 2223 3312 2292 depulsurum
3337 2269 3351 2291 ,
3382 2237 3547 2299 atque
3593 2234 3646 2287 in
3671 2250 3852 2291 omm-

2264 2309 2362 2364 bus
2392 2310 2657 2366 insontem
2706 2313 2939 2381 seipsum
2980 2328 3101 2368 esse
3144 2326 3504 2373 ostensurum.
3530 2322 3654 2379 [hec
3693 2326 3851 2395 igitur

2260 2404 2440 2457 omnia
2469 2412 2809 2472 reputantes,
2844 2420 2872 2458 a
2902 2405 3135 2462 dominis
3167 2410 3300 2463 meis
3326 2412 3577 2480 piissimis
3599 2417 3850 2475 fratribus

2260 2492 2525 2563 episcopis
2563 2508 2682 2547 cum
2714 2493 2913 2561 liquido
2941 2499 3330 2565 compcreritis,
3358 2505 3590 2558 studium
3614 2518 3848 2565 vestrum

2260 2597 2445 2649 quaeso
2472 2583 2765 2653 adjungite.
2796 2583 2867 2637 lta
2919 2599 3021 2637 non
3053 2594 3253 2640 tantum
3295 2589 3363 2643 de
3398 2592 3552 2648 nobis
3576 2595 3711 2651 bene
3736 2614 3850 2655 me-

2260 2671 2527 2735 rebiminl,
2566 2674 2660 2728 sed
2712 2681 2763 2729 et
2792 2673 2859 2727 de
2888 2677 3156 2729 communi
3191 2677 3547 2737 Eeclesiarum
3595 2696 3765 2755 statu,
3795 2700 3851 2746 et

2260 2762 2566 2818 mercedem
2597 2780 2629 2820 a
2658 2766 2767 2821 Deo
2797 2766 3071 2833 accipietis
3094 2808 3109 2832 ,
3140 2770 3227 2836 qui
3256 2770 3326 2824 ob
3358 2772 3718 2833 Ecclesiarum
3752 2797 3848 2851 pa-

2258 2867 2375 2907 cem
2403 2856 2581 2909 omnia
2616 2857 2815 2928 jugiter
2848 2859 2992 2916 facit.
3025 2856 3151 2912 llmc
3184 2859 3294 2928 ipsa
3339 2863 3498 2918 etiam
3530 2870 3723 2939 scripta
3763 2884 3851 2929 est

2259 2942 2325 2997 ad
2346 2943 2629 3000 Venerium
2654 2950 2963 3020 episcopum
2993 2946 3365 3017 Mcdiolani,et
3393 2954 3459 3007 ad
3480 2955 3845 3018 Chromatium

2257 3036 2515 3105 Aquileia:
2537 3038 2868 3109 episcOpum.
2903 3042 3034 3099 Vale
3057 3039 3109 3093 in
3139 3039 3381 3096 Domino.
3413 3061 3436 3097 ο

2323 3122 2453 3175 ιλιι».
2480 3136 2561 3175 ιιι.
2577 3152 2647 3162 -
2663 3124 2746 3179 Ad
2762 3125 2874 3180 hac
2890 3125 3081 3183 beatus
3103 3129 3453 3188 Innocentius
3470 3147 3607 3204 papa
3623 3134 3844 3205 utrique

2252 3214 2390 3280 parti
2430 3229 2594 3283 pares
2634 3216 2822 3272 literas
2852 3223 3260 3278 communionis
3306 3225 3478 3288 misit,
3520 3227 3841 3296 improbans

2246 3300 2512 3368 judicium
2544 3308 2689 3375 quod
2720 3324 2751 3363 a
2799 3309 3103 3382 Thcophilo
3152 3314 3357 3369 factum
3398 3318 3719 3373 videbatur:
3753 3320 3840 3372 di-

2248 3404 2379 3445 cens
2406 3393 2606 3449 debere
2635 3397 2797 3451 aliam
2835 3402 2953 3469 cogi
2994 3401 3273 3473 Synodum
3299 3406 3837 3476 irreprehensibiletn

2249 3479 2687 3542 Occidentalium
2711 3500 2764 3544 et
2786 3488 3171 3560 Orientalium,
3192 3497 3423 3566 primum
3441 3498 3660 3567 quidem
3689 3515 3841 3555 sece-

2246 3571 2507 3632 dentibus
2534 3580 2603 3633 ab
2618 3580 2714 3633 illo
2731 3597 3000 3638 consessu
3023 3588 3237 3651 amicis,
3262 3589 3459 3644 deinde
3477 3598 3533 3644 et
3558 3591 3839 3646 inimicis:

2245 3679 2273 3718 a
2294 3669 2503 3724 neutris
2522 3672 2691 3737 enim,
2717 3676 3106 3743 utplurimum,
3128 3687 3335 3733 rectum
3361 3680 3841 3750 proficisciturju-

2232 3756 2472 3811 idicium.
2502 3757 2704 3815 Paucis
2732 3772 2853 3829 post
2875 3765 3070 3820 diebus
3092 3784 3286 3824 rursus
3313 3771 3533 3825 advenit
3558 3771 3842 3842 presbyter

2255 3847 2471 3917 quidam
2524 3847 2805 3916 Theophili
2853 3849 3085 3917 Petrus,
3116 3869 3238 3907 cum
3286 3855 3537 3929 Martyrio
3585 3862 3840 3920 Ecclesia:

2255 3937 2859 4007 Constantinopolitante
2886 3940 3131 4007 diacono,
3177 3944 3267 4013 qui
3312 3947 3652 4005 reddiderunt
3691 3954 3842 4023 ejus-

2256 4028 2376 4083 dem
2407 4029 2608 4092 literas,
2638 4037 2694 4083 et
2722 4030 2978 4098 quosdam
3007 4042 3246 4088 actorum
3268 4042 3732 4097 eommentariolos
3762 4046 3843 4099 vi-

2255 4122 2449 4176 delicet
2474 4162 2490 4187 ,
2540 4122 2593 4175 in
2625 4122 2817 4190 quibus
2847 4123 3129 4179 videbatur
3154 4125 3387 4183 Joannes
3413 4145 3442 4183 a
3488 4132 3699 4201 triginta
3742 4151 3837 4191 sex

2255 4214 2521 4282 episcopis
2572 4212 2992 4281 condemnatus;
3022 4231 3246 4285 quorum
3298 4219 3651 4291 undetriginta
3683 4236 3839 4281 erant

2257 4304 2528 4375 Egyptii,
2582 4313 2786 4371 septem
2847 4321 2976 4359 vero
3023 4307 3244 4361 aliarum
3288 4313 3584 4380 regionum.
3635 4315 3840 4381 Quibus

2258 4395 2389 4448 actis
2440 4395 2686 4462 perlectis
2710 4436 2723 4459 ,
2758 4411 2890 4465 papa
2942 4395 3299 4465 innocentius,
3330 4416 3448 4455 cum
3481 4407 3835 4474 comperisset

2260 4487 2433 4540 nullas
2459 4502 2649 4554 graves
2680 4503 2799 4542 esse
2824 4490 3189 4544 accusationes
3206 4532 3233 4556 ,.
3260 4508 3430 4562 neque
3454 4494 3712 4550 Joannem
3738 4500 3839 4552 ad-

2259 4577 2449 4645 fuisse,
2482 4593 2654 4647 neque
2691 4593 2871 4632 coram
2928 4581 3309 4649 reprehensum
3351 4599 3470 4639 esse
3495 4627 3511 4649 ,
3556 4586 3837 4657 Theophili

2257 4666 2489 4723 furorem
2521 4668 2805 4724 exsibilare
2839 4671 3105 4739 perstitit,
3138 4674 3279 4742 quod
3319 4685 3504 4729 contra
3553 4678 3835 4734 absentem

2258 4768 2365 4812 tam
2399 4760 2721 4829 przccipilem
2751 4768 2804 4813 et
2852 4759 3126 4829 abruptam
3164 4766 3481 4819 sententiam
3527 4763 3826 4824 effudisset.

2260 4850 2500 4902 Dimissis
2530 4850 2689 4917 igitur
2720 4850 2822 4903 illis
2846 4865 2967 4904 eum
3003 4850 3366 4929 increpatoriis
3412 4856 3580 4911 literis
3600 4899 3614 4923 ,
3650 4875 3841 4928 prcca-

2260 4940 2413 4992 batur
2445 4940 2608 4993 Deum
2647 4941 2953 5008 supplicans
3004 4957 3123 4995 cum
3172 4943 3376 5013 jejunio
3408 4986 3423 5009 ,
3457 4957 3513 5000 ιιι
3559 4950 3840 5006 sedaretur

2258 5029 2471 5098 quidem
2492 5030 2741 5084 Ecclesia:
2767 5031 3052 5095 discordia,
3076 5033 3335 5085 fraternus
3357 5049 3487 5089 vero
3513 5053 3664 5093 amor
3685 5053 3837 5094 cmu-

2259 5127 2584 5193 pingerctur.
2613 5123 2737 5175 Erat
2761 5131 2939 5176 autem
2976 5122 3215 5191 epistolae
3243 5132 3395 5178 tenor
3422 5124 3508 5179 hic
3537 5143 3549 5178 :

2334 5231 2355 5264 σ
2414 5212 2599 5265 Frater
2647 5211 2980 5280 Theophile,
3036 5226 3133 5266 nos
3190 5212 3403 5281 quidem
3469 5214 3723 5272 habemus
3780 5233 3836 5274 ct

2260 5312 2308 5355 te
2337 5311 2389 5356 et
2416 5301 2636 5355 fratrem
2664 5301 2923 5355 Joannem
2957 5302 3109 5356 nobis
3152 5303 3603 5359 communicantes
3633 5349 3646 5369 ,
3677 5320 3732 5359 ιιι
3786 5310 3839 5362 in

2260 5392 2524 5462 prioribus
2568 5393 2734 5446 literis
2776 5403 3006 5446 mentem
3039 5402 3273 5446 nostram
3321 5396 3655 5450 manifestam
3708 5400 3837 5452 feci-

2261 5501 2397 5548 mus,
2426 5499 2488 5536 ae
2506 5497 2571 5536 nc
2597 5498 2740 5538 nunc
2762 5483 2975 5551 quidem
3004 5482 3073 5536 ab
3099 5485 3459 5553 eo-proposito
3486 5486 3827 5551 desistentrs,

2260 5588 2444 5628 rursus
2473 5572 2664 5627 eadem
2717 5572 2808 5624 tibi
2852 5572 3132 5627 scribimus
3159 5611 3176 5638 ,
3207 5582 3259 5627 et
3305 5574 3742 5646 quotiescumque
3771 5582 3837 5632 ad

2261 5680 2357 5718 nos
2400 5663 2655 5717 miseris:
2690 5661 2828 5729 quod
2875 5663 2974 5714 nisi
3026 5676 3317 5733 congruum
3363 5662 3619 5732 judicium
3646 5668 3831 5727 subeo.

2261 5765 2448 5823 quatur
2478 5754 2529 5807 in
2559 5754 2639 5805 bis
2668 5769 2785 5820 quae
2812 5768 2905 5822 per
2936 5753 3213 5807 ludibrium
3240 5764 3383 5824 gesta
3415 5767 3553 5817 sunt.
3591 5759 3700 5812 fieri
3733 5776 3836 5815 non

4170 528 4209 549 [τέ’

4182 546 4209 561 ,Α-

4170 585 4179 605 ἲ

4184 613 4211 623 -ι

4182 636 4218 644 ,ν

4198 696 4211 706 .
