4234 6310
159 430 206 485 13
1144 413 1232 468 DE
1275 409 1434 469 VITA
1472 408 1527 464 S.
1568 402 1850 467 JOANNIS
1885 400 2383 461 CHRYSOSTOMI.
3319 399 3386 454 η

159 554 283 619 potest
305 549 353 597 ut
376 542 482 596 sine
527 536 738 594 ratione
763 548 793 589 a
822 530 1041 589 Joannis
1066 528 1447 589 communione
1484 522 1668 581 disce-

160 617 408 695 damus.“
458 631 613 703 igitur
639 673 654 697 ,
701 630 746 683 si
784 626 986 698 judicio
1037 621 1266 679 confidis
1294 619 1470 688 ,siste
1520 627 1575 673 te
1604 617 1674 672 ad

157 728 363 801 Synotlnm
383 766 395 789 ,
422 739 537 796 quas
580 719 873 777 secundum
924 716 1195 773 Christum
1236 714 1485 781 cogitur;
1516 719 1572 767 et
1602 711 1673 767 ibi

158 818 351 887 expositis
370 812 820 870 criminationibus
848 809 947 864 sub
977 807 1200 865 testibus
1226 805 1427 861 Nicacni
1450 801 1677 859 Concilii

160 908 391 965 monibus
418 906 435 978 (
462 905 618 959 alium
666 903 811 958 enim
860 914 1123 956 canonem
1156 898 1395 952 Romana
1440 910 1546 950 non
1583 895 1680 949 ad-

159 1000 277 1054 mittit
294 997 555 1066 Ecclesia),
576 994 1003 1066 irrefragabilem
1030 991 1376 1048 securitatem
1396 990 1637 1047 habebis.
1653 1009 1673 1043 ι

207 1089 375 1145 Modico
402 1096 514 1160 post
547 1098 791 1157 tempore
819 1084 1037 1140 advenit
1085 1082 1371 1155 presbyter
1415 1080 1682 1138 Constan-

160 1180 450 1250 tinopoiilanat
491 1178 781 1245 Ecclesiae,
805 1177 1145 1233 Tbe0tccnns
1172 1175 1419 1243 nomine,
1448 1174 1681 1232 reddens

159 1275 357 1345 epistolas
382 1272 575 1346 Synodi
613 1271 835 1328 Joannis
858 1311 874 1331 .
904 1269 1093 1341 Viginti
1131 1268 1369 1340 quinque
1391 1267 1680 1339 episcopo-

162 1381 246 1420 rum
267 1373 346 1420 aut
369 1364 521 1436 paulo
571 1364 690 1433 plus
723 1382 737 1418 :
769 1362 965 1433 quibus
1011 1360 1300 1426 docebant,
1331 1369 1384 1416 et
1417 1358 1681 1417 Joannem

160 1455 324 1511 militari
347 1470 495 1511 manu
537 1455 672 1510 urbe
716 1453 999 1522 expulsum
1020 1493 1034 1517 ,
1061 1461 1119 1509 et
1142 1452 1410 1510 (Incusum
1440 1452 1493 1507 in
1534 1451 1680 1507 exsi-

157 1548 247 1601 lium
266 1534 385 1604 esse!
412 1547 628 1603 missum
654 1589 669 1610 ,
700 1556 860 1617 atque
888 1560 1202 1601 succensam
1231 1559 1352 1601 esse
1374 1545 1682 1603 ecclesiam.

157 1637 223 1692 Cui
242 1639 377 1693 etiam
406 1637 549 1693 dedit
593 1637 937 1693 innocentius
963 1636 1469 1693 communicatorias
1501 1636 1687 1691 literas

158 1742 194 1784 ct
211 1730 261 1785 ad
284 1730 522 1788 Joannem
553 1733 865 1803 episcopum
889 1741 942 1786 et
979 1731 1045 1786 ad
1071 1746 1263 1792 omnes
1290 1732 1340 1787 ei
1376 1729 1682 1787 communi-

157 1831 295 1876 cantes
314 1822 576 1893 episcopos
596 1864 610 1886 ,
645 1821 866 1877 hortans
891 1836 1012 1876 cum
1051 1820 1304 1893 iacrymis
1331 1831 1389 1877 ut
1419 1820 1686 1891 patienter

158 1914 309 1982 lerant,
329 1930 439 1970 cum
465 1931 621 1986 opem
665 1915 806 1972 ferre
833 1930 939 1970 non
969 1924 1169 1985 posset,
1193 1929 1261 1971 eo
1299 1914 1441 1986 quod
1471 1913 1537 1969 ad
1565 1929 1685 1969 ma-
1713 1939 1716 1942 θ

158 2006 475 2076 lumpotentes
525 2006 747 2078 quidam
807 2007 1106 2064 obstarent.
1158 2006 1324 2062 Paulo
1376 2015 1498 2078 post
1540 2006 1687 2063 venit

159 2098 384 2153 homuncio
419 2098 635 2169 quidam
660 2143 675 2166 ,
706 2099 825 2156 visu
850 2098 1128 2165 deformis,
1159 2109 1213 2155 et
1242 2098 1331 2169 qui
1372 2098 1589 2155 difficile
1615 2101 1689 2154 in-

158 2192 276 2261 ulligi
304 2201 484 2260 posset,
512 2194 777 2249 Paternus
804 2194 1042 2257 nomine,
1070 2192 1437 2264 presbyterum
1463 2208 1522 2248 se
1548 2192 1688 2248 Con-

155 2285 574 2355 stantinopolitanre
619 2287 875 2363 Ecclesiae
912 2286 1143 2341 (licens:
1189 2287 1279 2356 qui
1324 2296 1378 2342 et
1404 2288 1517 2357 ipse
1546 2297 1688 2343 totus

156 2374 385 2441 efferatus,
425 2378 734 2434 inimicitias
773 2379 1033 2435 adversus
1078 2378 1339 2434 Joannem
1386 2380 1536 2435 vultu
1572 2381 1689 2450 ipso

156 2467 367 2533 partiens.
409 2472 696 2541 multisque
762 2487 885 2525 eum
940 2470 1150 2542 probris
1198 2470 1474 2537 lacerans,
1505 2474 1689 2529 literas

160 2572 387 2624 raucorum
416 2563 793 2631 episcoporum
825 2562 1058 2618 reddidit
1084 2603 1098 2626 ,
1138 2562 1337 2629 Acacii,
1370 2563 1539 2627 Pauli,
1574 2566 1689 2619 An-

157 2648 271 2702 tiochi
298 2691 311 2709 ,
342 2651 517 2723 Cyrini
543 2694 561 2719 ,
610 2652 885 2709 Severiani
926 2663 981 2708 et
1024 2654 1248 2710 aliorum
1286 2656 1638 2725 quorumdam
1672 2674 1685 2710 :

158 2741 193 2792 ia
211 2741 369 2811 quibus
402 2746 865 2800 calumniabantur
892 2745 1152 2801 Joannem
1173 2790 1187 2812 ,
1220 2748 1373 2818 quasi
1403 2748 1686 2804 ecclesiam

157 2832 437 2891 incendisset.
478 2836 612 2893 Tam
669 2837 796 2893 falsa
830 2839 984 2894 nobis
1011 2839 1187 2895 oratio
1229 2842 1510 2912 apparuit,
1538 2851 1689 2898 utne

158 2922 337 2983 Joannes
378 2930 591 2999 quidem
641 2932 695 2986 in
720 2933 918 2987 celebri
949 2934 1173 3005 Synodo
1191 2933 1350 3007 hujus
1393 2934 1472 2992 rei
1500 2935 1684 2995 defen-

158 3015 311 3074 sionem
336 3021 571 3077 attulerit
598 3038 613 3076 :
648 3036 809 3094 quem
845 3038 1020 3095 usque
1044 3038 1113 3078 eo
1134 3023 1385 3095 despexit
1433 3048 1568 3105 papa
1601 3033 1690 3088 ln-

158 3111 416 3177 potentius,
457 3121 516 3192 ut
568 3112 903 3184 respondere
948 3112 1196 3185 dignatus
1238 3132 1343 3171 non
1394 3122 1484 3178 sit.
1511 3123 1688 3179 Episc.

161 3194 333 3267 Digrare
362 3203 521 3273 igitur
570 3220 732 3259 aures
770 3206 899 3260 mihi
939 3207 1177 3274 prmbere
1204 3254 1222 3283 ,
1269 3224 1327 3269 ut
1356 3214 1452 3271 tibi
1485 3216 1690 3289 singula

158 3306 365 3361 ctpotmm
394 3314 406 3351 :
434 3297 587 3353 valde
621 3298 787 3363 enim,
821 3305 879 3353 ut
903 3298 980 3352 ait
1004 3296 1247 3363 Elius'ad
1269 3305 1373 3365 Job
1396 3350 1411 3376 ,
1440 3307 1694 3365 Comm".

164 3398 214 3466 σίι
249 3418 314 3455 me
350 3408 551 3473 Spiritus
598 3409 786 3462 υετιετίε
832 3405 949 3479 (Job
996 3405 1085 3459 se.
1140 3402 1276 3475 l8):
1332 3410 1570 3456 ventrem
1621 3401 1703 3455 in-

166 3502 289 3543 ”"CM
341 3509 566 3555 mentem
620 3498 956 3555 sermonibus
1016 3497 1243 3565 plenam.
1291 3494 1436 3548 Duc.
1472 3491 1703 3547 Necesse

164 3592 334 3651 «state,
360 3589 555 3656 optime
597 3594 755 3649 Pater
783 3630 796 3653 ,
845 3596 1033 3642 exacte
1074 3585 1294 3656 explere
1332 3588 1695 3641 narrationem

165 3686 305 3727 corum
328 3718 341 3740 ,
366 3694 480 3747 quae
533 3679 602 3733 ad
652 3679 895 3734 notitiam
946 3688 1184 3732 nostram
1219 3688 1611 3748 pervenerunt,
1642 3688 1700 3734 ut

166 3764 220 3816 sic
242 3770 488 3836 aggrediar
533 3772 875 3842 interrogare
903 3782 972 3826 te.
1007 3771 1216 3825 Rursus
1261 3772 1420 3843 igitur
1449 3780 1571 3841 post
1595 3773 1699 3827 ali-

166 3865 259 3919 quot
279 3859 374 3913 dies
398 3861 565 3916 adfuit
602 3862 977 3934 Synnadorum
1020 3864 1303 3933 episcopus
1329 3862 1604 3935 Cyria'cus,
1633 3864 1701 3919 li-

164 3952 272 4002 bras
295 3952 491 4019 quidem
538 3955 715 4009 nullas
757 3955 961 4010 habens
994 3996 1007 4019 ,
1040 3956 1266 4010 idoneus
1303 3971 1433 4010 vero
1473 3956 1538 4011 ad
1580 3969 1702 4026 apte

169 4049 204 4089 ct
222 4046 444 4101 concinne
488 4049 819 4104 narrandum
856 4068 869 4103 :
909 4049 997 4120 qui
1044 4049 1256 4105 dicebat
1298 4049 1497 4120 fugisse
1538 4066 1597 4106 se
1634 4052 1704 4105 ob

171 4126 403 4199 lmpcrialis
433 4139 592 4194 edicti
620 4141 1112 4207 comminationcm,
1143 4140 1284 4212 quod
1309 4142 1387 4197 sic
1415 4140 1608 4197 habet:
1644 4142 1706 4197 Si

169 4221 248 4284 quis
263 4241 346 4279 non
376 4231 707 4287 communicat
732 4230 1016 4302 Theophila
1040 4273 1055 4297 ,
1079 4230 1288 4285 Arsacia
1314 4242 1360 4286 et
1386 4232 1703 4303 Porpltyrio,

169 4312 229 4364 We
255 4318 429 4381 quidem
447 4323 744 4392 episcopatu
770 4334 1002 4377 arceatur
1025 4340 1043 4387 ;
1074 4324 1226 4378 simul
1248 4325 1398 4378 etiam
1440 4326 1638 4378 amittat
1662 4326 1707 4379 si

167 4419 277 4469 quam
301 4412 419 4467 uisus
465 4417 623 4487 fuerit
653 4417 836 4471 habere
862 4417 1196 4472 substantiam
1244 4420 1605 4487 pecuniarum,
1618 4427 1709 4473 aut

170 4502 433 4562 Martiarum.
461 4508 592 4565 Post
618 4508 898 4581 Cyriacum
942 4510 1161 4566 advenit
1194 4512 1464 4585 Eulysius,
1492 4513 1706 4582 episco-

170 4605 241 4655 Ιηις
272 4597 501 4662 Apamea:
558 4600 819 4671 Bithyniae
849 4642 865 4668 ,
897 4603 1127 4657 reddens
1183 4604 1365 4660 literas
1398 4604 1707 4674 quindecim

168 4682 480 4755 Priscoporum
543 4708 577 4746 e
628 4694 833 4764 synodo
882 4694 1145 4761 Joannis,
1196 4708 1251 4752 et
1303 4698 1488 4767 optimi
1561 4701 1710 4755 senis

168 4774 327 4844 Auysii,
354 4780 761 4840 Thessalonices
801 4786 1035 4857 episc0pi
1068 4804 1083 4853 ;
1132 4789 1181 4841 in
1229 4790 1422 4858 quibus
1462 4801 1516 4844 et
1562 4791 1709 4859 prio-

169 4877 250 4917 rem
276 4879 321 4923 et
347 4886 662 4941 praesentem
707 4877 870 4932 totius
913 4877 1406 4950 Constantinpoiis
1448 4880 1709 4951 direptio-

169 4969 256 5011 nem
279 4966 669 5031 perscribebant
692 4985 705 5021 :
726 4968 958 5041 Anysius
974 4986 1101 5026 vero
1119 4972 1408 5040 scribebat,
1431 4988 1489 5028 se
1508 4972 1711 5042 judicio

170 5045 371 5109 Rmuana:
400 5056 657 5114 Ecclesize
683 5061 1025 5131 acquiescere
1056 5081 1068 5115 :
1112 5063 1226 5132 ipse
1256 5063 1507 5136 Eulysius
1531 5066 1711 5121 omnia

168 5138 343 5211 Cytitco
370 5161 725 5209 consentanea
762 5156 1015 5209 narravit.
1044 5156 1238 5225 Elapso
1266 5172 1451 5213 mense
1477 5199 1490 5223 ,
1524 5172 1709 5214 acces-

169 5234 217 5285 sit
239 5234 504 5324 Palladius,
536 5248 823 5318 episcopus
856 5247 1205 5321 llelenopoiis
1225 5291 1240 5313 ,
1266 5251 1468 5322 absque
1496 5252 1668 5307 literis
1695 5270 1709 5306 :

168 5328 231 5393 qui
254 5341 302 5386 et
324 5333 430 5403 ipse
454 5336 656 5409 fugisse
685 5354 744 5395 se
773 5341 1183 5411 magistratuum
1215 5343 1448 5410 furorem
1475 5344 1712 5411 dicebat,

168 5423 356 5519 etnobis
379 5431 558 5483 omnia
585 5432 893 5500 expressius
915 5433 1208 5488 declaravit
1231 5450 1245 5500 ;
1278 5436 1575 5492 ostendens
1601 5438 1717 5492 edi-

169 5518 217 5609 ιιι
236 5521 534 5609 exemplum,
562 5523 705 5594 quod
733 5525 816 5580 sie
844 5524 1008 5581 habet
1034 5544 1045 5578 :
1081 5527 1396 5599 Quicumque
1429 5530 1713 5586 occultare-

169 5605 492 5679 n'lepiscopum
538 5624 630 5667 aut
668 5614 909 5670 clericum
934 5658 949 5682 ,
978 5627 1070 5671 aut
1126 5621 1333 5674 omnino
1366 5624 1618 5691 exceperit
1664 5625 1717 5678 in

171 5692 335 5794 (ξηιιιιι
354 5718 495 5757 nam
523 5705 744 5777 aliquem
796 5708 881 5777 qui
924 5711 1259 5764 communicet
1292 5710 1509 5779 Joanni,
1539 5714 1718 5769 domus

171 5792 257 5852 ⁸1³³
287 5792 569 5861 publicator.
602 5801 730 5856 Post
760 5800 1082 5869 Palladium,
1106 5803 1373 5860 advenere
1415 5806 1716 5862 Germanus

178 5880 407 5942 Msbt'ter
429 5904 529 5947 una
556 5907 680 5950 cum
700 5890 961 5950 Cassiano
986 5894 1233 5965 diacono,
1259 5898 1348 5963 qui
1369 5909 1518 5953 erant
1535 5916 1564 5954 e
1585 5916 1711 5967 par-

1784 522 2181 587 tibusJoannis,
2202 520 2303 577 viri
2334 518 2590 588 religiosi,
2612 516 2796 571 literas
2817 516 2982 574 totius
3006 515 3134 572 cieri
3165 513 3388 570 Joannis

1780 616 2112 673 reddentes:
2143 613 2338 685 quibus
2384 609 2629 666 scribunt
2668 608 2963 665 Ecclesium
3011 608 3250 678 ipsorum
3281 608 3387 658 \‘itn

1785 717 1946 777 atque
1974 705 2311 779 tyrannidem
2341 717 2653 775 perpessam
2682 715 2823 763 esse,
2863 701 3105 772 ipsortun
3131 699 3389 771 episCOpo

1786 800 2003 855 militari
2034 814 2196 853 manu
2223 798 2421 867 ejecto,
2452 805 2614 868 atque
2658 796 2710 850 in
2757 793 3007 849 exsilium
3037 800 3157 849 acto
3178 805 3275 861 per
3306 789 3389 845 fa—

1785 892 2020 947 ctionem
2053 889 2254 955 Acacii,
2291 889 2494 945 Benene
2522 885 2758 957 episcopi
2790 927 2805 949 ,
2839 883 3122 953 'fthphili
3154 882 3390 938 Alexan-

1786 984 1941 1050 drirn,
1991 982 2241 1040 Antiochi
2298 980 2681 1048 Ptolemaidos,
2717 992 2771 1037 et
2823 976 3104 1036 Seueriani
3155 974 3393 1033 Gabalo-

1788 1092 1929 1133 rum.
1980 1075 2187 1132 interea
2234 1075 2565 1131 breviculum
2586 1073 2824 1145 praedicti
2846 1074 3149 1129 Germanus
3171 1080 3227 1127 et
3260 1071 3387 1125 Cus-

1789 1168 1972 1227 sianus
2017 1169 2411 1236 ostenderunt,
2455 1184 2564 1242 quo
2595 1170 2827 1239 pretiosa
2881 1182 3006 1222 vasa
3060 1166 3394 1223 tradiderant

1788 1280 1971 1321 coram
1993 1264 2286 1334 iudicibus.
2302 1262 2494 1320 Studio
2513 1261 2772 1334 praefecto
2783 1260 2965 1325 Urbis,
2980 1270 3036 1317 et
3057 1259 3394 1333 Eutycbiano

1789 1357 2046 1429 praefecto
2094 1357 2363 1425 Praeterii,
2391 1364 2447 1412 et
2475 1355 2687 1412 Joanne
2726 1354 2927 1411 comite
2968 1354 3349 1410 thesaurorum
3373 1392 3391 1416 ,

1789 1461 1845 1510 et
1872 1450 2173 1508 ,Eustatbio
2201 1459 2474 1521 quaestore
2505 1490 2524 1517 ,
2571 1465 2637 1519 ae
2676 1447 2954 1505 tabulariis
2982 1489 2999 1515 ,
3046 1448 3098 1502 in
3130 1462 3283 1511 auro,
3308 1462 3395 1501 ar-

1788 1552 1954 1615 gento
1978 1552 2033 1599 et
2054 1541 2319 1608 vestibus,
2349 1541 2673 1597 calumniam
2704 1555 2734 1596 a
2763 1538 2972 1595 Joanne
2998 1538 3255 1613 episcopo
3296 1537 3394 1592 de-

1793 1638 2077 1707 pellentes.
2129 1635 2259 1691 Post
2308 1634 2432 1690 illos
2473 1633 2654 1689 denuo
2697 1635 2846 1689 venit
2877 1632 3217 1697 Demetrius,
3262 1630 3397 1686 Pisi-

1792 1730 1972 1787 nuntis
1988 1731 2296 1803 cpiscopus,
2312 1729 2404 1801 qui
2424 1727 2699 1785 Orientem
2717 1737 3077 1801 percurrerat,
3098 1727 3399 1799 praedicans

1791 1825 2158 1881 Romanorum
2203 1822 2641 1879 communionem
2689 1837 2811 1877 cum
2858 1821 3064 1877 Joanne
3094 1822 3350 1891 episcopo
3378 1862 3394 1883 ,

1791 1919 2025 1975 ostensis
2051 1933 2202 1988 paprc
2225 1916 2520 1972 lnnocentii
2564 1917 2755 1980 literis,
2786 1914 3016 1970 offerens
3048 1914 3303 1986 epistolas
3329 1914 3398 1967 ab

1793 2011 2060 2083 episcopis
2090 2008 2261 2065 Cariae
2285 2051 2301 2074 ,
2333 2009 2529 2080 quibus
2588 2008 2659 2062 illi
2692 1991 2916 2062 Joannis
2960 2006 3395 2061 communionem

1794 2103 2252 2171 complectuntur,
2288 2110 2451 2172 atque
2475 2101 2609 2155 alias
2639 2116 2665 2154 a
2718 2098 3050 2170 presbyteris
3076 2095 3395 2157 Antiochiae,

1794 2195 1991 2267 quibus
2024 2194 2390 2248 Romanorum
2415 2192 2755 2261 disciplinam
2786 2200 3101 2260 sequuntur,
3125 2198 3180 2244 et
3208 2187 3397 2258 deplo‘

1795 2297 1918 2342 rant
1964 2285 2247 2357 Porphyrii
2293 2284 2690 2340 ordinationem
2738 2282 2930 2337 factum
2980 2289 3167 2336 contra
3216 2279 3309 2345 jus
3341 2286 3398 2333 ct

1795 2380 1894 2435 fas.
1939 2380 2066 2435 Post
2114 2393 2252 2450 quos
2299 2392 2490 2434 omnes
2517 2376 2665 2432 venit
2709 2375 2989 2447 presbyter
3043 2372 3397 2433 Domitianus,

1794 2486 2110 2530 (Bconomus
2139 2471 2394 2527 Ecclesia:
2414 2470 2528 2525 Con
2564 2468 3046 2538 Lantinopolitanm,
3080 2472 3134 2520 et
3154 2464 3400 2533 Vallagas

1795 2564 2038 2635 quidam,
2070 2563 2355 2635 presbyter
2398 2561 2688 2616 Nisibenus
2714 2600 2730 2623 ,
2770 2572 2999 2613 narrans
3041 2556 3402 2611 monasterio-

1798 2675 1918 2714 rum
1949 2674 2073 2729 qua:
2126 2666 2255 2712 sunt
2314 2656 2368 2711 in
2424 2653 2812 2726 Mesopotamia
2865 2650 3263 2708 afllictioncm:
3312 2653 3401 2719 qui

1795 2751 1959 2805 etiam
1991 2748 2340 2804 reddiderunt
2362 2747 2542 2817 Optati
2572 2745 2848 2817 cujusdam
2893 2744 3131 2816 pncfccti
3172 2752 3314 2807 acta,
3350 2742 3400 2795 in

1795 2840 1991 2914 quibus
2021 2839 2263 2897 honesta:
2302 2837 2555 2895 mulieres
2594 2852 2661 2895 ex
2703 2852 2904 2909 genere
2942 2833 3251 2904 consulum,
3291 2832 3403 2890 dia-

1796 2936 2024 2994 conisste
2039 2934 2299 2995 Ecclesiae
2314 2935 2578 2994 Constant
2589 2936 3023 3006 inopolitanaejn
3034 2934 3210 2992 oculis
3222 2928 3403 3002 populi

1798 3030 1865 3084 ad
1892 3036 2017 3086 eum
2048 3022 2340 3096 ducuntur,
2372 3037 2575 3084 coacta:
2604 3036 2697 3083 aut
2737 3026 3135 3082 communicare
3162 3022 3402 3086 Arsacio,

1797 3133 1889 3178 aut
1920 3122 2050 3178 fisco
2070 3123 2199 3178 dare
2226 3123 2485 3179 ducentas
2530 3121 2646 3176 auri
2678 3120 2864 3175 libras.
2898 3120 2974 3175 De
3002 3118 3200 3173 ascetis
3226 3115 3404 3171 ctvir-

1798 3216 2011 3286 ginibus
2039 3215 2167 3286 quid
2188 3216 2381 3271 attinet
2420 3213 2639 3269 dicere?
2668 3214 2760 3284 qui
2791 3210 3153 3267 ostendebant
3193 3207 3402 3265 sulcata

1802 3313 1968 3367 latera
1996 3298 2053 3366 in
2080 3309 2272 3367 eculeo
2300 3318 2355 3364 et
2400 3310 2450 3363 in
2482 3316 2636 3378 tergo
2681 3306 2967 3362 verberum
3014 3309 3193 3358 notas.
3243 3299 3320 3355 ita
3348 3306 3408 3354 ut

1800 3422 1907 3460 non
1950 3405 2182 3475 amplius
2214 3403 2486 3458 sustinens
2523 3415 2657 3471 papa
2698 3398 3063 3459 innocentius,
3102 3394 3309 3450 miserit
3340 3391 3408 3447 ad

1802 3499 1948 3570 pium
1971 3498 2354 3566 imperatorem
2380 3495 2695 3558 llonorium,
2725 3490 3032 3563 singillatim
3057 3488 3185 3559 quid
3209 3487 3411 3543 ferrent

1803 3589 2045 3660 epistola:
2071 3590 2176 3643 illa:
2204 3586 2551 3658 subjungcns.
2582 3584 2787 3652 Quibus
2809 3595 3049 3653 permOta
3078 3580 3193 3650 ejus
3241 3578 3413 3649 pietas

1800 3682 1954 3752 jubet
1981 3680 2420 3742 Occidentalium
2440 3680 2724 3752 Synodnm
2742 3675 2859 3746 eogi
2892 3717 2908 3739 ,
2948 3685 3150 3729 etcum
3198 3686 3301 3725 una
3339 3668 3412 3725 si-

1807 3772 1917 3827 mul
1945 3772 2267 3826 sententiam
2292 3768 2544 3823 tulissent
2567 3809 2583 3833 ,
2611 3781 2729 3821 eam
2760 3766 2824 3819 ad
2854 3779 3006 3819 suam
3034 3767 3288 3833 pietatem
3319 3775 3410 3817 re-

1811 3865 1971 3923 ferre.
2000 3864 2102 3933 Qui
2148 3862 2367 3935 quidem
2412 3860 2652 3932 episcopi
2684 3858 2847 3914 italize
2884 3857 3227 3929 congregati,
3256 3863 3414 3911 orant

1808 3960 2217 4029 imperatorem,
2250 3954 2451 4009 scribat
2499 3950 2651 4005 fratri
2700 3964 2797 4004 suo
2837 3958 2891 4004 et
2930 3948 3170 4004 consorti
3202 3946 3414 4018 imperii

1814 4051 2063 4116 Arcadio,
2091 4058 2149 4104 nt
2173 4048 2359 4119 jnbcat
2384 4045 2788 4101 Thessalonica:
2823 4042 3105 4115 Synodum
3140 4042 3277 4106 ficri,
3306 4055 3415 4111 quo

1816 4142 2019 4197 lbeilins
2059 4150 2284 4210 utraque
2312 4154 2435 4210 pars
2462 4135 2696 4192 Orientis
2732 4142 2786 4189 et
2816 4132 3125 4189 Occidentis
3161 4134 3214 4187 in
3248 4146 3419 4187 unum

1814 4248 2097 4289 accurrere
2148 4230 2359 4304 possit,
2391 4236 2447 4285 et
2490 4227 2742 4300 Synodus
2780 4243 2886 4281 non
2929 4226 2981 4280 in
3034 4226 3418 4296 cpisc0p0ruut

1817 4340 2060 4389 numero,
2092 4324 2185 4380 sed
2208 4324 2258 4378 in
2289 4321 2524 4393 pondere
2545 4318 2825 4375 sementim
2854 4316 3108 4387 perfecta,
3134 4328 3342 4372 ccrtmn
3364 4326 3419 4371 et

1818 4420 2169 4477 indubitatum
2191 4412 2826 4485 feratjudicium.Quibns
2843 4426 3065 4467 accensa
3089 4411 3206 4477 ejus
3225 4410 3417 4478 pictas,

1816 4516 2074 4584 episcopo
2100 4510 2315 4581 quidem
2362 4508 2622 4563 Romana:
2674 4504 2927 4560 Ecclesiae
2968 4503 3195 4557 scribit:
3246 4502 3423 4555 mittat

1817 4606 2051 4675 quinque
2070 4601 2373 4672 episcopos.
2419 4598 2760 4669 presbyteros
2788 4604 2964 4649 autem
3011 4591 3270 4648 Romanae
3317 4591 3420 4645 Ee-

1818 4696 1999 4751 clesia:
2027 4695 2163 4749 duos
2215 4703 2271 4748 et
2298 4692 2581 4747 diaconum
2614 4704 2796 4753 unum,
2831 4688 2920 4758 qui
2953 4685 3127 4741 ferant
3152 4700 3303 4739 suam
3353 4685 3427 4739 aii

1822 4789 2037 4843 fratrem
2079 4802 2234 4841 suum
2281 4784 2585 4855 epistolam,
2617 4784 2772 4852 cujus
2803 4781 2918 4835 bmc
2968 4778 3230 4834 sententia
3280 4787 3438 4835 erat:

1898 4901 1916 4931 ι
1941 4879 2123 4934 Tertio
2134 4878 2242 4949 jam
2275 4878 2452 4931 seribo
2468 4875 2531 4929 ad
2552 4872 3012 4929 mansuetudinem
3043 4879 3207 4935 tuam,
3228 4883 3434 4939 rogans

1821 4983 1879 5028 ut
1901 4989 2020 5045 qua:
2043 4989 2110 5028 ex
2136 4978 2416 5042 compacto
2444 4978 2627 5024 contra
2643 4966 2905 5022 Joannem
2935 4965 3243 5036 cpisc0pum
3276 4972 3433 5033 gesta

1821 5076 1946 5122 stunt
1969 5109 1985 5133 ,
2017 5065 2373 5121 emendentur
2406 5082 2416 5115 :
2452 5072 2506 5118 et
2533 5070 2591 5116 ut
2620 5060 2829 5114 videtur
2860 5052 3100 5115 nondum
3129 5054 3433 5128 perfectum

1821 5167 1923 5215 est.
1956 5158 2133 5224 Quare
2158 5155 2337 5212 denuo
2361 5155 2551 5224 scripsi
2595 5167 2690 5222 per
2720 5150 2883 5206 hosce
2909 5150 3190 5220 episcopos
3220 5156 3274 5202 et
3300 5162 3427 5217 pre-

1824 5255 2111 5324 sbyteros,
2156 5251 2383 5305 multum
2430 5248 2691 5304 sollicitus
2734 5246 2801 5301 de
2848 5259 2980 5317 pace
3022 5240 3383 5299 ecclesiastica
3412 5282 3428 5303 ,

1826 5362 1923 5416 per
1963 5358 2123 5415 quam
2166 5354 2221 5399 et
2250 5350 2491 5398 nostrum
2525 5338 2811 5408 imperium
2850 5352 3035 5409 pacem
3079 5333 3325 5399 obtinet,
3373 5342 3431 5386 ut

1820 5438 2011 5509 jubere
2038 5436 2275 5507 digneris
2298 5434 2533 5491 Orientis
2574 5434 2855 5504 episcopos
2880 5428 3275 5490 Thessalonica:
3301 5441 3431 5479 con.

1828 5531 2031 5584 venire.
2061 5528 2271 5584 Etenim
2294 5525 2603 5583 Occidentis
2633 5524 2799 5579 nostri
2831 5520 3090 5593 episcopi,
3123 5518 3275 5574 lectis
3302 5515 3433 5570 viris

1828 5623 2087 5679 adversus
2111 5622 2310 5677 malum
2337 5635 2402 5677 ac
2430 5618 2766 5675 mendacium
2797 5614 3140 5678 firmissimis,
3171 5611 3435 5665 miserunt

1830 5717 2110 5785 episc0pos
2137 5714 2393 5786 quinque,
2436 5711 2781 5784 presbyteros
2810 5724 2938 5763 vero
2978 5705 3135 5767 duos,
3167 5714 3221 5759 et
3249 5702 3435 5756 diaco-

1829 5824 1956 5861 num
2006 5823 2168 5862 unum
2215 5821 2420 5877 magna:
2463 5802 2716 5860 Ecclesia:
2758 5802 3036 5857 Romanae.
3082 5796 3229 5863 Quos
3275 5794 3433 5847 \‘Ciiltl

1828 5903 1973 5957 omni
2019 5900 2223 5956 honore
2254 5897 2487 5968 digneris
2520 5911 2533 5950 :
2569 5906 2627 5951 ιιι
2651 5935 2665 5963 ,
2713 5893 2756 5947 si
2785 5890 3025 5965 persuasi
3055 5888 3249 5943 fuerint
3292 5883 3445 5957 quod.
