4234 6310
662 396 727 450 εδ
1929 380 2011 436 PA
2023 375 2241 434 LLADII
2281 371 2615 433 DIALOGUS
3869 383 3889 437 I
3902 381 3937 437 ϐ

663 504 777 558 iure
800 502 1052 571 expulsus
1094 499 1162 554 sit
1188 498 1419 554 Joannes
1442 540 1456 563 ,
1486 495 1709 551 doceant
1737 511 1818 548 me
1844 494 1909 546 ab
1936 493 2051 562 ejus
2093 505 2239 547 eom-

661 595 917 649 munione
947 590 1198 646 recedere
1229 606 1242 642 :
1274 600 1360 642 aut
1406 590 1449 643 si
1494 586 1827 657 coarguerint
1868 597 2057 654 sponte
2086 583 2239 637 mali-

662 703 793 757 gnos
836 700 957 741 esse
984 684 1213 739 Orientis
1239 683 1519 751 episcopos
1542 722 1558 746 ,
1600 681 1667 734 ab
1693 694 1876 734 eorum
1924 688 1974 732 te
2001 691 2241 731 comma-

624 816 637 828 .
664 779 822 831 nione
864 784 1124 830 avertant.
1169 774 1423 841 Qua'nam
1450 771 1590 825 enim
1620 772 1688 824 sit
1722 768 2133 827 Occidentalium
2174 766 2240 820 de

660 869 864 923 Joanne
889 869 1137 935 episcopo
1164 863 1423 919 sententia
1449 903 1462 927 ,
1490 877 1554 915 ex
1584 862 1830 914 omnibus
1856 859 2093 928 epistolis
2121 872 2240 927 qute

661 958 727 1011 ad
776 972 862 1011 me
902 959 1116 1025 scriptae
1160 965 1282 1010 sunt
1324 955 1455 1008 duas
1496 952 1740 1019 subjunvi
1768 994 1781 1015 ,
1833 951 2070 1019 ejusdem
2119 965 2240 1002 cum

660 1045 867 1101 caneris
901 1046 1198 1107 sententiae,
1226 1060 1384 1097 unam
1416 1043 1660 1107 Romani,
1694 1042 1912 1095 alteram
1941 1040 2243 1110 Aquileien-

661 1138 735 1189 sis
749 1136 1001 1205 episcopi.
1023 1136 1188 1188 Porro
1206 1135 1305 1188 hoc
1320 1144 1442 1186 ante
1468 1133 1643 1186 omnia
1670 1133 1889 1185 obsecro
1906 1130 2239 1184 clementiam

663 1237 845 1291 tuam,
878 1227 1228 1298 Theophilum
1256 1268 1269 1289 ,
1304 1224 1634 1280 Alexandrice
1684 1225 2027 1292 episcopum,
2080 1221 2239 1276 etiam

608 1350 613 1353 Α
660 1320 931 1382 nolentem
953 1362 968 1385 ,
1000 1321 1189 1374 sistere
1210 1319 1395 1387 jubeas
1418 1357 1432 1383 ,
1464 1318 1553 1387 qui
1577 1316 1811 1370 omnium
1840 1313 2099 1370 malorum
2133 1330 2242 1367 ma-

662 1411 804 1464 xime
821 1419 1004 1464 auctor
1018 1424 1136 1464 esse
1165 1410 1385 1472 dicitur;
1406 1418 1463 1461 ut
1478 1409 1845 1477 episcoporum
1863 1407 1951 1475 qui
1977 1406 2242 1461 adfuerint

659 1501 905 1571 Synodus
930 1501 1147 1553 minimc
1174 1499 1448 1568 impedita,
1474 1499 1879 1553 convenientem
1913 1496 2241 1567 temporibus

662 1592 856 1646 nostris
886 1606 1068 1660 pacem
1100 1591 1322 1645 sanciat.
1372 1610 1390 1641 ι

730 1681 859 1736 Car.
908 1697 980 1736 tv.
1011 1712 1081 1721 —
1108 1681 1240 1736 Cum
1288 1682 1444 1751 igitur
1485 1690 1697 1734 sanctus
1739 1678 2024 1740 Entilius,
2072 1677 2243 1731 Bene.-

663 1774 801 1826 venli
829 1774 1125 1842 episc0pus,
1156 1784 1208 1828 et
1234 1772 1520 1842 Cythegins
1545 1782 1597 1825 et
1624 1771 1965 1833 Gaudentius,
1998 1788 2097 1823 una
2122 1786 2241 1823 cum

668 1863 1034 1918 Valentiniano
1084 1873 1137 1919 ct
1185 1864 1455 1917 Bonifacio
1505 1863 1866 1932 presbyteris,
1916 1862 2244 1929 accepissent

664 1955 843 2008 literas
882 1954 1222 2024 Imperatoris
1253 1954 1466 2008 Ilonorii
1494 1996 1507 2016 ,
1539 1954 1826 2007 Innocentii
1855 1995 1866 2015 ,
1901 1963 1953 2006 et
1993 1952 2241 2005 Italorum

664 2046 1051 2114 episcoporum,
1085 2044 1376 2098 Chromatii
1408 2044 1780 2112 Aquileiensis,
1811 2052 1862 2096 et
1889 2041 2099 2095 Venerli
2132 2040 2241 2093 Me-

663 2135 989 2189 diolanensis
1014 2177 1027 2198 ,
1065 2146 1222 2203 atque
1252 2134 1477 2187 aliorum
1504 2174 1517 2196 ,
1548 2149 1754 2187 necnon
1782 2131 2241 2185 commonitorium

664 2226 861 2296 Synodi
913 2228 1075 2279 totius
1126 2209 1463 2290 Occidentis,
1516 2225 1720 2293 publica
1774 2224 2048 2278 evectione
2102 2224 2241 2275 (Zon-

671 2316 1061 2384 Uanlinopnlitn
1092 2316 1309 2384 profecti
1351 2324 1472 2369 sunt
1499 2330 1617 2369 cum
1645 2315 1867 2385 Cyrtaco
1890 2353 1906 2379 ,
1938 2314 2204 2367 Demetrio
2226 2354 2239 2376 ,

666 2406 899 2460 Palladio
924 2416 977 2461 et
1012 2406 1228 2477 Eulysio
1258 2407 1538 2476 episcopis.
1570 2403 2043 2459 Commonitorium
2067 2396 2242 2458 autem

665 2495 1288 2561 continebat,Joannem
1330 2497 1580 2564 judicium
1613 2496 1813 2563 ingredi
1858 2510 1963 2549 non
2009 2495 2241 2560 debere,

666 2587 764 2639 nisi
794 2588 889 2655 ipsi
920 2588 1063 2656 prius
1096 2591 1337 2640 restituta
1374 2587 1557 2641 fuisset
1586 2597 1640 2640 ct
1666 2584 1901 2639 Ecclesia
1933 2594 1984 2639 et
2010 2600 2247 2639 comnm—

666 2676 790 2737 nio;
822 2684 877 2727 ut
903 2675 1106 2727 sublata
1135 2690 1292 2728 eiusa
1322 2674 1650 2729 detrectandi
1684 2674 1865 2741 judicii
1890 2714 1905 2739 ,
1934 2689 2024 2727 sua
2056 2682 2247 2741 sponte

665 2778 972 2817 consessum
1025 2764 1198 2817 iniret.
1234 2764 1459 2818 Profecti
1504 2762 1660 2833 igitur
1688 2763 2242 2833 Constantinopolim,

668 2864 787 2923 post
831 2864 1056 2924 quatuor
1085 2870 1298 2909 menses
1346 2856 1656 2919 redierunt,
1689 2850 1963 2909 narrantes
2010 2855 2246 2909 facinora

670 2928 1003 3016 mibylouica.
1044 2944 1176 3000 Cum
1222 2956 1417 3016 praeter
1456 2944 1713 3000 Grzcciam
1754 2945 1987 2999 Athenas
2028 2946 2245 3014 naviga-

668 3050 883 3099 remus,
927 3034 1128 3089 detenti
1175 3050 1356 3089 smnus
1400 3034 1468 3087 ab
1516 3034 1709 3089 infesto
1754 3036 1982 3106 quodam
2034 3036 2246 3091 tribuno

670 3124 911 3187 militum,
933 3125 1019 3196 qui
1046 3128 1221 3179 statim
1245 3125 1609 3180 centurionem
1629 3142 1787 3180 unum
1814 3127 1968 3180 nobis
1984 3128 2242 3195 adjunxit,

667 3228 770 3266 non
815 3214 997 3267 sinens
1040 3229 1138 3268 nos
1167 3214 1598 3269 Thessalonicam
1644 3215 1916 3271 accedere.
1949 3215 2059 3270 Illic
2103 3218 2244 3271 enim

667 3301 992 3369 propositum
1039 3303 1191 3356 nobis
1236 3312 1351 3357 erat
1388 3304 1569 3359 literas
1612 3305 1837 3372 primum
1881 3305 2009 3359 dare
2046 3305 2245 3376 Anysio

664 3391 933 3458 episcopo.
963 3391 1246 3461 Conjcctos
1272 3393 1429 3463 igitur
1453 3408 1551 3447 nos
1572 3434 1587 3458 ,
1615 3394 1799 3461 aiunt,
1831 3395 1885 3448 in
1910 3394 2017 3449 duo
2041 3397 2243 3465 navigia

667 3481 885 3535 dimisit.
905 3482 1185 3551 Ingruente
1208 3493 1389 3553 postea
1409 3494 1594 3539 austro
1615 3486 1937 3553 vehementi,
1955 3488 2121 3543 tribus
2141 3488 2245 3543 die-

668 3570 767 3625 bus
782 3571 1017 3642 .Egmum
1044 3590 1190 3629 mare
1216 3584 1268 3629 et
1292 3576 1422 3628 freta
1451 3576 1565 3630 sine
1585 3578 1705 3631 cibo
1726 3578 2030 3647 trajecimus
2065 3598 2078 3632 :
2102 3581 2241 3635 circa

669 3658 1035 3716 duodecimam
1079 3665 1215 3717 tertii
1238 3664 1342 3718 diei
1375 3665 1559 3719 horam
1587 3667 1888 3735 appulimus
1909 3680 2031 3723 ante
2058 3671 2241 3723 urbem

668 3749 865 3817 regiam
878 3749 1024 3818 juxta
1042 3752 1340 3806 suburbana
1356 3752 1602 3808 Victoris.
1627 3755 1721 3810 Ubi
1742 3760 1930 3811 retenti
1952 3758 2019 3812 ab
2034 3770 2245 3813 exacto-

666 3839 811 3893 ribus
837 3851 1102 3910 portuum,
1130 3853 1273 3898 retro
1301 3844 1672 3913 discessimus;
1692 3849 1840 3918 cujus
1869 3859 2041 3903 autem
2067 3850 2241 3918 jussu,

667 3928 967 3998 ignoramus
1018 3948 1034 3985 :
1085 3944 1141 3986 et
1184 3935 1417 3989 conclusi
1466 3952 1649 3990 sumus
1695 3940 1959 3992 maritimo
2007 3941 2245 4008 Thracite

665 4020 904 4081 castello,
926 4022 1124 4093 Athyra
1150 4023 1308 4089 dicto,
1328 4025 1551 4081 Romani
1578 4028 1788 4096 quidem
1816 4032 1865 4083 in
1894 4047 1992 4084 una
2019 4032 2243 4087 domun-

666 4110 807 4172 cula,
828 4111 879 4164 in
910 4112 1145 4180 pluribus
1171 4131 1296 4170 vero
1324 4117 1414 4187 qui
1440 4132 1559 4171 enm
1591 4118 1811 4189 Cyriaeo
1837 4132 2007 4188 erant,
2031 4123 2243 4194 illicque

666 4201 878 4263 vexati;
911 4202 980 4255 ita
1025 4213 1082 4257 ut
1122 4220 1190 4260 ne
1234 4204 1463 4261 famulus
1491 4208 1701 4277 quidem
1750 4220 1941 4278 przcsto
1984 4222 2125 4267 esset
2153 4216 2242 4284 qui

666 4287 1011 4345 ministraret.
1053 4292 1185 4346 Cmn
1227 4295 1415 4349 literas
1451 4298 1764 4365 petiissent,
1811 4314 1914 4353 non
1961 4302 2200 4356 dedimus
2225 4346 2238 4366 ,

667 4374 906 4433 dicentes
926 4395 939 4430 :
959 4380 1057 4445 Qui
1088 4379 1197 4435 fieri
1227 4392 1420 4452 potest,
1450 4393 1505 4437 ut
1531 4386 1620 4456 qui
1648 4386 1801 4456 legati
1830 4404 2032 4454 sumus,
2063 4390 2243 4446 literas

670 4464 1004 4535 Imperatoris
1028 4480 1080 4524 et.
1095 4471 1465 4542 episc0porum
1488 4476 1584 4544 ipsi
1605 4475 1911 4546 Imperatori
1931 4495 2033 4533 non
2053 4483 2243 4536 redda-

668 4559 1165 4616 mus?CumaIttem
1197 4578 1288 4618 eas
1305 4582 1407 4622 non
1439 4567 1565 4622 dare
1596 4571 2021 4638 persisteremus,
2043 4576 2243 4643 primus

669 4651 811 4703 venit
848 4652 913 4704 ad
943 4666 1036 4704 nes
1068 4653 1325 4710 Patricius
1351 4661 1586 4712 notarius
1611 4700 1626 4725 ,
1654 4660 1844 4717 deinde
1875 4666 2086 4734 quidam
2114 4669 2198 4721 alii
2227 4687 2239 4722 :

673 4750 995 4809 pestrcntum
1022 4747 1161 4798 venit
1188 4749 1398 4817 quidam
1430 4750 1736 4808 Valerianus
1764 4759 1977 4813 nomine
2002 4799 2014 4821 ,
2047 4774 2077 4813 e
2105 4760 2243 4830 Cap-

669 4830 882 4897 padocia
907 4875 921 4897 ,
955 4837 1267 4905 praepositus
1291 4842 1443 4893 unius
1469 4843 1709 4898 militaris
1737 4848 1937 4901 numeri
1963 4888 1978 4910 ,
2011 4860 2061 4902 et
2088 4860 2243 4919 rupto

668 4918 882 4975 Mariani
912 4924 1145 4998 episeopi
1175 4929 1383 4996 pollice,
1403 4932 1661 5000 signatam
1680 4933 2017 5005 Imperatoris
2045 4918 2243 5009 episto-

668 5010 769 5063 lam
801 5028 919 5067 cum
937 5014 1150 5085 reliquis
1176 5019 1411 5074 abstulit.
1433 5023 1689 5080 Postridie
1708 5028 1863 5096 igitur
1891 5031 2151 5086 miserunt
2175 5035 2239 5087 ad

669 5117 785 5163 nos,
818 5118 883 5156 an
910 5107 1065 5160 aulici
1097 5108 1450 5177 Imperatoris,
1482 5130 1549 5169 an
1583 5119 1783 5172 Atticus
1814 5123 2077 5176 nescimus
2106 5125 2242 5194 (ipse

666 5196 806 5250 enim
824 5196 1097 5253 dicebatur
1114 5201 1361 5259 Ecclesiae
1378 5206 1624 5261 tbrooum
1653 5210 1930 5283 invasisse)
1952 5231 1964 5264 :
1984 5216 2069 5284 qui
2090 5216 2241 5271 nol-is

668 5287 763 5338 tria
794 5288 953 5341 millia
986 5293 1362 5346 numismatum
1407 5296 1642 5362 dabant,
1675 5312 1889 5355 orantes
1919 5313 1974 5357 ut
2005 5308 2238 5373 persuasi

668 5375 843 5431 Attico
887 5382 1437 5451 com'municaremns,
1469 5398 1521 5442 et
1568 5388 1635 5443 de
1661 5390 1878 5446 Joannis
1917 5395 2112 5460 judicio
2158 5408 2239 5450 ta-

667 5479 927 5520 ceremus.
953 5469 1153 5535 Quibus
1178 5477 1682 5545 nonassentientes,
1711 5484 2034 5549 perstitimus
2061 5502 2234 5552 orare,

666 5570 785 5607 cum
833 5557 958 5611 nihil
988 5560 1259 5627 pacificum
1286 5577 1630 5635 perageretur
1652 5609 1666 5631 ,
1698 5580 1753 5623 ut
1777 5571 1888 5624 sine
1917 5574 2149 5639 periculo
2173 5574 2235 5628 ad

668 5657 875 5701 nostras
906 5650 1165 5705 Ecclesias
1201 5655 1494 5711 rediremus
1520 5699 1534 5724 ,
1567 5662 1675 5715 visa
1705 5664 1792 5715 tali
1836 5664 2235 5722 inlnnnanitate.

669 5735 895 5803 Idipsnm
944 5744 1095 5795 variis
1146 5747 1555 5803 revelationibns
1601 5752 1846 5807 Servatur
1897 5756 2033 5809 Deus
2084 5760 2233 5805 nobis“

2350 488 2677 556 declaravit,
2728 489 2860 545 adeo
2905 499 2960 545 ut
3004 492 3172 546 sancti
3219 494 3379 547 etiam
3424 493 3668 550 Emmelii
3711 495 3943 553 diacoito

2348 578 2530 643 Paulo,
2566 582 2680 633 viro
2708 581 2991 635 mitissimo
3017 591 3069 637 et
3102 583 3365 651 prudenti,
3400 584 3449 637 in
3486 586 3606 645 navi
3635 589 3941 658 apparuerit

2349 671 2534 725 beatus
2560 675 2751 728 I’aulns
2775 675 3067 742 apostolus,
3089 675 3277 730 dicens
3296 678 3394 747 ipsi
3429 695 3442 731 :
3488 678 3662 733 Videt:
3683 679 3941 749 quomodo

2346 761 2645 818 untbnletis:
2668 780 2767 817 non
2795 774 2847 817 ut
2874 766 3183 835 insipientes,
3211 768 3301 821 sed
3329 777 3382 822 ut
3412 771 3684 839 sapientes,
3715 772 3943 826 videntes

2346 856 2481 922 quod
2509 857 2615 909 dies
2643 857 2764 910 mali
2788 867 2903 911 sunt
2933 865 2948 926 (
2974 856 3163 925 Epltcs.
3194 860 3252 914 δε
3278 861 3365 914 15.
3416 862 3522 930 16)
3558 879 3570 914 :
3604 862 3942 931 significante

2346 948 2555 1000 Somnio
2598 948 2796 1001 variam
2843 948 3052 1002 illorum
3099 949 3338 1004 fraudem
3365 992 3379 1014 ,
3422 967 3643 1019 eamque
3685 953 3837 1006 donis
3881 962 3944 1008 et

2348 1034 2617 1090 blanditiis
2661 1036 2725 1091 ad
2756 1036 3155 1093 adulterandum
3201 1041 3499 1095 veritatem.
3548 1039 3751 1096 Instans
3779 1044 3943 1111 igitur

2347 1126 2485 1180 idem
2535 1128 2647 1196 ipse
2691 1128 2930 1182 tribunus
2968 1129 3273 1185 Valerianus
3298 1174 3313 1197 ,
3354 1133 3583 1201 eonjeeit
3612 1149 3709 1187 nos
3737 1134 3788 1187 in
3832 1133 3940 1189 de-

2348 1218 2621 1273 terrimam
2662 1235 2848 1275 navem
2874 1261 2891 1288 ,
2922 1221 3169 1277 mercede
3192 1265 3206 1289 ,
3236 1232 3294 1278 ut
3322 1239 3504 1277 rumor
3531 1226 3602 1277 ait
3626 1267 3641 1290 ,
3684 1225 3940 1279 nauelero

2346 1306 2467 1360 data
2516 1319 2571 1361 ut
2613 1309 2859 1377 perderet
2889 1312 3165 1381 episcopos
3212 1314 3516 1382 navigantes
3544 1355 3557 1376 ,
3589 1330 3706 1368 eum
3751 1315 3942 1383 viginti

2348 1399 2601 1454 militibus
2629 1402 2893 1455 variorum
2925 1403 3221 1456 ofticiorum
3256 1421 3269 1456 :
3304 1413 3357 1456 et
3390 1405 3567 1457 statim
3597 1421 3691 1469 nos
3721 1406 3940 1476 Athyris

2346 1490 2565 1558 expulit.
2587 1490 2718 1543 Cmn
2752 1493 3147 1560 navigassemus
3178 1493 3345 1546 stadia
3378 1494 3621 1563 plurima,
3641 1503 3694 1548 et
3717 1494 3936 1564 jzunjam

2348 1580 2568 1649 perituri
2611 1594 2888 1646 essemus,
2936 1583 3239 1651 appulimus
3282 1582 3671 1652 Lampsacum;
3714 1593 3767 1639 et
3809 1583 3943 1639 inde

2348 1684 2548 1730 mutata
2594 1692 2728 1732 nave
2773 1677 3030 1732 vicesimo
3073 1678 3160 1732 die
3206 1678 3559 1748 applicoitnus
3608 1679 3935 1751 Ilydrnntem

2347 1765 2623 1821 Calabrite.
2654 1767 2835 1836 Neque
2860 1768 3084 1837 amplius
3111 1769 3263 1822 nobis
3290 1769 3469 1825 dicere
3496 1779 3798 1837 potuerunt,
3829 1785 3937 1838 quo

2350 1856 2400 1909 in
2433 1867 2571 1910 statu
2602 1868 2746 1912 esset
2790 1858 2973 1911 beatus
3003 1858 3235 1913 Joannes
3277 1860 3559 1928 episcopus
3584 1902 3598 1923 ,
3632 1875 3802 1927 neque
3845 1860 3936 1914 ubi

2348 1948 2454 2001 sint
2482 1948 2777 2002 Demetrius
2802 1991 2815 2015 ,
2843 1949 3099 2020 Cyriaens
3122 1991 3138 2015 ,
3170 1951 3413 2021 Iinlysius
3440 1994 3453 2014 ,
3486 1962 3641 2019 atque
3672 1934 3940 2005 Palladius

2348 2038 2621 2107 episeOpi,
2664 2040 2753 2107 qui
2796 2055 2915 2093 cmn
2968 2041 3162 2095 nostris
3210 2041 3475 2109 episcopis
3518 2040 3672 2110 legati
3718 2040 3937 2110 profecti

2349 2138 2520 2183 erant.
2555 2130 2729 2185 Ertsc.
2757 2132 2869 2199 Age
2890 2130 3000 2200 jam
3026 2173 3040 2197 ,
3073 2148 3105 2186 υ
3136 2132 3493 2186 sacratissime
3517 2173 3532 2197 ,
3563 2132 3778 2186 adverte
3808 2132 3941 2186 mihi

2349 2219 2605 2283 aniumm,
2625 2220 2905 2275 attendens
2934 2221 2996 2273 iis
3021 2236 3138 2289 quae
3164 2221 3307 2275 clare
3329 2222 3592 2287 dicentur,
3611 2234 3662 2275 et
3687 2222 3941 2292 deinceps

2352 2308 2442 2362 tibi
2497 2310 2783 2365 declarabo
2838 2313 3077 2380 publicos
3135 2313 3292 2365 totius
3353 2314 3623 2383 tragmdice
3678 2315 3940 2384 satyrieos

2350 2399 2648 2466 tumultus,
2698 2401 2838 2455 unde
2879 2401 3018 2455 hanc
3062 2402 3423 2456 tennilentiam
3470 2405 3649 2457 exorsi
3693 2408 3835 2466 sint,
3884 2414 3941 2459 et

2351 2504 2625 2559 quousque
2650 2506 2890 2549 cessasse
2917 2493 3009 2545 visi
3043 2494 3168 2555 sint,
3201 2493 3422 2545 necdum
3454 2502 3628 2548 tamen
3661 2494 3936 2548 desierint.

2351 2576 2597 2632 Omnium
2626 2581 2907 2643 malorum,
2939 2590 2995 2635 ut
3018 2582 3137 2651 quis
3160 2582 3371 2644 dixerit,
3405 2582 3521 2636 fons
3544 2591 3597 2636 et
3623 2583 3937 2652 principium

2351 2666 2445 2721 Dei
2493 2683 2618 2722 osor
2647 2668 2856 2723 d:cmou
2883 2711 2898 2736 ,
2930 2685 3141 2739 semper
3188 2672 3444 2724 insidians
3474 2682 3528 2725 ut
3576 2674 3727 2742 lupus
3770 2676 3939 2726 ratio-

2352 2756 2613 2811 nabilihus
2641 2758 2833 2813 Christi
2875 2761 3123 2829 gregibus
3147 2800 3162 2825 ,
3193 2761 3393 2829 peritos
3419 2776 3657 2830 quosque
3701 2776 3943 2828 pastores

2352 2849 2511 2902 variis
2556 2849 2709 2901 malis
2754 2852 3006 2904 atrociter
3049 2850 3345 2911 infestans,
3389 2852 3526 2904 sicut
3563 2849 3938 2922 Egyptiorum

2351 2953 2444 2994 rex
2463 2942 2723 2995 masculos
2740 2941 3067 3007 Judaeorum,
3088 2942 3290 2997 fucatos
3307 2959 3433 2998 vero
3448 2954 3498 2998 et
3523 2944 3681 2998 falsos
3702 2957 3943 3014 pastores

2352 3036 2683 3085 terrenarum
2711 3032 3040 3101 voluptatum
3074 3034 3293 3089 fallaciis
3318 3038 3584 3104 saginans.
3620 3037 3785 3092 Porro
3812 3053 3942 3107 pes-

2350 3118 2470 3174 simi
2516 3118 2674 3174 fontis
2702 3120 2858 3191 hujus
2901 3124 3113 3178 canales
3140 3164 3153 3186 ,
3183 3134 3241 3179 ut
3267 3126 3441 3179 omnis
3486 3137 3745 3181 terrarum
3790 3129 3944 3184 orbis

2352 3211 2537 3274 novit,
2594 3220 2717 3264 sunt
2769 3214 3032 3277 Aeacius,
3089 3215 3441 3281 Autiochius,
3501 3216 3828 3286 Theophilus
3884 3231 3944 3276 et

2349 3300 2702 3369 Severianus;
2734 3304 2821 3373 qui
2851 3314 3108 3359 vocantur
3134 3306 3348 3375 quidem
3390 3309 3440 3361 id
3473 3308 3611 3376 quod
3642 3324 3745 3363 non
3771 3321 3895 3363 sunt
3922 3354 3939 3375 ,

2349 3402 2473 3446 sunt
2501 3408 2626 3446 vero
2652 3396 2791 3463 quod
2829 3395 2933 3449 diei
2979 3411 3037 3450 se
3067 3412 3171 3450 non
3204 3397 3376 3451 ferunt
3410 3415 3424 3450 :
3455 3413 3521 3452 ex
3546 3400 3733 3453 ordine
3759 3411 3944 3455 autem

2350 3482 2665 3537 clericatum
2724 3485 3020 3555 presbyteri
3074 3485 3221 3550 duo,
3280 3496 3335 3540 et
3388 3487 3596 3544 diaconi
3652 3490 3888 3557 quinque
3923 3532 3939 3554 ,

2352 3574 2538 3640 partim
2571 3573 2781 3642 quidem
2827 3589 2893 3628 ex
2942 3575 3188 3643 impuro,
3220 3576 3412 3643 partim
3459 3591 3522 3631 ex
3572 3579 3943 3633 maleticorum

2351 3679 2572 3717 numero
2597 3664 2900 3735 congregati
2937 3684 2948 3715 :
2984 3680 3081 3719 nec
3108 3680 3235 3720 vero
3270 3666 3382 3720 scio
3420 3682 3484 3720 an
3515 3676 3682 3722 tutum
3710 3670 3778 3722 sit
3806 3669 3944 3743 tales

2351 3755 2690 3825 presbyteros
2739 3767 2831 3809 aut
2875 3755 3128 3810 diaconos
3173 3771 3367 3811 vocare
3417 3775 3429 3809 :
3482 3774 3548 3811 ex
3599 3758 3943 3825 Imperatoris

2349 3855 2525 3898 autem
2541 3845 2661 3899 aula
2678 3845 2783 3898 duo
2800 3854 2889 3898 aut
2906 3855 3013 3899 tres
3028 3846 3363 3899 solummodo
3380 3845 3546 3909 fuere,
3565 3849 3652 3915 qui
3670 3848 3942 3916 Theophi-

2353 3935 2457 3987 lmn
2488 3935 2828 4000 roborarunt,
2858 3935 3069 3989 militari
3101 3936 3347 4004 prcesidio
3372 3953 3527 4006 opem
3557 3939 3629 3991 ilb
3662 3940 3892 3992 terentes
3917 3956 3935 3994 :

2350 4042 2379 4079 e
2407 4026 2714 4079 mulieribus
2740 4034 2930 4094 pra'ter
2957 4026 3071 4080 illas
3096 4043 3214 4096 qua:
3238 4028 3395 4097 vulgo
3423 4038 3563 4082 notat
3592 4039 3713 4083 sunt
3739 4070 3753 4093 ,
3784 4039 3893 4084 tres
3922 4074 3939 4096 ,

2352 4118 2519 4171 vidum
2562 4118 2775 4186 quidem
2801 4159 2816 4183 ,
2865 4118 2957 4171 sed
3001 4134 3030 4171 a
3074 4120 3201 4173 viris
3246 4120 3435 4175 divites
3482 4122 3668 4184 factae,
3704 4108 3939 4177 inultam

2348 4222 2413 4261 ex
2445 4208 2642 4277 rapinis
2690 4209 2966 4277 pecuniam
3012 4211 3349 4277 possidentes
3377 4211 3430 4264 in
3482 4213 3708 4280 propria:
3750 4213 3943 4269 salutis

2351 4301 2676 4367 perniciem;
2712 4302 3028 4355 tumultuum
3061 4312 3113 4355 et
3152 4303 3469 4357 seditionum
3514 4305 3885 4361 commotriees
3922 4325 3937 4359 :

2352 4389 2515 4444 Marsa
2536 4391 2768 4445 Promoti
2798 4409 2951 4457 uxor,
2971 4392 3226 4447 Castricio
3253 4394 3545 4467 Saturnini,
3566 4406 3618 4448 et
3637 4396 3941 4465 Engraphia

2350 4482 2589 4544 quaedam
2634 4496 3012 4551 usquequaque
3044 4483 3238 4537 furiosa
3274 4502 3287 4537 :
3322 4484 3522 4553 reliqua
3553 4495 3727 4538 autem
3772 4486 3944 4555 pudet

2350 4572 2548 4627 dicere.
2579 4572 2843 4627 Ctetcrum
2882 4575 2963 4627 bac
3006 4586 3165 4642 atque
3205 4575 3317 4637 illi,
3351 4576 3502 4630 tardo
3543 4576 3705 4631 corde
3735 4578 3787 4630 in
3833 4578 3942 4633 Iide

2348 4679 2468 4718 eum
2493 4664 2619 4729 sint,
2638 4664 2780 4717 velut
2807 4663 3035 4728 phalanx
3070 4668 3243 4718 lurore
3267 4664 3435 4730 ebria,
3457 4665 3507 4719 in
3532 4681 3690 4720 unam
3717 4681 3943 4721 senten-

2351 4755 2473 4805 tiam
2502 4753 2624 4806 odio
2651 4752 2905 4807 doctrina:
2928 4742 3163 4819 adunati,
3190 4754 3335 4806 exitii
3363 4762 3651 4807 torrentem
3680 4755 3944 4815 adversus

2352 4845 2603 4899 Ecclesia:
2633 4859 2815 4913 pacem
2846 4845 3197 4898 concitarunt.
3222 4844 3729 4914 Duc.Velisigitur,
3760 4841 3937 4912 Pater,

2347 4947 2400 4990 et
2448 4937 2673 4991 libenter
2699 4936 2829 4989 velis
2871 4951 3050 4990 coram
3083 4936 3194 4990 Deo
3241 4935 3399 4989 nobis
3439 4936 3655 4998 dicere,
3695 4938 3836 4989 unde
3887 4951 3940 4992 et

2351 5027 2558 5079 illorum
2612 5024 2873 5079 adversus
2920 5014 3201 5079 Joannem
3233 5026 3412 5080 odium
3441 5067 3454 5089 ,
3504 5036 3557 5080 et
3606 5042 3725 5096 quze
3781 5027 3941 5079 fuerit

2348 5116 2567 5170 Joannis
2593 5116 2827 5186 episcOpi
2861 5117 3150 5185 pertinacia
3184 5125 3357 5170 tantas
3381 5127 3669 5185 potestates
3698 5118 3893 5172 la-dere
3920 5136 3937 5170 :

2348 5206 2504 5259 simul
2546 5206 2757 5260 declara
2802 5207 2955 5260 nobis
2987 5206 3127 5260 unde
3159 5207 3316 5259 vitam
3348 5222 3571 5261 exorsus
3610 5208 3715 5272 sit,
3746 5218 3796 5261 et
3828 5225 3939 5278 quo

2351 5305 2502 5362 pacto
2544 5297 2607 5349 ad
2638 5292 3124 5364 Constantinopolis
3153 5296 3514 5364 episcopatum
3560 5296 3628 5350 sit
3672 5308 3889 5353 evectus
3916 5344 3933 5365 ,

2348 5399 2400 5443 et
2427 5403 2624 5459 quanto
2653 5400 2890 5458 tempore
2918 5404 3039 5443 eum
3082 5390 3317 5444 tenuerit
3340 5429 3355 5453 ,
3384 5397 3438 5444 et
3474 5389 3562 5458 qui
3590 5390 3780 5443 fuerint
3815 5391 3937 5460 ejus

2351 5498 2544 5546 mores,
2574 5492 2625 5535 et
2652 5482 2769 5552 quis
2800 5481 2915 5551 ejus
2948 5482 3068 5535 vita:
3102 5482 3241 5548 linis,
3272 5481 3532 5551 siquidem
3561 5472 3800 5537 mortu‘ds
3824 5494 3931 5550 est,

2355 5585 2403 5626 et
2453 5574 2716 5627 audimus.
2774 5573 2882 5626 litsi
2941 5588 3035 5643 per
3085 5588 3275 5627 omnes
3335 5574 3564 5629 maxime
3617 5560 3933 5645 pervagatur

2348 5667 2599 5720 mirabilis
2628 5674 2679 5721 ct
2724 5678 2904 5721 sancta
2946 5667 3041 5720 viri
3073 5668 3215 5721 illius
3260 5665 3436 5730 iiuna;
3470 5676 3643 5722 tamen
3676 5671 3931 5723 consuevi

2351 5774 2454 5805 tit-II
2501 5758 2632 5813 adeo
2676 5759 2823 5813 facile
2867 5759 3168 5813 rumoribus
3209 5760 3428 5815 credere
3454 5799 3467 5825 ,
3514 5759 3817 5828 priusquam
3863 5761 3933 5817 ab
