4234 6310
184 311 243 366 l7
1224 302 1312 357 DE
1358 300 1514 354 V'ITA
1556 299 1615 353 S.
1658 292 1941 351 .IOANNIS
1980 290 2488 347 CllRYSOS'l'OMI.
3454 288 3519 344 13

178 423 484 480 hominibus
515 425 606 495 qui
641 423 943 491 vituperare
968 428 1021 474 et
1061 415 1277 471 laudare
1311 421 1453 467 recte
1482 418 1784 475 noverunt,

177 531 285 569 rem
333 513 542 584 liquido
586 511 951 583 cognoverim.
1003 508 1175 562 EPISC.
1225 505 1407 567 Laudo
1454 502 1784 573 diligentiam

177 618 361 670 tuam,
419 604 822 660 distinctionem
878 616 1007 659 vero
1062 615 1188 666 nou~
1220 596 1487 661 admitto,
1546 592 1788 648 veritatis

173 696 546 751 amantissime
590 704 645 751 et
693 695 802 749 Deo
848 708 972 748 care
1022 691 1101 745 vir
1145 688 1451 744 Theodore.
1490 685 1621 740 Nam
1675 684 1787 753 ipsa

173 786 400 841 canities
424 796 482 841 et
509 784 744 855 dignitas
772 792 978 842 nostra.
1012 790 1068 836 ut
1097 780 1166 836 dc
1192 793 1279 834 me
1309 779 1426 848 ipso
1453 776 1662 847 loquar,
1694 774 1787 830 tibi

172 877 423 932 sufﬁcere
440 877 728 939 debebant,
750 884 808 928 ut
823 889 948 929 vera
979 888 1101 928 esse
1126 868 1379 925 crederes
1397 883 1515 938 qua:
1532 867 1783 922 dicimus.

172 966 441 1032 Quoniam
461 979 591 1020 vero
609 965 661 1020 id
680 980 785 1020 non
812 962 1006 1027 fecisti,
1025 970 1081 1016 et
1097 961 1179 1015 bis
1206 976 1291 1014 me
1309 958 1420 1029 jam
1446 957 1510 1011 ad
1524 955 1787 1027 judicium

175 1057 269 1112 hei
315 1072 517 1121 vocas;
554 1065 675 1126 post
716 1054 817 1109 bac
863 1053 1055 1108 saltem
1088 1052 1289 1105 omisso
1332 1048 1478 1102 onmi
1525 1054 1787 1117 praetextu

172 1165 335 1205 aures
361 1148 494 1203 mihi
522 1146 893 1209 accommoda,
916 1161 983 1200 ne
1014 1145 1067 1199 in
1086 1158 1279 1199 vanum
1312 1142 1565 1197 decurrat
1590 1141 1783 1194 oratio.

171 1241 298 1296 Srio
327 1242 475 1297 enim
503 1257 625 1311 qua:
671 1240 721 1294 in
752 1240 871 1309 lege
917 1238 1096 1293 divina
1114 1256 1121 1280 ι
1144 1242 1347 1305 scripta
1393 1246 1518 1288 sunt
1549 1250 1563 1287 :
1602 1231 1787 1286 Perdet

173 1332 317 1387 Deus
358 1350 535 1387 omnes
559 1334 646 1401 qni
684 1334 957 1401 loquuntur
1001 1328 1318 1383 mendacium
1363 1328 1381 1399 (
1410 1326 1551 1379 I’sal.
1584 1326 1639 1381 5.
1671 1325 1783 1394 7);

172 1435 226 1478 et
253 1424 397 1493 apud
425 1423 726 1493 apostolum
753 1421 1015 1477 Joannem
1040 1461 1056 1487 ,
1092 1419 1193 1488 Qui
1219 1417 1443 1484 loquitur
1469 1415 1787 1471 mendacium

171 1532 273 1570 non
298 1526 375 1571 est
398 1532 463 1570 ea:
492 1515 600 1570 Deo
629 1514 807 1586 (locis.
826 1514 881 1569 8.
916 1511 1035 1586 is);
1064 1521 1118 1569 et
1135 1527 1322 1567 rursus
1345 1510 1485 1581 apud
1508 1508 1783 1570 Davidem,

174 1606 434 1674 Quoniam
480 1607 789 1659 obstructum
832 1614 904 1659 est
934 1620 989 1659 os
1019 1604 1331 1675 loquentium
1370 1602 1548 1674 iniqua
1593 1598 1784 1673 (Psal.

169 1694 263 1753 62.
297 1697 431 1767 12).
467 1698 676 1754 Revera
716 1697 858 1753 enim
904 1696 1083 1766 inique
1106 1697 1235 1765 agit
1262 1696 1352 1765 qui
1384 1693 1517 1748 fallit
1552 1708 1674 1748 eum
1701 1693 1784 1746 cui

170 1791 493 1860 persuadet;
522 1800 577 1845 et
606 1790 693 1859 qui
720 1790 892 1844 credit
920 1788 1220 1852 mentienti,
1254 1787 1416 1841 etiam
1450 1786 1629 1855 inique
1653 1787 1779 1853 agit,

169 1880 297 1935 dum
318 1881 475 1936 facile
491 1879 682 1935 credit.
701 1878 835 1934 Cum
862 1879 1021 1949 igitur
1036 1879 1317 1949 aequaliter
1335 1887 1557 1946 uterque
1576 1885 1781 1946 peccet,

172 1984 365 2030 neuter
394 1983 639 2030 nostrum
684 1972 877 2044 injuria
908 1970 1108 2026 ofﬁciat
1149 1970 1473 2041 proximum.
1506 1969 1600 2023 Est
1641 1967 1784 2023 enim

173 2065 288 2120 lucc
334 2065 507 2121 virtus
534 2108 547 2129 ,
579 2066 808 2119 dicentis
854 2063 1073 2134 quidem
1108 2077 1233 2118 vera
1279 2062 1423 2133 loqui
1451 2104 1463 2125 ,
1496 2062 1613 2131 ejus
1658 2075 1787 2116 vero

171 2159 260 2227 qui
307 2157 499 2223 audit,
551 2157 730 2225 iniqua
781 2155 1092 2224 dijudicare.
1148 2154 1342 2208 Estote
1383 2151 1565 2231 enim,
1616 2152 1785 2222 inquit

171 2248 473 2319 Scriptura,
501 2250 652 2318 probi
672 2249 961 2318 trapezitae,
984 2247 1172 2301 falsum
1191 2262 1221 2300 a
1244 2246 1413 2316 probo
1442 2245 1742 2314 rejieientes
1769 2261 1781 2297 :

171 2355 277 2397 non
326 2352 386 2395 ut
419 2340 612 2395 tinnitu
641 2341 983 2411 explorantcs
1009 2340 1242 2394 sonitum
1288 2338 1615 2407 accipiamus
1640 2377 1656 2402 ,
1688 2338 1784 2392 sed

172 2434 308 2487 utin
342 2433 436 2487 Dei
487 2434 681 2488 timore
723 2449 847 2489 cum
878 2442 1022 2488 recta
1050 2432 1381 2487 conscientia
1422 2431 1602 2485 omnia
1644 2432 1783 2485 dicta

172 2534 260 2579 aut
279 2525 480 2593 scripta
503 2523 883 2593 ponderantes,
904 2538 1086 2579 rerum
1105 2523 1386 2579 veritatem
1407 2523 1782 2592 suscipiamus.

174 2616 399 2668 Aurinm
425 2624 477 2668 ct
506 2615 699 2685 linguae
724 2630 976 2685 magnum
1008 2615 1310 2685 periculum
1336 2622 1421 2671 est
1453 2632 1465 2666 :
1501 2614 1623 2669 ideo
1649 2616 1788 2684 opti-

172 2721 292 2760 ums
340 2722 523 2761 rerum
573 2707 765 2761 artifex
821 2708 959 2761 Deus
1006 2708 1238 2777 linguam
1287 2721 1317 2760 a
1365 2705 1577 2761 duobus
1625 2706 1787 2761 labris

174 2796 402 2851 interius
428 2796 535 2852 fixo
559 2797 796 2852 dentium
824 2808 978 2867 septo
1003 2796 1260 2853 custodiri
1286 2799 1492 2863 statuit,
1528 2808 1585 2852 ut
1616 2809 1784 2853 tutum

175 2887 302 2940 illud
336 2888 647 2957 praesidium
679 2888 797 2957 ejus
823 2888 1128 2943 facilitatem
1160 2899 1454 2953 coerceret,
1488 2888 1784 2944 secundum
1826 2922 1827 2925 η

173 2980 223 3033 id
250 2980 395 3050 quod
424 2981 685 3050 scriptum
716 2990 801 3036 est
833 2998 845 3033 :
878 2980 1024 3035 Pone
1048 3021 1063 3045 ,
1097 2980 1315 3035 Domine
1338 3022 1352 3045 ,
1398 2983 1683 3035 custodiam
1709 2983 1785 3035 ori

173 3087 282 3124 meo
307 3112 323 3138 ,
350 3082 398 3125 et
425 3072 614 3125 ostium
648 3072 947 3125 munitionis
970 3072 1105 3125 circa
1133 3072 1267 3125 labia
1296 3088 1407 3125 mea
1434 3073 1451 3143 (
1480 3071 1626 3126 Psal.
1664 3073 1781 3128 MO.

172 3164 249 3231 ὅ)
278 3206 293 3227 ,
350 3174 412 3218 ut
450 3180 556 3217 non
585 3164 895 3234 delinquant
928 3165 981 3218 in
1026 3164 1203 3234 lingua
1235 3179 1374 3220 mea.
1407 3165 1628 3219 Aurinm
1658 3180 1783 3221 vero

173 3254 420 3307 foramen
454 3254 691 3308 tlexuose
719 3255 971 3320 tornavit,
1002 3252 1169 3324 figura
1197 3254 1309 3324 ipsa
1340 3254 1647 3325 significans
1678 3270 1784 3310 non

171 3346 280 3397 cito
328 3343 721 3398 admittendum
774 3358 897 3400 esse
943 3359 1249 3401 sermonem
1276 3329 1383 3413 ,Iut
1428 3346 1555 3401 dum
1588 3347 1787 3404 diutius

175 3435 408 3489 volvitur
431 3477 446 3499 ,
495 3434 762 3490 mendacii
809 3436 1089 3491 materiam
1122 3452 1242 3492 eum
1289 3438 1507 3493 malitiae
1537 3440 1787 3495 sordibus

177 3527 364 3581 leviter
396 3528 698 3581 insinuatus
741 3526 809 3581 ad
845 3529 1056 3582 aurium
1085 3527 1288 3583 aditum
1335 3528 1620 3599 relinquat.
1668 3530 1784 3586 Non

171 3616 348 3671 solum
394 3625 574 3671 autem
622 3615 813 3671 borum
862 3618 1343 3673 instrumentorum
1385 3633 1569 3674 curam
1603 3620 1789 3675 habuit

177 3708 340 3772 Deus,
374 3710 525 3777 quasi
560 3707 674 3762 sola
704 3716 1010 3778 peccarent,
1042 3708 1138 3763 sed
1166 3719 1218 3764 et
1260 3709 1537 3763 oculorum
1573 3712 1787 3781 pupillis

177 3798 340 3853 veluti
392 3800 642 3853 fenestris
692 3799 958 3854 velamina
1007 3800 1292 3871 apposuit,
1327 3816 1395 3856 ne
1442 3800 1789 3871 impudicitiae

177 3898 410 3943 mortem
438 3888 761 3954 admittant,
793 3904 953 3958 quam
995 3890 1254 3960 propheta
1298 3900 1524 3945 testatur
1553 3893 1738 3948 (licens
1772 3912 1783 3948 :

181 3978 326 4032 Mors
368 3981 596 4032 ascendit
620 3997 714 4044 per
742 3980 988 4049 fenestras
1020 3979 1162 4053 (Jer.
1195 3981 1250 4038 9.
1281 3982 1345 4037 2i
1370 3981 1409 4054 ).
1447 3984 1598 4040 Duc.
1625 3986 1677 4042 Si
1721 3988 1789 4042 de

176 4070 380 4140 vulgari
432 4084 497 4123 ac
541 4070 672 4124 levis
720 4072 977 4125 momenti
1022 4072 1238 4143 negotio
1285 4073 1561 4144 inquisitio
1604 4086 1782 4142 esset,

177 4162 546 4216 sacratissime
581 4158 775 4229 Pater,
822 4162 1091 4218 sufficeret
1132 4163 1419 4234 adspectus
1464 4165 1538 4220 tui
1580 4170 1789 4236 species

177 4253 243 4308 ad
274 4252 579 4308 faciendam
626 4254 805 4308 verbis
852 4256 956 4309 tuis
1000 4254 1161 4311 fidem
1194 4269 1208 4310 :
1242 4257 1335 4312 sed
1366 4259 1620 4328 quoniam
1665 4277 1786 4317 cum

176 4343 243 4399 de
273 4345 501 4398 veritate
545 4345 866 4415 inquiritur,
901 4362 1006 4403 non
1054 4349 1333 4404 minimam
1384 4366 1527 4414 nunc
1566 4353 1787 4423 quidem

180 4434 654 4504 reprehensionem
684 4435 862 4504 all‘ert,
891 4450 1075 4509 postea
1106 4456 1233 4496 vero
1259 4442 1787 4513 condemnationem,

176 4528 558 4583 assiStcntibus
573 4529 731 4585 simul
751 4531 1080 4602 principibus
1096 4542 1146 4588 et
1183 4534 1395 4603 pupulis
1411 4542 1534 4591 ante
1554 4545 1791 4592 tremen-

174 4620 303 4675 dum
335 4621 571 4677 tribunal
602 4640 616 4676 :
651 4623 866 4693 ignosce
909 4625 1039 4680 mibi
1064 4668 1078 4691 ,
1110 4628 1314 4697 optime
1339 4669 1353 4694 ,
1388 4643 1486 4683 nec
1518 4628 1647 4683 mibi
1693 4645 1789 4685 ca-

177 4729 276 4769 nos
300 4715 529 4785 capillos
553 4724 718 4771 testes
744 4715 927 4787 profer
958 4736 971 4773 :
1006 4729 1306 4774 senuerunt
1329 4720 1473 4775 enim
1501 4722 1662 4777 etiam
1692 4723 1792 4777 im-

178 4804 332 4876 probi
374 4807 467 4876 qui
516 4822 625 4861 non
668 4808 903 4864 animam
932 4810 1218 4866 virtutibus
1262 4827 1452 4867 canam
1502 4812 1788 4881 fecerunt,

175 4896 271 4951 sed
299 4911 531 4967 corpora
575 4900 836 4967 temporis
861 4899 1217 4958 diuturnitate
1260 4903 1407 4973 rugis
1451 4917 1740 4960 exararunt
1772 4924 1785 4959 :

177 4988 368 5058 quales
415 4996 572 5044 erant
619 4989 672 5044 in
716 4990 989 5063 Babylone
1040 4991 1156 5047 falsi
1202 5008 1400 5060 senes,
1444 4996 1595 5050 etin
1634 4997 1789 5052 Jere—

178 5080 284 5134 mia
320 5079 576 5147 Ephraim
601 5122 617 5146 ,
647 5079 714 5135 de
739 5097 847 5152 quo
876 5083 1211 5154 exprobrans
1237 5084 1513 5156 Scriptura
1542 5088 1741 5143 clamat
1773 5105 1786 5142 :

180 5168 436 5239 Epiri-aius
483 5171 714 5242 columba
753 5174 1021 5245 insipiens,
1052 5192 1156 5231 non
1194 5177 1381 5232 habens
1420 5195 1549 5233 cor:
1583 5181 1791 5235 canities

178 5260 278 5321 ipsi
302 5261 528 5329 advenit,
561 5261 669 5333 ipse
705 5278 822 5317 vero
859 5280 961 5319 non
1004 5269 1237 5337 cognovit
1281 5267 1437 5339 (Osee
1477 5270 1527 5324 7.
1571 5271 1652 5325 ll.
1704 5272 1785 5342 9).

181 5351 381 5407 lterum
409 5367 537 5407 vero
561 5354 807 5425 asperius
831 5355 999 5411 dixit:
1030 5356 1222 5414 Factus
1245 5370 1317 5415 est
1349 5360 1601 5430 Ephraim
1640 5367 1789 5435 panis

179 5443 569 5510 subcinsricius,
612 5448 699 5516 qui
728 5463 831 5501 non
850 5450 1182 5519 convertitur,
1212 5460 1259 5506 et
1283 5454 1438 5509 alieni
1462 5459 1790 5512 comederunt

180 5534 331 5588 robur
360 5540 474 5607 ejus
492 5534 661 5608 (Ibid.
684 5552 736 5592 ν.
760 5537 914 5604 8.9).
944 5540 1077 5597 Illud
1104 5554 1318 5614 queque
1337 5544 1553 5615 addam,
1577 5550 1787 5605 etiamsi

179 5642 357 5684 sermo
388 5628 483 5685 fiat
518 5630 733 5702 longior
759 5647 771 5684 :
811 5632 932 5702 quis
960 5635 1131 5705 magis
1168 5649 1359 5705 canus,
1402 5648 1496 5693 aut
1524 5642 1641 5710 quis
1672 5642 1788 5698 visu

182 5723 476 5779 modestior
498 5723 700 5779 Acacio
720 5721 1019 5796 Beroensi,
1046 5740 1209 5797 quem
1231 5741 1328 5784 vos
1353 5744 1496 5786 autne
1520 5735 1785 5791 accusatis

1900 414 1956 461 ut
1972 394 2263 461 'seditionis
2292 409 2587 468 auctorem,
2611 411 2665 458 et
2688 401 2872 458 delicti
2900 417 3086 458 eorum
3105 401 3295 456 ducem
3318 402 3410 472 qui
3430 418 3516 457 res

1900 510 2066 551 novas
2094 495 2436 551 excitarunt?
2476 495 2630 565 cujus
2668 494 2751 549 vel
2792 509 2955 551 nares
3001 496 3130 565 ipsa:
3160 510 3324 549 canos
3357 494 3514 550 habe-

1896 587 2027 643 bant
2051 588 2188 658 pilos
2216 587 2579 658 longissimos,
2606 600 2735 641 cum
2773 586 2997 641 Romam
3023 587 3170 642 venit
3210 582 3387 641 ferens
3414 601 3507 642 or-

1897 679 2188 735 dinationis
2233 679 2458 735 Joannis
2500 677 2739 749 episcopi
2778 678 3078 734 decretum.
3137 679 3315 734 Ense.
3360 679 3513 736 Nunc

1896 771 2043 827 clare
2073 771 2197 826 novi
2222 781 2273 827 te
2301 770 2525 841 probum
2555 782 2675 825 esse
2705 770 3037 839 trapezitam,
3071 770 3161 840 qui
3194 785 3301 824 nou
3321 769 3514 839 credas

1901 863 2130 933 pelliceo
2162 863 2534 929 tabernaculo,
2560 862 2655 917 sed
2683 863 2964 917 Scientinm
2992 863 3112 933 ejus
3130 863 3220 933 qui
3251 859 3512 917 inhabitat
3538 904 3545 912 .

1899 956 2157 1028 inquiras.
2212 955 2427 1010 Etenim
2452 964 2507 1009 et
2533 952 2911 1025 Egyptiorum
2939 954 3138 1023 templa
3178 954 3510 1023 amplissima

1874 1048 2174 1111 .eumsint,
2207 1058 2262 1103 et
2294 1046 2530 1117 lapidum
2567 1047 2747 1127 specie
2777 1061 2837 1102 se
2863 1047 3089 1115 jactent,
3132 1047 3281 1101 intus
3326 1047 3513 1101 simias

1898 1139 2097 1194 habent
2130 1147 2185 1194 et
2227 1138 2341 1193 ibes
2378 1148 2435 1195 et
2466 1152 2627 1193 canes
2650 1153 2752 1208 pro
2782 1138 2906 1192 diis.
2950 1137 3231 1194 Caeterum
3255 1140 3513 1194 DOuIinus

1896 1240 2082 1285 noster
2140 1239 2195 1284 et
2248 1229 2387 1283 Dens
2440 1229 2665 1298 loquens
2730 1228 2968 1285 Samueli
3014 1229 3081 1286 de
3129 1230 3513 1286 constituendo

1895 1320 2032 1375 duce
2080 1319 2318 1388 lsraelis,
2367 1319 2613 1390 praecipit
2666 1335 2735 1375 ne
2803 1320 3111 1377 consideret
3170 1323 3408 1377 habitum
3455 1334 3511 1377 et

1896 1408 2208 1480 figmentum
2255 1411 2381 1466 lutei
2406 1411 2700 1479 corporis,
2744 1411 2930 1467 dicens
2967 1429 2980 1466 :
3028 1410 3147 1467 Non
3188 1412 3319 1467 sicut
3358 1414 3511 1467 homo

1894 1502 2077 1556 videbit
2104 1502 2243 1556 Dens
2272 1518 2290 1556 :
2318 1503 2468 1556 homo
2500 1505 2634 1557 enim
2659 1505 2711 1558 in
2748 1506 2952 1575 facient,
2983 1504 3119 1560 Deus
3139 1515 3312 1559 autem
3341 1507 3392 1559 in
3424 1522 3511 1560 cor

1894 1591 1963 1663 (ll
1992 1592 2121 1665 Reg.
2173 1594 2261 1648 16.
2315 1595 2392 1663 7).
2438 1597 2617 1661 Quare
2667 1597 2756 1666 qui
2808 1596 2861 1651 in
2917 1597 3070 1651 omni
3126 1614 3183 1653 re
3234 1598 3513 1654 imitantur

1897 1686 2088 1752 Deum,
2120 1688 2378 1742 interiora
2412 1698 2844 1758 perscrutantur.
2876 1689 3135 1745 Unde'tne
3162 1692 3255 1745 tibi
3282 1691 3512 1746 libenter

1893 1781 2169 1850 permitto,
2211 1783 2301 1851 qui
2332 1782 2588 1836 trutinam
2622 1790 2765 1837 tuam
2800 1783 2850 1836 in
2896 1791 3145 1837 neutram
3188 1794 3395 1852 partem
3430 1785 3512 1837 in-

1892 1872 2093 1927 clinare
2117 1872 2534 1942 esploravcrim.
2584 1872 2864 1945 Babylonii
2894 1888 3046 1938 vero.
3094 1887 3255 1929 senes
3286 1874 3506 1943 quidem

1892 1977 2143 2032 corpore,
2159 1963 2339 2017 animo
2363 1972 2544 2019 autem
2562 1964 2636 2020 ob
2646 1974 2917 2036 stuporem
2944 1964 3231 2021 admodum
3248 1965 3504 2031 intuitus,

1892 2056 1938 2118 si
1959 2064 2293 2111 mortuorum
2318 2057 2700 2113 resurrectioni
2718 2057 3098 2124 credidissent,
3124 2059 3271 2129 prius
3285 2058 3505 2128 quidem
3598 2104 3601 2105 ν

1890 2146 2208 2203 habuissent
2252 2161 2439 2204 sanam
2470 2149 2813 2218 sapientiam,
2859 2163 2971 2214 nec
3001 2149 3362 2219 deperiissent
3403 2150 3509 2203 Su—

1892 2254 2116 2294 sannam
2170 2242 2394 2296 alterius
2429 2256 2700 2297 uxorem:
2738 2241 2968 2306 deinde,
3018 2241 3063 2297 si
3114 2242 3203 2296 Dei
3256 2242 3509 2295 timorem

1896 2314 2241 2398 habuissent,
2291 2332 2644 2405 impudicitia:
2699 2348 2814 2389 sure
2855 2350 3142 2405 numquam
3183 2334 3508 2388 calumniam

1892 2423 2282 2494 adjunxissent.
2318 2424 2554 2481 Infamia:
2584 2425 2637 2480 in
2668 2440 2798 2481 sene
2831 2425 3090 2481 indicium
3122 2435 3222 2491 est,
3258 2425 3510 2495 juvenitis

1895 2513 2079 2569 formae
2108 2517 2401 2585 corruptio.

1965 2605 2092 2663 Car.
2115 2623 2165 2660 v.
2182 2636 2253 2648 —-
2267 2607 2504 2665 Joannes
2523 2607 2611 2663 ille
2627 2622 2827 2679 genere
2839 2607 3059 2678 quidem
3073 2619 3192 2664 erat
3211 2611 3475 2674 Antioche
3487 2640 3509 2653 ο

1894 2714 1995 2751 nus
2028 2698 2295 2768 (mortuus
2321 2699 2466 2754 enim
2493 2699 2622 2770 est),
2654 2709 2812 2754 natus
2836 2714 2869 2754 e
2891 2700 3223 2770 parentibus,
3244 2702 3333 2772 qui
3356 2703 3511 2757 nobi-

1894 2792 2017 2845 liter
2034 2791 2286 2845 vixerunt
2304 2790 2355 2845 in
2374 2790 2553 2844 ofﬁcio
2569 2790 2810 2861 magistri
2833 2791 3062 2847 militum
3083 2793 3277 2865 Syriae,
3295 2794 3436 2866 patri
3457 2798 3509 2849 iu

1894 2883 2065 2937 lucem
2090 2882 2268 2938 editus
2306 2892 2431 2955 post
2452 2897 2718 2938 sororem.
2752 2881 2887 2938 Cum
2915 2895 3096 2941 autem
3122 2893 3268 2941 esset
3295 2887 3512 2956 ingenio

1890 2974 2197 3039 solertiori,
2229 2989 2353 3030 sese
2379 2974 2432 3029 in
2477 2974 2755 3030 literarum
2786 2966 2968 3031 studio
3015 2978 3264 3032 exercuit
3314 2979 3381 3031 ad
3413 2993 3506 3032 sa-

1892 3080 2109 3122 crarum
2164 3065 2572 3136 Scripturarum
2623 3068 3007 3123 ministerium.
3039 3068 3176 3125 llinc
3222 3069 3409 3126 decem
3455 3080 3510 3125 rt

1891 3168 2015 3212 octo
2042 3171 2215 3213 annos
2242 3166 2431 3223 natus,
2479 3173 2510 3212 a
2552 3158 2831 3228 sepbistis,
2864 3160 2954 3230 qui
2982 3159 3205 3217 voculas
3245 3171 3505 3232 captant,

1893 3248 2119 3305 descivit
2150 3267 2165 3304 :
2197 3250 2285 3306 ubi
2337 3265 2467 3304 vero
2513 3260 2695 3305 mente
2724 3251 2864 3306 virili
2894 3250 3033 3317 fuit,
3082 3264 3269 3309 amore
3314 3264 3507 3326 captus

1898 3348 1984 3394 est
2022 3354 2297 3413 sacrarum
2337 3339 2662 3396 Literarum.
2691 3342 2928 3397 Prteerat
2955 3352 3080 3399 tunc
3111 3346 3370 3415 temporis
3395 3348 3494 3399 An-

1894 3431 2160 3487 tiocheam
2188 3432 2444 3488 Ecclesia:
2470 3432 2661 3489 beatus
2679 3416 2931 3489 Meletius
2956 3433 3267 3498 Confessor,
3300 3452 3501 3508 genere

1900 3523 2196 3578 Armenius
2232 3542 2246 3578 :
2278 3523 2371 3595 qui
2400 3524 2840 3581 animadvertetis
2856 3525 3070 3597 juvenis
3091 3528 3238 3583 illius
3268 3528 3396 3584 felix
3424 3530 3508 3585 iu-

1891 3615 2143 3685 gcnium,
2179 3625 2233 3670 et
2264 3615 2668 3686 pulchritudine
2700 3620 2897 3674 mentis
2947 3620 3090 3675 illius
3131 3631 3352 3690 captus,
3384 3637 3509 3692 pcr-

1896 3706 2144 3761 mittebat
2175 3708 2223 3761 ei
2256 3717 2315 3763 ιιι
2348 3722 2533 3763 secum
2562 3709 2779 3765 assidue
2806 3723 3137 3778 versaretur,
3172 3712 3373 3769 lumine
3395 3730 3511 3784 pro-

1894 3796 2115 3868 phetico
2144 3799 2447 3869 praevidens
2469 3800 2683 3871 juvenis
2717 3803 2859 3857 illius
2888 3818 3224 3859 successum.
3256 3804 3390 3861 Cum
3415 3822 3509 3862 ve-

1896 3903 1959 3944 ro
1988 3897 2099 3945 tres
2123 3904 2295 3945 annos
2316 3890 2533 3947 assidue
2560 3892 2701 3961 apud
2732 3908 2855 3947 eum
2883 3894 3174 3951 mansisset
3198 3938 3211 3959 .
3242 3909 3401 3953 sacro
3433 3902 3506 3952 tn-

1898 3995 2059 4036 vacro
2092 3980 2162 4035 ab
2191 3982 2384 4037 eodem
2412 3981 2651 4037 initiatus
2676 4026 2691 4049 ,
2722 3984 2891 4040 lector
2922 3998 3289 4059 promovetur.
3310 3988 3503 4045 Verum

1896 4073 2209 4143 impellente
2234 4089 2357 4129 eum
2389 4074 2573 4129 animo
2597 4118 2610 4139 ,
2644 4087 2699 4129 ut
2724 4086 3014 4133 contentus
3036 4094 3141 4134 non
3166 4089 3288 4136 erat
3309 4080 3504 4136 civita-

1897 4169 1964 4221 tis
2009 4167 2284 4222 laboribus
2310 4209 2325 4233 ,
2375 4168 2427 4222 in
2471 4170 2669 4224 ardore
2711 4169 3047 4239 jnventutis,
3092 4173 3307 4228 tametsi
3350 4190 3505 4229 mens

1894 4274 2023 4314 sana
2051 4270 2195 4314 esset
2225 4302 2241 4326 ,
2273 4261 2339 4314 ad
2373 4260 2582 4316 vicinus
2614 4271 2825 4319 montes
2851 4263 2983 4319 adit.
3016 4263 3113 4320 llic
3150 4280 3274 4322 eum
3310 4267 3364 4321 in
3395 4268 3499 4339 Sy.

1903 4366 2022 4405 rum
2073 4350 2363 4421 quemdam
2418 4353 2696 4409 incidisset
2753 4354 3112 4412 severissima
3160 4358 3504 4414 continentia

1895 4456 2125 4509 senem,
2173 4441 2391 4498 duriora
2426 4443 2550 4498 vitre
2598 4444 2717 4515 ejus
2769 4445 3013 4502 instituta
3060 4447 3301 4504 imitatur
3346 4464 3504 4506 anius

1894 4542 2145 4604 quatuor,
2194 4549 2333 4604 quos
2378 4534 2522 4608 apud
2572 4536 2746 4607 ipsum
2775 4578 2792 4604 ,
2841 4536 3054 4595 luctans
3092 4554 3218 4596 cum
3259 4542 3500 4612 volupta-

1897 4635 2009 4681 tum
2039 4628 2324 4694 cautibus,
2377 4628 2597 4700 exegit:
2629 4645 2763 4701 quas
2804 4630 2895 4687 ubi
2949 4631 3157 4689 facilius
3182 4676 3197 4699 ,
3245 4650 3354 4691 non
3398 4647 3507 4692 tam

1896 4718 2079 4775 labore
2106 4734 2267 4790 quam
2301 4720 2526 4784 ratione,
2547 4722 2829 4792 superat-it
2853 4764 2870 4790 ,
2903 4734 3017 4778 tum
3044 4726 3272 4782 secessit
3300 4730 3354 4783 in
3380 4736 3503 4798 spe-

1896 4809 2110 4867 luucam
2137 4812 2285 4867 solus
2308 4855 2324 4880 ,
2352 4812 2678 4870 delitescere
2699 4818 2941 4886 cupit-ns.
2972 4816 3086 4873 illic
3127 4834 3301 4876 annos
3332 4836 3482 4877 mora

1897 4912 1984 4958 tus
2010 4914 2095 4960 est
2118 4904 2254 4960 duos
2277 4946 2292 4970 ,
2316 4907 2513 4977 quibus
2544 4908 2807 4963 insonmis
2835 4917 2891 4963 ut
2920 4909 3207 4979 plurimum
3238 4914 3507 4983 perstitit,

1894 4994 2097 5051 Christi
2151 5006 2571 5063 testamentum,
2618 5014 2729 5070 quo
2772 4998 3129 5070 ignorantiam
3176 5005 3507 5075 expelleret.

1896 5086 2213 5144 addiscens.
2248 5088 2383 5145 Cum
2434 5099 2547 5147 toto
2584 5091 2678 5146 illo
2711 5092 2931 5147 biennio
2978 5109 3078 5149 nec
3112 5096 3343 5151 interdiu
3364 5138 3379 5162 ,
3411 5113 3511 5154 nec

1896 5189 2059 5235 noctu
2081 5181 2428 5238 decubuisset
2460 5200 2473 5236 :
2503 5184 2748 5255 proxima
2776 5185 2950 5239 ventri
2979 5186 3029 5240 ei
3059 5196 3183 5242 sunt
3219 5199 3464 5243 emortua
3494 5234 3509 5253 ,

1897 5272 2312 5344 lumborumque
2338 5274 2480 5330 vires
2512 5290 2622 5345 pra:
2665 5274 2865 5347 frigore
2896 5276 3210 5348 proﬂigatae.
3246 5278 3382 5333 Cum
3414 5295 3482 5334 au
3502 5316 3507 5349 η

1898 5373 2006 5421 tem
2027 5363 2132 5420 sibi
2152 5379 2312 5435 opem
2334 5364 2475 5421 ferre
2496 5372 2601 5421 non
2625 5375 2844 5437 posset,
2859 5380 3057 5424 rursus
3084 5368 3508 5426 ecclesiasticum

1897 5466 2113 5529 portum
2168 5458 2544 5530 apprehendit.
2595 5460 2769 5531 Atque
2816 5461 2870 5516 id
2914 5461 3111 5518 divinae
3156 5463 3511 5533 providentia:

1896 5567 2032 5621 Opus
2063 5551 2196 5619 fuit,
2227 5568 2348 5624 qua:
2376 5553 2443 5608 ad
2466 5553 2748 5610 utilitatem
2786 5549 3046 5611 Ecclesia:
3076 5566 3199 5612 enim
3230 5569 3329 5628 per
3355 5556 3478 5611 intlr
3497 5586 3522 5596 -

1896 5646 2140 5701 mitatem
2189 5662 2219 5699 a
2283 5647 2596 5702 monasticae
2646 5647 2773 5702 vita:
2820 5647 3100 5704 laboribus
3147 5650 3419 5704 retraxit:
3451 5660 3508 5703 ιιι

1898 5739 2222 5797 necessitate
2243 5740 2530 5799 imueditus
2550 5781 2567 5807 ,
2604 5755 2635 5797 a
2663 5740 2935 5811 speluncis
2967 5741 3308 5798 avelleretur.
3338 5742 3468 5799 Inde
3493 5784 3508 5806 ,
