4234 6310
710 313 767 363 19
1979 319 2194 374 ΡΑΜΛ
2208 319 2290 374 [)ll

2422 319 2672 377 ιιοσυξ.
3941 324 4017 378 ευ

707 433 983 492 postquam
1010 424 1158 477 altari
1187 440 1357 479 annos
1382 428 1618 496 quinque
1648 429 2004 483 ministrasset
2031 472 2044 494 ,
2075 446 2102 482 a
2135 430 2299 486 Melo.

709 517 779 566 tio
807 515 1066 568 diaconus
1096 515 1394 570 ordinatur.
1443 517 1709 572 Ca‘tcrum
1738 561 1752 583 ,
1800 533 1921 573 cum
1963 520 2082 589 ejus
2109 521 2172 574 ad
2205 521 2304 574 do-

707 604 932 660 crudum
969 604 1189 660 facultas
1230 608 1340 674 jam
1396 608 1809 672 inelaresccret,
1861 620 1914 664 et
1959 612 2185 680 populus
2235 628 2303 667 ex

709 699 890 751 sa't-uli
923 698 1284 752 amaritudine
1321 700 1658 754 dulcesceret
1689 700 1806 770 ejus
1849 703 2256 757 conversatione
2290 721 2303 756 :

709 805 736 841 a
786 789 1036 843 Flaviano
1085 791 1336 859 episcopo
1385 793 1665 863 presbyter
1719 793 2017 852 ordinatur.
2067 795 2309 864 Cumque

712 880 993 934 tlnoticcint
1038 895 1208 935 annos
1249 883 1298 934 in
1345 881 1583 937 Ecclesia
1650 884 1947 938 Antiochia:
1984 885 2305 947 effulsisset.

711 983 896 1024 macta
918 971 1036 1024 vine
1059 987 1239 1025 norma
1259 972 1461 1025 clerum
1481 973 1897 1029 Antiocheusem
1923 976 2180 1029 illustrat:
2214 977 2309 1029 hos

713 1064 988 1131 Sapientiae
1015 1066 1124 1118 sile
1151 1065 1432 1128 condiens,
1455 1067 1552 1120 hos
1574 1067 1811 1122 doctrina
1837 1070 2165 1131 illuminaus.
2191 1071 2309 1124 illos

720 1157 950 1223 Spiritus
981 1158 1150 1211 sancti
1174 1157 1420 1212 laticihus
1444 1159 1690 1228 irrigans.
1720 1161 1850 1214 Dum
1878 1163 1990 1214 lure
2017 1162 2082 1214 ad
2114 1161 2308 1214 Christi

721 1246 956 1300 titlelium
989 1247 1428 1316 gubernationem
1458 1253 1656 1317 optime
1685 1252 1763 1305 sic
1798 1253 2118 1315 succedunt,
2149 1252 2311 1305 mori-

722 1349 809 1392 tur
837 1339 1022 1394 heatus
1049 1340 1327 1394 Nectarius
1351 1384 1365 1404 ,
1399 1343 1681 1411 episcopus
1705 1342 2310 1411 Couslautinopolitanze

721 1429 998 1483 I-Ieclesize.
1034 1424 1183 1484 Tunc
1213 1442 1537 1485 concurrunt
1584 1421 1797 1502 quidam
1828 1435 1915 1502 qtti
1968 1451 2070 1486 non
2101 1449 2310 1502 qutere—

717 1521 942 1583 bautur,
967 1522 1262 1575 ambientes
1287 1522 1652 1591 episcopatum
1674 1566 1686 1584 .
1721 1525 1815 1578 viri
1847 1523 2060 1593 quidam
2092 1525 2311 1578 minimc

726 1612 860 1675 viri,
894 1613 1193 1682 presbyteri
1227 1615 1440 1679 quidem
1478 1613 1755 1685 dignitate,
1787 1619 1877 1670 sed
1905 1616 2203 1671 sacerdotio
2234 1618 2314 1670 in-

715 1704 859 1772 digni
897 1706 1012 1758 :alii
1043 1708 1351 1776 prarlorinm
1386 1709 1665 1778 fatigantes
1691 1751 1704 1773 ,
1749 1709 1836 1762 alii
1885 1709 2039 1763 donis
2073 1725 2308 1764 corrum-

721 1805 927 1861 peules,
949 1797 1034 1848 alii
1060 1813 1186 1850 vero
1208 1797 1271 1850 ad
1300 1798 1467 1866 plebis
1496 1799 1655 1852 etiam
1680 1816 1851 1868 genua
1878 1801 2307 1869 procumbentes.

721 1887 894 1954 Super
921 1885 1004 1939 his
1020 1902 1389 1942 commovetur
1410 1889 1830 1944 orthotloxorum
1860 1893 2106 1959 populus,
2141 1891 2312 1960 Impe-

726 1986 956 2030 ratorcm
999 1978 1326 2044 sollicitans,
1385 1981 1668 2035 sacerdotii
1722 1982 1949 2050 peritum
2015 1983 2312 2052 requirens.

720 2068 994 2121 Summam
1037 2078 1211 2123 autem
1252 2087 1432 2126 rerum
1469 2073 1679 2127 tenebat
1705 2074 1991 2142 Eutropius
2012 2075 2310 2141 eunuchus,

722 2161 1041 2228 prmposittts
1092 2163 1226 2215 sacri
1283 2164 1536 2218 cubiculi.
1598 2164 1732 2219 Cum
1791 2166 2054 2220 J0:mnem
2104 2177 2318 2237 optaret

721 2267 1033 2320 praeponere
1071 2254 1270 2307 civitati
1300 2255 1457 2326 (ejus
1487 2258 1628 2311 enim
1669 2259 1836 2312 virtus
1878 2269 1999 2311 nota
2027 2260 2074 2313 ei
2123 2259 2312 2324 fuerat,

719 2357 838 2394 eum
862 2342 1418 2414 Imperatorisuegotia
1437 2349 1607 2416 ipsum
1628 2347 1691 2402 ad
1720 2349 2027 2402 interiorem
2053 2351 2312 2404 orientem

720 2432 1101 2500 abduvissent)
1128 2475 1143 2497 ,
1177 2436 1342 2491 efﬁcit
1373 2438 1486 2508 ipse
1514 2449 1571 2492 ut
1600 2439 1890 2509 Imperator
1912 2443 2096 2496 literas
2118 2443 2318 2496 scribat

719 2524 785 2577 ad
826 2527 1074 2580 eomitem
1106 2527 1369 2595 Orientis,
1404 2541 1461 2583 ut
1497 2533 1614 2586 sine
1655 2534 1900 2600 strepitu,
1945 2534 2074 2588 nihil
2102 2545 2318 2588 contur-

724 2618 852 2670 hans
899 2619 1272 2684 Antiochiam,
1307 2621 1566 2676 Joannem
1602 2625 1890 2678 emitteret.
1927 2626 1971 2679 ls
1999 2627 2177 2688 statim
2229 2643 2316 2680 ae.-

722 2711 889 2778 eeptis
940 2711 1138 2774 literis,
1191 2713 1436 2767 hortatur
1486 2715 1694 2782 ipsum,
1744 2725 1798 2767 ιιι
1847 2726 1993 2770 extra
2046 2718 2312 2771 civitatem

725 2817 894 2871 usque
940 2802 1008 2856 ad
1038 2804 1282 2875 Martyria
1308 2848 1319 2864 ,
1359 2807 1508 2873 juxta
1547 2817 1754 2875 portam
1797 2808 2186 2863 Romanensetu
2233 2811 2316 2863 tli-

723 2903 885 2954 etatu,
912 2893 1065 2948 sistat
1093 2910 1150 2947 se
1183 2914 1194 2947 :
1224 2905 1273 2947 ct
1305 2895 1529 2964 publica:
1563 2897 1741 2951 rhedre
1773 2899 2103 2966 impositum,
2144 2917 2314 2954 eunu-

724 2984 826 3037 cho
877 2984 942 3038 ad
1007 2985 1056 3039 id
1111 2986 1276 3040 misso
1327 3002 1447 3041 cum
1495 2989 1661 3042 milite
1710 2987 1942 3058 Magistri
1997 2991 2178 3044 tradit.
2231 2993 2316 3044 Sic

725 3076 988 3129 adductus
1041 3077 1322 3131 ordinatur
1373 3079 1657 3147 episcopus
1708 3081 2315 3151 Constantinopolitanze

725 3165 1001 3220 Ecclesiae.
1033 3167 1115 3221 Ah
1155 3168 1305 3222 initio
1355 3169 1515 3238 igitur
1540 3171 1889 3240 Theophilus,
1925 3173 2318 3228 Alexandrinus

724 3257 1038 3326 episcopus,
1074 3274 1192 3312 eum
1231 3259 1294 3312 ad
1331 3260 1449 3328 ejus
1473 3261 1860 3317 ordinationem
1891 3266 2150 3327 venisset,
2187 3266 2316 3320 irrc—

725 3347 1136 3415 prebensihilem
1169 3347 1284 3417 ejus
1328 3349 1578 3419 loquendi
1608 3351 1904 3406 libertatem
1941 3353 2160 3418 \idens,
2202 3354 2316 3423 ejus

726 3438 1060 3491 ordinatione
1090 3440 1424 3493 exanimatus
1455 3453 1554 3496 eSI.
1606 3443 1766 3498 Vafer
1794 3444 1934 3499 enim
1965 3454 2045 3499 est
2097 3461 2164 3500 ex
2199 3447 2316 3515 ipso

725 3528 975 3596 adspectu
1033 3549 1044 3584 :
1099 3531 1364 3583 occultum
1409 3533 1548 3585 enim
1595 3534 1852 3604 cujusque
1904 3535 2134 3588 hominis
2181 3551 2313 3589 con-

726 3621 901 3675 silium
978 3632 1030 3675 et
1093 3633 1324 3678 tuentem
1383 3625 1718 3693 dignoscere.
1781 3629 1933 3682 "MC.
2006 3628 2306 3698 Exspecta,

723 3713 920 3780 Pater,
964 3725 1020 3767 ιιι
1073 3731 1232 3782 pauca
1282 3731 1567 3785 opponam.
1614 3719 1785 3773 Ertsc.
1817 3719 1949 3786 Quid
1999 3719 2099 3774 hoc
2134 3729 2310 3775 autem

730 3805 956 3858 maxime
976 3816 1056 3860 est
1074 3807 1096 3858 ?
1112 3808 1260 3861 Duc.
1283 3807 1336 3862 Si
1362 3808 1482 3862 talis
1502 3820 1583 3863 est
1604 3809 1952 3879 ThCOPltiltlS,
1975 3820 2028 3863 ut
2050 3811 2114 3863 ad
2140 3812 2310 3864 solum

730 3898 1037 3965 adSpectum
1087 3901 1280 3954 mentis
1311 3903 1422 3955 acie
1469 3903 1645 3956 omnia
1697 3905 1966 3971 pervideat
2003 3904 2314 3972 :quomodo

731 3989 1021 4057 ignoravit,
1070 3991 1302 4060 expulso
1341 3990 1582 4054 Joanne,
1629 3994 1812 4047 orbem
1866 3991 2170 4061 universum
2197 4011 2224 4047 a
2254 4011 2314 4048 se

731 4083 1047 4135 turbandum
1098 4085 1254 4136 esse?
1285 4083 1460 4139 Ertsc.
1496 4085 1606 4139 lloc
1637 4086 1936 4139 mirandum
1968 4102 2071 4140 non
2117 4096 2202 4141 est
2226 4129 2239 4151 ,
2282 4105 2313 4137 ο

723 4174 943 4241 optime.
997 4175 1204 4228 Etenim
1243 4176 1514 4230 d;emones
1538 4220 1550 4242 ,
1588 4178 1676 4246 qui
1703 4177 1988 4233 adventum
2015 4179 2311 4234 Servatoris

725 4265 1099 4328 declararunt,
1129 4268 1442 4335 ignorarunt
1464 4285 1571 4323 uno
1591 4270 1793 4322 Christi
1821 4270 2052 4324 ﬁdelium
2085 4282 2227 4326 statu
2255 4288 2314 4325 se.

732 4356 1172 4424 :onstringendos
1203 4373 1348 4411 esse.
1379 4358 1531 4414 DIAC.
1569 4360 1665 4415 Ubi
1693 4371 1868 4415 autem
1891 4364 2193 4418 Servatoris
2222 4365 2316 4417 ad-

743 4454 947 4500 tentum
977 4446 1355 4502 declararunt?
1387 4449 1565 4504 Ertsc.
1601 4451 1733 4506 Cum
1780 4453 2121 4510 clamabant:
2158 4454 2318 4508 Νοιιὶ-

730 4555 838 4590 ηιιιε
861 4547 906 4591 te
931 4580 942 4602 ,
974 4539 1060 4601 qui
1086 4541 1154 4593 sis
1176 4581 1190 4602 ,
1221 4550 1426 4594 sanctus
1457 4541 1548 4594 Dei
1579 4559 1596 4605 ;
1626 4543 1749 4612 quid
1779 4545 1950 4598 venisti
1974 4555 2092 4598 ante
2119 4554 2315 4615 tempus

748 4646 960 4696 orquere
985 4645 1076 4682 nos
1099 4629 1308 4698 (Matth.
1339 4632 1390 4686 8.
1424 4631 1567 4702 29)?
1599 4633 1757 4689 Vides
1780 4644 1836 4688 ιιι
1886 4644 2009 4690 ante
2046 4639 2317 4693 novissent

741 4734 833 4773 ton
878 4721 1048 4774 solum
1094 4735 1334 4776 sanctum
1364 4739 1483 4777 eum
1532 4741 1690 4790 esse,
1737 4727 1829 4782 sed
1861 4729 2018 4782 etiam
2060 4730 2313 4798 judicent.

737 4812 864 4878 Quid
897 4829 1022 4867 vero
1069 4815 1254 4882 loquor
1280 4815 1346 4870 de
1376 4816 1744 4874 (itl‘mOllibllS?
1785 4819 2024 4875 infelices
2071 4825 2319 4878 meretri-

726 4905 862 4959 culze
889 4921 951 4959 ex
984 4906 1255 4960 oculorum
1289 4917 1426 4961 statu
1449 4918 1624 4965 castos
1647 4914 1785 4965 viros
1813 4911 2135 4981 dignoscunt
2155 4957 2168 4979 ,
2194 4931 2314 4970 cos-

734 5014 831 5065 que.
858 5008 1172 5051 aversantur
1207 5018 1218 5052 :
1253 5010 1310 5052 ιιι
1337 5000 1577 5055 inﬁrmus
1602 5005 1786 5057 oculus
1829 5005 1958 5058 solis
1989 5007 2194 5060 radium
2219 5049 2231 5066 .
2265 5019 2319 5063 et

731 5089 904 5142 vultur
935 5099 1277 5158 unguentum.
1316 5093 1464 5149 Unde
1502 5105 1678 5150 autem
1719 5098 2087 5167 peccatoribus
2131 5100 2318 5169 religio

728 5181 1109 5235 abominationi
1143 5194 1224 5237 est
1246 5227 1258 5250 ,
1293 5185 1337 5239 si
1363 5201 1477 5240 eam
1519 5203 1622 5241 non
1650 5190 1905 5243 nossent?
1932 5190 2019 5245 Sic
2050 5201 2104 5245 et
2146 5191 2320 5247 Theo-

729 5271 942 5337 philus,
975 5289 1038 5327 ex
1071 5289 1176 5343 quo
1207 5276 1256 5328 in
1288 5275 1508 5332 Joannis
1531 5279 1785 5348 adspectu
1814 5297 1918 5334 non
1952 5282 2152 5337 invenit
2176 5284 2317 5351 quod

729 5365 897 5418 oculis
918 5366 1028 5419 suis
1057 5366 1408 5434 responderet
1429 5378 1520 5423 aut
1546 5383 1752 5441 gratum
1784 5382 1952 5438 esset,
1985 5373 2318 5441 conjectura,

729 5472 832 5509 non
873 5467 1016 5511 certa
1067 5460 1287 5518 scientia
1330 5463 1654 5516 contrarium
1701 5465 2002 5533 suSpicatus
2031 5475 2132 5520 est.
2166 5466 2316 5523 Duc.

735 5549 860 5602 Mira
890 5549 1107 5615 dixisti,
1139 5553 1310 5608 I‘atcr.
1348 5552 1454 5608 Cur
1479 5570 1605 5609 vero
1637 5554 1931 5610 obsistebat
1966 5557 2084 5626 ejus
2103 5556 2318 5610 ordina-

731 5643 900 5695 tioui?
926 5644 1100 5698 lirtsc.
1132 5642 1242 5697 Mos
1275 5646 1371 5714 ipsi
1394 5646 1515 5700 talis
1542 5655 1658 5701 erat
1679 5689 1692 5711 ,
1721 5657 1779 5702 ut
1804 5647 1971 5702 bonos
1998 5657 2052 5701 et
2072 5648 2320 5703 cordatos

734 5753 834 5788 non
863 5736 1134 5790 ordinaret
1155 5779 1168 5803 ,
1197 5738 1294 5790 nisi
1327 5737 1538 5796 quando
1568 5754 1661 5792 sua
1685 5754 1805 5793 eum
1833 5740 2141 5809 conjectura
2167 5739 2318 5794 fefel-

2420 433 2568 488 lisset
2602 452 2614 488 :
2647 435 2897 488 omnibus
2938 436 3200 504 imperare
3239 437 3422 492 volens
3457 449 3513 491 ut
3553 437 3814 507 stupidis,
3843 439 4015 508 satius

2408 525 2653 592 judicans
2715 525 3087 595 insipientibus
3127 529 3424 598 imperare,
3471 546 3628 600 quam
3673 528 4008 598 sapientibus

2417 631 2624 684 parere.
2661 617 2702 669 Λ
2733 616 2930 670 salubri
2979 626 3156 672 tamen
3197 602 3543 692 providentia
3588 621 3773 674 volens
3821 620 4016 673 nolens

2414 715 2697 776 superatus
2725 717 2826 762 est.
2862 708 2951 763 Sic
2980 696 3260 765 ordinatus
3290 709 3559 777 Joannes,
3603 727 3782 766 rerum
3826 725 4015 766 curam

2415 799 2751 868 aggreditur,
2807 816 2904 870 per
2952 802 3266 856 rationalem
3319 804 3549 857 fistulam
3601 819 3729 858 oves
3787 803 4017 872 probare

2415 905 2659 943 exorsus.
2693 889 2836 943 Raro
2865 900 3043 945 autem
3072 892 3331 947 adhibens
3359 895 3520 948 etiam
3549 893 3742 962 pedum
3771 894 4021 963 increpa-

2419 980 2610 1041 tiones,
2637 981 2862 1036 intendit
2885 997 3190 1038 sermonem
3233 985 3493 1040 adversus
3521 985 3697 1040 ﬁctam
3724 987 4017 1052 sororiam,

2423 1079 2480 1124 ut
2507 1081 2735 1137 vocant,
2767 1075 2890 1126 vitae,
2917 1074 3270 1140 societatem;
3319 1092 3503 1130 revera
3544 1085 3720 1132 autem
3761 1077 4025 1132 adversus

2418 1161 2831 1219 inverecundam
2856 1173 2911 1221 et
2943 1166 3237 1236 improbam
3257 1169 3418 1221 vitam
3438 1184 3559 1223 cum
3582 1169 3894 1224 mulieribus
3916 1170 4027 1224 illis

2418 1267 2536 1321 quze
2567 1252 2815 1308 dicunur
2845 1256 3263 1311 subintroduclze
3290 1299 3306 1323 ,
3336 1258 3652 1322 ostendens,
3689 1260 3733 1313 si
3757 1261 4022 1316 malorum

2417 1342 2576 1397 detur
2595 1345 2761 1412 Optio,
2781 1346 3032 1402 meliores
3053 1347 3169 1401 istis
3186 1348 3404 1402 lenones
3422 1363 3565 1404 esse.
3591 1348 3668 1407 llli
3689 1350 3831 1404 enim
3854 1351 4016 1420 longe

2417 1450 2446 1488 a
2492 1435 2823 1489 medicorum
2855 1436 3071 1492 ofﬁcina
3114 1438 3452 1506 habitantes,
3496 1439 3636 1508 apud
3663 1455 3722 1495 sc
3767 1441 4016 1495 morbum

2420 1511 2651 1589 habent,
2696 1524 2790 1578 sed
2834 1526 3136 1580 volentibus
3167 1545 3180 1578 :
3211 1527 3262 1580 lti
3290 1538 3470 1581 autem
3504 1528 3554 1582 in
3587 1530 3775 1584 salutis
3802 1529 4023 1584 ofﬁcina

2421 1613 2721 1669 habitantes
2741 1658 2754 1678 ,
2783 1616 2943 1670 etiam
2995 1632 3154 1670 sanos
3182 1617 3556 1686 impcllunt'ad
3592 1619 3857 1674 morbtun.
3892 1621 4026 1675 Inde

2421 1723 2544 1775 pars
2573 1707 2736 1774 cleri,
2770 1708 2990 1764 minime
3020 1710 3287 1780 religiosa,
3314 1727 3538 1781 qumque
3580 1714 3766 1768 morbo
3803 1714 3893 1767 illo
3932 1723 4019 1768 tc-

2422 1799 2681 1861 nebatur,
2733 1810 3001 1854 commota
3054 1811 3156 1855 est.
3220 1802 3348 1855 Post
3395 1803 3657 1872 ejusmodi
3707 1819 4020 1859 sermonem

2420 1889 2724 1957 aggreditur
2771 1890 3080 1960 injustitiam
3103 1934 3118 1958 ,
3149 1892 3432 1947 destruens
3470 1895 3733 1949 malorum
3779 1896 4020 1951 omnium

2423 1981 2760 2047 nzetropolim
2787 2022 2801 2043 ,
2847 1983 3161 2046 avaritiam,
3197 1993 3253 2038 ιιι
3298 1985 3580 2040 {editicium
3627 1987 3848 2057 justitite
3890 2004 4025 2043 con-

2421 2079 2672 2125 strueret.
2719 2072 2830 2126 lloc
2880 2073 3024 2127 enim
3055 2074 3331 2144 proprium
3371 2085 3454 2130 est
3496 2079 3795 2145 sapientum
3845 2077 4027 2131 archi-

2424 2171 2683 2217 tectorum
2708 2205 2720 2229 ,
2753 2165 2900 2232 prius
2929 2165 3191 2220 mendacii
3217 2165 3500 2221 aediﬁcium
3527 2167 3831 2231 destruere,
3861 2169 4023 2224 deiu-

2422 2256 2488 2308 de
2521 2257 2759 2310 veritatis
2783 2257 2965 2326 jacere
2992 2257 3334 2312 fundamenta
3363 2300 3377 2323 ,
3422 2267 3479 2313 ut
3507 2259 3704 2313 dicitur
3728 2260 3864 2329 apud
3896 2275 4030 2328 pro-

2424 2350 2634 2416 phetam
2664 2367 2675 2400 :
2706 2346 2953 2401 Constitui
2986 2359 3033 2403 te
3062 2365 3213 2418 super
3241 2359 3410 2419 gentes
3435 2360 3483 2403 et
3518 2367 3675 2421 regna
3697 2392 3712 2412 ,
3743 2360 3797 2403 ut
3835 2351 4025 2404 evellas

2422 2452 2465 2491 et
2490 2442 2684 2507 plautas
2709 2483 2720 2503 ,
2751 2450 2803 2492 ut
2831 2440 3062 2494 destruat:
3100 2450 3146 2494 et
3175 2442 3451 2509 retudi/ires
3491 2441 3636 2512 (Jer.
3683 2443 3731 2495 l.
3764 2441 3867 2512 l0)
3903 2459 3917 2505 ;
3951 2443 4027 2496 il-

2425 2529 2511 2582 ltttl
2542 2530 2790 2598 quidem,
2821 2540 2879 2583 ut
2924 2531 3190 2599 agricola;
3235 2531 3336 2586 hoc
3365 2541 3544 2585 autem
3573 2541 3630 2584 ttt
3673 2530 4025 2586 architectus.

2425 2621 2503 2673 iis
2539 2636 2603 2674 eo
2632 2636 2815 2673 rursus
2852 2621 3192 2689 perturbatur
3219 2635 3340 2689 pars
3377 2636 3563 2674 eorum
3607 2621 3697 2690 qui
3741 2621 4018 2691 marsupia

2423 2720 2684 2780 spectant.
2723 2711 2848 2764 Post
2871 2710 2986 2764 haec
3023 2726 3204 2764 curam
3231 2711 3404 2765 vietus
3447 2727 3633 2765 eorum
3667 2710 3859 2776 habet,
3890 2710 4026 2764 hor-

2425 2811 2542 2854 tans
2570 2816 2664 2854 eos
2696 2811 2752 2854 ut
2782 2801 3019 2854 contenti
3059 2802 3165 2856 sint
3205 2801 3315 2854 suis
3355 2801 3622 2874 obsoniis,
3667 2816 3767 2857 nec
3790 2800 4022 2857 divitum

2423 2891 2637 2946 nidores
2665 2902 2988 2961 sequantur,
3023 2908 3089 2944 ne
3109 2932 3121 2955 ,
3151 2893 3275 2945 dum
3309 2891 3498 2946 ducem
3528 2892 3728 2948 habent
3765 2892 3973 2948 fumum
3998 2935 4020 2960 ,

2425 2984 2850 3051 intetnperantim
2883 2983 2987 3051 igni
3015 2984 3293 3037 tradantur
3317 3025 3332 3047 ,
3359 2982 3695 3038 adulatorum
3730 2995 3785 3038 et
3814 2984 4025 3053 parasi-

2425 3087 2596 3127 torum
2621 3076 2780 3126 vitam
2803 3073 3011 3128 sectati.
3038 3074 3170 3128 llinc
3194 3074 3431 3143 p‘erique
3449 3089 3480 3128 e
3505 3073 3816 3129 lurconibus
3835 3089 4023 3130 emer-

2423 3182 2546 3231 gere
2575 3167 2825 3235 incipiunt
2851 3209 2864 3231 ,
2917 3177 2968 3221 et
3016 3168 3336 3236 copulantur
3376 3167 3658 3221 calumniae
3701 3166 4020 3224 artiﬁcibus.

2422 3257 2549 3311 Post
2578 3258 2690 3312 luec
2715 3259 2980 3312 oceonouti
3012 3258 3218 3311 tabulas
3247 3268 3535 3324 scrutatur,
3557 3267 3610 3313 et
3633 3258 3834 3328 reperit
3859 3274 4016 3315 sum-

2411 3357 2532 3414 ptus
2551 3343 3063 3409 lieclesiteinutiles;
3081 3359 3134 3404 et
3159 3348 3346 3403 horum
3375 3349 3670 3404 subsidium
3693 3363 3908 3405 cessare
3927 3350 4024 3421 ju-

2426 3439 2530 3491 bet.
2561 3437 2716 3491 Venit
2743 3437 2864 3492 inde
2891 3438 2956 3491 ad
2985 3439 3369 3493 examinandos
3390 3450 3633 3508 sumptus
3655 3439 3890 3509 episcopi
3911 3481 3928 3506 ,
3960 3449 4020 3495 et

2424 3530 2625 3582 invenit
2655 3531 2992 3584 immodicam
3027 3531 3416 3600 profusionem;
3462 3541 3621 3602 atque
3651 3532 3862 3586 illorum
3890 3547 4023 3602 pro-

2421 3620 2567 3674 fusos
2598 3629 2837 3690 sumptus
2875 3621 2940 3674 ad
2965 3622 3330 3676 nosocomium
3367 3623 3637 3678 transferri
3664 3623 3835 3693 jubet.
3866 3622 4009 3678 Cum

2421 3721 2596 3765 autem
2625 3713 2915 3765 necessitas
2955 3713 3332 3779 invalesceret,
3364 3715 3514 3783 plura
3549 3714 3856 3769 nosocomia
3886 3714 4021 3770 tedi-

2425 3805 2544 3856 tieat
2566 3845 2579 3865 ,
2605 3818 2922 3871 prmpouens
2971 3805 3310 3875 presbyteros
3333 3805 3449 3874 pios
3470 3807 3604 3858 duos
3627 3821 3642 3868 ;
3674 3815 3934 3874 praetcrea
3958 3814 4021 3859 et

2423 3893 2659 3948 medicos
2684 3902 2738 3947 et
2757 3908 2957 3963 coquos
2979 3904 3137 3965 atque
3158 3895 3326 3950 bonos
3347 3896 3566 3965 opifices
3610 3912 3638 3950 e
3659 3896 3899 3950 etelibum
3921 3911 4018 3951 or-

2422 3984 2545 4038 dine
2565 3985 2630 4038 ad
2650 4000 2834 4038 eorum
2854 3985 3206 4040 ministerium
3234 4005 3246 4040 :
3272 3996 3328 4039 ut
3349 3986 3690 4042 advenientes
3712 3987 3949 4057 hospites
3964 3997 4022 4043 et

2423 4078 2609 4131 morbo
2635 4078 2864 4147 correpti
2892 4088 3225 4142 curarentur,
3249 4078 3408 4151 idque
3429 4094 3549 4134 cum
3573 4092 3790 4149 propter
3815 4079 4019 4133 bonum

2422 4170 2590 4238 ipsum
2615 4211 2628 4234 ,
2662 4179 2770 4222 tum
2801 4179 3018 4238 propter
3045 4170 3268 4240 gloriam
3291 4168 3609 4225 Servatoris.
3635 4170 3761 4223 Post
3791 4169 3894 4223 hoc
3921 4169 4022 4224 ad-

2422 4273 2576 4317 vocat
2603 4263 2880 4317 viduarum
2913 4263 3192 4328 ordinem,
3221 4263 3561 4333 undiquaque
3596 4275 3844 4332 quaerens
3870 4276 4022 4330 qua:-

2425 4371 2545 4408 nam
2598 4355 2735 4408 inter
2776 4369 2866 4408 eas
2897 4371 3000 4408 non
3035 4363 3180 4409 recte
3226 4355 3506 4419 viverent;
3541 4353 3661 4407 etsi
3694 4366 3827 4422 quas
3872 4353 4029 4408 inve-

2426 4446 2592 4499 uisset
2625 4445 2836 4514 corpori
2863 4445 3068 4516 deditas
3089 4488 3102 4509 ,
3141 4444 3460 4500 admonebat
3503 4452 3561 4498 ut
3580 4453 3672 4497 aut
3691 4443 4023 4513 jejunarent.

2423 4537 2752 4590 abstinentes
2782 4551 2808 4586 a
2841 4536 3044 4589 balneis
3083 4547 3241 4606 atque
3287 4537 3570 4606 exquisitis
3612 4534 3896 4599 vestibus;
3925 4543 4026 4588 aut

2427 4632 2667 4698 protinus
2712 4630 2778 4683 ad
2825 4631 3085 4684 secundas
3130 4631 3341 4700 nuptias
3388 4629 3778 4690 concederent,
3818 4641 3888 4680 ne
3933 4626 4023 4680 lex

2427 4723 2636 4776 Domini
2662 4723 2906 4791 injuriam
2935 4733 3222 4791 pateretur.
3263 4722 3465 4776 Deinde
3496 4720 3808 4773 hortabatur
3847 4732 4027 4788 pepu-

2428 4817 2504 4867 Ιος
2524 4857 2538 4878 ,
2567 4824 2622 4868 ιιι
2651 4815 2701 4868 in
2746 4816 3022 4868 nocturnis
3056 4815 3302 4884 precibus
3326 4811 3526 4866 assidui
3567 4819 3782 4874 essent,
3826 4809 4023 4862 horum

2423 4917 2602 4961 autem
2651 4922 2847 4961 uxores
2891 4906 3034 4959 domi
3089 4913 3402 4965 manerent,
3450 4917 3544 4958 eas
3591 4899 3825 4956 interdiu
3864 4914 4026 4954 orare

2425 4999 2717 5053 exhortans
2741 5041 2754 5064 ,
2784 4999 2922 5068 quod
2953 5000 3048 5052 viri
3082 4996 3314 5052 interdiu
3340 4989 3456 5047 non
3473 4998 3743 5048 vacarent.
3768 4989 3895 5045 llaec
3924 5005 4027 5041 au-

2429 5102 2532 5144 tem
2563 5091 2740 5145 omnia
2781 5091 3045 5160 angebant
3075 5088 3487 5157 negligentiores
3527 5099 3558 5139 e
3585 5084 3764 5147 clero,
3805 5089 4022 5136 noctem

2429 5193 2590 5237 totam
2614 5174 2848 5236 dormire
2871 5183 3076 5236 solitos.
3103 5182 3228 5234 Post
3269 5179 3382 5232 ha‘c
3410 5171 3761 5248 apprehendit
3783 5173 4021 5243 gladium

2427 5276 2860 5346 reprehensionis
2890 5275 3148 5345 adversus
3171 5273 3383 5338 divites,
3415 5272 3699 5324 abscessus
3739 5266 3901 5320 animi
3927 5280 4022 5320 co-

2429 5385 2544 5422 rum
2577 5384 2765 5423 secans
2790 5408 2805 5432 ,
2840 5367 3189 5422 humilitatem
3218 5365 3365 5434 ipsos
3391 5362 3623 5418 edocens
3655 5368 3731 5429 ﬁt
3771 5373 3893 5416 cum
3926 5358 4024 5412 ho-

2427 5460 2659 5514 minibus
2685 5459 2906 5529 reliquis
2933 5458 3174 5514 modeste
3195 5470 3353 5524 agere
3373 5495 3387 5518 ,
3432 5453 3728 5522 apostolico
3777 5451 4020 5504 sermoni

2429 5567 2631 5605 morem
2663 5565 2852 5621 gerens
2872 5592 2887 5616 ,
2918 5551 3008 5621 qui
3039 5557 3123 5604 est
3148 5543 3214 5601 ad
3242 5545 3580 5600 Timetlteum
3607 5537 3896 5597 :‘Dim‘tibus
3922 5543 4026 5594 Int-

2426 5646 2510 5714 jus
2535 5645 2708 5699 stcculi
2738 5644 2985 5714 prox-ipe,
3010 5651 3110 5696 u‘on
3141 5640 3354 5695 sublime
3387 5652 3584 5705 sapere,
3632 5650 3791 5702 neque
3819 5646 4024 5701 sperare

2432 5741 2484 5791 in
2514 5740 2702 5792 incerto
2748 5738 3039 5791 divitiarum
3067 5735 3118 5807 (ι
3154 5732 3282 5788 Tim.
3315 5732 3369 5786 6.
3419 5731 3484 5784 l7
3508 5730 3547 5801 ).
3585 5725 3718 5782 Cum
3748 5725 3905 5798 igitur
3935 5737 4022 5778 res
