4234 6310
187 341 243 395 2i
1218 333 1303 387 DE
1346 329 1498 386 VITA
1542 330 1597 386 S.
1639 329 1913 385 JUANNIS
1950 326 2443 383 Clll‘tYSOSTOMI.
3413 328 3481 380 εει

194 456 257 509 ita
284 468 333 508 se
375 454 673 518 haberent,
709 450 944 506 Ecclesia
985 450 1033 502 in
1065 448 1177 503 dies
1207 446 1574 502 efﬂoresccnte
1597 446 1646 498 itt
1671 460 1781 497 me-

196 545 290 598 lius
310 585 329 609 ,
356 553 412 599 et
442 553 553 598 tota
582 541 799 596 civitate
830 540 880 594 in
918 539 1170 608 pietatem
1218 536 1588 591 transformata
1616 577 1629 599 ,
1661 534 1777 586 ani-

195 634 487 701 mabusqvtc
517 630 764 685 castitate
794 638 847 683 et
876 626 1174 698 psalmodia
1218 624 1628 689 exsultantibus,
1674 638 1779 676 non

194 725 310 780 tulit
340 724 608 777 bonorum
639 736 762 775 osor
784 720 991 773 daemon
1022 717 1197 787 fugam
1222 730 1406 771 eorum
1433 715 1521 783 qui
1551 714 1617 767 ab
1666 714 1781 781 ipso

192 815 514 872 tenebantur
534 856 549 878 ,
570 828 705 882 quos
731 811 937 865 Domini
965 824 1142 864 sermo
1163 823 1256 877 per
1279 806 1501 861 Joannis
1529 804 1780 876 praedica-

192 906 391 960 tionem
424 905 493 959 ab
523 919 589 959 eo
619 911 927 956 amoverat:
960 901 1028 953 ita
1056 898 1226 968 utqui
1265 898 1390 952 circi
1429 911 1611 950 amore
1642 896 1781 948 insa-

188 996 408 1049 niebant
457 1003 511 1048 et
559 993 896 1047 theatralium
925 988 1384 1060 spectaculorum,
1429 985 1627 1040 relictis
1666 984 1781 1038 dia-

192 1088 292 1144 boli
323 1088 481 1141 atriis
500 1126 514 1151 ,
543 1084 743 1139 cursim
769 1084 835 1137 ad
861 1083 1042 1138 caulas
1087 1081 1385 1136 Servatoris
1427 1080 1743 1133 accederent
1762 1116 1777 1141 ,

188 1180 328 1247 capti
359 1192 545 1231 amore
576 1177 765 1230 Iistnl:e
794 1175 1019 1242 pastoris
1050 1173 1228 1227 ovium
1259 1170 1507 1224 amantis.

256 1269 389 1323 (Ite.
422 1285 567 1322 vt.——
594 1268 671 1322 Ex
702 1267 803 1321 hoc
846 1265 1299 1321 mercenariorum
1323 1270 1597 1332 pastorum
1630 1275 1781 1313 men-

190 1372 270 1414 tes
304 1360 439 1413 livor
468 1367 732 1427 occupat,
765 1358 853 1427 qui
883 1372 947 1411 ex
980 1354 1375 1424 comparatione
1401 1352 1775 1423 arguebantur.

188 1453 287 1519 Qui
317 1467 439 1506 cum
461 1466 585 1507 eum
615 1465 866 1519 superare
896 1464 1000 1503 non
1035 1446 1360 1507 valuissent,
1394 1459 1459 1499 eo
1497 1441 1638 1513 quod
1674 1457 1778 1496 non

188 1542 510 1598 advocarent
540 1539 756 1596 invidim
779 1540 1166 1595 destruetorem
1213 1534 1499 1589 Dominum
1525 1550 1536 1585 :
1570 1531 1773 1586 calum-

190 1633 304 1687 nias
333 1640 553 1686 nectunt
578 1630 831 1684 adversus
848 1628 1107 1683 Joannem
1132 1667 1147 1693 ,
1177 1625 1438 1694 aliquibus
1464 1622 1578 1692 ejus
1608 1622 1779 1675 homi-

191 1725 271 1776 liis
308 1709 630 1777 detortis-in
667 1723 817 1789 jocos
843 1718 1101 1772 adversus
1125 1716 1416 1785 Augustam
1459 1723 1511 1768 et
1551 1712 1682 1766 alios
1713 1728 1778 1766 cx

187 1815 305 1868 aula
336 1812 702 1882 Imperatoris.
727 1810 958 1879 Contigit
984 1818 1157 1862 autem
1184 1817 1240 1861 ut
1265 1805 1317 1859 id
1350 1805 1603 1873 temporis
1642 1803 1778 1856 Aca-

188 1910 300 1960 cius
321 1948 335 1971 ,
366 1906 652 1973 episcopus
683 1903 905 1967 Burrum,
940 1898 1028 1969 qui
1067 1898 1356 1953 advenerat
1395 1893 1776 1949 Constantino-

188 2001 373 2068 polim,
394 1998 803 2067 haudquaquam
824 1995 1021 2048 bonum
1051 1990 1336 2061 hospitium
1359 1988 1774 2049 nancisceretur,

190 2104 241 2147 ut
286 2091 501 2147 ditebat
532 2132 547 2155 ,
582 2098 635 2143 et
682 2086 751 2141 ob
796 2086 896 2140 hoc
938 2097 1203 2145 lll(BI'CIIS,
1235 2083 1310 2135 ira
1355 2079 1773 2139 intumescebat,

186 2182 336 2252 quasi
380 2181 653 2250 neglectus
693 2193 721 2231 a
753 2178 975 2252 Joanne.
1005 2172 1423 2244 Cngitationibus
1467 2180 1643 2225 autem
1674 2169 1775 2222 int-

188 2248 482 2327 moderatis
533 2270 740 2333 victus,
795 2248 1080 2322 ab-drdum
1147 2277 1448 2318 sermonem
1500 2275 1563 2315 ex
1618 2259 1779 2313 abun-

188 2365 368 2419 dantia
404 2364 581 2417 cordis
610 2361 762 2415 cili-rt
793 2361 1006 2430 dignum
1048 2373 1141 2412 sua
1185 2365 1363 2411 mente
1388 2397 1402 2420 ,
1428 2352 1779 2423 praesentibus

187 2456 507 2527 quibusdam
536 2453 757 2509 Joannis
804 2450 1014 2507 clericis
1035 2490 1051 2516 ,
1090 2447 1273 2502 dicens
1300 2464 1312 2498 :
1342 2446 1456 2516 Ego
1480 2444 1578 2514 ipsi
1616 2443 1778 2497 ollam

187 2550 403 2603 condio.
448 2546 654 2601 Exinde
683 2545 842 2614 igitur
868 2542 1183 2611 eonjunctus
1213 2547 1296 2593 est
1320 2536 1641 2599 Severiano,
1667 2534 1778 2587 An-

190 2639 369 2694 tiocho
391 2681 405 2703 ,
454 2637 654 2691 Isaacio
690 2633 905 2705 Syrisce
930 2675 945 2698 ,
993 2628 1413 2686 circumforaneo
1436 2668 1449 2693 ,
1491 2624 1778 2696 praeposito

195 2730 331 2781 'aIsis
364 2726 663 2790 monachis,
688 2724 809 2777 trito
840 2723 890 2776 in
919 2720 1185 2791 perpetuis
1213 2718 1471 2773 adversus
1500 2716 1779 2786 episcopos

188 2817 473 2872 calumniis
507 2834 519 2868 :
554 2814 853 2869 deliberant
881 2811 1076 2865 armari
1106 2810 1308 2864 scilicet
1337 2808 1593 2863 adversus
1619 2804 1779 2860 Joan-

191 2924 311 2962 ne-m
339 2925 353 2972 ;
383 2922 571 2962 revera
600 2914 776 2958 autem
806 2912 989 2957 contra
1016 2900 1238 2971 gloriam
1270 2897 1588 2954 Servatoris.
1610 2894 1780 2949 Caste-

192 3012 349 3062 rnm,
397 3010 520 3049 cum
570 2993 843 3047 misissent
895 2991 1126 3063 primum
1174 2986 1509 3043 Antiochiam
1539 3026 1553 3050 ,
1610 2983 1781 3037 adole-

190 3087 411 3141 scentia:
441 3086 560 3154 ejus
597 3083 789 3138 delicta
810 3081 1165 3151 perquirunt.
1191 3077 1291 3133 Ubi
1322 3090 1447 3131 vero
1494 3074 1781 3143 defecerunt

191 3186 471 3230 scrutantes
518 3174 848 3229 scrutatione:
875 3170 1045 3242 (Paul.
1078 3170 1166 3225 65.
1195 3170 1273 3239 7),
1299 3177 1353 3240 et
1393 3168 1523 3223 nihil
1564 3168 1781 3221 invene-

194 3275 351 3329 runt,
385 3266 605 3319 mittunt
632 3262 1006 3318 Alexandriam
1058 3259 1125 3315 ad
1155 3259 1435 3328 Theophili
1472 3256 1733 3312 vafritiem
1763 3296 1777 3321 ,

192 3357 277 3425 qui
308 3356 587 3410 dicebatur
609 3353 913 3423 Cat/iuratis,
934 3350 1148 3405 solertis
1180 3350 1300 3406 talia
1323 3348 1497 3403 moliri
1530 3366 1542 3400 :
1572 3347 1660 3418 qui
1683 3355 1782 3401 sta-

195 3451 283 3501 tim
313 3448 578 3517 replicans
599 3446 795 3500 mentis
822 3459 931 3499 suae
952 3444 1219 3499 volumina
1244 3457 1364 3497 cum
1388 3441 1496 3495 otio
1526 3449 1579 3494 et
1603 3439 1781 3509 quiete

193 3540 527 3604 latrocinali,
558 3536 795 3607 cujusvis
840 3538 999 3591 etiam
1052 3541 1343 3603 pra-textus
1383 3532 1616 3602 speciem
1656 3529 1778 3584 dili-

192 3640 380 3700 genter
423 3616 877 3699 perscrutabatur.
909 3626 1059 3680 Duc.
1090 3623 1263 3689 Siste,
1297 3625 1491 3688 Pater,
1516 3621 1780 3676 sermonis

193 3724 264 3775 tui
291 3735 510 3775 cursum
534 3760 550 3783 ,
580 3726 865 3787 antequam
890 3715 1201 3780 obliviscar,
1234 3723 1293 3769 ut
1320 3713 1411 3767 tibi
1442 3712 1615 3767 dicam
1655 3726 1781 3765 cau-

192 3826 306 3865 sam
332 3853 348 3874 ,
376 3826 497 3881 qua:
523 3809 591 3863 ad
619 3824 717 3864 nos
744 3822 911 3877 usque
940 3805 1260 3861 Alexandria
1306 3805 1549 3874 pervenit
1575 3813 1625 3859 et
1656 3818 1778 3872 per-

191 3901 418 3956 crebuit.
449 3899 713 3955 Joannem
767 3898 908 3953 enim
957 3896 1107 3950 aiunt
1146 3896 1370 3951 clericos
1416 3910 1446 3949 a
1481 3893 1781 3962 Theophilo

193 3990 468 4059 depositas
521 3988 805 4043 admisisse
855 3986 921 4040 ad
987 3986 1450 4049 communionem;
1494 3993 1653 4053 atque
1704 3984 1776 4038 ita

192 4078 550 4148 Theophilum
576 4076 865 4132 offendisse
896 4096 909 4131 :
940 4074 1082 4145 quod
1124 4076 1344 4129 minime
1386 4074 1580 4128 factum
1621 4087 1780 4142 opor-

118 4151 127 4159 ’
194 4173 290 4224 tuit
318 4188 332 4223 :
366 4168 505 4224 adeo
540 4176 683 4223 utex
707 4181 773 4223 eo
801 4166 1041 4223 infensus
1069 4165 1282 4231 Joanni,
1322 4179 1629 4236 oppugnare
1655 4180 1778 4219 eum

194 4275 479 4332 aggressus
505 4262 595 4316 sit.
628 4259 801 4313 Ense.
830 4258 1025 4312 Demus
1053 4258 1194 4312 hunc
1221 4271 1510 4321 rumorem,
1540 4255 1630 4325 qui
1658 4271 1778 4324 per-

195 4350 431 4413 crebuit,
463 4363 583 4403 esse
612 4363 798 4403 verum
832 4366 844 4401 :
883 4362 952 4402 an
979 4346 1215 4416 episcopi
1244 4354 1359 4412 est,
1392 4345 1589 4399 malum
1638 4346 1779 4399 malo

193 4442 425 4497 cut-are?
448 4450 504 4495 et
534 4439 623 4494 ubi
649 4447 731 4495 est
769 4439 899 4493 illud
940 4438 1210 4509 Evangelii
1236 4437 1377 4508 qubd
1402 4438 1512 4503 ait,
1543 4436 1639 4491 Sol
1680 4454 1781 4495 non

194 4532 389 4586 occidat
414 4546 569 4601 super
595 4530 908 4584 iracundiam
924 4540 1135 4583 vestram
1154 4527 1228 4599 (Ε
1232 4529 1372 4597 pltea.
1395 4527 1544 4599 4.26)
1569 4528 1590 4581 ?
1614 4529 1699 4581 ubi
1720 4528 1781 4581 il-

197 4624 283 4676 lud
306 4620 561 4692 apostoli,
601 4620 749 4674 Vince
767 4619 1177 4673 iubanomalum
1205 4603 1379 4689 (Rom.
1414 4619 1499 4672 1‘2.
1522 4618 1613 4687 2|)
1638 4617 1660 4670 ?
1692 4618 1780 4671 tibi

195 4714 321 4769 illud
348 4712 646 4783 proplteLe,
669 4711 728 4767 Si
746 4711 943 4765 reddidi
963 4712 1343 4765 retribuentibus
1360 4710 1481 4764 milti
1503 4710 1638 4763 mala
1658 4708 1778 4780 (Ps.

197 4806 247 4856 7.
277 4804 379 4873 5)?
409 4802 611 4857 Deinde
639 4817 765 4857 num
795 4802 1075 4871 operosius
1105 4810 1221 4857 erat
1257 4815 1438 4856 coram
1474 4800 1782 4856 reverendis

199 4893 465 4963 episcopis
494 4907 615 4946 eum
654 4906 908 4946 accusare
947 4901 1001 4946 et
1034 4891 1214 4946 dicere
1243 4908 1257 4947 :
1292 4890 1476 4946 Frater
1500 4891 1740 4946 Joannes
1764 4932 1779 4957 ,

199 4983 299 5039 hoc
326 4992 419 5038 aut
448 4982 580 5037 illud
609 4997 677 5038 an
709 4982 1018 5053 imprudens
1047 4982 1215 5037 fecisti
1242 4982 1265 5035 ἲ
1294 4991 1347 5037 et
1388 4982 1648 5037 Joannem
1684 4983 1783 5039 de-

201 5073 457 5129 fensionis
501 5073 616 5134 loco
640 5073 839 5140 dicere,
861 5088 971 5127 rem
999 5073 1268 5143 ignorasse
1287 5073 1387 5127 se?
1414 5073 1563 5128 Duc.
1591 5074 1782 5129 Verum

201 5163 353 5230 dicis,
376 5163 423 5217 si
450 5162 600 5217 in-eo
627 5160 814 5217 fuisset
835 5163 1080 5218 voluntas
1109 5163 1268 5227 bona,
1292 5177 1391 5217 nec
1415 5165 1785 5233 praetexuisset

202 5253 523 5308 clericorum
580 5264 833 5317 causam,
891 5262 949 5305 ut
1003 5252 1269 5321 propriam
1320 5252 1451 5306 iram
1520 5254 1782 5323 expleret.

208 5342 378 5398 Ense.
408 5343 515 5397 Per
540 5342 790 5397 'i-tnorem
822 5341 915 5395 Dei
942 5342 1030 5411 qui
1059 5341 1277 5396 inﬁnitis
1304 5343 1582 5397 timoribus
1608 5344 1783 5399 domi-

206 5443 377 5500 natur,
411 5448 520 5487 non
570 5432 725 5486 aliter
757 5430 849 5485 tibi
879 5430 1050 5485 dicam
1073 5472 1089 5499 ,
1118 5446 1276 5502 quam
1318 5440 1375 5485 ut
1416 5447 1474 5487 se
1505 5433 1663 5488 habet
1710 5436 1785 5489 rei

208 5537 387 5581 natura
414 5526 483 5582 de
515 5524 579 5579 iis
608 5523 849 5587 clericis,
880 5538 1011 5595 quos
1052 5524 1380 5579 memorasti.
1407 5524 1639 5579 Isidorus
1665 5527 1786 5594 qui-

208 5617 317 5671 dam
349 5618 632 5688 presbyter
660 5631 726 5670 ex
771 5614 914 5668 beati
942 5616 1116 5685 magni
1144 5614 1415 5670 Athanasii
1450 5615 1785 5672 ordinatione

213 5719 473 5782 Supererat
499 5751 517 5777 ,
550 5707 942 5779 octogesimum
969 5708 1139 5763 aetatis
1176 5723 1369 5763 anmtm
1397 5723 1592 5781 agens,
1622 5725 1780 5781 quem

1892 453 2083 497 norunt
2108 442 2468 495 Romanorum
2512 440 2747 510 plerique
2773 440 3256 495 ecclesiasticarum
3303 454 3479 495 rerum

1890 547 2047 587 causa
2104 532 2330 586 Romam
2377 532 2623 594 venisse,
2655 546 2774 585 cum
2826 530 3163 586 Alexandriae
3210 530 3478 599 hospitmn

1890 633 2166 692 susceptor
2210 634 2370 677 esset.
2406 622 2482 675 'l'u
2534 636 2662 676 vero
2714 630 2767 677 et
2821 623 2934 692 ipse
2985 622 3127 676 nosti
3182 622 3477 684 hominem,

1890 715 2102 783 quando
2148 730 2266 769 cum
2312 715 2503 770 Acacio
2550 716 2809 782 veniens,
2844 715 3082 769 Flaviani
3126 730 3249 769 cum
3289 713 3471 770 'l‘bco-

1890 806 2033 873 philo
2063 806 2493 861 communionem
2522 807 2699 860 attulit
2725 847 2738 870 ,
2770 807 2952 876 viginti
2982 812 3153 860 ann’os
3196 806 3477 876 abruptam

1888 897 2025 950 beati
2054 897 2265 966 Evagrii
2290 912 2450 951 causa
2472 915 2485 950 :
2510 900 2597 968 qui
2630 898 2853 968 plurima
2882 899 3173 953 certamina
3202 897 3252 951 in
3284 898 3477 953 obeun-

1888 987 1968 1041 dis
2009 987 2386 1042 ecclesiasticis
2431 988 2702 1041 Iaboribus
2733 988 2969 1057 pertulit.
3014 987 3145 1041 lluie
3185 988 3343 1058 igitur
3378 984 3475 1041 isi«

1888 1079 2019 1134 doro
2050 1080 2241 1134 mulier
2276 1080 2522 1150 quaedam
2567 1079 2721 1134 vidua
2754 1096 2784 1135 e
2827 1080 3162 1157 magnatibus
3199 1080 3290 1134 dat
3330 1081 3509 1142 mille.

1887 1185 2074 1225 aureos
2095 1212 2108 1234 ,
2138 1172 2420 1241 adegitque
2462 1171 2811 1241 jurejurando
2842 1188 2938 1241 per
2964 1172 3267 1226 Servatoris
3317 1188 3473 1226 men-

1887 1278 2020 1328 sam,
2041 1264 2237 1332 emptis
2266 1264 2501 1318 vestibus
2521 1265 2862 1333 pauperiores
2888 1263 3223 1318 Alexandriae
3248 1264 3475 1319 feminas

1887 1365 2249 1411 contecturunt
2306 1357 2439 1410 clam
2490 1355 2817 1424 The0philo,
2849 1371 2915 1410 ne
2969 1357 3012 1409 is
3068 1371 3315 1409 nummos
3357 1357 3475 1411 illos

1886 1455 2121 1516 caperet,
2143 1456 2299 1515 atque
2317 1445 2688 1514 comparandis
2719 1445 2984 1515 lapidibus
3016 1447 3329 1500 insumeret.
3363 1446 3471 1499 La-

1888 1536 2066 1606 pidum
2113 1537 2256 1589 enim
2305 1537 2449 1591 fut-0r
2477 1536 2689 1606 quidam
2726 1536 3057 1590 Pharaonius
3088 1537 3262 1605 ipsum
3298 1538 3472 1603 possi—

1885 1627 1972 1680 det
1997 1668 2010 1691 ,
2043 1627 2107 1680 ad
2137 1626 2357 1681 Ludificia
2386 1627 2578 1696 quibus
2601 1627 2731 1680 nihil
2763 1627 2959 1696 indiget
2984 1627 3243 1682 Ecclesia.
3267 1629 3330 1681 Et
3357 1628 3472 1683 hmc

1884 1718 2096 1788 quidem
2126 1719 2432 1773 mittamus:
2464 1718 2603 1787 quod
2630 1726 2807 1771 autem
2837 1717 2904 1772 de
2937 1717 3142 1772 Isidoro
3174 1727 3344 1788 urget,
3380 1735 3472 1771 au-

1883 1811 1954 1864 di.
1984 1811 2116 1865 Cum
2145 1811 2300 1881 igitur
2327 1810 2560 1865 Isidorus
2590 1824 2683 1865 eos
2725 1824 2973 1865 nunnnos
3003 1811 3299 1879 accepisset
3325 1851 3339 1874 ,
3373 1811 3472 1862 im-

1886 1902 2066 1971 pendit
2096 1902 2435 1971 pauperculis
2463 1911 2516 1955 et
2547 1900 2720 1954 viduis
2752 1900 3087 1954 mulieribus.
3116 1900 3377 1953 Alicunde
3418 1901 3469 1954 id

1884 1994 2033 2047 novit
2080 1992 2409 2061 TheOphiIus
2435 2007 2446 2044 :
2477 1991 2609 2045 nihil
2649 1990 2793 2045 enim
2826 1991 2999 2059 ipsum
3047 1990 3244 2045 latebat
3283 2006 3466 2046 eorum

1884 2102 2003 2156 qua:
2028 2086 2220 2155 ubique
2254 2086 2443 2139 tierent
2473 2093 2525 2139 et
2552 2082 2883 2148 dicerentur,
2914 2091 3097 2151 utpote
3124 2082 3212 2152 qui
3245 2082 3471 2137 haberet

1882 2186 1936 2231 ct
1963 2178 2218 2230 factorum
2251 2185 2303 2228 et
2332 2176 2595 2229 dictorum
2637 2174 3005 2242 exploratores
3029 2212 3043 2239 ,
3073 2188 3138 2226 ne
3186 2173 3340 2226 aliter
3375 2188 3470 2227 cos

1883 2267 2161 2336 appellem.
2195 2264 2461 2319 Isidorum
2500 2272 2726 2329 evocat,
2768 2261 3045 2315 moderate
3097 2263 3465 2331 interrogans,

1882 2377 1947 2414 an
1973 2376 2033 2415 ea
2062 2360 2133 2414 ita
2162 2374 2219 2413 se
2260 2359 2535 2414 haberent.
2567 2357 2681 2411 Non
2724 2356 2936 2426 negavit
2975 2356 3211 2411 Isidorus
3239 2397 3254 2421 ,
3281 2356 3467 2425 reique

1885 2453 2045 2506 totius
2070 2450 2590 2506 administrationem
2633 2449 2809 2504 fassus
2831 2457 2931 2503 est.
2964 2448 3080 2515 Quo
3128 2448 3217 2502 ille
3248 2447 3429 2501 audito
3452 2487 3467 2513 ,

1883 2555 2097 2595 scenam
2130 2548 2298 2593 mutat
2326 2557 2336 2589 :
2368 2546 2423 2594 et
2451 2539 2540 2610 qui
2579 2537 2738 2608 paulo
2773 2546 2898 2592 ante
2954 2538 3005 2591 in
3054 2538 3471 2607 interrogatione

1884 2633 2189 2703 moderatus
2215 2647 2276 2686 ae
2306 2632 2442 2687 lenis
2471 2640 2814 2700 apparuerat,
2845 2640 3121 2685 momento
3142 2641 3260 2701 post
3288 2631 3471 2683 audito

1886 2723 2069 2778 Isidori
2127 2737 2420 2792 responso,
2464 2731 2605 2776 totus
2654 2722 2940 2787 intumuit,
2988 2730 3186 2776 mutata
3237 2721 3467 2775 subinde

1886 2812 2037 2866 facie.
2072 2812 2139 2866 Et
2164 2827 2283 2865 cum
2318 2812 2588 2882 paululum
2617 2811 2930 2880 quicvisset,
2960 2822 3014 2865 ut
3042 2814 3188 2867 canis
3214 2813 3304 2878 qui
3331 2811 3468 2864 clam

1885 2903 2131 2968 mordet,
2167 2911 2285 2970 post
2313 2916 2522 2956 menses
2569 2900 2705 2955 duos
2753 2910 3046 2955 convocato
3071 2901 3236 2963 clero,
3267 2900 3473 2969 profert

1884 2992 2180 3046 chartulam
2227 3000 2489 3060 praesente
2542 2989 2792 3056 lsodoro,
2838 2991 3064 3045 dicens:
3100 2990 3246 3045 Hanc
3288 2990 3471 3059 accepi

1886 3093 2009 3137 ante
2039 3082 2223 3137 decem
2249 3091 2301 3137 et
2330 3090 2451 3137 octo
2476 3096 2644 3137 annos
2665 3123 2679 3146 ,
2708 3081 2908 3137 Isidore
2929 3121 2945 3146 ,
2991 3079 3248 3133 adversus
3292 3089 3344 3133 te
3369 3095 3383 3143 ;
3416 3088 3472 3132 et

1884 3173 2133 3245 quoniam
2162 3171 2314 3226 valde
2341 3182 2629 3241 occupatus
2650 3186 2817 3235 eram,
2849 3185 2963 3225 rem
2992 3169 3207 3224 silentio
3230 3168 3423 3242 tradidi
3455 3186 3469 3223 :

1886 3275 2025 3315 nunc
2051 3274 2179 3315 vero
2217 3260 2347 3314 alias
2371 3262 2584 3315 chartas
2631 3275 2878 3331 qumrens
2902 3301 2917 3326 ,
2952 3260 3092 3313 hanc
3119 3259 3185 3313 de
3226 3268 3277 3313 te
3311 3258 3472 3313 char-

1888 3352 2051 3406 tulam
2079 3352 2255 3405 inveni
2288 3368 2301 3403 .
2333 3360 2519 3407 eontra
2552 3351 2690 3406 hanc
2717 3351 2932 3406 institue
2955 3349 3343 3404 defensionem.
3378 3348 3472 3402 IIIa

1885 3452 2079 3497 autem.
2103 3444 2343 3498 chartula
2387 3442 2695 3499 continebat
2722 3442 3119 3497 accusationem
3147 3439 3461 3495 Sodomitiei

1887 3534 2156 3588 criminis.
2210 3534 2291 3589 Ad
2347 3534 2463 3590 hazc
2520 3533 2771 3589 Isodorus
2818 3531 3115 3600 Theophila
3167 3528 3473 3600 respondit,

1886 3625 2179 3679 tlefendens
2216 3640 2274 3681 se
2306 3643 2319 3677 :
2350 3624 2717 3681 Concedamus
2748 3624 2851 3678 hoc
2878 3637 3061 3677 verum
3093 3636 3232 3688 esse,
3264 3632 3317 3677 et
3361 3636 3390 3674 a
3419 3630 3471 3674 te

1889 3725 2159 3784 acceptam
2190 3730 2309 3770 esse
2339 3715 2635 3770 chartulam
2661 3756 2676 3783 ,
2723 3724 2777 3769 et
2824 3712 2917 3768 tibi
2962 3710 3225 3768 excidisse
3256 3731 3269 3767 :
3294 3728 3473 3765 nonne

1886 3807 2073 3861 aderat
2098 3808 2184 3877 qui
2209 3807 2444 3862 libellum
2470 3807 2645 3872 dedit,
2677 3815 2734 3861 ut
2763 3805 2938 3861 denuo
2960 3801 3106 3860 illeia
3140 3815 3191 3859 te
3220 3818 3473 3875 reposce-

1889 3898 2077 3953 retur?
2106 3898 2185 3951 Ad
2230 3898 2342 3953 haec
2382 3898 2709 3967 Theophilus
2742 3916 2755 3952 :
2786 3896 2894 3952 Sed
2938 3911 3044 3950 non
3078 3896 3265 3950 aderat
3309 3910 3470 3963 puer,

1892 3988 2167 4056 navigabat
2188 3988 2333 4041 enim
2363 3989 2414 4041 in
2438 3987 2591 4041 mari.
2609 3986 2672 4041 Et
2696 3985 2928 4040 Isidorus
2948 4003 2961 4038 :
2979 3984 3094 4039 Non
3118 3981 3303 4038 aderat
3323 3992 3470 4049 tunc,

1888 4086 1946 4132 ut
1966 4078 2118 4143 dicis,
2153 4093 2285 4147 papa
2318 4096 2330 4131 :
2369 4086 2486 4146 post
2509 4077 2896 4146 navigationem
2926 4091 3105 4129 nonne
3131 4073 3340 4128 adfuit?
3366 4091 3474 4127 non

1886 4167 2160 4223 secundo?
2188 4183 2292 4222 non
2323 4168 2478 4222 tertio
2503 4167 2678 4221 anno?
2699 4176 2754 4221 et
2784 4166 2929 4221 nunc
2948 4167 2991 4220 si
3022 4165 3201 4230 adest,
3222 4165 3349 4234 jube
3379 4165 3475 4218 hoc

1887 4260 2083 4313 minem
2128 4258 2317 4314 sistere
2350 4272 2429 4313 se.
2481 4256 2561 4312 Ad
2607 4258 2722 4311 haec
2769 4256 3131 4328 TheOphilus,
3159 4271 3320 4326 quem
3359 4256 3474 4326 ipsa

1886 4350 2079 4403 veritas
2109 4349 2561 4418 contemptibilem
2593 4347 2864 4407 redditura
2895 4357 3045 4415 erat,
3090 4364 3205 4403 rem
3236 4349 3288 4402 in
3312 4349 3475 4401 alium

1886 4440 2027 4494 diem
2065 4438 2238 4507 rejicit
2270 4456 2282 4490 :
2312 4447 2367 4492 et
2388 4438 2639 4508 juvenem
2681 4438 2964 4509 quemdam
3008 4438 3478 4508 pollicitationibus

1888 4530 2066 4585 multis
2093 4529 2404 4584 demulcens
2422 4570 2438 4597 ,
2470 4528 2536 4583 ad
2562 4529 2952 4583 accusationem
2991 4538 3177 4583 contra
3199 4528 3475 4583 Isodorutn

1889 4622 2173 4688 instruxit,
2197 4621 2334 4677 datis
2355 4621 2487 4689 ipsi,
2521 4630 2577 4676 ut
2604 4622 2785 4685 aiunt,
2814 4621 3121 4691 quindecim
3151 4622 3363 4675 aureis:
3388 4623 3481 4691 qui

1889 4712 2066 4767 statim
2101 4727 2196 4767 eos
2223 4713 2379 4767 matri
2422 4712 2596 4768 ail’ert.
2636 4713 2725 4767 IIIa
2768 4721 2945 4768 autem
2976 4714 3170 4783 partim
3216 4723 3362 4768 metu
3400 4714 3481 4767 in-

1889 4803 2223 4857 conniventis
2258 4804 2397 4857 oculi
2424 4818 2518 4859 eos
2558 4817 2664 4859 non
2706 4804 2947 4874 accepit,
2980 4804 3175 4875 partim
3203 4800 3380 4874 legum
3416 4806 3483 4857 ti-

1892 4909 2040 4949 more
2070 4894 2335 4965 perculsa,
2358 4896 2597 4965 cogitans
2619 4910 2687 4951 ne
2713 4895 2927 4966 quando
2950 4894 3184 4951 Isidorus
3214 4898 3480 4951 calumnia

1892 4987 2183 5056 appetitus,
2226 4987 2291 5041 ad
2321 4987 2601 5057 praesidem
2632 4988 2920 5058 provincia:
2951 4996 3290 5058 provocarct.
3318 4988 3485 5043 Isido-

1894 5092 2010 5130 rum
2035 5078 2321 5144 convenit,
2354 5086 2513 5147 atque
2558 5079 2659 5148 ipsi
2699 5088 2862 5134 totam
2907 5079 3219 5149 tragoediam
3263 5078 3480 5143 fatetur,

1891 5167 1939 5221 ei
1968 5167 2257 5223 ostendens
2277 5183 2469 5223 aureos
2487 5208 2502 5234 ,
2532 5184 2665 5239 quos
2694 5183 2724 5223 a
2753 5184 2939 5225 sorore
2961 5170 3241 5240 Theophili
3269 5185 3479 5225 merce-

1891 5258 1973 5311 dis
2001 5258 2118 5313 loco
2146 5259 2415 5327 accepisse
2435 5273 2493 5314 se
2510 5260 2722 5315 dicebat
2758 5259 3014 5316 adversus
3038 5261 3297 5316 Isidor-um
3326 5262 3480 5316 inno-

1893 5359 2122 5403 centem.
2154 5350 2219 5403 Et
2248 5350 2336 5404 illa
2357 5350 2569 5419 quidem
2599 5366 2722 5406 cum
2747 5351 2817 5406 ob
2850 5352 3035 5418 multa,
3069 5362 3178 5407 tum
3210 5355 3477 5423 praecipue

1892 5440 1963 5493 ob
2000 5455 2116 5494 eam
2151 5454 2400 5505 causam,
2431 5441 2635 5495 meritis
2679 5441 2850 5509 poenis
2902 5426 3186 5511 persolutis
3231 5445 3475 5503 moritur.

1894 5528 2140 5599 ehirurgo
2167 5531 2430 5584 mamillas
2457 5531 2573 5600 ejus
2602 5541 2843 5587 curante.
2873 5532 3077 5587 Interea
3114 5534 3345 5589 Isidorus
3374 5535 3474 5590 do~

1893 5622 1965 5676 mi
1993 5622 2271 5687 manebat,
2304 5623 2469 5677 Deum
2510 5638 2690 5679 orans.
2719 5624 2859 5679 Puer
2894 5634 3070 5679 autem
3103 5627 3292 5696 partim
3334 5628 3477 5693 leges

1894 5711 2089 5767 veritus
2116 5753 2128 5780 ,
2162 5713 2351 5783 partim
2392 5714 2717 5784 asperiorem
2748 5714 3101 5785 Theophilum
3129 5719 3434 5787 conjectaus
3460 5760 3475 5784 ,
