4234 6310
710 328 781 382 εδ
1983 313 2287 374 ικιωπιυιι

2407 316 2586 374 ALOG
2594 318 2675 375 US
2802 326 2810 330 ”
3925 316 3996 369 Ἦ

713 439 756 491 si
807 449 969 505 scapo
1022 431 1322 498 excideret,
1355 432 1419 487 ad
1457 431 1934 498 ecclesiam,uti!e
1989 448 2292 503 propugna-

716 527 927 593 culum,
970 525 1232 596 confugit,
1267 525 1417 579 altari
1456 524 1767 596 adlicereus,
1807 526 1878 581 lta
1923 524 2254 597 TlteOphilus
2281 569 2294 592 ,

721 619 909 673 silente
954 617 1192 688 justitia,
1251 615 1506 670 Isidorum
1564 614 1802 670 Ecclesia
1847 617 2121 681 eliminat,
2178 632 2297 671 cum

720 706 1043 763 exsecranda
1093 705 1412 777 diviilgaSseI
1440 747 1453 770 ,
1502 705 1811 777 injustiliam
1838 709 2118 785 gravitate
2158 721 2298 776 prae-

721 811 926 854 texens.
961 795 1161 853 Deinde
1193 800 1382 853 timens
1408 797 1642 852 Isidorus
1664 841 1678 865 ,
1720 814 1785 854 ne
1825 798 2035 852 tandem
2061 797 2296 868 graviori

724 907 800 945 ira
829 891 1108 962 instigatus
1141 889 1464 961 Theophilus
1489 933 1504 957 ,
1533 892 1688 946 saluti
1731 908 1839 946 sua:
1887 892 2102 946 insidias
2134 890 2300 944 medi-

723 993 922 1037 taretur
949 985 1104 1053 (nam
1133 981 1196 1036 ad
1224 982 1337 1036 haec
1367 997 1533 1052 usque
1557 983 1716 1037 etiam
1758 984 2001 1054 progredi
2046 983 2216 1050 Solet,
2246 990 2302 1036 ut

712 1073 913 1142 aiunt),
944 1088 1100 1127 cursu
1148 1075 1275 1143 petit
1323 1083 1558 1129 montem
1589 1073 1772 1130 Nitria:
1819 1073 1883 1129 ad
1920 1075 2298 1130 monachorum

724 1164 965 1219 ordinem
994 1207 1008 1232 ,
1041 1165 1130 1220 ubi
1171 1175 1530 1222 commoratus
1573 1166 1742 1220 fuerat
1783 1165 2207 1221 adolescenszet
2249 1166 2301 1220 in

723 1257 853 1309 cella
882 1272 979 1310 sua
1005 1256 1197 1311 sedens
1223 1300 1236 1321 ,
1266 1257 1610 1325 precabatur,
1642 1255 2087 1322 patientissimum
2130 1256 2301 1311 Deum

727 1349 1089 1419 interpellans.
1122 1349 1292 1418 Super
1321 1349 1400 1402 his
1432 1349 1694 1404 indecora:
1720 1358 1769 1404 et
1816 1350 2032 1403 incerta:
2067 1347 2302 1404 victoria:

729 1441 830 1495 sibi
883 1442 1126 1494 conscius
1169 1441 1535 1512 Theophilus,
1595 1441 1756 1495 mittit
1818 1441 1998 1495 literas
2055 1441 2118 1495 ad
2171 1441 2299 1493 viri-

727 1548 824 1586 nos
886 1533 1195 1604 episcopos,
1248 1543 1301 1608 et
1350 1533 1501 1603 jubet
1563 1531 1822 1604 quosdam
1873 1547 1904 1587 e
1957 1531 2220 1601 primariis
2274 1547 2302 1585 a

729 1633 909 1678 monte
945 1633 998 1678 et
1039 1623 1106 1676 ab
1137 1623 1372 1678 interiori
1413 1639 1594 1678 eremo
1624 1623 1843 1695 expelli,
1877 1638 2075 1692 eosque
2121 1623 2306 1692 preci-

737 1729 870 1782 puos
915 1715 1232 1777 monachus,
1264 1715 1476 1768 minime
1515 1714 1693 1768 addita
1721 1713 2014 1778 causa.Qui
2060 1713 2304 1785 monachi

729 1821 848 1857 rum
898 1804 1197 1858 senioribus
1253 1804 1626 1860 Alexandriam
1683 1820 1802 1858 cum
1864 1804 2301 1870 descendisscut,

730 1897 952 1950 orabant
991 1896 1384 1966 Theophilum,
1430 1912 1642 1950 causam
1683 1905 1739 1950 ut
1773 1893 2010 1960 diceret,
2043 1897 2111 1951 ob
2149 1914 2304 1965 quant

728 1989 1064 2042 condemnati
1112 1989 1371 2057 ejectique
1414 1998 1612 2043 essent.
1656 1988 1745 2042 llle
1793 1997 1970 2042 autem
2020 1989 2305 2056 sanguino-

731 2081 888 2134 lentis
936 2081 1103 2137 oculis
1153 2081 1439 2133 draconum
1491 2080 1664 2134 instar
1714 2080 2033 2145 intendens,
2092 2089 2304 2134 torvum

734 2182 747 2223 t
771 2173 941 2225 ειη-ἡκ)
968 2186 1114 2225 more
1137 2171 1470 2237 i..tt'tcbatur;
1497 2171 1654 2225 modo
1680 2171 1890 2242 quidem
1919 2171 2129 2238 lividus,
2151 2170 2310 2225 modo

736 2263 957 2329 j-allidus
981 2305 994 2328 ,
1025 2262 1182 2316 modo
1209 2272 1381 2316 autem
1409 2279 1588 2316 amare
1615 2265 1914 2328 subridens,
1940 2263 2006 2317 ab
2029 2263 2307 2316 immodica

733 2355 805 2404 ira
855 2353 1099 2420 abreptus
1121 2395 1134 2417 ,
1186 2352 1466 2407 Amutonio
1488 2396 1502 2420 ,
1533 2355 1648 2408 vita
1689 2354 1973 2424 grandva
1997 2396 2012 2421 ,
2050 2353 2308 2422 omopho-

731 2446 867 2497 rium
901 2444 1142 2498 manibus
1170 2444 1281 2512 ipse
1308 2447 1419 2499 suis
1449 2446 1614 2515 injicit
1647 2448 1695 2498 in
1727 2446 1919 2500 collum
1947 2489 1960 2514 ,
1992 2463 2112 2500 cum
2157 2448 2309 2501 malis

732 2535 848 2602 i-jus
875 2534 1051 2602 plagas
1077 2533 1386 2602 inflexisset,
1414 2546 1468 2589 et
1497 2537 1685 2606 pugnis
1715 2553 1869 2589 nares
1895 2537 2006 2605 ejus
2036 2547 2308 2591 cruentas-

736 2635 854 2690 set,
887 2625 1179 2680 inclamans
1211 2625 1291 2679 his
1313 2626 1531 2680 vocibus
1558 2645 1569 2680 :
1600 2625 1889 2693 l-la‘retiee,
1920 2628 2306 2684 auathematiza

731 2715 1011 2782 Origeuem
1043 2734 1055 2767 :
1085 2731 1206 2769 cum
1254 2715 1381 2769 nihil
1425 2729 1565 2772 chet
1608 2719 1931 2787 propositum
1970 2719 2035 2773 de
2082 2719 2310 2789 Origene

733 2815 925 2870 [tl'iclt'l'
947 2808 1350 2873 postulationem
1378 2807 1558 2862 lsidori
1583 2825 1760 2864 causa.
1783 2810 1925 2864 Talis
1945 2812 2084 2865 enim
2110 2812 2183 2865 ira
2207 2823 2305 2874 est,

735 2897 889 2948 veluti
921 2912 1114 2964 canes,
1143 2913 1279 2952 cmca
1320 2910 1369 2952 et
1403 2900 1540 2954 dicta
1580 2909 1632 2954 et
1681 2901 1812 2954 facta
1845 2903 2000 2970 parit.
2036 2901 2196 2971 Igitur
2235 2904 2311 2957 sic

734 2989 990 3057 sanguine
1019 2988 1289 3058 adspersi,
1323 3002 1377 3045 et
1412 2994 1526 3047 sine
1571 3009 1830 3063 responso
1870 2996 2064 3049 reversi
2114 2999 2178 3052 ad
2214 3011 2304 3051 sua

733 3080 1050 3132 monasteria
1107 3083 1430 3150 prepositum
1487 3085 1603 3138 vita:
1662 3086 1953 3140 institutum
2020 3103 2307 3158 perseque-

733 3167 942 3233 bantur,
967 3170 1357 3239 Seripturarum
1379 3175 1594 3227 scicntia
1632 3175 1895 3244 ingenium
1920 3189 2191 3244 acuentes,
2217 3195 2308 3247 per

732 3272 865 3326 quas
909 3260 1051 3312 Salus
1096 3263 1419 3330 acquiritur,
1453 3264 1590 3318 illius
1641 3267 1897 3320 insaniam
1952 3283 2018 3323 eo
2062 3279 2308 3324 curantes

731 3350 936 3415 minus,
968 3353 1108 3421 quod
1138 3355 1332 3410 nullius
1355 3357 1477 3409 mali
1509 3358 1606 3411 sibi
1637 3361 1834 3414 conscii
1866 3372 2066 3416 essent.

798 3439 924 3495 Car.
958 3457 1049 3495 vn.
1078 3472 1151 3482 —
1180 3444 1268 3498 llis
1294 3462 1396 3498 non
1428 3447 1770 3516 adquiescens
1801 3450 2147 3519 Theophilus,
2183 3455 2306 3507 ruit-

733 3532 793 3584 tit
821 3532 883 3584 ad
917 3532 1116 3587 vicinos
1145 3536 1422 3605 episcopos
1442 3579 1456 3600 ,
1486 3549 1538 3592 et
1566 3542 1820 3596 adversus
1847 3545 2138 3600 monachos
2168 3548 2308 3617 cogit

731 3623 1007 3676 concilium
1031 3664 1043 3687 ,
1076 3640 1245 3700 neque
1284 3627 1346 3680 ad
1387 3627 1747 3686 defensionem
1781 3635 1976 3687 vocatis
2005 3635 2131 3703 ipsis
2156 3679 2170 3698 ,
2210 3654 2307 3692 nec

730 3713 860 3767 facta
893 3715 996 3769 illis
1016 3716 1221 3773 dicendi
1251 3729 1528 3788 potestate,
1555 3732 1660 3777 tres
1683 3713 1822 3778 viros
1854 3742 1884 3779 e
1911 3728 2190 3798 pra-cipuis
2211 3747 2303 3784 ex-

727 3807 1083 3860 eoni'municat
1107 3849 1120 3873 ,
1148 3810 1344 3864 veritus
1371 3813 1526 3866 simul
1557 3824 1739 3868 contra
1769 3819 2162 3887 niuititudiupm
2197 3838 2307 3889 pm-

731 3910 849 3947 nam
877 3893 1185 3962 decernere,
1213 3910 1510 3968 prmtexeus
1537 3903 1837 3972 dogmatum
1869 3910 2266 3974 perversitatem
2289 3931 2302 3978 ;

729 3995 781 4038 et
806 4001 936 4054 quos
956 4003 1095 4056 sche
1119 3991 1231 4057 plus
1253 4006 1405 4060 quam
1427 3994 1704 4061 episcopos
1733 3996 2088 4054 llOD‘tf‘ﬂVCl‘ﬂl
2111 4013 2165 4055 ut.
2196 4020 2305 4057 ma-

726 4078 936 4144 gistros,
970 4090 1184 4148 propter
1211 4083 1390 4146 vitam,
1414 4083 1707 4138 doctrinam
1741 4096 1792 4140 et
1819 4100 2050 4156 aetatem,
2080 4108 2170 4146 eos
2198 4111 2301 4148 non

730 4171 912 4236 puduit
941 4173 1204 4240 appellare
1247 4177 1656 4246 praistigialorcs
1682 4223 1693 4245 ,
1726 4195 1789 4234 eo
1818 4183 1957 4252 quod
1986 4201 2109 4256 erga
2140 4187 2304 4243 1ςὶόο-

730 4274 843 4312 rum
874 4263 1073 4329 Optime
1103 4263 1272 4318 atl'ecli
1315 4277 1511 4322 essent.
1547 4269 1613 4322 Et
1653 4281 1770 4338 post
1807 4279 2304 4334 excommunicatio-

728 4365 848 4404 nem
878 4367 940 4405 ex
971 4353 1084 4421 ipso
1114 4365 1293 4409 monte
1324 4357 1534 4413 instruit
1561 4359 1911 4420 homunculos
1935 4368 2182 4438 quinque,
2214 4372 2302 4439 qui

729 4457 1012 4512 numquam
1045 4445 1094 4498 iu
1127 4457 1265 4501 coetu
1289 4450 1558 4505 seniorum
1585 4456 1749 4508 eremi
1781 4465 2056 4523 steterant,
2082 4469 2134 4515 et
2162 4461 2300 4515 indi-

724 4535 808 4603 gni
831 4546 1000 4601 erant,
1032 4538 1170 4608 piget
1194 4539 1388 4606 dicere,
1410 4544 1499 4611 qui
1523 4546 1604 4600 vel
1632 4549 1833 4602 estiarii
1854 4561 2030 4606 essent
2051 4570 2062 4605 :
2086 4564 2140 4608 et
2161 4553 2302 4612 hunc

723 4626 932 4691 quidem
962 4627 1167 4683 ordinat
1188 4631 1514 4702 episCOpum,
1541 4637 1713 4691 viculo
1745 4641 2056 4710 prazticieus,
2082 4660 2198 4700 cum
2222 4648 2298 4702 ci-

724 4718 935 4770 vitatem
961 4735 1063 4773 non
1090 4721 1303 4777 haberet
1329 4726 1546 4795 (etenim
1576 4730 1690 4784 sine
1714 4731 1821 4785 ullo
1847 4735 2048 4802 pudore
2071 4738 2183 4793 illas
2206 4756 2300 4794 uo-

721 4809 908 4862 vitates
938 4811 1201 4879 audebat,
1236 4831 1292 4870 se
1327 4818 1552 4872 alterum
1595 4821 1828 4892 llloysem
1859 4830 2111 4898 vocans),
2151 4832 2295 4888 illum

719 4910 845 4954 vero
871 4904 1259 4975 presbyterum,
1284 4917 1336 4962 et
1365 4918 1469 4965 tres
1494 4912 1625 4967 alios
1653 4914 1904 4970 diaconos
1935 4919 2176 4989 ordinat,
2206 4927 2295 4994 qui

719 5007 823 5045 non
864 5005 1014 5049 erant
1052 4995 1283 5068 Egyptii
1311 5042 1325 5065 ,
1371 5003 1520 5058 sede
1549 5004 1774 5060 diversis
1814 5006 1962 5065 locis.
1998 5011 2125 5066 Erat
2154 5018 2294 5070 enim

717 5099 852 5137 unus
877 5099 1061 5140 eorum
1091 5086 1249 5160 Libys
1270 5131 1283 5154 ,
1313 5093 1446 5149 alius
1473 5095 1863 5153 Alexandrinus
1883 5142 1898 5168 ,
1927 5102 2061 5156 alius
2093 5104 2290 5160 Phara-

718 5174 888 5240 nites,
931 5176 1067 5232 alius
1110 5195 1236 5236 vero
1281 5183 1603 5243 Paraleotes.
1638 5189 1807 5256 Quam
1838 5195 1906 5248 ob
1934 5210 2147 5254 causam
2175 5203 2292 5268 ejus

715 5279 849 5317 vano
872 5265 1037 5320 labori
1057 5283 1462 5339 consenserunt,
1486 5291 1604 5330 cum
1633 5273 1834 5335 nullum
1867 5286 2137 5350 prmmium
2154 5304 2184 5344 e

716 5354 811 5405 tria
841 5358 1159 5424 sperandum
1193 5360 1466 5419 haberent.
1500 5366 1604 5422 Eos
1636 5369 1812 5441 itaque
1837 5374 2113 5442 subornat,
2148 5354 2293 5435 ut-li-

716 5443 884 5500 hellos
916 5447 1103 5505 darent
1131 5452 1382 5510 adversus
1411 5468 1517 5513 tres
1547 5459 1670 5515 illos
1706 5479 1860 5519 senes
1895 5486 1903 5517 :
1939 5479 1990 5523 et
2022 5470 2168 5526 falsae
2197 5490 2288 5529 acc

715 5537 1003 5594 cusationis
1033 5543 1189 5598 verba
1218 5545 1328 5614 ipse
1352 5553 1639 5618 contexuit,
1670 5555 1751 5610 cui
1786 5573 1944 5613 unum
1973 5562 2021 5616 id
2053 5563 2134 5618 isti
2164 5581 2290 5622 con-

671 5667 674 5670 .
711 5626 982 5695 tulerunt,
1018 5641 1073 5686 ut
1118 5638 1532 5697 subscriberent.
1579 5645 1774 5702 Deinde
1799 5691 1812 5712 ,
1856 5655 2087 5718 acceptis
2115 5658 2181 5710 ab
2211 5661 2287 5712 eis

711 5716 894 5771 libellis
925 5737 1101 5778 coram
1133 5727 1384 5796 Ecclesia,
1421 5733 1710 5803 ingreditur
1739 5741 1803 5793 ad
1831 5743 2170 5813 Augustalem
2195 5791 2206 5813 ,
2233 5762 2286 5804 et

2406 441 2588 487 contra
2621 435 2750 489 istos
2769 435 3057 506 supplicem
3092 433 3324 489 libellum
3349 436 3486 505 apud
3513 451 3633 492 eum
3659 437 3872 492 noiuine
3897 452 3997 488 suo

2405 523 2622 593 deponit
2663 527 2775 594 ipse
2794 566 2811 592 ,
2836 524 3096 598 :Egyptia:
3125 527 3418 582 dioeceseos
3446 528 3699 597 pontifex,
3729 527 3997 597 adiunctis

2406 614 2552 671 falsze
2577 617 2930 672 accusationis
2964 617 3153 674 Iibcliis
3179 661 3192 687 ,
3236 621 3474 690 petitque
3499 629 3556 675 ut
3585 621 3801 677 militari
3832 637 3995 678 manu

2405 709 2741 778 expellantur
2772 710 2805 763 ii
2835 710 3076 765 homines
3104 726 3173 765 ex
3202 712 3447 768 universa
3478 710 3730 784 Egypto.
3760 715 3998 785 Accepto

2404 800 2565 869 igitur
2591 801 2642 856 in
2673 804 2903 870 speciem
2939 805 3103 858 milite
3128 818 3230 858 una
3259 819 3378 858 cum
3409 806 3680 870 mandate,
3708 805 4003 860 scelerato-

2405 907 2521 946 rum
2546 892 2933 947 multitndiuem
2956 905 3264 965 congregat,
3284 896 3371 965 qui
3397 896 3536 952 circa
3567 905 3857 966 potestates
3879 912 3999 950 ver-

2407 993 2593 1038 sautnr
2617 985 2681 1040 ad
2710 987 2883 1040 υιιηιὶτι
2919 990 3119 1056 parati;
3151 999 3204 1044 ct
3232 997 3453 1061 repente
3481 991 3803 1046 monasteria
3838 1000 3999 1046 noctu

2408 1076 2628 1143 invadit,
2662 1092 2782 1133 cum
2809 1079 2955 1147 prius
2986 1095 3201 1149 pueros,
3230 1082 3318 1152 qui
3351 1097 3530 1136 secum
3557 1090 3731 1149 erant,
3759 1081 3884 1136 vino
3913 1082 4000 1135 in—

2405 1168 2745 1238 gurgitasset.
2788 1169 2854 1224 Et
2883 1171 3110 1240 primum
3141 1171 3354 1241 quidem
3383 1173 3590 1227 illorum
3623 1171 3838 1228 fratrem
3870 1173 4002 1227 Dio-

2409 1273 2643 1324 scorum,
2676 1269 2916 1316 sanctum
2945 1263 3275 1333 episcopum,
3308 1265 3396 1336 qui
3426 1274 3542 1318 erat
3561 1277 3627 1320 ex
3657 1265 3744 1318 illo
3774 1276 3958 1320 monte
3983 1306 3999 1331 ,

2405 1340 2554 1418 jubet
2577 1349 2768 1404 throno
2790 1353 2930 1422 ejici,
2963 1364 3185 1408 tractum
3205 1370 3232 1407 a
3256 1357 3422 1409 servis
3440 1355 3799 1426 Aitbiopibns,
3829 1356 4003 1427 iisque

2409 1439 2633 1493 fortasse
2673 1442 2908 1496 nundum
2948 1443 3263 1514 haptizatis;
3297 1447 3396 1501 sibi
3436 1447 3711 1502 vindicans
3749 1449 3864 1517 ejus
3907 1463 4001 1517 pa~

2409 1532 2649 1599 roeciam,
2681 1549 2838 1602 quam
2870 1550 2896 1587 a
2928 1535 3122 1590 Christi
3153 1538 3376 1592 adventu
3412 1539 3638 1594 habebat
3663 1541 3847 1594 civitas
3875 1540 4002 1594 Dio-

2410 1626 2569 1678 scori.
2603 1625 2728 1680 lude
2759 1627 3024 1696 praedatur
3053 1638 3284 1684 montem
3308 1671 3321 1694 ,
3366 1632 3750 1686 monachorum
3794 1632 4001 1686 reculas

2405 1714 2707 1784 junioribus
2752 1719 2983 1788 praedam
3021 1720 3294 1776 addicens.
3341 1721 3594 1790 Expilatis
3637 1723 3875 1788 cellulis,
3922 1724 4002 1777 in-

2411 1807 2570 1874 quirit
2605 1816 2712 1863 tres
2743 1809 2860 1863 illos
2890 1825 3023 1879 quos
3055 1811 3105 1864 in
3139 1820 3351 1880 puteum
3381 1814 3723 1878 demiserunt,
3757 1815 4002 1884 imposita

2412 1898 2489 1952 ori
2535 1899 2679 1968 putei
2729 1911 2953 1955 storea:
2994 1918 3114 1957 cum
3162 1914 3340 1958 autem
3385 1921 3480 1960 eos
3520 1921 3624 1960 non
3667 1905 3960 1962 invenisset
3987 1951 4002 1974 ,

2411 2003 2596 2043 eorum
2627 1991 2845 2046 cellulas
2872 1994 3159 2048 sarmentis
3191 1995 3460 2061 incendit,
3487 1997 3776 2050 combustis
3804 2013 3908 2052 una
3936 1999 4006 2052 li-

2413 2077 2524 2132 bris
2548 2081 2796 2135 omnibus
2811 2086 3008 2137 veteris
3034 2099 3096 2139 ac
3117 2085 3604 2152 novi~Testamcuti,
3623 2088 3841 2156 aliisque
3864 2088 4007 2156 opti-

2413 2174 2516 2228 mis
2544 2174 2814 2229 codicibus
2836 2220 2848 2240 ,
2882 2185 2937 2232 ct
2962 2193 3126 2246 puero
3149 2194 3253 2232 uno
3279 2221 3293 2243 ,
3326 2181 3462 2233 sicut
3500 2180 3695 2234 oculati
3728 2190 3891 2236 testes
3918 2182 4005 2236 di-

2414 2281 2559 2330 xere,
2592 2277 2643 2321 et
2668 2283 2816 2322 sacra
2847 2269 3200 2324 Eucharistia.
3231 2273 3360 2326 Cum
3389 2282 3565 2326 autem
3600 2275 3857 2344 impotens
3887 2277 4008 2346 ejus

2413 2356 2487 2410 ira
2514 2358 2778 2426 pauluhnn
2802 2359 3176 2428 deferbuissel,
3203 2364 3570 2418 Alexandriam
3599 2367 3806 2435 repetit,
3829 2369 4008 2422 locum

2415 2448 2535 2518 fuge
2563 2450 2695 2503 dans
2724 2453 2920 2507 sanctis
2952 2454 3055 2507 illis
3079 2454 3237 2510 viris:
3261 2457 3348 2525 qui
3380 2461 3604 2526 sumptis
3634 2460 3812 2513 statim
3833 2461 4008 2515 melo-

2418 2540 2482 2592 tis
2528 2542 2640 2595 suis
2673 2544 2723 2596 in
2765 2544 3101 2599 Palzrstinam
3155 2546 3411 2615 profecti,
3457 2549 3652 2604 {Ellam
3695 2551 4007 2608 adventant.

2413 2629 2542 2684 Cum
2579 2632 2643 2686 iis
2673 2636 2872 2704 egressi
2906 2645 3048 2700 sunt,
3091 2650 3285 2707 pra'ter
3315 2640 3654 2710 presbyteros
3679 2654 3731 2698 et
3752 2645 4011 2702 diaconos

2415 2725 2554 2779 illius
2583 2729 2776 2781 montis
2802 2769 2815 2791 ,
2850 2731 3070 2783 trecenti
3101 2731 3420 2799 eptiinor'um
3455 2735 3836 2790 numaeliorum
3872 2755 3883 2790 :
3913 2738 4008 2792 alii

2417 2830 2541 2869 vero
2575 2832 2666 2884 per
2695 2817 2900 2872 diversa
2932 2820 3045 2874 loca
3073 2820 3296 2891 dESpersi
3329 2834 3470 2877 sunt.
3505 2824 3782 2881 Secessum
3817 2844 4009 2884 eorum

2416 2922 2520 2960 nuu
2552 2907 2728 2964 ferens
2754 2911 2950 2980 obliqui
2981 2927 3167 2967 cursus
3196 2915 3433 2981 coluber,
3470 2933 3655 2971 rursus
3682 2932 3866 2975 contra
3910 2938 4012 2978 eos

2414 2997 2764 3068 Theophilum
2797 3005 3018 3056 suscitat
3048 3023 3060 3058 :
3090 3007 3175 3075 qui
3207 3007 3278 3059 ira
3307 3023 3596 3063 succensus
3623 3011 3801 3066 literas
3822 3027 4013 3072 exarat

2412 3090 2478 3143 ad
2521 3091 2800 3162 cpisc0pos
2845 3095 3142 3150 Palmstiuac
3172 3115 3184 3150 :
3224 3115 3324 3154 non
3368 3103 3684 3170 oportebat,
3718 3107 3966 3175 inquiens
3991 3152 4007 3175 ,

2344 3242 2346 3244 τ
2415 3200 2506 3239 vos
2535 3196 2730 3255 praeter
2761 3189 3085 3244 voluntatem
3131 3207 3300 3244 meam
3330 3193 3380 3246 iu
3413 3196 3652 3251 civitates
3681 3208 3883 3253 vestras
3907 3199 4010 3256 hos

2415 3278 2682 3346 recipere;
2715 3277 2805 3331 sed
2837 3281 3086 3348 quoniam
3121 3283 3288 3350 ignari
3323 3283 3369 3337 id
3401 3284 3601 3339 fecistis
3629 3329 3642 3352 ,
3673 3289 3823 3343 vobis
3851 3290 4010 3359 igno-

2413 3381 2523 3421 sco.
2557 3368 2610 3421 lu
2643 3379 2912 3435 posterum
2947 3373 3104 3439 igitur
3130 3384 3332 3439 cavete,
3365 3392 3428 3429 ne
3469 3378 3588 3431 illos
3618 3388 3709 3432 aut
3741 3383 3789 3432 iu
3824 3382 3999 3435 eccleo

2413 3458 2680 3512 siasticum
2709 3469 2801 3513 aut
2830 3463 2878 3514 in
2908 3463 3167 3531 privatum
3198 3467 3423 3535 aliquem
3459 3470 3633 3523 locmu
3660 3471 3954 3530 admittatis
3993 3495 4008 3530 :

2411 3549 2568 3603 deum
2594 3565 2712 3605 esse
2741 3567 2797 3605 se
2826 3570 2929 3606 non
2959 3555 3141 3609 dicens
3172 3567 3373 3611 tantum
3398 3600 3411 3620 ,
3448 3560 3540 3612 sed
3573 3563 3728 3615 etiam
3759 3580 3868 3632 prce
3899 3565 4010 3620 im-

2413 3642 2621 3696 modica
2662 3647 2963 3715 arrogantia
3005 3649 3317 3719 imaginans.
3361 3650 3436 3712 llli
3479 3655 3644 3708 multa
3683 3662 4012 3717 necessitate

2411 3733 2534 3799 acti,
2568 3749 2687 3788 cum
2724 3735 2773 3787 iu
2801 3737 2902 3788 alia
2935 3753 2997 3791 ex
3029 3739 3147 3792 aliis
3174 3740 3284 3794 loca
3331 3744 3659 3811 migrarent,
3696 3749 3908 3803 tandem
3949 3758 4007 3806 in

2409 3824 2729 3878 Contitatum
2776 3829 3031 3895 veniunt,
3077 3831 3162 3884 tibi
3192 3832 3368 3885 divina
3412 3851 3570 3889 manu
3601 3837 3662 3890 ad
3696 3821 3876 3894 curam
3910 3860 4010 3911 po-

2413 3916 2633 3971 tentium
2665 3919 2922 3987 agendam
2951 3921 3182 3975 Joannes
3221 3925 3511 3980 collocatus
3538 3939 3650 3984 erat
3679 3933 3962 4002 episcopus
3987 3953 4003 4001 ;

2411 4020 2567 4080 atque
2606 4011 2672 4065 ad
2702 4013 2816 4082 ejus
2854 4029 3023 4084 genua
3069 4017 3330 4084 provoluti
3360 4060 3372 4078 ,
3404 4021 3627 4074 orabant.
3667 4039 4009 4082 succurreret.

2409 4097 2688 4156 animabus
2706 4103 3024 4157 calumniam
3056 4106 3223 4171 pas-is
3245 4147 3258 4170 ,
3284 4116 3336 4160 et
3366 4107 3657 4168 devastatis
3682 4113 3747 4166 ab
3780 4115 3840 4167 iis
3861 4157 3876 4178 ,
3908 4121 4004 4186 qui

2410 4190 2459 4245 id
2490 4192 2662 4261 potius
2684 4209 2840 4262 quam
2869 4193 3182 4249 benefacere
3209 4200 3630 4264 consuevisseut.
3661 4201 3816 4258 Stetit
3837 4206 4006 4261 Joan-

2410 4297 2503 4336 nes
2534 4299 2546 4334 :
2578 4292 2735 4352 atque
2764 4293 2817 4337 ut
2846 4285 2973 4338 vidit
2996 4286 3370 4356 quinquaginta
3400 4289 3687 4345 electorum
3722 4293 4002 4352 hominum

2409 4373 2676 4439 canitiem,
2712 4376 2876 4429 sacris
2904 4375 3173 4431 laboribus
3205 4379 3421 4433 tinctam
3453 4393 3504 4434 et
3534 4395 3798 4452 ornatam,
3836 4389 4003 4443 veluti

2407 4463 2626 4534 Joseph,
2663 4466 2877 4520 fraterni
2906 4470 3101 4522 amoris
3135 4470 3241 4524 acri
3269 4469 3452 4527 dolore
3483 4474 3803 4541 stimulatus,
3837 4479 3886 4530 in
3924 4480 4006 4534 la-

2407 4569 2618 4625 Crymas
2646 4556 2843 4610 effusus
2873 4567 2974 4623 est,
3007 4572 3358 4629 percunctans
3384 4575 3448 4618 ex
3475 4566 3571 4631 eis,
3598 4567 3842 4635 quisnam
3868 4586 4005 4642 aper

2405 4649 2471 4710 de
2511 4650 2639 4702 silva
2675 4660 2764 4704 aut
2808 4651 3090 4721 singijtaris
3125 4653 3266 4708 ferus
3297 4658 3416 4711 huic
3457 4657 3872 4718 l‘mcuudissiune
3903 4667 4001 4722 viti

2406 4741 2696 4795 invidisset.
2733 4741 2810 4795 llli
2841 4753 3018 4796 autem
3052 4761 3063 4795 :
3097 4743 3235 4798 Sede
3258 4787 3272 4812 ,
3297 4741 3473 4813 Pater,
3504 4758 3556 4802 et
3598 4751 3750 4805 nobis
3778 4755 4001 4812 medere

2405 4849 2508 4886 non
2540 4835 2880 4889 mediocriter
2905 4836 3197 4890 vulneratis
3223 4854 3253 4890 a
3285 4838 3562 4909 TheOphili
3596 4858 3746 4912 papa:
3779 4845 3958 4903 furore
3984 4895 3997 4912 ,

2403 4926 2444 4978 si
2475 4935 2649 4978 tamen
2681 4926 2880 4995 poteris
2909 4927 3190 4981 vulnerum
3224 4940 3528 4984 nostrorum
3559 4942 3795 4990 tumores
3823 4938 3886 4990 ad
3921 4941 4001 4992 ‹ἰ-

2401 5018 2652 5070 eatricem
2681 5017 2990 5086 perducere.
3013 5017 3147 5071 Nam
3165 5019 3208 5072 si
3229 5029 3281 5072 et
3304 5020 3416 5087 ipse
3439 5037 3536 5076 nos
3555 5023 3795 5093 negligis,
3817 5025 3997 5088 Theo.

2403 5108 2526 5177 pbili
2547 5124 2638 5163 seu
2658 5110 2952 5163 reverentia
2974 5124 3067 5163 seu
3088 5110 3276 5165 timore
3297 5110 3505 5176 ductus,
3523 5124 3582 5167 ut
3609 5115 3697 5168 alii
3725 5117 3989 5190 episc0pi,

2401 5202 2528 5256 nihil
2553 5202 2660 5268 jam
2690 5201 2878 5271 reliqui
2919 5201 3074 5256 nobis
3100 5203 3158 5256 tit
3200 5217 3227 5254 a
3254 5203 3404 5258 vobis
3426 5246 3441 5270 ,
3475 5205 3575 5259 nisi
3618 5217 3673 5260 ut
3701 5207 3992 5277 imperato-

2399 5308 2512 5347 rem
2543 5292 2798 5347 adeamus
2821 5333 2836 5357 ,
2867 5300 2924 5348 et
2963 5307 3123 5362 prava
3155 5289 3306 5346 illius
3345 5293 3480 5348 facta
3511 5281 3581 5350 lin
3609 5302 3991 5357 contumeliam

2401 5385 2651 5440 Ecclesia:
2677 5399 3028 5455 exponamus.
3055 5386 3108 5440 Si
3136 5399 3265 5455 ergo
3289 5388 3663 5466 ecclesiasticae
3691 5393 3783 5447 tibi
3807 5395 3988 5451 existi-

2397 5478 2646 5531 mationis
2672 5493 2801 5533 cura
2833 5485 2949 5545 est,
2982 5478 3138 5531 nobis
3160 5491 3354 5544 annue,
3387 5481 3592 5552 ipsique
3619 5486 3902 5554 persuade,
3932 5500 3990 5544 ut

2398 5568 2552 5622 nobis
2583 5579 2823 5624 nostrum
2857 5570 2910 5623 in
2941 5568 3175 5640 Egypto
3203 5571 3530 5628 domicilium
3573 5578 3866 5645 concedat,
3895 5583 3988 5652 qui

2395 5659 2527 5712 nihil
2555 5662 2908 5727 peccavimus,
2937 5675 3109 5730 neque
3134 5673 3316 5717 contra
3350 5665 3517 5734 legem
3544 5667 3862 5734 Servatoris,
3892 5690 3990 5728 ne-

2393 5766 2495 5818 que
2525 5751 2573 5803 in
2607 5766 2726 5804 eum
2757 5751 2949 5821 ipsum.
2983 5752 3060 5806 Ad
3091 5752 3202 5808 luce
3232 5753 3463 5811 Joanne»
3495 5773 3715 5828 sperans
3743 5759 3896 5818 facile
3925 5779 3988 5822 se
