4234 6310
652 442 725 495 25
1936 438 2250 493 PALLAIHI
2297 441 2640 497 DIALOGITS
3874 452 3947 506 26

654 584 798 637 πτῳ,
827 559 995 634 μηδὲν
1019 561 1349 622 ἐπταικότας
1375 560 1513 631 μήτε
1538 562 1616 623 εἰς
1639 562 1728 613 τὸν
1751 560 1914 630 νόμον
1938 559 2031 613 τοῦ
2060 560 2241 629 Σωτῆ-

656 665 771 721 ρος,
804 648 944 719 μήτε
971 650 1053 711 είς
1089 646 1247 699 αὑτὸν
1281 646 1507 697 ἐκεῖνον.
1558 644 1681 696 Ἐπί
1716 643 1925 707 τούτοις
1958 644 2184 712 νομίσας
2216 645 2243 694 ὁ

667 735 923 805 Ἰωάννης
952 730 1191 803 εὐχερῶς
1222 729 1576 801 μεταϐάλλειν
1599 730 1695 799 τὴν
1711 728 1972 798 Θεοφίλου
1991 727 2126 798 πρὸς
2150 728 2246 779 αὑ-

651 819 780 881 τοὺς
801 814 1192 888 μνησικακίαν,
1210 814 1385 885 ήδέως
1402 814 1620 883 ἥρπασε
1638 813 1698 866 τὸ
1717 815 1949 884 πρᾶγμα
1968 828 1982 841 ·
2002 827 2247 881 παρακαο

653 899 815 963 λέσας
840 900 897 952 δέ
922 900 1050 961 τοὺς
1071 897 1272 965 ἄνδρας
1296 895 1527 964 φιλοθέῳ
1558 898 1681 965 σιγῇ
1712 895 1846 968 πρὸς
1883 894 2090 957 πάντας
2113 896 2245 965 ήσυ-

657 985 819 1054 κεάσαι
842 981 941 1052 τὴν
975 980 1154 1035 αἰτίαν
1187 979 1284 1049 τῆς
1322 979 1645 1049 παρουσίας,
1677 978 1873 1049 μέχρις
1904 973 1965 1031 οὗ
1993 976 2246 1030 ἀποστεί-

654 1068 731 1120 λω
756 1066 893 1138 πρὸς
920 1066 1012 1119 τὸν
1046 1064 1273 1132 ἀδελφὸν
1291 1061 1553 1131 Θεόφιλον
1575 1078 1586 1090 ο
1619 1064 1713 1117 καὶ
1736 1063 1863 1127 δοὺς
1881 1063 2067 1125 αὑτοῖς
2093 1063 2152 1116 ἐν
2178 1064 2243 1133 τῇ

672 1150 999 1219 ’Λναστασίᾳ
1019 1146 1331 1218 καλουμένῃ
1352 1145 1619 1217 ἐκκλησία
1640 1146 1810 1216 μονάς
1833 1145 1969 1218 πρὸς
1991 1145 2088 1215 τὴν
2116 1145 2247 1198 ἀνά..

654 1248 877 1295 παυσιν,
904 1232 1068 1293 αὑτὸς
1093 1232 1190 1301 μὲν
1218 1230 1319 1283 οὑκ
1343 1229 1632 1301 ἐπεκούρει
1658 1230 1725 1283 τά
1750 1228 1883 1299 πρὸς
1902 1229 2001 1299 τὴν
2029 1227 2241 1299 χρείαν,

655 1321 909 1385 γυναῖκες
952 1317 1009 1370 δὲ
1049 1314 1288 1383 φιλόθεοι
1341 1316 1615 1386 ἐπήρκουν
1657 1314 1841 1376 αὑτοῖς
1880 1313 1978 1384 τὴν
2018 1313 2243 1373 δίαιταν,

656 1406 748 1457 καὶ
781 1402 960 1457 αὑτῶν
993 1401 1454 1469 συνεισφερόντων
1485 1401 1548 1450 ἐκ
1581 1396 1781 1468 μέρους
1813 1401 1876 1467 τῇ
1906 1397 2012 1449 τῶν
2048 1396 2246 1467 χειρῶν

654 1487 909 1557 ἐργασία.
955 1484 1159 1553 Συνέϐη
1197 1479 1291 1535 οὖν
1346 1483 1465 1534 κατ’
1496 1483 1671 1535 ἐκεῖνο
1708 1480 1901 1550 καιροῦ
1951 1480 2249 1550 κληρικους

656 1569 793 1623 εἶναι
841 1567 936 1620 τοῦ
982 1566 1242 1633 Θεοφίλου
1285 1569 1342 1619 ἐν
1372 1568 1437 1635 τῇ
1479 1563 2077 1627 Κωνσταντ-ινουπόλει,
2111 1580 2250 1634 προ-

656 1653 1032 1725 αγοράζοντας
1056 1651 1163 1703 τῶν
1192 1649 1683 1721 χειροτονουμένων
1700 1648 1976 1718 ἀρχόντων
1994 1647 2091 1709 τάς
2116 1664 2251 1719 προ-

657 1738 882 1808 ἀγωγάς
898 1741 956 1793 ἐν
974 1737 1401 1808 τῇΑίγυπτιακῇ
1432 1733 1717 1804 διοικήσει,
1748 1733 1845 1797 τάς
1863 1734 1941 1796 εἰς
1967 1732 2127 1785 αὑτὸν
2159 1732 2249 1784 εὑ-

657 1826 805 1887 υοίας
834 1820 1288 1892 περιποιούμενος
1310 1817 1395 1870 ἐπ’
1421 1816 1629 1887 ὀλέθρῳ
1656 1816 1763 1868 τῶν
1793 1814 1939 1885 αὑτῷ
1961 1828 1987 1855 α
2020 1815 2246 1867 λυπούν-

657 1926 783 1961 των.
821 1904 1348 1975 Προσκαλεσάμενος
1380 1895 1472 1953 οὖν
1503 1899 1699 1962 αὑτοὺς
1725 1900 1752 1951 ὁ
1796 1898 2045 1967 Ἰωάννης
2080 1900 2244 1951 ἐπυν-

656 1991 869 2053 θάνετο,
896 1991 945 2042 εἰ
984 1988 1305 2041 ἐπίστανται
1336 1985 1461 2048 τοὺς
1499 1983 1768 2054 παρόντας
1801 1983 2066 2055 ἀσκητάς.
2105 1982 2167 2035 OE
2194 1982 2249 2034 δέ

655 2072 968 2143 φιλαλήθως
992 2068 1386 2140 ἐμαρτύρησαν
1412 2067 1661 2139 ἀνδράσι,
1681 2065 1933 2134 λέγοντες
1954 2064 2032 2136 τῷ
2070 2064 2248 2118 Ἰωάν-

656 2174 742 2227 νη,
760 2157 842 2208 δτι
858 2156 965 2208 Καὶ
990 2156 1146 2223 ίσμεν
1160 2153 1382 2216 αὑτοὺς,
1403 2153 1495 2206 καὶ
1510 2150 1755 2221 μεγάλην
1770 2150 2084 2220 ὑπέστησαν
2104 2146 2243 2217 βίαν·

655 2242 751 2292 καὶ
788 2241 836 2291 εἰ
868 2237 1069 2307 βούλει,
1098 2236 1357 2299 δέσποτα,
1390 2235 1487 2304 τῆς
1518 2233 1617 2305 μὲν
1649 2234 2023 2304 πνευματικῆς
2054 2249 2249 2286 κοινω-

657 2325 777 2387 νίας
806 2323 991 2385 αὑτοῖς
1019 2323 1096 2393 μὴ
1122 2320 1389 2392 μεταδῷς,
1424 2320 1510 2372 ἵνα
1544 2319 1618 2390 μὴ
1643 2320 1890 2391 λυπήσῃς
1920 2318 2011 2371 τὸν
2038 2317 2247 2377 πάπαν,

656 2407 1052 2477 φιλοφρόνησαι
1090 2406 1147 2457 δέ
1182 2409 1239 2459 ἐν
1274 2407 1384 2469 τοῖς
1414 2404 1623 2469 ἄλλοιςο
1660 2404 1861 2475 πρέπει
1903 2403 2013 2473 γάρ
2044 2419 2144 2466 σοι,
2173 2402 2249 2465 ὡς

656 2486 962 2561 ἐπισκόπῳ.
991 2488 1180 2552 Οὕτως
1210 2492 1238 2542 ὁ
1277 2489 1529 2559 Ἰωάννης
1553 2487 1652 2541 οὑκ
1682 2486 1900 2552 ἐδέξατο
1925 2488 2022 2558 μὲν
2049 2486 2247 2548 αὑτοὺς

655 2577 741 2637 εἰς
766 2573 1074 2637 κοινωνίαν,
1105 2571 1307 2643 γράφει
1340 2572 1396 2623 δὲ
1423 2572 1672 2643 λιπαρῶν
1698 2570 1778 2641 τῷ
1806 2570 2069 2641 Θεοφίλῳ·
2104 2568 2146 2622 Τ
2153 2568 2249 2621 αύ-

654 2675 755 2727 την
806 2674 897 2725 μοι
948 2656 1235 2726 παράσχου
1285 2653 1446 2725 χάριν
1495 2654 1570 2718 ὡς
1616 2655 1796 2723 τέκνῳ
1843 2654 1921 2725 σῷ
1972 2654 2066 2707 καὶ
2097 2651 2248 2705 ἀδελ-

657 2741 761 2811 φῷ,
815 2740 1323 2811 ἐναγκαλισάμενος
1357 2739 1482 2801 τοὺς
1532 2737 1750 2809 ἄνδρας.
1798 2739 1943 2808 Πρὸς
1985 2737 2194 2801 τούτοις
2223 2738 2251 2791 ό

654 2824 913 2894 Θεόφιλος
954 2825 1051 2895 τὴν
1112 2823 1209 2895 μὲν
1256 2824 1417 2896 χάριν
1465 2822 1526 2875 οὑ
1579 2821 1821 2893 παρέσχε
1860 2820 1937 2892 τῷ
2003 2822 2248 2892 Ἰωάννην

654 2911 979 2964 ἀποστέλλει
1035 2909 1094 2963 δέ
1145 2927 1296 2971 τινας
1348 2905 1855 2979 περισεσυρμένους
1914 2906 1993 2968 εἰς
2026 2905 2252 2974 λογικάς

655 2995 914 3065 ἁμίλλας,
950 2993 1079 3064 περὶ
1124 2986 1198 3046 ὧν
1242 2993 1575 3063 προείπομεν
1610 2991 1895 3061 ἀνωτέρω,
1950 2990 2041 3041 καί
2079 3006 2254 3060 παρα-

657 3076 915 3141 σκευάζει
946 3077 1160 3148 δεήσεις
1190 3076 1388 3138 αύτοὺς
1412 3074 1689 3127 ἐπιδοῦναι
1722 3073 1787 3136 ἂς
1821 3071 2067 3143 συνήθως
2094 3073 2253 3135 αὑτὸς

656 3162 1024 3234 ὑπηγόρευσε,
1065 3160 1425 3233 περιεχούσας
1458 3160 1555 3229 μὲν
1581 3157 1775 3228 ψεῦδος
1802 3158 2247 3228 ὡμολογημένον,

654 3248 1034 3315 ἠμφιεσμένον
1080 3246 1137 3299 δέ
1171 3246 1269 3314 τὴν
1304 3242 1604 3313 πολυσχεδῆ
1658 3242 2019 3309 συκοφαντίαν
2053 3242 2149 3313 τὴν
2196 3243 2252 3294 ἐν

656 3332 771 3392 τοῖς
801 3328 1078 3401 ἀοράτοις,
1106 3328 1275 3399 μηδὲν
1296 3328 1435 3397 ἔχων
1459 3326 1637 3379 αὑτῶν
1662 3325 1972 3379 διαϐάλλειν
1994 3326 2085 3379 τὸν
2111 3326 2251 3396 βίον·

656 3414 753 3467 καὶ
789 3412 1205 3485 παρασκευάζει
1236 3411 1435 3474 αὑτοὺς
1464 3412 1520 3463 ἐν
1554 3410 1632 3479 τῷ
1660 3410 1907 3479 παλατίῳ
1931 3410 2005 3474 ὡς
2056 3411 2255 3480 γόητας

654 3495 1239 3550 δακτυλοδεικτεῖσθαι.
1288 3495 1375 3556 Ὠς
1403 3494 1460 3547 δέ
1502 3489 1641 3547 εἶδον
1684 3496 1733 3546 οί
1784 3496 2043 3563 ἀσκηταὶ,
2083 3495 2165 3549 δτι
2195 3496 2253 3547 ού

656 3580 823 3649 μόνον
838 3580 1001 3634 αὑτὸν
1018 3580 1078 3633 ού
1094 3576 1456 3649 διορθοῦνται,
1475 3576 1610 3629 ἀλλά
1628 3577 1721 3629 καὶ
1747 3578 1825 3639 εἰς
1838 3577 2006 3649 ὀργὴν
2034 3578 2255 3633 πλείονα

656 3662 924 3727 κινοῦσιν,
962 3662 1197 3729 ἀξιώτας
1229 3661 1381 3732 αὑτῷ
1421 3662 1790 3731 προσάγοντες
1827 3662 2077 3727 πολλοὺς,
2118 3665 2256 3734 μετά

655 3746 751 3801 τοῦ
780 3748 1205 3818 ἀναθεματίζειν
1230 3747 1411 3799 πᾶσαν
1444 3744 1811 3815 φευδοδοξίαν,
1846 3746 2143 3800 ἐπιδιδόασι
2178 3747 2252 3800 λι-

657 3832 881 3894 ϐέλλους
918 3831 1299 3892 ἐντευκτικοὺς
1337 3830 1413 3899 τῷ
1458 3830 1703 3900 Ἰωάννῃ,
1737 3828 2158 3897 ἀναδιδάξαντες
2188 3832 2258 3885 τά

656 3917 758 3985 τῆς
786 3916 1105 3987 τυραννίδος
1136 3914 1274 3984 εἴδη,
1312 3913 1451 3985 μετά
1499 3914 1594 3967 καὶ
1636 3913 1948 3982 κε’φαλαίων
1995 3914 2186 3968 τινῶν·
2222 3915 2256 3969 ἀ

658 4001 987 4071 αἰσχύνομαι
1016 3999 1109 4053 ἐπὶ
1138 3998 1247 4051 τῶν
1273 3997 1630 4069 νηπίωτέρων
1658 3996 1792 4059 τέως
1822 3997 2150 4065 λέγεινηῖνα
2180 3999 2255 4070 μὴ

658 4085 754 4136 καί
778 4085 1014 4146 πίστεως
1036 4082 1233 4145 αὑτοὺς
1260 4082 1557 4141 ἀπελάσω,.
1574 4079 1703 4142 ἴσως
1727 4081 1821 4131 καὶ
1852 4081 2004 4150 παρά
2031 4078 2141 4144 τοῖς
2172 4099 2258 4134 τε-

658 4166 952 4237 λειοτέροις
979 4166 1040 4218 ού
1071 4164 1477 4235 πιστευόμενος.
1520 4162 1689 4215 Πάλιν
1725 4163 1819 4217 καὶ
1846 4164 1911 4216 δι’
1940 4164 2137 4217 ἑαυτοῦ
2165 4166 2257 4218 καὶ

656 4252 724 4303 δι’
758 4246 963 4321 ἐτέρων
1003 4250 1323 4302 ἐπισκόπων
1358 4249 1386 4300 ό
1430 4246 1683 4317 Ἰωάννης
1718 4247 2031 4317 παρακαλεῖ
2060 4247 2257 4312 αὑτοὺς

657 4333 976 4387 παύσασθαι
1006 4333 1106 4402 τῆς
1132 4333 1253 4384 κατ’
1282 4330 1446 4383 αὑτοῦ
1471 4329 1808 4400 κατηγορίας
1836 4330 1923 4382 διὰ
1950 4330 2049 4401 τὴν
2074 4331 2138 4383 ἐκ
2162 4332 2258 4401 τῆς

659 4418 812 4488 δίκης
876 4415 1275 4480 κακοπάθειαν,
1333 4413 1551 4483 γράψας
1596 4412 1673 4479 τῷ
1716 4413 1981 4484 Θεοφίλῳ,
2035 4414 2116 4466 ὅτι
2164 4415 2258 4477 Εἰς

660 4501 915 4553 τοσοῦτον
927 4498 1207 4570 ἠλάθησαν
1224 4497 1513 4568 λύπης,ὼς
1526 4498 1619 4549 καὶ
1651 4497 1943 4566 ἐγγράφως
1968 4498 2063 4550 σου
2092 4514 2259 4568 κατη-

659 4586 842 4654 γορεῖν
862 4602 873 4613 ·
903 4582 1089 4636 λοιπὸν
1113 4583 1174 4635 τὸ
1222 4580 1415 4636 δοκοῦν
1444 4598 1526 4633 σοι
1558 4579 1894 4650 ἀντίγραφον
1914 4598 1925 4610 ·
1954 4580 2017 4635 οὑ
2041 4580 2147 4650 γὰρ
2167 4581 2259 4633 ἀν-

659 4668 875 4738 έχονταί
909 4685 1011 4738 μου
1038 4667 1340 4737 ἀποστῆναι
1367 4665 1459 4718 τού
1486 4664 1871 4735 στρατοπέδου.
1900 4665 2021 4717 Ἐπὶ
2048 4664 2257 4732 τούτοις

657 4752 1027 4824 διαπυρωθεὶς
1057 4751 1177 4815 ὅλος
1215 4751 1244 4802 ὁ
1270 4748 1552 4817 Θεόφιλος,
1582 4749 1758 4819 εἴργει
1791 4748 1886 4801 καὶ
1908 4748 1999 4801 τὸν
2026 4748 2256 4818 ἀδελφὸν

658 4838 767 4890 τῶν
808 4835 1062 4907 μοναχῶν
1100 4836 1199 4906 τῆς
1226 4833 1422 4889 ἐαυτοῦ
1472 4832 1801 4902 Ἐκκλησίας
1833 4834 2126 4903 Διόσκορον
2165 4833 2256 4887 τὶν

662 4922 983 4985 ἐπίσκοπον,
1022 4919 1373 4990 γεγηρακότα
1400 4920 1458 4972 ἐν
1487 4920 1554 4988 τῇ
1602 4916 1899 4986 Ἐκκλησία
1921 4934 1933 4945 ο
1971 4916 2049 4986 τῷ
2073 4916 2119 4969 δ’
2147 4918 2257 4969 ἐπι-

657 5006 851 5075 σκόπῳ
892 5004 1115 5077 Ἰωάννῃ
1144 5003 1378 5075 γράφειο
1412 4997 1579 5072 Οἶμαι
1614 5000 1711 5069 μέν
1742 5017 1802 5052 σε
1839 5001 1913 5071 μὴ
1949 5002 2163 5068 ἀγνοεῖν
2197 5002 2256 5054 τὸ

656 5090 936 5160 διάταγμα
966 5090 1074 5143 τῶν
1112 5092 1170 5143 ἐν
1204 5086 1411 5158 Νικαίᾳ
1439 5084 1702 5147 κανόνων,
1738 5085 1871 5137 ὅπου
1906 5086 2257 5150 θεσπίζουσιν

661 5174 963 5226 ἐπίσκοπον
991 5171 1285 5245 ὑπερόριον
1317 5171 1394 5242 μὴ
1419 5169 1626 5241 κρίνειν
1647 5168 1831 5238 δίκην·
1866 5170 1912 5220 εξ
1935 5167 1992 5221 δέ
2016 5169 2253 5237 ἀγνοεῖς,

663 5256 851 5327 μαθὼν
880 5257 1127 5328 ἀπόσχου
1155 5257 1264 5316 τῶν
1296 5254 1417 5309 κατ’
1458 5251 1594 5324 ἐμοῦ
1625 5252 1902 5307 λιϐέλλων.
1932 5252 1996 5306 Ei
2027 5254 2136 5325 γάρ
2163 5255 2256 5308 καὶ

658 5340 766 5395 δέοι
794 5358 861 5413 με
891 5341 1171 5415 κριθῆναι,
1202 5339 1355 5412 παρά
1383 5338 1492 5392 τῶν
1528 5337 1867 5405 Αἰγυπτίων,
1898 5338 1992 5391 καὶ
2018 5339 2078 5390 οὑ
2104 5340 2257 5411 παρὰ

662 5425 781 5493 σοῦ,
810 5426 1125 5497 ἀφεστῶτος
1154 5422 1690 5495 ἑϐδομηκονταπέντε
1720 5422 1945 5494 ἡμερῶν
1973 5422 2112 5476 ὁδόν.

731 5509 888 5565 ΚΕΦ.
926 5512 1011 5567 H’.
1051 5540 1126 5551 —
1152 5506 1353 5563 Λαϐὼν
1396 5506 1497 5575 τὴν
1550 5506 1839 5576 ἐπιστολὴν
1890 5508 1918 5559 ό
1978 5508 2251 5580 Ἰωάννης,

662 5597 759 5649 καὶ
797 5595 1090 5665 ἀναγνοὺς,
1120 5592 1327 5663 ταύτην
1361 5591 1462 5662 μὲν
1501 5589 1626 5660 ἔσχε
1663 5589 1791 5661 παρ’
1825 5590 2026 5661 ἑαυτῷ,
2057 5594 2171 5656 τοῖς
2198 5593 2255 5647 δέ

663 5680 933 5749 ἀσκηταῖς
981 5676 1311 5750 ἀμφοτέρων
1362 5674 1475 5728 τῶν
1516 5673 1701 5745 μερῶν
1740 5675 1988 5748 διελέχθη
2017 5677 2087 5730 τά
2120 5677 2254 5747 πρὸς

663 5763 905 5834 είρήνην.
972 5760 1308 5814 Ἀκούσαντα
1348 5758 1405 5813 δέ
1468 5759 1754 5831 ἀμφότερα
1799 5759 1866 5814 τά
1916 5759 2057 5831 μέρη
2092 5760 2245 5831 ἐτρα-

725 5917 749 5943 ⁴⁵¹
780 5911 883 5962 NiSi
927 5912 1114 5973 legeris
1156 5911 1607 5977 περιποιουμένοοπς..

1194 5911 1607 5981 εριποιουιιένοοπς..
1657 5912 1815 5976 αὑτὸν,
1853 5915 1977 5963 mult?
2003 5910 2250 5966 habebqu

662 5988 837 6026 tensus
873 5981 923 6025 cl
950 5981 1280 6038 grammatica.

2352 561 2544 633 χύνθη,
2596 577 2654 614 το
2711 562 2808 633 μὲν
2852 564 2926 628 ὡς
2975 565 3466 639 τετυραννημένον,
3527 569 3587 624 τὸ
3626 570 3684 626 δέ
3729 574 3803 636 ὡς
3847 570 3965 641 οὑκ¹

2351 645 2472 714 ἔχον
2521 646 2649 698 ἀνευ
2686 646 2948 716 Θεοφίλου
2996 649 3097 719 τὴν
3130 650 3229 719 τῆς
3279 653 3503 724 εἰρήνης
3547 656 3820 722 ἐξουσίαν,
3856 656 3951 712 διά

2348 728 2408 779 τὸ
2457 729 2548 781 καὶ
2592 729 2731 782 κατά
2771 730 3020 784 κέλευσιν
3062 731 3229 785 αὑτοῦ
3280 734 3663 792 ἐπιδεδωκέναι
3715 738 3813 802 τὰς
3844 739 3951 809 τῆς

2352 813 2719 881 συκοφαντίας
2765 814 3003 883 δεήσεις.
3038 814 3228 878 Οὕτως
3258 819 3287 869 ὁ
3330 818 3583 891 Ἰωάννης
3612 820 3735 884 δοὺς
3763 822 3949 887 αὑτοῖς

2350 896 2663 967 ἀπόκρισιν,
2744 895 2983 949 ἀπέλυσε
3043 897 3139 968 τῆς
3200 899 3395 953 ἐαυτοῦ
3474 900 3733 967 διανοίας.
3803 906 3953 975 Πρὸς

2348 978 2560 1041 τούτοις
2605 979 3060 1049 ἀναχωρήσαντες
3110 982 3157 1033 οί
3213 982 3435 1053 μοναχοί
3470 983 3566 1037 τοῦ
3599 986 3800 1057 μέρους
3832 987 3951 1057 ἠδι-

2348 1062 2613 1132 κημένου,
2657 1064 3015 1116 συντάσσουσι
3072 1063 3429 1136 πολυστίχους
3460 1066 3691 1139 δεήσεις,
3737 1073 3949 1142 ἐγγρά-

2347 1146 2550 1215 ψαντες
2580 1144 2722 1198 κατά
2748 1145 2848 1215 μὲν
2872 1146 2981 1199 τῶν
3018 1148 3269 1218 μοναχῶν
3297 1149 3373 1212 ὡς
3400 1154 3777 1221 συκοφαντῶν,
3803 1156 3951 1208 κατά

2349 1230 2406 1282 δέ
2460 1230 2720 1299 Θεοφίλου
2794 1230 2863 1284 τά
2932 1231 3216 1299 Θεοφίλου,
3282 1232 3366 1287 ἵνα
3426 1234 3499 1307 μὴ
3562 1237 3737 1301 ἄλλως
3784 1241 3948 1302 εἴπω.

2348 1312 2588 1365 τοσαῦτα
2642 1314 2743 1365 ὅσα
2778 1312 3009 1377 ἕκαστος
3060 1311 3231 1367 οἶδεν·
3274 1318 3368 1369 καὶ
3404 1318 3754 1390 ἐνευξάμενοι
3776 1322 3803 1360 δ
3835 1326 3950 1387 τοῖς

2351 1395 2705 1464 Αὐγούστοις,
2740 1395 3138 1466 προσέρχονται
3173 1398 3322 1469 ἐντῷ
3352 1403 3637 1474 μαρτυρίῳ
3660 1403 3752 1456 τοῦ
3789 1405 3949 1473 ἁγίου

2364 1480 2612 1532 Ἰωάννου
2665 1481 2731 1548 τῇ
2785 1478 3071 1551 βασιλίσσῃ
3114 1478 3417 1550 δεηθέντες,
3464 1485 3572 1537 τῶν
3607 1486 3707 1555 μὲν
3755 1486 3951 1540 ἀντιδί-

2352 1580 2464 1615 κων
2502 1560 2752 1631 μοναχῶν
2783 1560 2880 1631 τὴν
2913 1560 3098 1631 δέησιν
3131 1563 3277 1634 παρά
3305 1567 3418 1629 τοῖς
3450 1567 3714 1638 ἐπάρχοις
3736 1586 3950 1640 γυμνα-

2355 1645 2572 1717 σθῆναι,
2607 1647 2698 1697 τὸν
2725 1644 2781 1697 δὲ
2810 1644 3072 1712 Θεόφιλον
3104 1648 3462 1716 παραστάντα
3494 1660 3587 1705 και
3620 1652 3821 1707 ἄκοντα
3854 1654 3960 1708 ἐπὶ

2365 1730 2614 1782 Ἰωάννου
2659 1726 2935 1798 κριθῆναι.
3001 1728 3280 1801 Ἐπράχθη
3322 1732 3589 1804 ήδέησις,
3623 1735 3823 1805 ἔχουσα
3849 1736 3951 1807 τὴν

2353 1814 2628 1882 ἀπόφασιν
2654 1812 2811 1883 τήνδε
2829 1828 2842 1842 ⁸
2870 1811 3011 1864 ὥστε
3042 1813 3131 1865 τὸν
3167 1815 3266 1885 μὲν
3294 1815 3553 1887 Θεόφιλον
3587 1822 3951 1891 παραστάντα

2352 1894 2440 1950 διὰ
2461 1896 2557 1949 τοῦ
2592 1896 2894 1967 μαγίστρου
2924 1895 3018 1947 καὶ
3048 1895 3244 1951 ἑκόντα
3275 1900 3370 1951 καὶ
3398 1900 3624 1968 ἄκοντα,
3652 1903 3839 1959 δοῦναι
3869 1905 3950 1958 δί-

2354 1996 2457 2051 κην
2477 1980 2570 2031 ἐπὶ
2612 1979 2861 2031 Ἰωάννου
2884 1995 2897 2009 ⁸
2927 1977 3053 2040 τοὺς
3083 1978 3137 2030 δὲ
3162 1982 3421 2051 Θεοφίλου
3458 1988 3727 2056 μοκιαχοὺς
3750 1989 3952 2057 συστῆ-

2353 2080 2441 2117 ναι
2470 2064 2685 2126 ὲαυτοῖς
2706 2063 2800 2115 ἐπὶ
2820 2065 2934 2125 τοῖς
2963 2063 3305 2135 ἐγκλήμασιν
3321 2061 3401 2132 οἷς
3430 2070 3818 2142 κατηγόρησαν
3842 2072 3953 2123 τῶν

2354 2146 2525 2215 ἁγίων
2559 2146 2853 2215 γερόντων,
2893 2149 2926 2219 ἢ
2962 2150 3029 2203 τὰ
3057 2150 3165 2203 τῶν
3203 2152 3557 2219 συκοφαντῶν
3592 2152 3947 2222 ὑφίστασθαι.

2354 2231 2541 2294 Οὑτως
2562 2226 2657 2284 οὖν
2679 2231 2758 2294 εἰς
2790 2230 2890 2301 μὲν
2910 2234 3011 2306 τὴν
3051 2233 3460 2304 Ἀλεξάνδρειαν
3481 2236 3762 2307 ἀπεστάλη
3801 2237 3954 2292 Ἐλά-

2354 2333 2495 2385 φιος,
2528 2318 2557 2369 ό
2583 2315 2677 2370 νῦν
2720 2315 2828 2369 ἀπὸ
2866 2319 3205 2388 πριγκίπων,
3236 2318 3519 2387 διαγαγεῖν
3549 2320 3640 2374 τὸν
3666 2321 3950 2390 Θεόφιλον,

2352 2401 2449 2471 τὴν
2461 2399 2518 2451 δὲ
2534 2399 2727 2470 λοιπὴν
2746 2398 3024 2469 ἀπόφασιν
3045 2403 3093 2454 οί
3116 2400 3345 2472 ἔπαρχοι
3368 2402 3714 2470 ἐξεϐίϐασαν.
3730 2405 3801 2457 ιύ
3811 2424 3949 2476 μνα-

2353 2485 2589 2556 ζομένης
2613 2483 2671 2537 δέ
2704 2484 2805 2554 τῆς
2830 2483 2987 2556 δίκης
3018 2486 3113 2538 καὶ
3142 2487 3221 2549 εἰς
3252 2487 3458 2557 ἄπορον
3488 2489 3909 2562 καταληγούσης
3936 2538 3950 2555 ,

2351 2571 2399 2621 οἱ
2430 2568 2529 2639 μὲν
2569 2567 2724 2638 νόμοι
2756 2568 3036 2622 ἐπέκειντο
3069 2569 3485 2634 ἀποστίλϐοντες
3510 2573 3571 2625 τὸ
3604 2572 3787 2642 ξίφος·
3816 2577 3866 2627 οί
3893 2577 3952 2629 δὲ

2352 2653 2526 2705 ἄθλιοι
2556 2653 2754 2705 ἐκεῖνοι
2786 2652 3116 2722 φοϐηθέντες
3144 2654 3244 2724 τὴν
3268 2653 3516 2720 ἔκϐασιν,
3564 2656 3952 2728 ὑπερτίθενται

2353 2736 2434 2800 είς
2463 2735 2743 2805 Θεόφιλον,
2789 2736 2864 2799 ὠς
2893 2736 3059 2789 αὑτοῦ
3088 2737 3286 2800 αύτούς
3326 2740 3690 2806 ὑποϐαλόντος
3722 2746 3815 2797 καὶ
3850 2747 3952 2811 τὰς

2350 2822 2567 2892 δεήσεις
2585 2819 3083 2893 ὑπαγορεύσαντός.
3111 2822 3297 2887 Οὕτως
3318 2826 3350 2896 ή
3372 2825 3527 2889 τάξις
3547 2827 3726 2897 βάλλει
3751 2832 3955 2895 αὑτοὺς

2354 2909 2433 2971 εἰς
2466 2906 2862 2979 δεσμωτήριον,
2898 2907 3061 2979 μέχρι
3089 2911 3187 2980 τῆς
3216 2909 3478 2980 Θεοφίλου
3505 2914 3831 2984 παρουσίας,
3877 2921 3955 2989 μὴ

2355 2992 2703 3063 ἀνασχομένη
2757 2992 2849 3045 ἐπὶ
2881 2992 3109 3064 τοιαύτῃ
3140 2994 3395 3049 ὑποθέσει
3423 2995 3680 3061 δέξασθαι
3724 3002 3954 3071 ἐγγύας.

2356 3076 2463 3127 Καὶ
2492 3075 2696 3128 τούτων
2726 3076 2773 3127 οί
2807 3076 2904 3146 μὲν
2934 3075 3257 3131 τελευτῶσιν
3283 3080 3340 3131 ἐν
3367 3082 3433 3151 τῇ
3459 3082 3647 3152 είρκτῇ
3680 3103 3959 3159 χρονοτρι-

2355 3162 2620 3231 ϐήσαντες
2660 3160 2747 3212 διὰ
2776 3161 2876 3231 τὴν
2922 3160 3181 3230 Θεοφίλου
3229 3163 3561 3235 βραδυτῆτα,
3609 3169 3657 3220 οἰ
3704 3170 3759 3222 δέ
3815 3176 3960 3240 μετὰ

2354 3244 2451 3314 τὴν
2488 3243 2748 3312 Θεοφίλου
2780 3245 3082 3314 παρουσίαν
3121 3248 3367 3318 χρήμασι
3407 3249 3468 3301 τὸ
3516 3251 3748 3323 πρᾶγμα
3801 3255 3957 3319 ἐξευ-

2358 3326 2706 3399 μαρίσαντος,
2744 3329 2801 3381 ἐν
2834 3328 3120 3401 τελευταία
3155 3330 3402 3395 ἐξετάσει
3438 3332 3537 3404 τὴν
3578 3336 3960 3409 Προκόννησον

2354 3415 2522 3465 οἰκεῖν
2548 3411 2698 3484 παρά
2719 3412 2827 3467 τῶν
2854 3414 3035 3484 νόμων
3057 3416 3462 3487 κατεκρίθησαν
3484 3420 3559 3483 ὼς
3594 3425 3956 3492 συκοφάνται.

2356 3495 2546 3560 Ούτως
2572 3497 2599 3548 ό
2633 3496 2891 3566 Θεόφιλος
2934 3499 3242 3568 παραστάς,
3277 3500 3530 3574 καθάπερ
3558 3504 3829 3577 κάνθαρος
3861 3528 3962 3562 πε-

2356 3582 2705 3651 φορτωμένος
2740 3581 2844 3651 τῆς
2877 3582 3084 3653 κόπρου
3122 3583 3230 3636 τῶν
3253 3585 3310 3651 ἐξ
3333 3586 3612 3656 Αἰγύπτου
3651 3592 3962 3650 καλλίστων

2356 3667 2449 3717 καὶ
2474 3665 2644 3735 αὑτῆς
2676 3667 2775 3735 τῆς
2813 3665 3022 3730 Ἰνδίας,
3045 3667 3182 3738 ὑπὲρ
3205 3668 3473 3735 δυσώδους
3498 3672 3691 3741 φθόνου
3726 3677 3962 3731 εὐωδίαν

2356 3747 2581 3817 ἐκχέων,
2612 3749 2784 3818 εἰσῄει
2822 3748 2900 3812 είς
2945 3750 3520 3808 Κωνσταντινούπολιν
3553 3758 3686 3829 ἕκτῃ
3710 3758 3851 3829 ὥρα,
3889 3767 3957 3833 τῇ

2358 3832 2584 3904 πέμπτῃ
2615 3832 2706 3885 τοῦ
2738 3832 3040 3899 Σαϐϐάτου,
3076 3836 3183 3889 ὑπὸ
3236 3837 3330 3891 τού
3381 3842 3640 3895 ναυτικοῦ
3684 3832 3962 3916 κατακῲὲ

2356 3918 2617 3987 τούμενος
2647 3918 2888 3989 στίφους,
2936 3921 3036 3989 τὴν
3089 3920 3283 3991 ἄτιμον
3326 3924 3734 3997 ἀποφερόμενος
3772 3930 3957 3992 δόξαν,

2360 3997 2579 4073 περὶχῆς
2608 4007 2867 4073 προεῖπεν
2903 4006 2931 4056 ὁ
2970 4005 3311 4071 Ἀπόστολος,
3345 4001 3459 4063 τΩν
3496 4013 3535 4079 ἡ
3578 4012 3725 4076 δόξα
3772 4016 3840 4067 ἐν·
3882 4017 3957 4085 τῇ

2357 4087 2619 4155 αἰσχύνῃ
2649 4084 2869 4150 αὐτῶν,
2924 4088 3255 4155 ἐπενεγκών·
3317 4094 3383 4145 Οἱ
3432 4093 3505 4146 τὰ
3547 4094 3778 4164 ἐπίγεια
3806 4084 3958 4168 ,φροὲ

2356 4170 2628 4235 νοῦντες·
2680 4172 2771 4222 καὶ
2800 4170 3067 4236 ξενίζεται
3116 4173 3174 4225 ἐν
3221 4174 3576 4246 σκηνώμασιν
3597 4180 3657 4232 οὑ
3692 4180 3956 4252 δικαίων,

2357 4257 2545 4326 φυγὼν
2575 4256 2673 4327 τὴν
2730 4256 3065 4329 ἐκκλησίαν,
3120 4260 3514 4334 ἐπιλαθόμενος
3557 4266 3620 4320 τὸ
3670 4270 3959 4328 Δαυῑδικὸν

2357 4348 2551 4398 ἐκεῖνο·
2602 4345 3006 4416 Ἐξελεξιίμην
3044 4352 3581 4419 παραῤῥιπτεῖσθαι
3613 4356 3682 4409 ἐν
3710 4359 3789 4423 τῷ
3809 4362 3959 4431 οἴκῳ

2358 4435 2463 4488 τοῦ
2487 4435 2635 4488 Θεοῦ
2664 4453 2784 4504 μου
2813 4435 3055 4506 μᾶλλον
3079 4437 3117 4506 ἢ
3144 4440 3333 4494 οἰκεῖν
3353 4459 3429 4510 με
3460 4443 3530 4496 ἑν
3556 4447 3960 4518 σκηνώμασιν

2358 4523 2755 4591 ἁμαρτωλῶν
2814 4526 3133 4598 εἰργόμενος
3190 4528 3292 4598 τῆς
3351 4530 3648 4604 ἐκκλησίας
3703 4536 3811 4591 ὑπὸ
3857 4542 3955 4595 τοὺ

2362 4613 2492 4666 ἰδίου
2524 4614 2850 4677 συνειδότος,
2877 4617 3176 4687 Διατρίψας
3203 4618 3258 4671 δέ
3298 4623 3444 4692 τρεῖς
3490 4622 3790 4695 ἑϐδομάδας
3820 4631 3958 4699 ἠμε-

2360 4703 2490 4773 ρῶν,
2526 4702 2651 4755 οὔτε
2680 4703 2760 4774 τῷ
2800 4705 3086 4776 ἐπισκόπῳ
3125 4707 3349 4781 Ἰωάννῃ
3396 4710 3652 4783 συνέτυχε
3694 4716 3834 4769 κατά
3892 4719 3958 4771 τὸ

2357 4792 2476 4855 ἔθος
2508 4792 2617 4846 τῶν
2669 4792 3009 4858 ἐπισκόπων,
3059 4792 3183 4848 οὔτε
3235 4796 3565 4868 ἐπλησίασεν
3592 4803 3727 4867 ὅλως
3758 4808 3824 4876 τῇ
3858 4808 3955 4859 ἐκ·

2356 4880 2579 4951 λλησία,
2639 4880 2753 4936 ἀλλ’
2784 4880 2979 4953 ἔμενεν
3041 4881 3447 4955 ἀγωνιζόμενος
3489 4889 3703 4963 νύκτωρ
3763 4912 3822 4947 τε
3860 4897 3957 4949 καὶ

2360 4968 2477 5039 μεθ’
2510 4970 2726 5041 ἡμέραν
2756 4970 2815 5024 τὸ
2842 4971 2961 5025 νέον
3003 4973 3157 5043 ἔχθος
3207 4974 3285 5046 τῷ
3334 4977 3549 5048 παλαιῷ
3586 4981 3953 5055 ἐπισυνάψας,

2356 5059 2503 5122 ὅπως
2526 5058 2618 5111 τὸν
2647 5060 2946 5115 ἐπίσκοπον
2988 5061 3245 5132 Ἰωάννην
3295 5063 3495 5138 ἐξώσῃ,
3551 5068 3609 5121 οὑ
3660 5070 3821 5141 μόνον
3849 5073 3953 5145 τῆς

2369 5145 2717 5218 Ἐκκλησίας,
2748 5146 2885 5201 ἀλλά
2909 5148 3002 5201 καὶ
3037 5148 3213 5202 αὑτοῦ
3256 5150 3351 5204 τοῦ
3409 5152 3507 5225 ζῇν
3545 5164 3566 5193 ε
3590 5170 3603 5183 ·
3658 5157 3820 5213 τοῦτο
3851 5160 3955 5232 μὲν

2356 5234 2573 5307 ἀφειδίᾳ.
2598 5234 2826 5307 χρυσίου
2854 5238 2981 5300 τοὺς
3008 5237 3409 5310 δεισιδαίμονας
3459 5243 3568 5297 τῶν
3602 5247 3955 5316 κρατούντων

2354 5322 2664 5394 ὠνούμενος
2697 5324 2838 5379 κατά
2889 5325 2990 5395 τῆς
3043 5326 3321 5399 ἀληθείας,
3372 5330 3531 5384 τοῦτο
3577 5332 3632 5387 δέ
3668 5334 3956 5392 πολυτελεῖ

2354 5412 2599 5484 τραπέζῃ
2622 5413 2756 5475 τοὺς
2797 5415 3249 5486 γαστριμάργους
3282 5417 3657 5489 δουλούμενος,
3686 5423 3848 5479 τοῦτο
3893 5427 3954 5482 δέ

2356 5505 2449 5557 καὶ
2477 5504 2737 5590 κολακεία
2776 5507 2868 5560 καὶ
2900 5505 3194 5576 ὑποσχέσει
3242 5508 3341 5579 τῆς
3372 5511 3618 5581 μείζονος
3640 5515 3795 5581 ἀξίας
3826 5519 3955 5584 τοὺς

2358 5593 2717 5664 συμφένακας
2768 5594 2877 5648 τῶν
2930 5594 3209 5665 κληρικῶν
3266 5599 3625 5671 ἐπαγόμενος.
3677 5604 3955 5679 Συνδήσας

2356 5684 2566 5747 πάντας
2597 5683 2828 5747 τούτους
2850 5684 2976 5737 ἄνευ
3010 5686 3244 5755 σχοινίου
3278 5690 3396 5753 ταῖς
3446 5689 3662 5761 ήδοναίς
3700 5696 3953 5769 καθάπερ

2419 5852 2820 5922 δ-Βίεοιίαιιιθῃ]
2844 5856 3103 5922 _scriplu_ra,_
3143 5857 3481 5922 ἐπευξάμενοι,
3508 5875 3604 5912 non
3647 5863 3952 5915 mediatrem

2355 5917 2648 5968 barbarismi
2672 5918 3003 5978 suspicionem
3028 5918 3196 5970 habet.

2432 5982 2452 6008 θ
2476 5979 2621 6030 Addi!
2645 5980 2822 6045 Georg.
2851 5980 3115 6040 ἀπαλλάξῃ.
