4234 6310
298 400 368 456 33
1237 397 1324 451 DE
1370 397 1523 452 VITA
1565 398 1621 452 S.
1662 397 1937 453 JOANNI’S
1975 397 2467 456 CHRYSOSTOMI.
3499 410 3569 467 26

298 508 581 579 Theophili
611 509 864 565 adversus
888 524 980 565 eos
1008 508 1185 563 odium
1214 508 1626 573 demutatio-um,
1659 508 1879 563 libenter

298 602 570 670 negotium
600 600 818 670 arripit,
850 599 1143 660 admonens
1168 613 1261 653 eos
1288 608 1345 652 ut
1381 597 1518 666 apud
1546 612 1731 651 omnes
1757 598 1880 651 reli-

294 694 446 762 gioso
488 692 702 748 silentio
727 691 987 748 adventus
1025 691 1106 746 sui
1145 704 1357 744 causam
1408 698 1676 758 tegerent,
1708 688 1879 743 donec

296 786 432 854 ipse,
468 785 659 853 inquit,
689 784 885 838 misero
908 784 975 837 ad
1008 782 1225 837 fratrem
1256 780 1630 850 Theophilum.
1664 778 1730 833 Et
1753 779 1877 834 dato

291 875 372 928 eis
399 877 450 929 in
479 876 705 929 ecclesia
724 874 862 929 dicta
889 873 1165 929 Anastasia
1196 872 1423 941 hospitio
1447 872 1513 927 ad
1538 874 1878 943 requiescen-

290 965 442 1031 dum,
470 965 584 1034 ipse
606 964 817 1035 quidem
844 980 949 1019 non
975 963 1343 1034 suppeditabat
1366 978 1485 1033 qua:
1503 963 1570 1017 ad
1594 978 1745 1017 usum
1772 963 1875 1017 illis

289 1055 598 1108 necessaria
623 1062 810 1119 erant;
838 1053 929 1108 sed
960 1052 1221 1123 religiosa:
1249 1053 1498 1107 mulieres
1524 1055 1717 1107 victum
1748 1053 1874 1121 ipsis

286 1144 789 1210 subministrabant,
821 1154 875 1199 et
900 1144 999 1213 ipsi
1025 1157 1237 1213 quoque
1264 1142 1501 1197 nonnihil
1529 1143 1875 1197 conferebant

284 1249 353 1288 ex
383 1249 546 1305 opere
584 1249 856 1290 manuum.
894 1235 1196 1304 Contigerat
1233 1242 1409 1288 autem
1441 1234 1540 1287 sub
1576 1234 1626 1287 id
1666 1242 1872 1301 tempus

286 1336 340 1378 ut
372 1326 557 1380 clerici
581 1325 795 1396 quidam
812 1325 1091 1395 Theophili
1119 1325 1573 1393 Constantinopoli
1599 1324 1865 1389 adessent,

286 1416 698 1486 magistratuum
744 1417 834 1487 qui
886 1416 1128 1488 regenda:
1181 1415 1413 1487 Egypto
1461 1415 1871 1486 designabantur

286 1509 654 1577 promotiones
679 1516 1089 1577 prmmcrcantes
1112 1548 1128 1574 ,
1160 1515 1213 1561 et
1243 1506 1669 1560 benevolentiam
1695 1505 1869 1560 Theo-

286 1599 433 1668 philo
454 1599 798 1653 conciliantes
819 1600 873 1653 in
898 1600 1182 1666 perniciem
1210 1613 1394 1652 eorum
1420 1598 1507 1667 qui
1540 1597 1613 1650 illi
1649 1596 1866 1651 minime

286 1689 586 1758 placebant.
612 1688 720 1743 lies
745 1688 901 1758 igitur
919 1688 986 1743 ad
1007 1704 1064 1743 se
1082 1689 1279 1742 accitos
1302 1686 1533 1743 Joannes
1562 1696 1867 1756 percuncta-

283 1785 464 1845 batur,
487 1794 554 1832 an
582 1789 871 1848 przesentes
898 1778 1186 1834 monachos
1212 1778 1507 1835 novissent.
1540 1779 1615 1833 Illi
1643 1779 1865 1834 candide

281 1868 348 1923 de
380 1869 513 1938 ipsis
534 1869 893 1924 testimonium
919 1870 1512 1939 perhibuere,diceutcs
1535 1869 1725 1925 Joanni
1756 1888 1768 1924 :
1799 1870 1864 1923 Et

282 1959 530 2013 novimus
554 1973 680 2024 eos,
715 1967 770 2013 et
811 1960 913 2013 vim
963 1974 1204 2029 magnam
1251 1962 1485 2029 perpessi
1529 1970 1650 2014 sunt
1682 1950 1789 2014 :‘ac
1818 1962 1861 2015 si

281 2048 489 2116 placet,
516 2047 731 2103 domine
750 2089 764 2112 ,
793 2048 1085 2117 spiritalem
1107 2048 1184 2103 cis
1209 2050 1636 2103 connnunionem
1669 2052 1863 2120 imper-

281 2140 383 2201 tire
413 2138 561 2203 noli,
593 2153 662 2193 ne
684 2137 920 2194 oll‘endas
949 2138 1298 2207 Theophilum
1330 2156 1341 2190 :
1374 2140 1426 2193 in
1468 2142 1675 2195 caeteris
1714 2140 1863 2196 beni-

278 2245 443 2297 gnum
492 2240 543 2284 te
590 2230 811 2300 praebe;
858 2230 960 2284 hoc
1000 2231 1141 2284 enim
1186 2238 1237 2283 te
1268 2238 1322 2284 ut
1348 2231 1654 2301 episcopum
1684 2230 1856 2285 decet.

277 2324 365 2377 Sic
391 2323 626 2377 Joannes
655 2337 748 2378 eos
774 2324 985 2393 quidem
1011 2322 1079 2376 ad
1102 2322 1529 2377 communionem
1563 2338 1664 2377 non
1694 2322 1860 2376 admi-

276 2417 346 2469 sit
383 2434 395 2467 :
428 2414 727 2485 TheOphilo
755 2423 931 2469 autem
953 2414 1176 2479 scribit,
1205 2430 1363 2468 orans
1395 2431 1407 2466 :
1440 2415 1496 2468 ln
1527 2414 1626 2467 hoc
1654 2414 1778 2467 inibi
1804 2425 1860 2468 ut

279 2506 390 2561 filio
415 2515 470 2562 et
500 2506 644 2560 fratri
677 2506 972 2576 gratiﬁeare
991 2546 1005 2571 ,
1038 2506 1200 2560 hosce
1227 2506 1370 2560 viros
1394 2506 1747 2575 amplectitor.
1780 2507 1857 2560 Ad

276 2599 394 2651 haec
436 2596 801 2667 Theophilus,
844 2597 1068 2667 gratiam
1113 2597 1327 2668 quidem
1375 2598 1583 2668 negavit
1624 2597 1853 2662 Joanni;

275 2688 439 2743 mittit
466 2697 643 2742 autem
674 2687 929 2758 quosdam
955 2688 1021 2742 ad
1051 2688 1407 2742 contentiosas
1443 2688 1722 2742 verborum
1763 2702 1858 2756 pav-

275 2792 409 2848 gnas
439 2778 776 2838 exercitatos,
807 2777 875 2831 de
901 2777 1094 2846 quibus
1122 2775 1367 2846 superius
1392 2776 1649 2841 diximus,
1670 2786 1722 2831 et
1743 2792 1856 2831 mo-

275 2876 387 2929 net,
417 2865 545 2920 dent
572 2866 648 2920 illi
674 2866 883 2921 libellos
904 2880 1143 2935 precum,
1172 2880 1307 2936 quos
1335 2880 1480 2920 more
1507 2882 1604 2920 suo
1636 2866 1747 2935 ipse
1776 2867 1856 2920 dir

273 2965 516 3011 claverat
546 2974 560 3010 :
589 2956 676 3026 qui
720 2956 1062 3012 continebant
1098 2965 1337 3026 apertum
1380 2955 1591 3025 quidem
1638 2957 1856 3011 menda-

270 3048 453 3113 cium,
508 3047 760 3102 amictum
805 3061 931 3103 vero
972 3047 1116 3102 varia
1167 3054 1221 3101 ct
1270 3044 1544 3115 multiplici
1592 3046 1852 3100 calumnia

270 3154 462 3192 eorum
492 3153 610 3208 qua:
636 3148 761 3193 sunt
788 3139 1097 3205 invisibilia,
1127 3154 1246 3192 cum
1290 3138 1421 3191 nihil
1469 3138 1686 3193 haberet
1714 3138 1854 3192 unde

270 3245 458 3283 eorum
504 3229 665 3283 vitam
713 3229 1172 3293 calumniaretur;
1210 3226 1436 3297 facitque
1480 3237 1537 3282 ut
1577 3228 1628 3281 in
1660 3227 1854 3297 palatio

269 3320 421 3388 quasi
452 3319 867 3389 przestigiatores
884 3320 1045 3389 digito
1064 3326 1507 3373 monstrarentur.
1532 3319 1768 3373 Monachi
1796 3331 1853 3374 ut

270 3413 520 3466 viderunt
546 3426 606 3466 se
631 3427 738 3465 non
768 3412 941 3466 solum
969 3410 1322 3481 Theophilum
1350 3426 1455 3465 non
1487 3412 1726 3480 placare,
1756 3413 1850 3467 sed

270 3504 323 3555 in
347 3502 604 3570 majorem
626 3502 759 3556 iram
782 3502 1076 3571 impellere,
1097 3502 1222 3556 dum
1251 3502 1444 3556 multos
1469 3503 1851 3559 intercessores

272 3595 339 3647 ad
382 3594 530 3648 illum
576 3594 830 3659 mittunt,
873 3595 1089 3663 insuper
1132 3602 1344 3663 paratos
1376 3608 1433 3648 se
1460 3609 1578 3649 esse
1612 3595 1850 3651 dicentes

270 3687 458 3740 falsam
489 3700 703 3739 onmem
743 3685 1037 3739 doctrinam
1064 3685 1509 3740 anathematizare
1540 3703 1552 3739 :
1585 3688 1849 3756 supplices

271 3777 479 3831 [belles
505 3776 697 3831 Joanni
724 3778 951 3831 offerunt
974 3818 987 3841 ,
1016 3777 1225 3832 diversa
1247 3777 1523 3847 Theophili
1556 3781 1849 3851 tyrannidis

268 3882 463 3937 genera
507 3866 821 3921 denotantes
846 3910 859 3931 ,
906 3867 1171 3936 adjunetis
1212 3868 1524 3936 quibusdam
1556 3870 1802 3939 capitulis
1828 3914 1841 3937 ,

267 3973 386 4026 qua:
420 3954 579 4025 pudet
602 3971 779 4011 coram
807 3957 1222 4027 simplicioribus
1245 3956 1443 4023 dicere,
1475 3975 1543 4012 ne
1567 3974 1659 4013 eos
1679 3974 1706 4012 a
1734 3975 1850 4016 cre-

265 4048 445 4101 dendo
470 4047 787 4113 deterream,
819 4047 1047 4102 fortasse
1071 4048 1229 4102 etiam
1255 4048 1391 4117 apud
1419 4050 1762 4117 perfectiores
1788 4051 1849 4105 fi-

266 4138 389 4191 dem
414 4153 522 4191 non
545 4139 873 4192 inventurus.
892 4138 1095 4193 Rursus
1117 4148 1170 4194 et
1187 4154 1278 4208 per
1296 4140 1529 4208 seipsum
1549 4150 1600 4195 et
1624 4156 1716 4209 per
1732 4141 1848 4197 illos

264 4230 551 4297 episcopos
596 4228 837 4283 hortatur
864 4243 956 4283 eos
994 4228 1260 4295 Joannes,
1294 4238 1352 4283 ut
1390 4229 1638 4284 desinant
1675 4231 1846 4300 ipsum

264 4332 525 4372 accusare
566 4318 634 4371 ob
679 4319 971 4372 molestiam
1017 4334 1133 4387 quze
1181 4334 1242 4372 ex
1292 4317 1595 4387 hujusmodi
1636 4320 1847 4389 judiciis

266 4409 416 4462 nasci
458 4410 633 4463 solet:
667 4418 721 4464 et
762 4410 949 4465 scribit
976 4409 1271 4480 TbeOphilo
1302 4429 1313 4462 :
1349 4412 1423 4465 Eo
1464 4413 1847 4483 desperationis

269 4500 515 4554 homines
539 4499 796 4570 ejusmodi
826 4502 1091 4556 devenere
1114 4542 1128 4566 ,
1172 4510 1229 4555 ut
1265 4497 1461 4573 script‘o
1497 4514 1549 4558 te
1575 4516 1843 4559 accusent.

266 4592 532 4645 ueterum
562 4594 703 4662 quod
734 4592 824 4647 tibi
864 4594 1072 4648 videtur
1110 4595 1340 4648 rescribe
1374 4614 1386 4648 :
1422 4611 1525 4649 non
1573 4598 1713 4650 enim
1762 4614 1847 4653 me

265 4684 527 4751 audiunt,
565 4694 623 4738 ut
648 4700 679 4738 a
706 4684 968 4739 Comitatu
1005 4685 1299 4740 discedant.
1326 4687 1406 4740 Ub
1430 4688 1688 4757 ejusmodi
1717 4692 1848 4744 scri-

268 4785 356 4847 pta
390 4785 533 4831 totus
559 4776 635 4830 ira
667 4778 913 4833 incensus
937 4778 1280 4847 Theophilus,
1311 4780 1377 4834 ab
1404 4779 1640 4835 Ecclesia
1670 4781 1847 4836 exclu-

268 4866 349 4920 dit
376 4866 594 4921 fratrcm
624 4869 1002 4923 monachorum
1041 4869 1353 4923 Dioscorqu
1388 4873 1729 4940 episcopum,
1757 4875 1846 4943 qui

269 4956 325 5009 in
351 4956 583 5010 Ecclesia
612 4966 858 5012 senuerat
886 4976 898 5011 :
928 4966 981 5012 et
1008 4957 1074 5012 ad
1099 4957 1355 5013 Joannem
1384 4962 1690 5029 episcopum
1716 4965 1848 5017 scri—

268 5048 386 5103 bit:
420 5049 664 5122 Arbitror
698 5049 943 5119 equidem
973 5065 1077 5105 non
1107 5052 1349 5121 ignorare
1386 5059 1436 5106 te
1462 5067 1725 5108 canonum
1757 5054 1846 5110 Ni-

269 5154 539 5194 camorum
568 5139 864 5205 decretum,
886 5156 992 5211 quo
1020 5142 1274 5208 sancitur,
1300 5158 1367 5197 ne
1391 5144 1670 5213 episcopus
1698 5145 1842 5200 litem

268 5237 419 5283 extra
449 5228 582 5284 fines
610 5244 737 5284 suos
756 5230 957 5301 judicet
982 5248 1006 5295 ε,
1024 5233 1067 5285 si
1098 5240 1274 5286 autem
1306 5233 1516 5302 ignoras
1537 5274 1552 5300 ,
1585 5235 1730 5289 disce
1750 5277 1765 5300 ,
1794 5246 1847 5290 et

267 5334 298 5373 ι
343 5319 529 5374 libellis
562 5319 818 5374 adversus
859 5336 944 5376 me
979 5320 1203 5376 abstine.
1241 5320 1373 5375 Nam
1416 5322 1458 5376 si
1503 5322 1719 5392 iudicari
1760 5342 1846 5381 me

268 5417 580 5476 oporteret,
623 5409 701 5463 ab
728 5408 993 5481 .Egyptiis
1033 5409 1296 5480 episcopis
1334 5411 1649 5480 judicandus
1686 5430 1801 5469 sum
1824 5456 1842 5484 ,

269 5514 377 5553 non
404 5513 433 5552 a
461 5510 510 5554 te
538 5500 626 5569 qui
654 5500 987 5571 septuaginta
1007 5502 1238 5571 quinque
1263 5501 1465 5557 dierum
1499 5503 1685 5559 itinere
1725 5505 1846 5561 hinc

269 5591 413 5645 abes.
1308 5574 1315 5599 δ

343 5682 462 5738 Car.
508 5701 617 5739 vm.
646 5715 718 5725 -
742 5688 975 5755 Accepta
1005 5685 1241 5756 lectaque
1273 5701 1335 5741 ea
1362 5688 1580 5757 cpi5tola
1612 5687 1844 5742 Joannes

272 5788 384 5827 eam
408 5776 615 5846 quidem
638 5790 807 5847 penes
828 5790 887 5831 se
936 5778 1180 5842 servavit,
1215 5778 1485 5833 monachis
1515 5787 1687 5833 autem
1717 5794 1840 5849 par-

1993 509 2362 581 tis-utriusque
2390 528 2452 566 ea
2494 514 2626 567 dixit
2653 529 2770 585 quas
2808 516 2875 571 ad
2925 532 3105 587 pacem
3151 528 3323 576 erant.
3366 522 3563 589 Quibus

1987 598 2197 663 auditis,
2234 612 2544 671 exasperata
2578 615 2664 659 est
2690 616 2912 676 utraque
2953 624 3095 677 pars,
3155 610 3241 664 illa
3267 613 3477 679 quidem
3505 624 3561 665 ut

1988 690 2264 758 tyrannide
2291 706 2566 761 oppressa,
2612 695 2778 750 altera
2818 711 2947 751 vero
2989 698 3127 767 quod
3158 699 3358 769 absque
3382 700 3562 756 Theo-

1987 781 2131 849 philo
2160 780 2464 837 facultatem
2496 799 2598 838 non
2632 785 2851 841 haberet
2906 788 3149 844 ineundae
3198 791 3364 859 pacis,
3409 792 3561 861 cujus

1978 868 2131 940 jussu
2159 871 2380 927 dederat
2419 874 2626 929 libellos
2655 877 2934 931 calumniis
2979 880 3183 949 plenos.
3219 882 3308 935 Sic
3328 875 3562 939 Joanni-s

1983 960 2107 1016 dato
2123 963 2200 1015 eis
2226 978 2503 1034 responso,
2523 980 2616 1020 eos
2641 967 2708 1021 ab
2727 982 2821 1022 sua
2838 984 2963 1023 cura
2990 979 3043 1024 et
3063 973 3379 1042 cogitatione
3401 973 3556 1027 dimi-

1981 1054 2068 1107 sit.
2100 1053 2354 1110 Postlime
2381 1057 2647 1124 monachi,
2670 1063 2759 1127 qui
2786 1060 2975 1129 injuria
3004 1062 3177 1117 allecti
3205 1063 3434 1130 fuerant,
3463 1081 3549 1119 re-

1980 1145 2249 1210 cedentes,
2298 1147 2505 1204 libellos
2533 1150 2761 1219 grandes
2788 1160 2839 1207 et
2872 1151 3129 1208 verbosos
3180 1147 3508 1225 eomponunt
3539 1174 3551 1208 :

1978 1236 2268 1291 monachos
2292 1238 2507 1308 quidem
2559 1248 2826 1317 tamquam
2854 1243 3265 1298 calumniatores
3291 1259 3540 1299 accusan-

1979 1333 2079 1391 tes,
2112 1326 2367 1382 adversus
2394 1328 2744 1399 Theophilum
2773 1346 2921 1398 vero,
2954 1347 3020 1386 ne
3042 1333 3167 1402 quid
3186 1333 3327 1388 aliud
3355 1334 3547 1399 dicam,

1977 1430 2037 1469 ea
2063 1416 2413 1472 inscribentes
2442 1434 2560 1487 quae
2590 1430 2742 1474 erant
2760 1420 3061 1491 TheOphili,
3083 1432 3137 1477 et
3161 1432 3290 1493 quot
3307 1433 3360 1479 et
3380 1440 3548 1494 quan-

1977 1516 2027 1559 ta
2048 1507 2272 1575 quisque
2304 1518 2544 1562 noverat.
2577 1509 2813 1581 Cumque
2864 1512 3072 1566 libellos
3096 1514 3412 1569 obtulissent
3435 1516 3548 1568 Au-

1974 1597 2161 1665 gustis,
2187 1596 2581 1666 lmperatriccm
2608 1600 2805 1655 adeunt
2832 1602 2882 1654 in
2904 1601 3153 1674 Martyrio
3192 1604 3360 1657 sancti
3383 1603 3547 1659 Joan-

1974 1690 2077 1753 nis,
2107 1700 2383 1760 orantque,
2408 1702 2463 1745 ut
2485 1692 2911 1748 adversariorum
2930 1695 3141 1762 quidem
3164 1696 3545 1749 monachorum

1978 1779 2190 1834 libellus
2242 1773 2382 1849 apud
2441 1781 2720 1850 praefectos
2793 1786 3221 1849 examinaretur,
3275 1785 3547 1853 Theophi-

1974 1870 2056 1923 lus
2085 1885 2212 1924 vero
2242 1871 2325 1924 vel
2366 1872 2560 1925 invitus
2604 1872 2834 1938 adesset,
2877 1881 2929 1928 et
2972 1888 3152 1927 coram
3179 1873 3546 1942 Joannejudi-

1968 1969 2203 2015 earetur.
2229 1959 2476 2015 Admissa
2499 1971 2581 2017 est
2604 1964 2907 2032 postulatio,
2938 1981 3054 2034 quae
3103 1964 3203 2020 hoc
3234 1980 3545 2034 responsum

1969 2049 2121 2103 tulit:
2147 2048 2215 2105 Ut
2246 2050 2581 2121 Theophilus.
2602 2053 2787 2108 volens
2816 2054 3004 2108 nolens
3031 2054 3296 2110 exhibitas
3322 2071 3417 2125 per
3440 2056 3548 2111 Ma-

1966 2141 2212 2207 gistrum,
2243 2156 2422 2196 coram
2442 2142 2645 2198 Joanne
2667 2158 2880 2199 causam
2904 2146 3106 2201 diceret
3130 2163 3143 2212 ;
3180 2148 3425 2202 monachi
3444 2164 3541 2202 au-

1969 2237 2074 2283 tem
2106 2246 2170 2285 ex
2201 2232 2450 2301 partibus
2481 2232 2765 2304 Theophili
2792 2244 2847 2289 ut
2881 2235 2981 2290 sibi
3023 2244 3329 2291 constarent
3354 2238 3405 2290 in
3437 2237 3536 2301 his,

1966 2334 2189 2388 quorum
2215 2331 2427 2375 sanctos
2452 2337 2608 2377 senes
2658 2334 3055 2392 accusaverant,
3088 2326 3541 2380 autcalumniato—

1965 2424 2082 2462 rum
2112 2424 2295 2477 plenas
2322 2410 2579 2465 subirent.
2610 2411 2698 2467 Sic
2744 2414 2900 2483 igitur
2931 2414 3305 2468 Alexandriam
3352 2416 3544 2469 missus

1964 2509 2042 2554 est
2073 2500 2351 2569 Elaphius,
2400 2502 2487 2571 qui
2514 2518 2674 2561 nunc.
2695 2518 2759 2558 ex
2789 2503 3115 2574 principibus
3140 2516 3241 2569 est,
3275 2515 3331 2560 ut
3361 2505 3540 2561 Theo-

1964 2590 2168 2658 philum
2209 2591 2498 2647 adduceret
2527 2612 2539 2646 :
2570 2594 2771 2663 reliqua
2812 2595 3051 2663 responsi
3085 2591 3373 2665 imperialis
3401 2610 3540 2665 prae-

1963 2681 2086 2735 l'eeti
2107 2684 2384 2751 exsequuti
2416 2691 2559 2738 sunt.
2582 2685 2715 2738 Cum
2754 2686 3023 2740 accusatio
3064 2687 3460 2740 examinarctur
3488 2697 3543 2741 et

1964 2773 2014 2826 in
2033 2774 2290 2827 incertum
2308 2775 2593 2841 desineret,
2622 2776 2764 2846 leges
2784 2777 2993 2845 quidem
3023 2779 3287 2832 instabant
3307 2778 3538 2848 gladium

1962 2863 2313 2929 renutlantcs;
2338 2866 2516 2919 miseri
2546 2880 2719 2926 autem
2744 2869 2819 2922 illi
2847 2880 3095 2923 eventum
3114 2870 3288 2934 veriti,
3320 2870 3532 2924 dilatio-

1961 2970 2082 3009 nem
2111 2964 2294 3023 petunt
2318 2972 2482 3026 usque
2498 2960 2566 3012 ad
2592 2958 2871 3029 TheOphili
2900 2960 3204 3024 adventum,
3224 2961 3419 3031 quippe
3450 2962 3539 3029 qui

1960 3047 2105 3115 ipsos
2151 3047 2495 3103 subornassct
2550 3059 2604 3103 et
2638 3051 3049 3119 supplicationes
3098 3051 3422 3104 dictavisset.
3464 3050 3537 3103 Ita

1960 3134 2213 3189 officiales
2237 3151 2329 3190 eos
2352 3136 2403 3189 in
2426 3139 3012 3206 carceremconjiciunt
3043 3154 3210 3208 usque
3240 3138 3533 3193 adxadven-

1961 3235 2070 3280 tum
2099 3226 2402 3296 TheOphili,
2425 3227 2665 3282 nolentes
2692 3230 2743 3281 in
2775 3229 2863 3282 tali
2891 3229 3233 3284 causavades
3264 3230 3529 3297 accipere.

1964 3314 2032 3368 Et
2059 3314 2243 3368 horum
2275 3314 2485 3384 quidem
2508 3317 2805 3370 moriuntur
2843 3317 3077 3371 noonulli
3112 3319 3161 3370 in
3194 3318 3422 3371 vinculis
3442 3316 3532 3371 diu

1958 3405 2217 3460 demorati
2239 3407 2307 3461 ob
2344 3406 2598 3460 adventus
2632 3407 2908 3476 Theophili
2930 3407 3227 3462 tarditatem
3261 3426 3273 3461 :
3304 3408 3535 3461 aliivero

1959 3509 2079 3565 post
2106 3495 2389 3549 adventum
2421 3495 2718 3565 Theophili,
2751 3497 2840 3566 qui
2887 3511 2997 3551 rem
3053 3497 3271 3565 pecunia
3322 3496 3528 3550 facilem

1957 3586 2283 3653 reddiderat,
2311 3588 2364 3641 iu
2389 3596 2651 3657 postrema
2683 3590 3109 3658 interrogatione,
3146 3599 3412 3657 tannptam
3437 3604 3530 3643 ca-

1957 3681 2321 3745 lumniatores,
2351 3668 2747 3736 PrOconnesum
2772 3697 2799 3735 a
2824 3682 3092 3750 judicibus
3136 3682 3352 3751 relegati
3386 3691 3526 3735 sunt.

1955 3770 2042 3826 Sic
2066 3771 2351 3827 adveniens
2380 3771 2704 3841 Theophilus
2732 3772 2894 3825 veluti
2920 3772 3219 3827 searabtrus
3243 3773 3368 3825 limo
3394 3789 3530 3825 onu-

1954 3873 2069 3919 stus
2109 3863 2581 3933 pulcherrimarum
2623 3879 2937 3933 rerumque:
2967 3865 3019 3916 in
3063 3862 3296 3933 Egypto
3339 3873 3536 3918 suntet

1955 3955 2005 4007 in
2039 3955 2150 4024 ipsa
2177 3953 2320 4008 India
2346 3955 2716 4009 suavissimum
2750 3953 2968 4009 odorem
3017 3969 3113 4025 pro
3134 3954 3315 4010 fmtida
3340 3954 3536 4008 invidia

1955 4061 2232 4115 spargens,
2261 4056 2410 4100 sexta
2443 4046 2592 4112 hora,
2622 4046 2805 4115 quinta
2833 4047 3037 4101 sabbati
3079 4046 3530 4113 Constantinopo—

1955 4138 2044 4191 lim
2073 4137 2235 4203 venit,
2265 4139 2439 4192 nautis
2483 4137 3082 4208 circutnpiaudentibus,
3112 4138 3360 4191 infamem
3392 4136 3535 4191 refe-

1954 4244 2076 4282 rens
2124 4228 2365 4297 gloriam,
2396 4227 2462 4282 de
2515 4245 2613 4297 qua
2672 4228 2837 4282 multo
2887 4238 3009 4282 ante
3040 4229 3177 4282 dixit
3214 4228 3532 4297 apostolus;

1958 4320 2186 4385 Quorum
2233 4320 2396 4389 gloria
2436 4320 2486 4372 in
2530 4319 2825 4389 confusione
2866 4321 3135 4389 ipsorum:
3175 4318 3395 4383 addens,
3433 4319 3532 4384 Qui

1955 4420 2149 4463 terrena
2201 4410 2699 4481 sapiuntU’ltifipp.
2754 4412 2805 4466 3.
2848 4411 2999 4480 i9):
3052 4421 3105 4466 ct
3152 4410 3527 4479 hospitaturiu

1955 4503 2193 4557 tentoriis
2216 4502 2553 4571 iujustorum,
2580 4502 2783 4573 fugiens
2826 4505 3106 4558 ecclesiam
3138 4504 3373 4559 :oblitus
3426 4505 3529 4558 Da-

1955 4593 2110 4647 vidici
2158 4593 2339 4647 illius:
2393 4594 2778 4665 Elegiabjcctus
2820 4614 2924 4650 esse
2978 4599 3030 4649 in
3074 4596 3222 4649 domo
3280 4596 3371 4649 υίνὶ
3416 4600 3531 4660 mei,

1954 4684 2112 4753 magis
2138 4700 2289 4753 quam
2312 4684 2611 4739 Imbitarein
2639 4686 2973 4740 tabernaculis
3001 4699 3312 4756 peccatorum
3340 4688 3358 4758 (
3390 4687 3530 4741 f’snl.

1953 4776 2040 4829 85.
2060 4777 2117 4829 ll
2143 4773 2162 4846 )
2187 4793 2201 4841 ;
2231 4776 2325 4830 sed
2338 4776 2403 4830 ab
2424 4777 2651 4831 ecclesia
2674 4793 2794 4831 eum
2825 4778 3039 4833 arcebat
3069 4793 3159 4831 sua
3179 4778 3527 4835 conscientia.

1954 4864 2324 4920 Connnoratus
2354 4866 2508 4935 igitur
2529 4875 2638 4921 tres
2665 4871 3010 4937 septimanas,
3035 4882 3207 4937 neque
3227 4883 3348 4921 cum
3374 4867 3537 4922 Joan-

1953 4973 2020 5011 ne
2041 4958 2289 5026 episcopo
2315 4972 2632 5027 congressus
2660 4968 2761 5025 est,
2787 4969 2843 5012 ut
2864 4960 3037 5013 solent
3057 4959 3314 5029 episcopi,
3358 4974 3533 5028 neque

1953 5049 2169 5103 omnino
2197 5048 2423 5104 accessit
2447 5049 2511 5103 ad
2533 5050 2811 5104 ecclesiam
2848 5068 2868 5104 ί
2890 5065 3074 5104 verum
3121 5051 3335 5105 assidue
3366 5050 3534 5105 inter-

1953 5138 2040 5192 diu
2079 5146 2133 5192 et
2156 5148 2315 5194 noctu
2345 5139 2699 5195 contendebat
2730 5156 2925 5195 novum
2952 5141 3131 5195 odium
3166 5141 3333 5196 veteri
3366 5155 3528 5195 accu-

1952 5230 2182 5297 mulans,
2215 5229 2549 5286 utJoannem
2576 5231 2885 5301 episcopum
2929 5246 3032 5286 non
3081 5232 3255 5286 solum
3292 5230 3530 5287 Ecclesia

1952 5322 2262 5391 expelleret,
2285 5323 2377 5377 sed
2410 5324 2520 5393 ipsa
2562 5324 2668 5378 vita
2722 5325 2974 5393 privaret,
3023 5324 3216 5394 partim
3250 5323 3529 5393 largitione

1952 5412 2066 5466 auri
2093 5423 2273 5467 contra
2304 5414 2579 5469 veritatem
2608 5414 3007 5484 superstitiosos
3028 5429 3059 5469 e
3087 5414 3391 5484 potentibus
3412 5414 3535 5470 red-

1954 5504 2146 5569 imens,
2184 5504 2375 5573 partim
2432 5506 2742 5562 lautioribus
2798 5504 2972 5576 epulis
3015 5506 3153 5575 gulae
3193 5504 3401 5560 deditos
3430 5507 3536 5561 sibi

1953 5599 2282 5666 nmncipans,
2312 5600 2498 5668 partim
2531 5599 2796 5653 blanditiis
2822 5607 2877 5654 et
2903 5613 2998 5669 spe
3024 5598 3239 5669 majoris
3263 5598 3533 5667 dignitatis

1955 5690 2034 5742 sui
2062 5689 2264 5743 similes
2296 5689 2612 5758 impostores
2632 5706 2663 5743 e
2691 5689 2902 5744 clericis
2931 5690 2981 5743 in
3004 5704 3129 5743 suas
3147 5692 3330 5760 partes
3352 5689 3523 5743 abdu-

1953 5795 2098 5834 ccns.
2132 5776 2264 5836 istos
2286 5795 2405 5836 cum
2441 5782 2554 5837 sine
2592 5780 2824 5836 funiculo
2850 5778 3205 5851 voluptatibus
3230 5778 3533 5848 colligasset
