4234 6310
632 383 702 438 ’ἐῖ
1914 382 2128 437 l'AlJA
2140 382 2227 441 Dil
2269 382 2607 439 DIALOGUS
3824 380 3898 435 28

632 508 837 557 oinnes,
864 491 1025 546 veluti
1052 491 1299 550 seductor
1314 490 1524 561 quidam
1546 491 1772 558 daemon,
1797 493 2221 562 animorumque.

628 584 881 653 judicium
907 583 1235 650 fascinassel,
1253 585 1318 637 ad
1349 583 1537 638 fabula:
1557 579 2201 639 ministeriumdmmonia-

630 687 747 726 eam
795 680 1074 740 personam
1118 674 1324 743 quaesiit
1353 691 1367 726 :
1398 689 1555 743 quam
1582 675 1794 743 quidem
1825 675 1982 729 etiam
2011 686 2091 729 est
2115 690 2201 730 as.

629 754 905 827 sequutus.
938 761 1069 816 Nam
1123 778 1243 818 cum
1283 764 1492 826 diaconi
1519 766 1622 819 duo
1664 780 1694 819 a
1722 765 1924 820 Joanne
1953 767 2205 834 episc0p0

631 850 788 916 ejecti
806 862 987 907 essent
1029 869 1092 907 ex
1124 854 1359 908 Ecclesia
1396 855 1465 911 ob
1488 856 1724 909 enormia
1754 856 1978 922 scelera,
2018 856 2205 909 horum

638 939 722 992 ille
756 939 969 1003 levitate
1014 944 1228 1010 abusus,
1272 946 1557 1013 persuadet
1599 954 1655 998 ut
1702 946 1907 1001 libellos
1954 947 2209 1001 adversus

642 1027 894 1087 Joannem
920 1032 1065 1096 dent,
1093 1035 1355 1102 pollicitus
1411 1050 1505 1089 eos
1530 1036 1580 1089 in
1622 1036 1796 1090 locum
1826 1036 2105 1091 ministerii
2129 1039 2210 1091 sui

644 1134 698 1174 te
721 1123 1128 1194 res1ituturum(
1165 1134 1280 1179 erat
1325 1137 1501 1180 autem
1552 1141 1735 1181 eorum
1783 1128 2009 1194 crimen,
2055 1128 2212 1197 hujus

640 1211 855 1280 quidem
891 1213 1230 1279 adulterium,
1262 1216 1401 1271 illius
1441 1232 1566 1271 vero
1617 1218 1997 1289 homicidium)
2030 1238 2045 1273 :
2073 1221 2219 1289 quod

642 1309 694 1353 et
717 1302 978 1369 pnnstitit.
1018 1302 1145 1356 Nam
1184 1314 1304 1374 post
1328 1306 1570 1359 exsilium
1627 1306 1847 1362 Joannis
1871 1323 1965 1363 eos
1995 1310 2046 1361 in
2096 1311 2211 1363 lnca

643 1404 739 1448 sua
766 1394 1016 1460 reposuit,
1044 1406 1164 1446 cum
1196 1394 1399 1450 scilicet
1428 1396 1635 1451 libellos
1659 1390 1945 1463 dedissent,
1976 1414 2107 1467 quos
2128 1399 2217 1453 ille

647 1482 757 1547 ipse
780 1480 1089 1546 dietavemt,
1118 1484 1247 1537 nihil
1266 1485 1475 1552 quidem
1498 1486 1606 1539 veri
1641 1488 1994 1553 continentes,
2023 1499 2217 1557 prmter

647 1570 748 1625 hoc
772 1588 954 1638 unum,
985 1574 1127 1643 quod
1153 1574 1467 1631 admonebat
1517 1587 1575 1630 ut
1607 1592 1793 1636 omnes
1833 1589 1953 1649 post
1976 1594 2217 1634 commu-

648 1664 858 1717 nionem
882 1678 1073 1734 aquam
1101 1675 1191 1719 aut
1213 1667 1479 1735 pastillum
1502 1668 1864 1741 degustarent,
1889 1685 1955 1725 ne
1984 1685 2104 1725 eum
2134 1684 2221 1723 sa-

645 1752 751 1810 liva
778 1766 868 1809 aut
885 1758 1067 1825 pituita
1089 1758 1285 1828 aliquid
1308 1774 1338 1813 e
1383 1760 1629 1829 symbolo
1676 1763 1997 1817 sacramenti
2028 1772 2221 1831 prteter

650 1847 971 1902 voluntatem
991 1859 1307 1918 exspuerent
1340 1866 1353 1903 :
1383 1850 1524 1919 quod
1568 1851 1767 1920 primus
1820 1853 1933 1921 ipse
1974 1851 2218 1918 faciebat,

650 1947 703 1991 et
729 1941 940 2008 eosqui
960 1942 1154 1995 vellent
1177 1942 1241 1996 ad
1274 1944 1581 2012 religionem
1619 1959 1683 1998 ac
1707 1945 2056 1999 reverentiam
2094 1961 2221 2000 eruo

652 2025 848 2081 diebat.
896 2033 1140 2098 Acceptis
1177 2032 1388 2097 libellis,
1419 2034 1527 2087 euit
1565 2034 1617 2087 in
1662 2034 1863 2088 :edibus
1909 2033 2225 2105 Eugraphia:

652 2134 773 2172 cum
801 2119 1111 2188 Severiano,
1142 2124 1425 2190 Antiocho,
1459 2126 1671 2186 Acacio.
1698 2136 1753 2181 et
1793 2126 2012 2197 reliquis
2036 2126 2224 2181 Joanni

654 2209 876 2264 infensis
903 2222 1117 2279 propter
1146 2212 1413 2269 modestas
1438 2215 1554 2283 ejus
1575 2217 1983 2273 admonitiones.
2014 2218 2230 2274 Solebat

654 2298 796 2355 enim
812 2299 995 2362 beatus
1020 2302 1107 2356 ille
1131 2304 1376 2373 exemplo
1411 2306 1557 2359 Pauli
1584 2315 1638 2360 et
1664 2307 1871 2375 publice
1891 2317 1944 2363 et
1986 2308 2227 2378 privatim

656 2389 937 2446 honestum
951 2390 1267 2446 etdecorum
1288 2394 1533 2459 edocere,
1555 2396 1845 2464 prtesertim
1864 2397 1994 2452 tales
2019 2399 2231 2454 assidue

662 2479 973 2548 increpans:
1001 2482 1135 2547 Quid
1162 2493 1319 2539 aztate
1340 2484 1449 2553 jam
1476 2501 1630 2551 anus,
1662 2487 1822 2541 etiam
1850 2501 2043 2557 corpus
2077 2504 2234 2559 repn-

660 2567 880 2624 bescere
907 2573 1113 2640 cogitis,
1137 2574 1411 2629 cincinnos
1440 2577 1597 2630 veluti
1623 2579 1973 2633 meretricula:
1988 2590 2233 2649 gerentes

660 2656 718 2710 iu
740 2656 929 2721 fronde.
957 2664 1273 2717 contumelia
1302 2664 1593 2720 ailicientes
1626 2668 1785 2722 etiam
1813 2666 2062 2735 honestas
2112 2671 2233 2724 reli-

662 2751 1229 2821 quas,etdecipientcs
1252 2770 1347 2809 eos
1380 2757 1468 2825 qui
1500 2757 1771 2812 vobiscum
1819 2760 2126 2829 loquuntur,
2149 2761 2235 2815 id-

666 2858 767 2910 que
790 2843 1003 2897 vidum?
1037 2844 1351 2917 Congregati
1399 2859 1574 2903 autem
1618 2851 1927 2919 quan-ebant
1969 2853 2237 2920 quomodo

659 2934 916 3002 judicium
934 2936 1252 3003 ordirentur.
1276 2939 1420 2994 Unus
1437 2956 1565 2995 vero
1581 2957 1643 2995 ex
1665 2942 1727 2994 iis
1746 2942 1832 3012 qui
1846 2942 2085 3005 aderant,
2113 2958 2240 3013 sug-

664 3024 869 3090 gessit:
903 3025 1092 3087 darent
1140 3028 1344 3083 libellos
1382 3029 1712 3099 Imperatori,
1744 3042 1798 3087 et
1843 3032 2100 3088 Joannem
2151 3036 2237 3090 vel

668 3116 888 3176 invitum
911 3116 977 3171 ad
1030 3132 1336 3181 eensessum
1367 3122 1657 3183 traherent.
1686 3123 1743 3177 ld
1800 3124 1955 3195 igitur
1981 3125 2060 3192 tit,
2105 3128 2241 3183 sicut

668 3203 795 3258 olim
811 3206 949 3276 apud
970 3206 1201 3270 Judxos,
1224 3224 1355 3264 auro
1370 3212 1545 3265 omnia
1565 3227 1728 3281 prona
1751 3221 1804 3267 et
1827 3213 1998 3268 facilia
2016 3216 2241 3271 redden-

668 3305 741 3348 te.
772 3295 991 3350 Eramus
1016 3297 1361 3367 quadraginta
1388 3301 1620 3369 episcopi
1647 3316 1766 3355 cum
1806 3302 2011 3359 Joanne
2035 3306 2243 3373 episco-

670 3402 759 3455 po,
789 3387 1037 3443 sedentes
1084 3390 1135 3443 in
1182 3391 1410 3444 triclinio
1464 3393 1759 3462 episcopii;
1802 3402 2078 3464 stupentes
2109 3412 2241 3465 quo-

672 3477 830 3532 modo
850 3492 994 3553 reus,
1021 3488 1077 3531 et
1098 3489 1309 3548 propter
1336 3480 1493 3550 impia
1543 3483 1765 3537 crimina
1795 3484 1937 3539 solus
1967 3485 2033 3539 ad
2056 3486 2242 3540 Cami-

671 3577 839 3635 tatum
866 3569 1048 3632 venire
1069 3569 1269 3638 jussus,
1311 3584 1430 3625 cum
1475 3580 1554 3626 tot
1577 3572 1842 3644 episcopis
1893 3574 2194 3631 advenisset
2227 3594 2240 3630 :

673 3675 779 3729 quo
802 3670 953 3729 pacto
982 3663 1276 3730 principum
1305 3674 1359 3718 et
1400 3666 1798 3738 magistqatuum
1830 3669 2122 3722 sententias
2146 3684 2241 3722 sn-

674 3750 783 3802 bitu
812 3760 1208 3819 columntasset,
1252 3752 1515 3823 plerisque
1556 3754 1627 3808 de
1665 3754 1811 3810 clero
1866 3755 1918 3810 in
1939 3758 2091 3826 pejus
2122 3774 2244 3826 per-

674 3841 857 3895 versis.
888 3838 1150 3907 ﬂat-terum
1173 3842 1550 3898 admirantibus
1568 3847 1740 3909 nobis,
1773 3847 1863 3901 Dei
1879 3849 2067 3915 spiritu
2092 3849 2244 3903 ama-

674 3936 764 3986 tus
787 3928 1018 3985 Joannes
1032 3932 1278 3986 omnibus
1298 3933 1431 3988 dixit
1462 3952 1475 3987 :
1503 3935 1683 4000 Orate,
1703 3934 1981 4001 l'ratres,et
2007 3939 2053 3991 si
2090 3956 2240 3993 ama-

678 4021 747 4074 tis
768 4018 1056 4084 Christum,
1089 4036 1243 4076 nemo
1269 4023 1372 4077 mei
1411 4036 1569 4077 causa
1597 4024 1889 4079 Ecclesiam
1918 4043 2066 4083 suam
2086 4028 2246 4082 dese-

675 4117 762 4169 rat
790 4126 807 4167 :
834 4109 942 4179 Ego
965 4112 1094 4163 enim
1113 4112 1223 4181 jam
1251 4112 1460 4179 delibor,
1478 4125 1527 4168 et
1550 4125 1741 4184 tempus
1775 4119 2091 4184 resolutionis
2127 4135 2250 4173 mea:

682 4200 834 4252 instat
859 4196 953 4271 ('2.
984 4199 1115 4253 Tim.
1170 4204 1221 4257 4.
1265 4204 1300 4257 (5
1333 4204 1537 4273 ),jnxta
1578 4206 1795 4259 Paulum
1822 4208 1975 4276 cujus
2016 4224 2079 4263 ea
2126 4220 2250 4264 sunt

682 4287 843 4343 verba
876 4298 967 4342 :et
992 4289 1183 4342 multas
1213 4305 1494 4360 perpessus
1531 4295 1867 4358 alﬂictiones,
1913 4297 2070 4373 vitam
2100 4310 2156 4352 ut
2178 4299 2253 4352 vi-

681 4377 784 4432 deo
812 4379 1090 4434 relicturus
1131 4395 1268 4435 sum.
1318 4383 1449 4438 Novi
1476 4387 1617 4441 enim
1668 4394 1871 4442 satana:
1918 4388 2157 4456 insidias,
2186 4406 2251 4445 eo

682 4472 820 4539 quod
851 4488 954 4526 non
982 4474 1209 4541 amplius
1244 4476 1503 4532 sustineat
1555 4479 1759 4546 pondus
1802 4494 2040 4534 meorum
2058 4480 2248 4535 adver-

681 4578 775 4617 sus
803 4563 972 4631 ipsum
998 4578 1322 4618 sermonum.
1368 4565 1441 4619 lta
1488 4568 1903 4623 misericordiam
1951 4583 2249 4639 consequa-

683 4652 833 4706 mini.
894 4652 948 4705 In
1001 4654 1326 4709 orationibus
1368 4657 1557 4713 vestris
1604 4674 1867 4713 memores
1908 4669 2080 4714 estote
2125 4662 2248 4713 mei.

682 4743 985 4799 lus-redibili
1027 4745 1186 4815 igitur
1224 4760 1455 4803 maerore
1492 4751 1743 4818 correpti,
1802 4751 1893 4804 alii
1934 4750 2143 4821 quidem
2173 4752 2253 4806 la-

686 4835 1080 4904 riymabantur,
1134 4836 1223 4891 alii
1287 4853 1415 4893 vero
1466 4839 1873 4910 egrediebantur
1902 4857 1934 4896 e
1976 4857 2249 4907 consessu,

683 4926 867 4980 oeulos
894 4934 949 4981 et
970 4941 1177 4983 sacrum
1206 4938 1362 4998 caput
1411 4942 1567 5001 atque
1610 4931 1887 4986 facundum
1938 4949 2001 4989 ac
2042 4935 2252 4989 beatum

681 5015 798 5083 ejus
822 5031 884 5069 os
909 5015 1372 5083 deosculabantur,
1407 5021 1456 5079 in
1494 5020 1754 5093 lacrymas
1784 5023 1942 5079 ‘ell'usi
1972 5036 2025 5080 et
2049 5028 2249 5096 singul-

685 5120 789 5163 tus.
833 5110 1105 5168 Cumvero
1127 5129 1223 5170 eos
1262 5115 1594 5171 obsecrasset
1631 5117 1882 5183 Joannes,
1923 5132 1977 5173 ut
2006 5121 2069 5174 ad
2125 5137 2256 5174 con-

684 5211 890 5263 sessum
939 5202 1193 5267 redirent,
1234 5205 1336 5260 huc
1388 5206 1514 5261 illuc
1549 5207 1867 5271 volitantes,
1924 5210 2086 5263 veluti
2130 5224 2259 5280 apes

688 5297 825 5345 circa
874 5292 1100 5346 alvearia
1153 5294 1565 5367 obstrepentes:
1605 5297 1841 5363 Sedete,
1901 5300 1994 5365 ait,
2047 5300 2256 5363 fratres,

687 5400 735 5440 et
768 5385 896 5439 ﬂere
918 5385 1151 5464 desinite
1228 5402 1294 5442 eo
1336 5390 1561 5457 amplius
1606 5406 1692 5443 me
1730 5391 2063 5445 emollientes
2090 5408 2105 5443 :
2132 5389 2261 5443 Mihi

681 5480 815 5530 enim
840 5478 1001 5533 vivere
1028 5480 1232 5537 Christi:
1280 5492 1351 5535 est
1373 5523 1386 5545 ,
1416 5493 1462 5534 et
1488 5484 1613 5535 mori
1643 5483 1838 5536 lucrum
1874 5482 1893 5553 (
1922 5481 2165 5553 Philipp.
2196 5484 2249 5536 1.

688 5567 750 5621 ﬁl
772 5568 813 5640 δ.
845 5569 976 5624 Nam
1002 5574 1370 5641 percrebuerat
1395 5574 1539 5627 illum
1568 5575 1738 5628 securi
1766 5588 2075 5643 percussum
2106 5573 2170 5628 iri
2192 5574 2261 5627 ob

691 5657 902 5713 nimiam
927 5662 1167 5729 loquendi
1197 5661 1515 5720 libertatem.
1539 5663 1604 5718 Et
1629 5668 1672 5717 si
1701 5664 2035 5729 meministis,
2061 5678 2263 5719 memo-

694 5749 793 5811 tias
831 5762 1026 5807 vestras
1072 5755 1321 5824 replicate
1365 5753 1505 5827 quod
1547 5770 1758 5824 semper
1798 5754 1945 5809 vobis
1988 5753 2211 5810 dixerim
2247 5774 2257 5807 :

2319 492 2413 547 Via
2440 504 2521 548 est
2551 495 2652 546 vita
2682 507 2946 561 prtesens,
2980 494 3131 562 cujus
3172 494 3288 546 beta
3330 502 3488 563 atque
3518 492 3740 548 molesta
3773 506 3896 560 per-

2320 594 2591 638 transeunt
2610 602 2621 637 :
2646 593 2701 638 et
2715 593 2977 638 mercatus
2992 595 3074 638 est
3091 598 3325 653 prmsens
3344 584 3592 638 saeculum
3616 583 3871 636 :emimu
3882 620 3897 640 .

2318 674 2670 737 vendidimus,
2696 682 2750 728 et
2776 674 3119 729 discedimus.
3146 673 3281 727 Num
3309 674 3557 728 meliores
3587 688 3772 727 sumus
3800 686 3898 741 pa-

2321 765 2585 831 triarchis,
2614 764 2907 834 prophetis,
2934 765 3211 833 apostolis,
3245 772 3299 817 si
3323 764 3476 817 nobis
3505 762 3606 817 hoc
3637 763 3756 815 vita:
3786 762 3890 814 im-

2321 855 2544 911 mortale
2569 855 2914 924 permaneat?
2941 855 3088 909 'l'unc
3113 854 3326 922 quidam
3353 869 3418 907 ex
3449 854 3510 906 iis
3536 852 3624 921 qui
3655 851 3901 917 aderant,

2319 947 2524 1015 ejulans
2560 945 2728 999 dixit:
2755 943 2859 999 Sed
2904 946 3258 999 lamentamur
3298 944 3577 997 orbitatem
3623 950 3857 994 nostram
3883 980 3898 1005 ,

2324 1036 2579 1091 Ecclesia:
2606 1034 2954 1100 viduitatem,
3001 1048 3269 1088 sacrarum
3317 1034 3488 1102 legum
3528 1031 3897 1097 eversionem,

2322 1128 2665 1183 ambitionem
2688 1142 2871 1181 eorum
2900 1127 2989 1196 qui
3018 1141 3121 1179 non
3154 1126 3340 1178 timent
3371 1123 3650 1177 Dominum
3673 1162 3688 1187 ,
3717 1130 3768 1174 et
3801 1121 3901 1174 Ec-

2323 1221 2501 1275 clesia:
2541 1218 2897 1288 gubernacula
2951 1216 3242 1279 invadunt,
3283 1215 3428 1270 omni
3473 1229 3575 1284 ope
3622 1213 3903 1267 destitutus

2326 1326 2586 1379 pauperes
2606 1350 2620 1373 ,
2653 1321 2708 1364 et
2734 1308 2989 1363 doctrina:
3031 1306 3322 1376 penuriam.
3364 1304 3497 1357 Cum
3533 1311 3709 1356 autem
3738 1300 3905 1368 digito

2327 1401 2500 1456 indice
2524 1401 2753 1470 palmam
2782 1400 3012 1454 sinistra:
3042 1413 3228 1451 manus
3257 1396 3605 1466 percussisset
3636 1394 3901 1461 (consue—

2326 1502 2478 1549 verat
2503 1494 2645 1548 enim
2674 1491 2871 1546 Christi
2901 1505 3084 1544 amans
3110 1489 3363 1552 Joannes,
3385 1502 3504 1541 cum
3536 1494 3678 1539 esset
3704 1484 3905 1552 cogita-

2328 1584 2540 1641 bundus
2569 1581 2621 1636 id
2651 1582 2879 1650 facere),
2902 1596 2961 1635 se
2986 1578 3276 1649 alloquenti
3304 1579 3377 1631 ait
3402 1595 3415 1630 :
3444 1575 3651 1632 Sut‘licit
3670 1616 3685 1640 ,
3719 1576 3903 1637 frater,

2330 1691 2397 1733 ne
2423 1677 2573 1745 plura
2604 1674 2841 1743 loquere,
2871 1672 2962 1726 sed
2989 1671 3127 1740 quod
3152 1671 3259 1724 dixi
3288 1709 3304 1735 ,
3328 1669 3591 1723 Ecclesias
3616 1677 3819 1721 vestras
3841 1682 3908 1721 ne

2328 1767 2599 1822 dimittite.
2622 1766 2803 1834 Neque
2825 1765 2964 1819 enim
2992 1777 3022 1816 a
3048 1778 3133 1816 me
3156 1761 3351 1830 incepit
3376 1760 3766 1829 praedicationis
3788 1774 3907 1811 mn-

2328 1873 2451 1924 nus,
2480 1872 2653 1926 neque
2680 1857 2731 1909 in
2764 1870 2849 1908 me
2874 1854 3048 1907 desiit.
3071 1852 3259 1906 Nonne
3284 1860 3528 1905 mortuus
3555 1858 3638 1903 est
3664 1848 3908 1920 Moyses?

2329 1961 2384 2004 et
2410 1965 2514 2004 non
2542 1950 2785 2003 inventus
2814 1955 2897 1999 est
2919 1944 3108 1998 Jesus?
3129 1943 3317 1997 Nonne
3336 1942 3564 1995 decessit
3587 1938 3834 1994 Samuel?
3856 1946 3911 1991 et

2332 2056 2437 2094 non
2468 2046 2658 2093 unctus
2682 2044 2765 2091 est
2783 2034 2979 2090 David?
3002 2034 3173 2088 Vitam
3199 2031 3411 2102 reliquit
3430 2030 3709 2093 Jeremias,
3735 2043 3911 2081 nonne

2333 2131 2535 2185 exstitit
2562 2126 2807 2182 Barucb?
2833 2127 3150 2195 Assumptus
3174 2134 3256 2178 est
3276 2124 3441 2187 Elias,
3467 2135 3648 2176 nonne
3674 2118 3910 2189 prephc-

2339 2223 2467 2275 tavit
2489 2222 2710 2275 Elisazns
2730 2221 2754 2271 ἲ
2776 2218 2938 2272 Paulo
2963 2224 3293 2284 amputatum
3319 2223 3402 2268 est
3425 2221 3602 2281 caput,
3632 2226 3807 2265 nonne
3830 2224 3914 2262 re-

2340 2312 2491 2380 liquit
2509 2309 2872 2370 Timotheum,
2902 2306 3101 2370 Titum,
3128 2305 3323 2373 Apollo
3340 2314 3393 2357 et
3416 2304 3550 2356 alios
3571 2299 3913 2359 innumeros?

2338 2402 2466 2456 Post
2498 2400 2612 2455 hmc
2638 2400 2819 2462 verba,
2846 2398 3113 2468 Eulysius,
3141 2397 3423 2463 episcopus
3452 2393 3700 2460 Apamea:
3741 2390 3792 2443 in
3824 2389 3913 2442 Bi-

2342 2491 2519 2560 thynia
2539 2532 2554 2545 .
2586 2490 2659 2543 ait
2685 2507 2697 2561 :
2724 2488 2950 2542 Necesse
2993 2496 3075 2540 est
3116 2499 3213 2537 nos
3247 2484 3510 2537 Ecclesias
3543 2489 3753 2534 nostras
3778 2480 3917 2533 obti-

2340 2590 2527 2635 nentes
2576 2582 2691 2648 cogi
2738 2589 2792 2633 et
2839 2578 3237 2632 communicare
3274 2583 3330 2628 et
3374 2573 3727 2629 subscribere.
3774 2571 3914 2624 Dixit

2340 2678 2551 2727 sanctus
2580 2669 2814 2724 Joannes
2838 2684 2851 2721 :
2877 2666 3278 2720 Communicate
3304 2663 3539 2734 quidem,
3566 2677 3634 2715 ne
3662 2659 3917 2715 scindatis

2343 2763 2656 2828 Ecclesiam,
2686 2760 2780 2815 scd
2808 2760 2972 2813 nolite
2999 2758 3332 2812 subscribere
3356 2776 3369 2810 :
3399 2756 3591 2809 nullius
3618 2753 3761 2808 enim
3789 2753 3917 2804 iaci-

2345 2832 2489 2907 noris
2516 2850 2644 2904 mihi
2674 2849 2918 2904 conscius
2945 2862 3062 2901 sum
3083 2887 3098 2912 ,
3142 2855 3357 2914 propter
3385 2843 3526 2912 quod
3564 2842 3758 2910 deponi
3803 2856 3920 2896 me-

2344 2942 2561 2995 ruerim.
2603 2938 2729 2993 Hinc
2768 2951 2887 2992 cum
2934 2938 3003 2990 ita
3048 2950 3167 2989 sese
3199 2934 3485 2997 haberent,
3520 2933 3815 2987 nuntiatum
3842 2942 3926 2985 est

2345 3031 2557 3093 adstare
2579 3030 2669 3100 qui
2717 3044 2749 3082 a
2775 3026 3071 3095 Theophilo
3117 3026 3262 3079 missi
3304 3032 3504 3076 essent.
3534 3022 3691 3076 Jnhet
3718 3037 3810 3075 eos
3839 3023 3926 3079 in-_-

2346 3124 2538 3189 troire,
2587 3121 2858 3190 ingressos
2900 3118 3225 3184 interrogat,
3271 3113 3422 3183 enjus
3466 3112 3663 3182 gradus
3704 3123 3922 3163 essent:

2345 3214 2558 3279 dicunt,
2584 3211 2852 3281 Episcopi.
2888 3210 2978 3263 ηερ
3007 3214 3123 3261 orat
3158 3205 3377 3258 sedeant
3400 3246 3413 3267 ,
3459 3211 3515 3255 et
3556 3201 3734 3254 dicant
3774 3202 3928 3268 u:jus

2346 3317 2504 3361 causa
2525 3302 2718 3356 adsint.
2744 3301 2821 3354 llli
2845 3309 3019 3351 autem
3040 3297 3224 3351 dicunt
3244 3313 3255 3347 :
3281 3294 3386 3348 Has
3406 3290 3739 3347 solummodo
3766 3290 3928 3344 sche-

2349 3394 2500 3449 dulas
2522 3392 2771 3461 legendas
2798 3390 3053 3442 habemus
3074 3406 3086 3440 :
3107 3386 3289 3455 jubele
3308 3386 3465 3455 igitur
3484 3384 3602 3437 illas
3626 3384 3748 3451 legi.
3770 3382 3933 3437 Jubet

2349 3482 2583 3538 Joannes
2610 3480 2731 3548 legi.
2761 3479 2896 3533 Tum
2941 3479 3023 3531 isti
3070 3477 3332 3544 imperant
3359 3472 3639 3542 Theophili
3677 3486 3843 3540 puero
3873 3483 3933 3526 ut

2349 3573 2545 3627 dictata
2574 3572 2661 3646 illa
2690 3571 2891 3640 legeret
2918 3586 2933 3623 ε
2961 3580 3014 3623 et
3042 3569 3191 3637 legit.
3215 3556 3417 3621 Textus
3444 3574 3624 3619 autem
3651 3574 3762 3618 erat
3787 3565 3933 3633 ejus.

2352 3664 2494 3719 modi
2523 3682 2537 3717 :
2567 3664 2755 3729 Sancta
2784 3662 3021 3732 Synodus
3045 3661 3114 3712 ad
3144 3660 3393 3724 Quartum
3418 3666 3719 3728 congregata
3745 3657 3933 3723 (locus

2352 3765 2435 3811 est
2459 3757 2536 3811 sic
2560 3754 2734 3823 dictus
2754 3762 2901 3807 trans
2932 3768 3097 3817 mare,
3127 3750 3300 3804 llul‘tni
3330 3748 3713 3812 suburbanum,
3745 3751 3795 3799 in
3822 3763 3933 3816 quo

2352 3859 2507 3902 erant
2533 3843 2881 3915 congregati)
2918 3841 3110 3897 Joanni
3148 3842 3169 3911 (
3190 3840 3502 3901 omittebant
3529 3838 3580 3891 id
3624 3836 3763 3906 quod
3794 3847 3930 3901 erat,

2355 3937 2631 4007 Episcopo.
2670 3935 2817 3991 Solet
2858 3935 3002 3992 enim
3045 3932 3213 3988 ferme
3253 3934 3554 3986 uberecatus
3591 3930 3797 3982 animus
3827 3945 3932 3981 non

2358 4036 2501 4082 recte
2526 4042 2768 4089 cernere,
2796 4025 2888 4080 sed
2914 4039 2975 4080 ea
3000 4023 3102 4079 sibi
3130 4022 3402 4097 imaginari
3425 4036 3546 4090 qum
3572 4021 3793 4073 allectus
3831 4020 3930 4086 ipsi

2357 4118 2645 4188 suggerit).
2671 4114 2887 4170 Libellos
2922 4115 3205 4183 accepimus
3229 4112 3467 4165 adversus
3498 4120 3575 4174 te,
3607 4109 3807 4177 inﬁnita
3835 4110 3937 4161 cri-

2357 4210 2494 4263 mina
2522 4210 2846 4262 continentes.
2879 4205 3061 4259 Adrsto
3086 4205 3261 4274 igitur,
3293 4211 3452 4256 tecum
3479 4201 3735 4254 adducens
3777 4198 3941 4253 Sara-

2360 4304 2556 4372 pionem
2582 4312 2628 4356 et
2658 4302 2880 4374 Tigrium
2902 4299 3211 4369 presbyteros
3230 4314 3248 4349 :
3265 4297 3326 4349 iis
3349 4296 3480 4350 enim
3502 4310 3631 4363 opus
3652 4302 3746 4348 est.
3772 4292 3938 4346 Erant

2360 4401 2535 4445 autem
2561 4391 2649 4459 qui
2675 4392 2739 4445 ad
2768 4405 2889 4445 eum
2919 4395 3197 4450 venerant,
3227 4386 3508 4439 Dioscorus
3530 4394 3583 4435 et
3607 4383 3823 4446 Paulus,
3849 4387 3938 4450 qui

2362 4494 2529 4547 nuper
2551 4480 2602 4533 in
2626 4477 2791 4546 Libya
2817 4478 3045 4532 ordinati
3075 4477 3303 4540 inerant,
3326 4474 3565 4543 juvenes.
3594 4472 3769 4526 Lectis
3792 4474 3943 4525 char-

2362 4571 2487 4625 tulis
2505 4610 2521 4635 ,
2558 4571 2646 4638 qui
2688 4584 2808 4622 enim
2840 4568 2996 4622 beato
3024 4567 3227 4621 Joanne
3255 4574 3407 4619 erant
3433 4563 3702 4632 episcopi,
3726 4570 3946 4615 contra-

2362 4661 2578 4725 dicunt,
2607 4658 2983 4712 denuntiantes
3006 4655 3304 4724 Theophilo
3336 4670 3433 4723 per
3471 4665 3583 4707 tres
3624 4653 3905 4721 episcopos
3927 4695 3942 4717 ,

2364 4751 2677 4820 Lupicinum
2698 4790 2713 4815 ,
2746 4747 3070 4802 Demetrium
3099 4755 3152 4800 et
3180 4746 3457 4816 Eulysium
3476 4786 3491 4809 ,
3527 4754 3578 4799 et
3608 4744 3947 4813 presbyteros

2364 4842 2519 4905 duos,
2549 4841 2871 4895 Germanum
2903 4846 3065 4906 atque
3090 4837 3375 4901 Severum,
3410 4850 3598 4890 omnes
3623 4835 3833 4904 quidem
3869 4834 3947 4887 vi-

2367 4947 2454 4986 ros
2482 4940 2694 4986 sanctos
2720 4938 2773 4986 et
2798 4929 2902 4983 ﬁde
2927 4929 3117 4996 dignos
3140 4946 3152 4981 :
3176 4927 3293 4981 Noli
3326 4942 3411 4979 res
3446 4926 3697 4979 Ecclesia:
3719 4924 3946 4977 subver-

2368 5034 2478 5075 tere
2504 5062 2517 5084 ,
2565 5034 2665 5073 nec
2710 5018 2999 5072 Ecclesiam
3030 5016 3210 5070 scinde
3248 5023 3464 5084 propter
3506 5028 3662 5084 quam
3706 5013 3844 5067 Deus
3895 5017 3948 5067 in

2366 5128 2584 5167 carnem
2616 5109 2911 5164 descendit.
2949 5106 3005 5161 Si
3044 5118 3219 5162 autem
3262 5106 3559 5160 inordinate
3582 5105 3825 5159 Nicaenos
3855 5120 3949 5159 ca-

2370 5220 2539 5259 nones
2561 5203 2828 5257 subvertis
2852 5210 3210 5256 trecentorum
3235 5200 3418 5255 decem
3446 5211 3499 5254 et
3522 5208 3644 5254 octo
3670 5201 3950 5269 episcopo-

2370 5311 2485 5349 rum
2508 5337 2523 5361 ,
2568 5305 2620 5349 et
2659 5303 2808 5348 extra
2853 5294 3050 5347 limites
3080 5293 3224 5345 litem
3267 5291 3514 5361 judicas:
3544 5300 3598 5343 tu
3632 5289 3854 5343 transito
3884 5290 3951 5343 ad

2372 5400 2470 5441 nos
2493 5386 2545 5439 iu
2572 5385 2754 5439 urbem
2780 5385 2995 5453 optimis
3024 5382 3525 5451 legibusjnndatam
3551 5422 3564 5443 ,
3597 5396 3702 5433 non
3743 5392 3941 5447 provo-

2371 5489 2500 5528 cans
2529 5488 2677 5527 more
2705 5473 2851 5527 Caini
2885 5473 3102 5527 Abelem
3138 5474 3187 5524 in
3216 5485 3482 5539 euripum,
3514 5479 3569 5522 ut
3596 5484 3692 5522 nos
3719 5478 3772 5523 te
3804 5468 3951 5536 prius

2372 5567 2668 5621 audiamus.
2693 5564 2960 5618 llabetnus
2980 5564 3120 5618 enim
3146 5562 3402 5615 adversus
3428 5571 3478 5616 te
3510 5562 3716 5615 libellus
3736 5565 3922 5627 septua
3936 5587 3953 5595 -

2374 5661 2519 5730 ginta
2570 5660 2837 5730 capitum,
2892 5655 3173 5709 manifesta
3219 5654 3424 5724 piacula
3479 5652 3812 5706 continentes
3841 5665 3853 5675 ·
3898 5658 3956 5700 et

2383 5755 2555 5823 plures
2581 5768 2765 5806 smnus
2796 5766 2947 5818 quam
2979 5758 3062 5799 tua
3093 5745 3373 5809 Svnodus,
3402 5743 3493 5795 Dei
3525 5744 3688 5810 gratia
3729 5749 3952 5805 congre-
