4234 6310
749 427 822 485 ἳθ
2023 424 2335 479 PALLADI]

2434 418 2728 477 [ALOGUS
3959 417 4031 475 δῦ

752 544 854 615 τῆς
883 543 982 612 σῆς
1021 542 1262 605 συνόδου,
1293 529 1426 596 Θεοῦ
1454 543 1635 614 χάριτι
1680 541 2058 612 συναχθέντες,
2095 545 2195 598 ούκ
2244 543 2337 596 ἐπὶ

751 628 820 695 τῇ
856 623 1151 678 καταλύσει
1206 626 1304 695 τῆς
1346 624 1691 695 Ἐκκλησίας,
1735 623 1850 677 ἀλλ’
1881 625 1938 677 ἐν
1996 627 2204 696 εἰρήνῃ.
2261 625 2333 678 Σὺ

754 708 857 780 μὲν
879 706 986 779 γὰρ
1009 703 1060 762 εἴ
1079 707 1402 779 τριακοστὸς
1421 707 1577 770 ἕκτος
1607 707 1666 770 ἐξ
1696 706 1963 778 ἐπαρχίας
1997 709 2144 777 μιᾶς·
2177 708 2338 782 ἡμεῖς

750 789 811 843 δέ
839 791 1004 860 ἐσμεν
1045 789 1457 860 τεσσαράκοντα
1506 791 1572 843 ἐκ
1621 787 1896 860 διαφόρων
1937 788 2242 858 ἐπαρχιῶν,
2279 791 2336 843 ἐν

751 866 836 935 οἷς
859 874 1025 942 ἐσμεν
1066 872 1162 925 καὶ
1225 871 1366 926 ἐπτά
1426 871 1838 942 μητροπολίται,
1890 869 1986 924 καὶ
2044 871 2336 925 ἀκόλουθόν

753 957 871 1010 ἐστι
892 956 986 1008 τὸν
1017 954 1282 1009 ἐλάσσονα
1311 955 1465 1027 παρὰ
1484 953 1592 1006 τῶν
1632 954 1891 1008 πλειόνων
1923 954 2017 1007 καὶ
2046 953 2336 1026 διαφερόν-

751 1057 860 1092 των
889 1039 1031 1092 κατά
1055 1039 1182 1102 τοὺς
1217 1036 1449 1098 κανόνας
1494 1037 1770 1108 κριθῆναι.
1805 1037 2043 1108 Ἔχομεν
2080 1037 2190 1108 γάρ
2241 1054 2333 1090 σου

753 1123 847 1175 καὶ
879 1121 977 1192 τὴν
1037 1120 1345 1192 ἐπιστολήν,
1399 1121 1466 1174 δι’
1503 1115 1572 1192 ἦς
1632 1122 1949 1192 παρεγγυᾷς
1992 1120 2072 1191 τῷ
2127 1120 2336 1174 συλλει-

750 1203 968 1274 τουργῷ
994 1202 1152 1272 ήμῶν
1194 1203 1420 1275 Ἰωάννῃ
1443 1203 1524 1256 -τὸ
1559 1202 1632 1273 μὴ
1655 1198 1766 1256 δεῖν
1813 1204 2114 1276 ὑπερορίας
2162 1204 2334 1258 εἰσδέ-

753 1285 943 1354 χεσθαι
978 1285 1155 1348 δίκας.
1197 1284 1359 1338 Ὅθεν
1418 1283 1737 1353 πειθόμενος
1787 1287 1900 1349 τοῖς
1951 1286 2334 1359 ἐκκλησιαστιο

753 1369 870 1428 κοῖς
925 1366 1133 1438 νόμοις,
1191 1364 1495 1437 παρακάλει
1558 1382 1652 1418 σου
1704 1368 1831 1430 τοὺς
1885 1369 2240 1440 κατηγόρους,
2296 1371 2328 1441 ἢ

753 1449 1026 1503 παύεσθαι
1085 1450 1185 1520 τῆς
1234 1448 1376 1502 κατά
1422 1449 1520 1502 σοῦ
1555 1452 1913 1522 κατηγορίας,
1969 1454 2001 1523 ἧ
2056 1453 2157 1524 τῆς
2194 1456 2332 1526 πρὸς

750 1532 915 1584 αὑτὸν
945 1532 1232 1603 προσόδου.
1271 1533 1413 1604 Πρὸς
1439 1532 1614 1587 ταῦτα
1663 1536 1906 1606 κινηθεὶς
1965 1539 1993 1590 ό
2039 1539 2328 1611 Ἰωάννης,

751 1617 863 1676 τοῖς
897 1615 995 1684 μὲν
1037 1614 1360 1677 ἐπισκόποις
1420 1615 1587 1668 αὑτοῦ
1646 1616 1855 1684 ἔλεγεν·
1891 1618 2081 1690 Ὑμεῖς
2115 1620 2144 1673 ὃ
2185 1621 2332 1675 δοκεῖ

751 1696 878 1766 ὑμῖν
923 1695 1222 1766 δηλώσατε,
1260 1698 1362 1767 ἐμέ
1391 1697 1448 1750 δὲ
1480 1697 1773 1752 ἀκόλουθόν
1822 1702 1937 1754 ἐστι
1981 1702 2118 1772 πρὸς
2147 1703 2215 1758 τά
2239 1704 2331 1776 δη-

748 1778 991 1833 λωθέντα
1047 1797 1134 1850 μοι
1171 1781 1556 1851 ἀντισημᾶναι.
1613 1783 1740 1846 Τοῖς
1797 1784 1854 1837 δέ
1907 1787 2036 1856 περὶ
2070 1787 2329 1857 Θεόφιλον

747 1863 1136 1917 ἀνταπέστειλε
1169 1857 1363 1916 ταῦτα·
1395 1865 1556 1934 Ἐγὼ,
1586 1869 1633 1920 εἰ
1670 1867 1768 1936 μὲν
1803 1867 1916 1938 ἔχει
1940 1887 2021 1932 τις
2052 1871 2171 1923 κατ’
2194 1873 2328 1942 ἐμοῦ

749 1943 947 2010 λέγειν,
982 1945 1143 2016 μέχρι
1171 1946 1272 2017 τῆς
1300 1945 1460 2018 δεῦρο
1493 1948 1836 2004 οὐδεπώποτε
1866 1951 2059 2019 ἔγνων·
2086 1955 2134 2006 εί
2160 1953 2218 2007 δέ
2247 1971 2330 2017 τις

749 2026 976 2081 κατεῖπε
1030 2045 1167 2098 μου,
1197 2029 1291 2082 καὶ
1325 2028 1583 2099 βούλεσθέ
1638 2049 1704 2102 με
1739 2036 2170 2104 παραγενέσθαι,
2204 2037 2331 2102 τοὺς

748 2109 1045 2180 προδήλους
1081 2128 1182 2180 μου
1215 2111 1463 2184 ἐχθροὺς,
1495 2113 1690 2177 οἵτινες
1723 2116 1785 2168 ἐκ
1811 2117 1908 2186 τῆς
1937 2117 2194 2186 ἀμελείας
2233 2119 2329 2172 αύ-

747 2191 854 2245 τῶν
875 2191 1236 2264 ἐκακώθησαν
1265 2194 1402 2264 πρὸς
1434 2196 1558 2266 ἐμὲ,
1592 2195 1818 2266 βάλλετε
1854 2198 2075 2264 τούτους
2098 2201 2202 2265 ἔξω
2234 2201 2328 2255 τοῦ

749 2276 1013 2347 ὑμετέρου
1044 2277 1323 2346 συλλόγου·
1355 2279 1448 2332 καὶ
1475 2277 1598 2333 οὔτε
1641 2281 1806 2334 τόπου
1837 2282 2167 2355 ἀμφισϐητῶ
2195 2286 2329 2339 ὅπου

754 2374 823 2426 με
847 2357 957 2412 δέοι
991 2359 1268 2430 κριθῆναι,
1300 2363 1348 2414 εἰ
1381 2362 1475 2415 καὶ
1520 2361 1588 2415 τά
1639 2363 1872 2433 μάλιστα
1909 2365 2015 2417 ἔδει
2044 2363 2192 2438 ἐν’τῇ
2235 2368 2332 2422 πό·

745 2437 845 2492 λει.
881 2440 1002 2494 Είσὶ
1023 2441 1080 2494 δὲ
1108 2441 1201 2506 οὒς
1244 2443 1641 2514 παραιτοῦμαι,
1699 2445 1978 2516 Θεόφιλος,
2024 2447 2084 2501 ὃν
2121 2437 2329 2520 ἐλέγχω

749 2523 1006 2592 εἰρηκότα
1058 2526 1152 2578 καλ⁸
1205 2526 1264 2580 ἐν
1323 2526 1698 2600 Ἀλεξανδρείᾳ.
1753 2532 1847 2584 καὶ
1901 2533 1958 2585 ἐν
2014 2533 2209 2604 Λυκίᾳ,
2247 2537 2328 2588 δτι

762 2604 1096 2678 ’Δπέρχομαι
1137 2609 1218 2672 εἰς
1266 2609 1359 2663 τὸν
1416 2613 1730 2681 κομιτάτον,
1771 2614 2023 2685 Ἰωάννην
2059 2617 2327 2673 καθελεῖν.

750 2687 998 2772 "Ec-.1}:
1019 2689 1239 2772 ἀληθὲς,
1270 2693 1328 2758 ἐξ
1352 2686 1428 2746 ὧν
1453 2695 1897 2764 παραγενόμενος
1923 2696 2045 2750 οὔτε
2070 2701 2328 2772 συνέτυχέ

749 2786 859 2839 μοι,
885 2768 1008 2826 οὗτε
1032 2771 1360 2844 ἐκοινώνησέ
1391 2792 1504 2846 μοι.
1523 2779 1618 2840 Ὃς
1642 2773 1734 2830 οὖν
1764 2779 1868 2850 πρὸ
1894 2781 1992 2850 τῆς
2012 2768 2329 2852 ἀκροάσεως

742 2853 812 2906 τὰ
841 2853 1052 2925 ἐχθρῶν
1081 2856 1388 2919 ἐπετέλεσε,
1418 2858 1472 2910 τί
1499 2857 1564 2911 ἀν
1591 2862 1796 2934 ποιήσῃ
1832 2862 1970 2931 μετά
2002 2863 2100 2934 τὴν
2134 2865 2326 2936 δίκην;

755 2933 989 3006 Ὁμοίως
1038 2939 1096 2995 δὲ
1137 2939 1230 2992 καὶ
1301 2938 1555 2994 Ἀκάκιον
1605 2933 1867 3012 διελέγχω
1923 2947 2009 3015 ἐφ’
2153 2933 2325 3002 εἶπεν·

756 3017 898 3086 Ἐγὼ
920 3021 1070 3090 αύτῷ
1103 3022 1290 3092 ἀρτύω
1318 3023 1543 3094 χύτραν.
1576 3026 1710 3096 Περὶ
1762 3026 1820 3078 δὲ
1857 3027 2196 3099 Σευηριανοῦ
2239 3032 2331 3084 καὶ

761 3101 1060 3173 Ἀντιόχου,
1084 3103 1179 3168 οὒς
1210 3104 1395 3183 τάχιον
1447 3107 1886 3180 μετελεύσεταιή
1932 3109 2052 3162 θεία
2101 3111 2244 3183 δίκη,
2278 3114 2329 3166 τί

743 3183 823 3237 δεῖ
848 3187 942 3240 καὶ
965 3185 1166 3255 λέγειν,
1197 3181 1271 3243 ὧν
1302 3190 1402 3253 τὰς
1431 3193 1844 3264 νεωτεροποιίας
1873 3195 1966 3247 καὶ
1995 3195 2065 3248 τά
2091 3181 2329 3267 κοσμικά

745 3269 928 3339 ᾄδουσι
996 3270 1241 3343 θέατρα;
1300 3273 1511 3327 Οὐκοῦν
1569 3276 2014 3346 παρακέκλησθε,
2081 3281 2130 3331 εἰ
2190 3281 2330 3335 κατά

745 3354 1004 3425 ἀλήθειαν
1039 3355 1293 3426 βούλεσθέ
1326 3376 1392 3428 με
1415 3359 1608 3425 ἐλθεῖν,
1644 3359 1864 3423 τούτους
1888 3362 2013 3426 τοὺς
2036 3363 2326 3436 τέσσαρας·

745 3439 792 3488 εἰ
831 3437 930 3506 μὲν
949 3437 1024 3502 ὡς
1051 3439 1331 3504 δικαστάς,
1353 3441 1645 3495 ἐκϐάλλετε
1667 3444 1890 3506 τούτους
1917 3443 2006 3496 τοῦ
2031 3448 2330 3518 συνεδρίου·

744 3521 789 3571 εἰ
814 3519 868 3572 δέ
889 3520 964 3584 ώς
997 3523 1355 3594 κατηγόρους,
1383 3527 1614 3597 στήσατε
1639 3527 1718 3589 εἰς
1743 3525 1841 3596 τὴν
1866 3528 2068 3596 κρίσιν,
2099 3529 2185 3582 ἵνα
2219 3532 2331 3599 γνῶ

744 3605 892 3668 ὅπως
929 3605 1232 3677 κονίζωμαι
1254 3648 1267 3668 ,
1306 3607 1533 3679 πότερον
1563 3610 1638 3673 ὡς
1673 3610 1808 3682 πρὸς
1841 3611 2164 3678 ἀντιδίκους,
2198 3614 2330 3683 ἢὼς

641 3763 647 3766 ι
744 3685 1028 3752 δικαστάς·
1066 3691 1160 3743 καὶ
1205 3691 1426 3754 πάντως
1448 3692 1742 3762 ἐλεύσομαι
1769 3695 1829 3747 ού
1870 3695 2033 3765 μόνον
2063 3697 2200 3770 πρὸς
2229 3699 2329 3769 τὴν

747 3770 1022 3843 ὑμετέραν
1078 3774 1320 3845 ἀγάπην,
1366 3775 1500 3853 ἀλλά
1550 3779 1644 3831 καὶ
1704 3780 1838 3850 πρὸς
1879 3782 2056 3834 πᾶσαν
2109 3783 2206 3853 τῆς
2254 3785 2331 3836 οί-

749 3853 1020 3925 κουμένης
1082 3855 1320 3915 σύνοδον.
1378 3852 1540 3914 ’Ὥστε
1593 3856 1688 3915 οὗν
1729 3863 1925 3930 γνῶτε,
1985 3863 2080 3917 ἐὰν
2134 3852 2329 3936 μυριά-

747 3953 834 3999 κις
866 3937 1224 4012 ἀποστείλητε
1258 3943 1396 4014 πρός
1452 3962 1549 4014 με,
1609 3945 1761 3997 οὐδὲν
1810 3945 1970 3999 πλέον
2031 3949 2328 4014 ἀκούσεσθε

745 4021 874 4092 παρ’
931 4022 1087 4094 ἐμοῦ.
1157 4025 1374 4079 Τούτων
1447 4027 1806 4094 ἐξελθόντων,
1878 4023 2156 4102 νοτάριος”
2182 4037 2333 4106 παρά

747 4105 928 4191 πόδας-
963 4109 1199 4179 γράμμα
1239 4109 1379 4181 ἔχων
1441 4110 1753 4181 βασιλικὸν,
1792 4115 1849 4166 ἐν
1899 4108 1943 4182 ᾧ
2001 4105 2333 4191 προεδεήθηο

748 4202 846 4271 σαν
899 4189 1102 4243 ἄκοντα
1163 4193 1326 4245 αὑτὸν
1376 4193 1692 4265 ἀπαντῆσαι
1740 4198 1821 4260 εἰς
1859 4199 1958 4268 τὴν
1987 4198 2164 4271 δίκην,
2201 4189 2332 4256 κατ-

744 4270 971 4339 ἠπειγεν
1022 4273 1185 4327 αύτὸν
1244 4277 1326 4339 εἰς
1386 4276 1486 4350 τὴν
1545 4279 1747 4348 κρίσιν.
1815 4280 1969 4333 Mati
2042 4270 2137 4353 τήν
2200 4285 2332 4338 ἁπό-

745 4369 928 4426 κρισιν
983 4358 1080 4429 τὴν
1131 4361 1266 4429 πρὸς
1317 4361 1408 4415 τὸν
1475 4364 1762 4433 νοτάριον,
1831 4364 2182 4435 ἐμηνύθησαν
2212 4358 2334 4421 ’δύο

746 4439 1110 4514 πρεσϐύτεροι
1154 4441 1250 4495 τοῦ
1285 4443 1555 4508 Ἰωάννου,
1600 4445 1857 4513 Εύγένιός
1901 4463 2006 4510 τις,
2055 4447 2112 4510 ὃς
2145 4450 2334 4518 μισθὸν

744 4523 844 4592 τῆς
880 4523 1020 4577 κατά
1041 4524 1134 4578 τοῦ
1166 4527 1467 4580 ἐπισκόπου
1503 4529 1748 4584 Ἰωάννου
1773 4533 2045 4601 συσκευῆς
2074 4533 2175 4604 τὴν
2205 4550 2336 4604 προ-

745 4605 928 4676 εδρίαν
975 4606 1164 4660 ἐλαϐεν
1203 4609 1564 4680 Ἡρακλείας,
1599 4613 1692 4666 καὶ
1741 4616 1768 4666 ὁ
1803 4615 2114 4686 ήσυχαστὴς
2157 4617 2333 4670 Ἰσαά-

745 4705 883 4753 κιος,
912 4690 999 4742 ἵνα
1038 4691 1112 4762 μὴ
1144 4691 1317 4754 άλλως
1348 4693 1508 4756 εἴπω,
1543 4694 1823 4762 λέγοντες·
1876 4697 2143 4767 Ἐδηλωσέ
2185 4717 2266 4754 σοι
2298 4703 2330 4772 ή

747 4770 994 4836 σύνοδος·
1044 4774 1282 4845 πέρασον
1333 4777 1468 4847 πρὸς
1521 4779 1688 4848 ἡμᾶς,
1747 4779 2224 4852 ἀπολογησόμενος
2267 4770 2336 4837 τά

745 4855 1092 4928 ἐγκλήματα.
1125 4859 1269 4930 Πρὸς
1318 4860 1493 4914 ταῦτα
1528 4861 1557 4914 ὁ
1596 4862 1850 4934 Ἰωάννης
1892 4865 2230 4937 ἀντεδήλωσε
2268 4869 2333 4923 δι’

745 4939 1061 4994 ἐπισκόπων
1090 4941 1316 5015 ἐτέρων·
1350 4944 1488 5016 Ποία
1533 4946 1827 5020 ἀκολουθία
1848 4949 2120 5015 δικάζετε,
2152 4953 2201 5004 οἰ
2232 4957 2338 5024 μή-

743 5039 802 5108 τε
841 5024 981 5108 τοὺς,
1009 5024 1239 5096 ἐχθρούς
1281 5045 1383 5099 μου
1435 5029 1756 5096 ἐξώσαντες,
1789 5034 1884 5088 καὶ
1912 5034 1998 5088 διὰ
2033 5038 2140 5089 τῶν
2187 5038 2335 5108 ἐμῶν

745 5105 1022 5190 κληρικῶν
1063 5126 1131 5180 με
1181 5111 1690 5184 μεταστελλόμενοι;
1725 5117 1790 5172 Ol
1830 5117 1885 5170 δέ
1917 5119 2172 5184 λαϐόντες
2211 5105 2336 5187 τοὺς

745 5190 1110 5277 ἐπισκόπους,
1157 5195 1248 5248 τὸν
1290 5196 1388 5267 μὲν
1443 5198 1674 5271 ἔδειραν,
1727 5200 1819 5255 τὸν
1851 5201 1909 5257 δὲ
1959 5207 2334 5277 περιέσχισαν,

744 5271 823 5343 τῷ
867 5273 925 5360 δέ
955 5276 1152 5349 σίδηρα
1186 5278 1263 5349 τῷ
1304 5282 1560 5354 τραχήλῳ
1611 5285 1966 5358 περιέθηκαν,
1997 5271 2205 5360 άῆσαν
2247 5294 2337 5346 εύ·

745 5356 1102 5441 τρεπίσαντες
1127 5360 1206 5432 τῷ
1241 5363 1403 5435 ἁγίῳ,
1436 5366 1502 5426 ἵν’
1541 5356 1716 5431 οὕτως
1746 5368 1966 5441 βληθεὶς
2014 5356 2100 5437 εἰς
2129 5374 2334 5441 πλοῖον,

855 5439 1049 5512 ἄδηλον
1077 5445 1356 5518 ἀποσταλῇ
1403 5449 1568 5502 τόπον
1588 5467 1601 5480 ·
1636 5439 1754 5504 τοῦί
1781 5439 2035 5524 δαίμονος
2087 5439 2338 5531 καθάπερ

750 5521 970 5608 λέοντας
1009 5527 1390 5599 ἀγριώσαντος
1426 5532 1639 5597 αὐτούς.
1675 5537 1782 5589 Καὶ
1811 5541 1839 5590 ό
1871 5521 1970 5608 μὲν
2002 5541 2147 5607 ὅσιος
2183 5521 2338 5607 εἰδὼς

750 5606 850 5675 τὴν
874 5607 1066 5695 ἀναιδῆ
1115 5613 1298 5667 αὐτῶν
1341 5613 1591 5688 γνώμην,
1643 5619 1832 5672 ἑαυτὸν
1873 5606 2136 5695 ἐπέσχεν.
2168 5630 2230 5679 Οί
2279 5606 2336 5680 δέ

751 5685 1044 5774 γεννάδεςη
1069 5691 1375 5774 πράξαντες
1405 5685 1796 5768 ὑπομνημάτια
1837 5685 2081 5774 ἀράχνης
2117 5705 2339 5759 ἀσθενέ-

753 5779 918 5853 στερα
953 5768 1086 5853 πρὸς
1115 5771 1434 5839 ἀφοσίωσιν,
1478 5768 1888 5844 ἀποφαίνονται
1918 5768 2057 5835 κατά
2100 5784 2192 5837 τοῦ
2233 5803 2335 5853 μοι·

749 5844 967 5914 καρίου,
1008 5841 1068 5899 οὗ
1111 5847 1230 5900 οὔτε
1263 5851 1319 5903 τὸ
1356 5841 1642 5923 πρόσωπον
1674 5851 1832 5922 εἶδον,
1879 5859 1999 5913 οὔτε
2035 5841 2337 5933 φωνῆςἀύ-

749 5925 843 5981 τοῦ
902 5931 1161 6000 ﬁxa-ww,
1208 5935 1262 5986 ἐν
1311 5935 1491 6008 ἡμέρᾳ
1545 5940 1640 6010 μιᾷ
1687 5940 1781 6012 τὴν
1829 5945 1882 5997 ἓν
1929 5947 2104 6018 πολλῴ
2158 5925 2334 6019 χρόνῳ

2448 538 2814 610 ύφαινομένην
2845 538 3043 592 κακίαν
3086 535 3640 608 συμπεραιώσαντες·
3683 535 4040 607 ἀνεπίσχετον

2444 623 2552 696 γάρ
2575 623 2637 676 τὸ
2673 620 3024 692 δαιμονιῶδες
3052 622 3302 692 ὅρμημα,
3349 621 3451 673 οὐκ
3499 620 3768 689 ἀναμένον
3818 619 4032 690 σκέψιν.

2439 706 2549 759 Καὶ
2593 705 2908 776 πέμψαντες
2960 703 3038 771 τῷ
3093 703 3304 772 βασιλεῖ
3354 703 3655 772 ἀναφοράν,
3693 702 4031 774 προέταξαν·

2451 788 2671 860 Ἐπειδὴ
2707 786 3110 859 κατηγορηθεὶς
3146 786 3398 856 Ἰωάννης
3430 787 3522 838 ἐπί
3553 788 3744 848 κακοῖς
3768 802 3896 851 τισι,
3935 786 4032 838 καὶ

2439 871 2692 935 συνειδὼς
2753 869 2964 940 ἐαυτῷ,
3011 870 3114 923 οὐκ
3168 869 3432 940 ἠθέλησεν
3486 868 3827 937 ἀπαντῆσαι,
3875 869 4028 922 τόνδε

2440 955 2679 1008 τοιοῦτον
2737 951 3092 1024 καθαιροῦσιν
3138 954 3186 1005 οἱ
3225 951 3414 1021 νόμοι·
3446 951 3474 1002 δ
3525 951 3589 1021 δή
3651 951 3744 1004 καὶ
3792 951 4024 1022 ὑπέστη.

2436 1037 2763 1107 Περιέχουσι
2783 1037 2842 1090 δὲ
2866 1037 2917 1089 οἱ
2957 1034 3188 1088 λιϐέλλοι
3214 1035 3306 1088 καὶ
3335 1033 3708 1097 καθοσιώσεως
3750 1033 4021 1105 ἔγκλημα.

2435 1120 2694 1172 Κελεύσει
2746 1115 2839 1173 οὖν
2886 1119 2922 1188 ή
2968 1118 3120 1188 ὑμῶν
3171 1116 3422 1170 εὐσέϐεια
3477 1119 3572 1170 καὶ
3616 1117 3816 1169 ἄκοντα
3859 1115 4027 1172 αὑτὸν

2436 1201 2772 1274 ἐξωσθῆναι,
2825 1201 2921 1256 καὶ
2975 1200 3132 1265 δίκας
3187 1199 3369 1253 δοῦναι
3403 1201 3494 1252 ἐπὶ
3545 1202 3610 1269 τῇ
3667 1199 4021 1264 καθοσιώσει,

2434 1285 2622 1358 ἐπειδὴ
2651 1288 2781 1357 ἡμῖν
2807 1286 2907 1339 οὐκ
2939 1282 3118 1350 ἔξεστι
3152 1283 3327 1337 ταῦτα
3361 1283 3560 1354 ζητεῖν.
3592 1279 3662 1335 Ὦ
3698 1284 4020 1353 τρισάθλιοι,

2433 1369 2469 1422 ἃ
2517 1372 2762 1440 φρονεῖτε
2803 1367 2898 1422 καὶ
2925 1369 3149 1420 ποιεῖτε·
3181 1365 3504 1437 αἰσχύνεσθε
3536 1364 3707 1418 ταῦτα
3738 1369 3928 1430 ποιεῖν,
3957 1368 4021 1420 οὐ

2432 1451 2584 1517 Θεὸν,
2615 1450 2752 1504 ἀλλά
2780 1449 3104 1521 ἀνθρώπους
3133 1449 3445 1518 αἰδούμενοι
3473 1448 3505 1519 ἢ
3544 1446 3884 1517 φοϐούμενοι.
3909 1445 4023 1502 Ἦν

2431 1535 2486 1590 δέ
2524 1537 2553 1606 ή
2588 1533 2914 1597 καθοσίωσις
2950 1536 2982 1604 ἡ
3031 1534 3110 1597 εἰς
3138 1532 3237 1602 τὴν
3285 1531 3603 1602 βασίλισσαν
3641 1531 3910 1603 λοιδορία,
3943 1533 4022 1597 ὡς

2432 1620 2627 1672 ἐκεῖνοι
2654 1619 2981 1688 ἀνήνεγκαν,
3020 1617 3103 1668 ὅτι
3148 1611 3303 1668 εἶπεν
3333 1615 3501 1686 αὐτὴν
3542 1613 3795 1678 Ἰεζάϐελ.
3828 1617 3937 1668 Καὶ
3969 1619 4020 1670 οἱ

2435 1701 2534 1770 μὲν
2565 1699 2878 1770 θαυμάσιοι,
2922 1699 3012 1752 τὸν
3037 1697 3126 1752 διὰ
3166 1698 3352 1766 ξίφους
3395 1698 3623 1752 θάνατον
3652 1697 3816 1750 αὑτοῦ
3848 1699 4022 1766 ποθή-

2433 1800 2622 1846 σαντες
2669 1783 2818 1844 ἰδεῖν,
2848 1780 3020 1845 οὕτως
3062 1782 3398 1852 ἀνήνεγκαν·
3432 1783 3460 1834 ὁ
3489 1781 3546 1835 δὲ
3591 1781 3722 1844 Θεὸς
3766 1782 3860 1834 καὶ
3895 1780 4020 1834 τού-

2430 1883 2536 1919 των
2570 1865 2886 1935 ἐφανέρωσε
2930 1865 3029 1936 τὴν
3080 1865 3479 1936 ἐνδομυχοῦσαν
3520 1867 3736 1928 κακίαν,
3781 1866 4022 1919 καὶτῶν

2431 1948 2705 2022 ἀρχόντων
2734 1948 3048 2017 ἐμαλάκυνε
3080 1949 3177 2019 τὴν
3212 1949 3441 2018 καρδίαν
3461 1966 3473 1976 ·
3508 1951 3758 2020 καθάπερ
3789 1952 3881 2003 ἐπὶ
3922 1951 4019 2004 τοῦ

2431 2031 2626 2104 Δανιὴλ
2654 2031 2849 2102 συνέϐη
2876 2032 2934 2084 ἐν
2962 2030 3264 2085 Βαϐυλῶνι.
3301 2032 3447 2084 Ἐκεῖ
3471 2030 3579 2102 γάρ
3599 2033 3648 2083 οῖ
3683 2033 3781 2102 μὲν
3805 2032 4021 2097 λέοντες

2432 2113 2816 2185 ήμερώθησαν,
2845 2115 3164 2185 φεισάμενοι
3194 2112 3288 2167 τοῦ
3327 2113 3544 2184 Δανιὴλ,
3574 2115 3623 2166 οἰ
3654 2114 3709 2166 δὲ
3741 2114 4022 2185 ἄνθρωποι

2432 2195 2802 2269 ἠγριώθησαν,
2846 2197 3238 2268 ἀφειδήσαντες
3266 2196 3358 2250 τοῦ
3403 2197 3709 2268 προφήτου,
3737 2199 3830 2250 καὶ
3861 2198 4020 2251 ἐδυσ-

2429 2279 2651 2352 ώπησεν
2684 2282 2712 2333 ό
2744 2280 2876 2344 Θεὸς
2911 2282 3038 2351 τοὺς
3080 2280 3234 2353 παρά
3267 2281 3426 2350 φύσιν
3471 2280 3861 2351 ἀγριωθέντας,
3907 2281 4018 2335 τῶν

2430 2364 2582 2435 παρά
2612 2364 2773 2433 φύσιν
2802 2367 2909 2436 ήμε
2920 2365 3219 2436 ρωθέντων.

2501 2449 3003 2512 ΚΕΦ.Θ’.-Οὖτως
3035 2449 3246 2521 ἐξώσθη
3283 2452 3312 2503 ὁ
3357 2449 3608 2520 Ἰωάννης
3643 2449 3741 2519 τῆς
3786 2449 4019 2520 Ἐκκλη-

2432 2533 2586 2597 σίας,
2633 2533 2873 2603 κόμητος
2910 2532 3308 2597 ἀποσταλέντος
3344 2533 3439 2585 σὺν
3473 2536 3836 2603 στρατιωτικῇ
3886 2533 4018 2603 βοηο

2430 2615 2576 2686 θείᾳ,
2633 2615 2884 2686 καθάπερ
2933 2616 3026 2669 ἐπὶ
3080 2615 3420 2687 βαρϐαρικῆς
3475 2614 3851 2686 παρατάξεως.
3891 2617 4017 2668 Ἐκ-

2431 2697 2650 2768 ϐληθεὶς
2687 2699 2745 2751 δὲ
2801 2699 2992 2768 φθάνει
3039 2700 3119 2762 είς
3157 2697 3225 2753 τά
3267 2699 3408 2752 κατά
3448 2697 3744 2769 Πραίνετον
3776 2699 3875 2764 τῆς
3921 2702 4016 2754 Βι-

2430 2780 2616 2846 θυνίας
2683 2782 2923 2853 ἀγρίδια.
2980 2784 3170 2854 Μέσης
3233 2782 3290 2836 δὲ
3351 2783 3739 2853 διαγενομένης
3803 2784 4020 2855 ἡμέρας

2432 2868 2580 2936 μιᾶς,
2621 2866 2820 2936 συνέϐη
2855 2865 3082 2938 θραῦσίν
3110 2884 3233 2922 τινα
3283 2866 3533 2936 γενέσθαι
3567 2867 3623 2920 ἐν
3662 2868 3740 2938 τῷ
3775 2868 4016 2921 κοιτῶνι.

2427 2949 2758 3018 Φοϐηθέντες
2801 2952 2865 3002 ἐκ
2911 2948 3124 3015 τούτου,
3164 2949 3234 3002 δι’
3277 2950 3480 3003 οἰκείου
3525 2952 3773 3019 νοταρίου
3813 2952 4020 3004 ἀνακαι

2427 3030 2645 3085 λοῦνται
2688 3032 2779 3084 τὸν
2834 3031 3092 3103 Ἰωάννην
3147 3032 3285 3103 μετά
3343 3033 3558 3104 ἡμέρας
3605 3033 3824 3100 ὀλίγας,
3880 3034 4019 3086 ἀπο-

2427 3113 2607 3181 δόντες
2637 3113 2715 3184 τῷ
2748 3115 2934 3184 οἰκείῳ
2969 3115 3163 3186 θρόνῳ.
3190 3114 3378 3179 Οὕτως
3407 3118 3435 3169 ὁ
3473 3114 3729 3185 Θεόφιλος
3772 3117 3867 3168 σὺν
3907 3118 4022 3180 τοῖς

2428 3197 2746 3265 Αἰγυπτίοις
2767 3200 2912 3268 φυγῇ
2943 3197 3041 3269 τὴν
3067 3198 3341 3268 σωτηρίαν
3368 3198 3552 3269 πορίζε
3566 3215 3675 3252 ται·
3702 3199 3883 3268 ἐζήτει
3913 3200 4022 3267 γάρ

2432 3284 2467 3352 ή
2497 3280 2649 3344 πόλις
2698 3282 2863 3335 αὐτὸν
2895 3280 3267 3336 θαλασσῶσαι.
3299 3281 3454 3335 Μετά
3506 3281 3598 3334 δύο
3635 3281 3807 3352 μῆνας
3857 3283 4025 3334 πάλιν

2432 3365 2946 3426 ύπαναπνεύσαντες
2974 3363 3076 3434 τῆς
3123 3364 3357 3435 πληγῆς,
3392 3363 3754 3433 φρυάττονται
3799 3366 3862 3417 ἐκ
3902 3365 4024 3418 δευ-

2430 3447 2589 3518 τέρου
2617 3447 2756 3501 κατά
2785 3445 2880 3500 τοῦ
2911 3446 3190 3500 Ἰωάννου·
3221 3448 3315 3499 καλ⁸
3341 3446 3697 3518 εὐπρόσωπον
3723 3447 3896 3518 ἀρχὴν
3923 3451 4026 3520 οὐχ

2431 3531 2797 3600 εὑρίσκοντες,
2833 3529 3107 3602 πέμπουσι
3142 3530 3280 3601 πρὸς
3307 3531 3398 3582 τὸν
3429 3529 3686 3600 σοφιστὴν
3715 3530 3818 3583 τῶν
3858 3533 4027 3585 τοιού-

2429 3629 2537 3667 των
2587 3615 2666 3681 είς
2703 3613 3113 3686 Ἀλεξάνδρειαν
3147 3611 3514 3684 δηλώσαντες·
3539 3613 3610 3665 Ἢ
3645 3614 3806 3668 πάλιν
3847 3615 4026 3668 ἀπάν-

2429 3713 2588 3768 τησον
2631 3698 3028 3769 στρατηγήσων
3061 3696 3204 3751 κατά
3241 3696 3335 3750 τοῦ
3370 3696 3639 3756 Ἰωάννου,
3676 3697 3732 3767 ἢ,
3772 3701 3818 3750 εἰ
3866 3697 4031 3752 τοῦτο

2429 3780 2671 3843 δέδοικας
2703 3779 2790 3833 διά
2830 3782 2958 3845 τοὺς
3007 3780 3190 3844 λαοὺς,
3231 3779 3434 3851 τρόπον
3482 3781 3614 3851 ἡμῖν
3644 3780 3847 3832 ὑπόθου
3880 3782 4028 3838 τινὰ,

2429 3863 2496 3916 δι’
2531 3859 2588 3918 οὗ
2626 3863 2724 3934 τὴν
2766 3865 2941 3936 ἀρχὴν
2977 3865 3313 3936 ποιήσωμεν.
3349 3864 3494 3933 Πρὸς
3528 3863 3737 3928 τούτοις
3772 3866 3798 3916 ὁ
3833 3866 4030 3934 Θεόφι-

2431 3946 2542 4011 λος,
2571 3947 2733 4012 αὐτὸς
2765 3948 2864 4018 μὲν
2888 3948 2988 4002 οὐκ
3016 3949 3355 4019 ἀπήντησεν,
3381 3945 3538 4010 εἰδὼς
3563 3948 3710 4010 ὅπως
3748 3947 4028 4018 διέφυγεν.

2431 4031 2716 4084 ἀπέστειλε
2741 4031 2798 4084 δὲ
2829 4035 2976 4102 τρεῖς
3007 4033 3277 4095 ἐλεεινοὺς
3307 4030 3670 4096 ἐπισκόπους,
3695 4031 3906 4083 Παῦλον
3933 4036 4032 4086 καὶ

2436 4114 2675 4183 Ποιμένα
2717 4117 2810 4168 καὶ
2849 4115 3033 4185 ἕτερον
3067 4115 3556 4186 νεοχειροτόνητον,
3601 4116 4031 4179 συναποστείλας

2434 4197 2618 4262 αὐτοῖς
2647 4198 2741 4251 καὶ
2756 4199 2988 4262 κανόνας
3018 4199 3168 4264 τινας
3196 4198 3291 4263 οὓς
3311 4201 3702 4271 πεποιήκεισαν
3729 4202 3776 4252 οί
3815 4201 4031 4270 Ἀρεία-

2434 4283 2513 4334 vol
2551 4281 2692 4336 κατά
2732 4281 2828 4334 τοῦ
2861 4283 3132 4354 μακαρίου
3179 4282 3521 4347 Ἀθανασίου,
3552 4283 3637 4335 ἵνα
3666 4284 3846 4342 αὐτοῖς
3867 4295 3892 4322 α
3917 4286 4032 4348 τοῖς

2434 4365 2626 4417 κανόσι
2675 4366 3035 4436 χρησάμενοι,
3070 4365 3225 4429 δίκας
3274 4363 3512 4431 πλέξωσι
3560 4364 3638 4435 τῷ
3677 4365 3916 4436 Ἰωάννη,
3954 4368 4032 4430 ὡς

2438 4455 2576 4525 μετά
2599 4456 2918 4528 καθαίρεσιν
2943 4455 3118 4528 ἐαυτῷ
3138 4456 3530 4514 ἐπεισελθόντι.
3561 4457 3892 4529 Ὀρμητικὸς
3920 4458 4034 4524 γάρ

2439 4541 2585 4592 ἐστιν
2614 4541 2678 4592 ἐκ
2706 4540 2941 4610 φύσεως,
2963 4543 3056 4594 καὶ
3080 4541 3377 4613 προπετὴς,
3411 4541 3506 4596 καὶ
3531 4541 3758 4612 θρασὺς,
3787 4541 3881 4594 καὶ
3914 4541 4032 4593 δια-

2437 4623 2714 4694 φερόντως
2761 4623 3089 4693 φιλόνεικος·
3133 4625 3286 4679 οὐδὲν
3327 4625 3437 4694 γάρ
3487 4626 3602 4677 ἐστι
3641 4623 3734 4678 τοῦ
3769 4625 4033 4695 φανέντος

2437 4704 2584 4776 αὐτῷ
2632 4706 2739 4759 ὑπὸ
2770 4707 2868 4778 τῆς
2919 4703 3128 4776 ὅψεως,
3158 4708 3186 4760 ὃ
3213 4709 3241 4748 δ
3271 4709 3392 4778 ούχί
3443 4707 3637 4762 θάττον
3681 4708 3773 4761 τοῦ
3820 4708 4031 4773 δέοντος

2437 4791 2829 4861 ἀκατασχέτως
2880 4791 3064 4862 ὁρμᾷ,
3119 4793 3205 4844 ἐπ’
3247 4791 3397 4857 αὑτῷ
3453 4792 3590 4862 μήτε
3647 4791 3825 4861 κρίσιν
3894 4794 4031 4862 μήτε

2438 4873 2628 4944 σκέψιν
2662 4875 2969 4947 ἀναμένων.
3007 4874 3302 4946 Ἀλογίστῳ
3330 4873 3387 4928 δέ
3419 4875 3560 4948 φορᾷ
3587 4875 3868 4946 χρώμειος
3900 4877 4030 4929 ἀτά-

2439 4976 2580 5023 κτως
2617 4958 2822 5028 βαδίζει
2853 4960 2944 5013 ἐπὶ
2986 4961 3086 5031 τὴν
3138 4958 3329 5013 τούτου
3367 4957 3784 5028 συγκατάθεσιν,
3827 4960 3919 5012 καὶ
3965 4965 4032 5032 τῇ

2437 5042 2778 5114 ψηφισθείσῃ
2792 5043 3064 5111 ἀποφάσει
3087 5040 3320 5112 βεϐαίως
3344 5042 3777 5112 ἐπερειδόμενος,
3799 5043 4032 5110 εὐτόνως

2440 5127 2860 5196 ἀντιφιλονεικεῖ
2887 5127 3050 5179 παντὶ
3076 5125 3152 5196 τῷ
3182 5125 3494 5197 βουλομένῳ
3515 5126 4009 5197 ἀνταποφήνασθαι

2442 5211 2760 5275 σπουδάζων
2789 5210 2877 5264 ἀεὶ
2916 5209 3015 5280 τὴν
3067 5209 3263 5263 ἑαυτοῦ
3293 5209 3476 5282 κρίσιν
3514 5228 3575 5264 τε
3620 5211 3715 5264 καλ⁸
3739 5210 3922 5280 ψῆφον
3951 5231 4034 5267 νι-

2442 5294 2624 5349 κῶσάν
2640 5312 2699 5347 τε
2717 5294 2809 5348 καλ⁸
2826 5292 3130 5364 κρατοῦσαν
3159 5294 3502 5364 ἀποφαίνειν.
3535 5297 3600 5348 ’⁸0
3629 5294 3692 5365 δὴ
3723 5294 3818 5353 καὶ
3849 5297 4036 5349 ποιού-

2445 5394 2526 5431 σιν
2571 5377 2925 5447 ἐπιστάμενοι
2983 5376 3148 5432 αὑτοῦ
3198 5378 3258 5431 τὸ
3318 5374 3470 5449 ἦθος.
3515 5377 4036 5448 Μετακαλεσάμενοι

2442 5462 2548 5533 γάρ
2572 5463 2670 5533 τῆς
2689 5463 2912 5534 Συρίας,
2951 5463 3043 5517 καὶ
3077 5461 3494 5526 Καππαδοκίας,
3525 5462 3620 5515 καὶ
3647 5461 3746 5531 τῆς
3767 5463 4036 5533 Ποντικῆς

2441 5547 2760 5618 διοικήσεως
2797 5548 2890 5600 καὶ
2931 5547 3171 5618 Φρυγίας
3229 5545 3383 5609 ὅλους
3414 5557 3434 5584 ε
3479 5545 3889 5616 ’μητροπολίτας
3940 5547 4036 5601 καὶ

2444 5626 2797 5690 ἐπισκόπους,
2848 5626 3292 5698 συναθροίζουσιν
3335 5627 3414 5690 είς
3455 5625 3554 5696 τὴν
3591 5625 4036 5680 Κωνσταντινού-

2445 5705 2619 5763 πολιν,
2652 5708 2712 5758 Οἱ
2746 5707 2802 5758 δέ
2847 5707 3302 5778 παραγενόμενοι,
3340 5705 3478 5760 κατὰ
3509 5706 3607 5778 τὴν
3647 5705 3754 5760 τῶν
3795 5707 4038 5765 κανόνων

2509 5831 2533 5894 ξ
2562 5832 2765 5880 Roclins
2791 5834 3032 5894 logm-nlm
3071 5833 3270 5888 τούτοις.

2506 5893 2533 5932 δ
2561 5895 2693 5955 Lege
2719 5896 2832 5954 προς
2849 5893 2902 5942 ὁ.

2512 5960 2531 5986 τ
2558 5958 2756 6019 fon-ig?
2783 5959 2910 6014 όὲης.
