4234 6310
221 465 286 521 23
1201 457 1290 514 DE
1325 454 1486 512 VITA
1528 453 1586 509 S.
1627 448 1909 508 JOANNIS
1943 447 2433 506 CllRYSOSTOllI.
3466 455 3532 510 30

221 580 326 649 gari
380 594 495 633 non
543 578 612 633 ad
642 578 979 633 eversionem
1011 572 1272 629 Ecclesia:
1293 613 1307 635 ,
1350 570 1443 625 sed
1477 570 1529 623 in
1570 582 1721 637 pace.
1756 565 1834 619 Tu

223 670 366 724 enim
399 668 715 723 tricesimus
768 676 952 722 sextus
987 679 1046 720 es
1085 678 1151 718 ex
1190 662 1345 736 unica
1384 658 1687 731 provincia;
1739 670 1835 710 nos

223 778 349 816 vero
382 776 583 816 sumus
608 760 964 832 quadraginta
1005 773 1036 813 e
1065 756 1295 812 diversis
1335 751 1623 824 provinciis
1648 793 1662 817 ,
1698 750 1837 805 inter

222 870 355 925 quos
387 867 587 909 sumus
612 854 773 908 etiam
804 847 1388 921 septem‘bletropolitze
1414 862 1427 898 :
1451 853 1507 900 et
1544 851 1834 900 consenta-

222 963 386 1002 neum
430 956 521 1003 est
554 956 621 1003 ut
665 946 844 1002 minor
878 956 1137 999 numerus
1166 957 1198 996 a
1226 939 1415 1010 majori
1445 945 1608 1008 atque
1639 936 1835 1007 potiori

222 1037 530 1093 secundum
556 1051 794 1095 canones
819 1035 1111 1106 judiectur.
1162 1031 1434 1087 Habemus
1463 1029 1607 1085 enim
1635 1038 1687 1083 et
1717 1028 1834 1097 epi-

222 1129 427 1184 stolam
455 1138 625 1194 tuam,
656 1144 755 1200 per
784 1141 944 1199 quam
975 1138 1165 1181 mones
1189 1121 1569 1193 coepisc0pum
1593 1129 1834 1174 nostrum

221 1221 501 1279 Joannem
543 1222 939 1277 accusationem
970 1228 1117 1274 extra
1158 1217 1356 1271 limites
1384 1230 1489 1271 non
1516 1213 1715 1270 debere
1741 1211 1836 1266 ad-

224 1316 471 1369 mittere.
505 1313 661 1370 Unde
704 1311 912 1384 legibus
951 1307 1329 1373 ecclesiasricis
1360 1319 1587 1376 parens,
1617 1316 1838 1359 accusa-

224 1419 372 1463 tores
406 1393 536 1463 tuos
564 1422 658 1462 ora
681 1446 698 1475 ,
730 1414 788 1461 ut
813 1405 882 1461 ab
910 1401 1214 1459 accusando
1242 1390 1293 1456 te
1320 1399 1614 1463 desistant,
1648 1405 1741 1450 aut
1769 1395 1837 1449 ab

225 1516 455 1556 accessu
496 1509 550 1556 et
596 1498 838 1571 perfugio
864 1497 930 1553 ad
965 1496 1249 1553 Joannem.
1293 1492 1373 1548 Ad
1409 1491 1524 1547 hare
1561 1496 1835 1561 permotus

223 1593 503 1659 Joannes,
549 1591 818 1663 episcopis
865 1588 1079 1661 quidem
1126 1600 1342 1642 suarum
1384 1582 1615 1655 partium
1660 1580 1832 1636 dixit:

228 1685 373 1750 Vos,
421 1684 572 1755 quod
618 1682 771 1740 vobis
801 1682 1033 1749 videtur,
1084 1678 1702 1750 significatezczeterum
1750 1688 1841 1728 me

225 1784 447 1845 oportet
473 1774 545 1830 ad
564 1789 628 1830 ea
652 1790 774 1845 quae
797 1772 928 1828 mihi
957 1772 1132 1827 delata
1158 1778 1286 1825 sunt
1311 1768 1629 1824 rescribere.
1658 1765 1837 1821 Theo-

226 1870 357 1939 phili
381 1878 569 1925 autem
592 1849 824 1939 partium
847 1864 1118 1937 episcopis
1143 1863 1258 1918 luce
1283 1860 1561 1931 rescripsit
1590 1877 1603 1915 :
1634 1859 1748 1928 Ego
1768 1873 1834 1911 an

224 1961 347 2032 quis
373 1969 571 2015 contra
599 1973 687 2014 me
717 1955 1007 2018 dicendum
1049 1952 1252 2024 aliquid
1299 1952 1534 2018 habeat,
1578 1948 1837 2004 hactenus

226 2053 465 2107 omnino
497 2050 709 2106 nescius
735 2064 855 2112 sum
882 2066 895 2103 :
920 2048 965 2104 si
995 2047 1116 2117 quis
1140 2059 1268 2102 vero
1294 2044 1551 2100 adversus
1572 2056 1659 2096 me
1683 2040 1836 2096 dixe-

228 2148 317 2213 rit,
342 2156 401 2202 et
432 2145 630 2201 adesse
658 2155 744 2199 me
776 2142 958 2207 vultis,
1003 2138 1317 2195 manifestos
1358 2136 1603 2192 inimicos
1650 2148 1832 2199 meos,

228 2240 317 2308 qui
351 2255 421 2299 ex
455 2253 551 2299 sua
580 2235 904 2308 negligentia
932 2247 1054 2304 erga
1080 2245 1166 2287 me
1189 2229 1328 2285 male
1356 2227 1570 2282 animati
1599 2236 1742 2291 sunt,
1769 2240 1836 2279 ex

226 2344 506 2388 eonventu
535 2338 716 2386 vestro
753 2329 954 2399 ejicitc.
983 2312 1169 2399 pieque
1198 2323 1265 2379 de
1294 2324 1413 2378 loco
1446 2319 1712 2376 contendo
1733 2362 1747 2384 ,
1782 2320 1834 2373 in

228 2440 335 2492 quo
355 2421 625 2494 judicium
653 2421 836 2476 subire
867 2435 953 2473 me
983 2424 1227 2488 oportet,
1261 2414 1363 2470 etsi
1411 2412 1464 2468 id
1508 2411 1739 2467 maxime
1782 2411 1834 2465 in

228 2516 454 2569 civitate
488 2512 601 2567 ﬁeri
623 2512 880 2582 oportuit.
904 2509 1041 2565 Sunt
1068 2516 1246 2562 autem
1270 2518 1405 2575 quos
1425 2503 1632 2572 rejieio,
1660 2502 1837 2555 Theo—

231 2606 413 2674 philus
439 2647 456 2672 ,
490 2619 650 2676 quem
694 2602 912 2658 revinco
955 2598 1156 2654 dixisse
1197 2604 1253 2653 et
1294 2594 1633 2651 Alexandri-.c
1677 2601 1731 2647 et
1782 2592 1832 2645 in

231 2699 392 2770 Lycia
420 2716 437 2752 :
464 2698 519 2751 In
550 2694 859 2750 comitatum
900 2690 1229 2762 proficiscor,
1276 2696 1333 2741 ut
1374 2685 1633 2741 Joannem
1672 2683 1837 2753 depe-

229 2807 380 2846 nam.
405 2789 463 2843 Id
486 2797 667 2844 autcm
690 2800 874 2841 verum
899 2794 981 2839 est
1006 2798 1078 2839 ex
1102 2796 1168 2837 eo
1185 2779 1323 2852 quod
1352 2788 1633 2849 postquam
1654 2791 1837 2833 acces-

229 2882 317 2947 sit,
352 2895 535 2950 neque
558 2895 648 2949 ,me
674 2877 983 2948 alloquutus
1011 2882 1125 2937 est,
1158 2886 1334 2946 neque
1361 2883 1569 2924 mecum
1595 2882 1837 2922 commu-

230 2973 452 3027 nicavit.
475 2971 576 3037 Qui
600 2969 756 3041 igitur
777 2975 901 3022 ante
925 2963 1253 3020 auditioncm
1277 2959 1541 3014 hostiliter
1566 2973 1625 3013 se
1644 2956 1831 3027 gessit,

230 3067 356 3137 quid
390 3074 515 3136 post
552 3063 809 3134 judicium
856 3060 1091 3114 facturus
1135 3050 1266 3111 est?‘
1297 3053 1557 3110 Similiter
1595 3058 1651 3106 et
1693 3052 1837 3105 Aca-

232 3162 374 3215 cium
403 3172 658 3227 coargne,
689 3155 778 3225 qui
807 3153 1003 3209 dixerit
1033 3171 1045 3205 :
1081 3151 1196 3219 Ego
1218 3150 1292 3203 illi
1324 3148 1483 3202 ollam
1522 3144 1735 3201 condio.
1763 3144 1838 3199 De

232 3251 528 3305 Severiano
556 3258 607 3302 et
637 3245 901 3301 Antiocho
923 3243 1050 3313 quid
1073 3243 1261 3296 attinet
1291 3239 1493 3304 dicere,
1529 3252 1662 3307 quos
1680 3235 1838 3290 citius

232 3341 470 3411 excipiet
508 3339 685 3394 divina
714 3337 915 3407 justitia
936 3378 950 3401 ,
978 3347 1207 3405 quorum
1253 3332 1570 3386 temerarios
1615 3338 1838 3384 conatus

233 3434 397 3487 etiam
424 3430 704 3486 smcularia
731 3427 933 3482 theatra
956 3424 1187 3480 canunt?
1206 3423 1367 3493 Igitur
1381 3424 1425 3477 si
1444 3436 1629 3477 revera
1650 3420 1838 3474 adesse

236 3542 323 3580 me
350 3525 514 3579 vultis
532 3564 549 3591 ,
573 3536 758 3593 quaeso
787 3535 880 3577 eos
910 3528 1137 3590 quatuor
1156 3558 1171 3583 ,
1202 3516 1245 3571 si
1273 3514 1489 3585 quidem
1518 3522 1575 3567 ut
1595 3512 1801 3581 judices
1820 3550 1835 3575 ,

236 3636 298 3675 ex
325 3632 587 3675 consessu
609 3615 785 3685 ejicite
808 3632 822 3681 ;
848 3613 929 3669 sin
959 3622 1015 3667 ut
1035 3619 1393 3674 accusatores,
1419 3606 1621 3677 judicio
1644 3604 1835 3669 sistite,

237 3720 296 3763 ut
324 3709 492 3764 sciam
520 3704 791 3777 quomodo
818 3719 902 3759 mc
924 3701 992 3757 ad
1021 3710 1293 3757 certamen
1327 3699 1583 3753 instruam
1610 3738 1624 3763 ,
1667 3710 1733 3749 an
1782 3701 1839 3751 ut

238 3810 427 3859 contra
456 3801 797 3857 adversarios
816 3840 831 3864 ,
862 3812 929 3851 an
956 3803 1014 3851 ut
1042 3803 1227 3853 contra
1263 3791 1473 3865 judices
1500 3809 1512 3846 :
1543 3802 1596 3847 et
1620 3792 1838 3846 omnino

241 3897 449 3950 veniam
493 3908 603 3949 non
652 3892 826 3949 solum
866 3890 934 3947 ad
979 3899 1212 3946 vestram
1240 3888 1541 3953 caritatem,
1568 3884 1660 3940 sed
1690 3893 1744 3939 et
1773 3884 1839 3939 ad

240 3988 485 4059 quamvis
523 3986 672 4042 orbis
715 3995 977 4041 terrarum
1017 3981 1303 4054 synodum.
1343 3979 1545 4035 Scitote
1576 3992 1703 4047 ergo
1728 4018 1742 4043 ,
1791 3976 1836 4030 si

241 4081 420 4137 decies
451 4079 645 4135 millies
682 4078 749 4132 ad
777 4092 863 4133 me
892 4075 1142 4131 miseritis
1165 4117 1179 4141 ,
1226 4072 1358 4127 nihil
1397 4072 1628 4143 amplius
1660 4087 1724 4126 ex
1754 4085 1841 4125 me

242 4188 337 4227 vos
377 4171 675 4227 audituros.
726 4169 831 4224 Illis
876 4168 1142 4240 egressis,
1186 4166 1331 4221 venit
1372 4166 1551 4220 statim
1594 4162 1841 4217 Notarius

244 4266 447 4321 habens
476 4263 795 4333 rescriptum
826 4259 1193 4329 Imperatoris,
1225 4258 1309 4313 cui
1340 4257 1539 4311 inserta
1562 4264 1680 4309 erat
1709 4270 1839 4333 sup-

246 4360 460 4431 plicatio
482 4356 856 4428 episcoporum
880 4354 1173 4426 petentium
1196 4362 1255 4405 ut
1278 4348 1514 4405 Joannes
1548 4346 1747 4401 invitus
1774 4345 1840 4399 ad

244 4450 501 4521 judicium
548 4448 849 4512 sisteretur,
897 4458 1128 4513 eumque
1179 4441 1245 4495 ad
1291 4439 1550 4510 judicium
1599 4435 1839 4507 urgebat.

247 4541 372 4595 l‘ost
401 4537 599 4593 factum
636 4536 846 4595 notario
874 4547 1214 4604 responsum,
1248 4529 1564 4600 prodierunt
1592 4526 1699 4581 duo
1726 4541 1845 4595 pre-

246 4633 446 4706 shyteri
500 4630 757 4693 Joannis,
810 4627 1082 4699 Eugenius
1129 4622 1386 4694 quidam,
1436 4621 1525 4691 qui
1571 4617 1845 4673 Ileraclea:

248 4731 615 4799 episcopatum
652 4717 1070 4789 conspirationis
1100 4713 1405 4771 mercedem
1436 4717 1757 4780 acceperat,
1794 4717 1848 4763 et

250 4824 486 4879 lsaaeius
513 4815 808 4873 monachus
828 4855 844 4880 ,
875 4828 947 4868 ne
971 4806 1101 4881 quid
1134 4807 1283 4863 aliud
1322 4805 1496 4861 dicam
1518 4845 1533 4870 ,
1565 4802 1844 4858 dicentesf

250 4915 479 4985 Scripsit
511 4911 605 4967 tibi
627 4907 925 4983 Synoduss
950 4902 1144 4959 Transi
1176 4902 1241 4955 ad
1267 4915 1386 4962 nos,
1421 4908 1479 4952 ut
1505 4896 1717 4967 objecta
1740 4895 1846 4949 cri-

249 5008 395 5063 mina
416 5004 614 5060 diluas.
636 5000 717 5057 Ad
742 4998 859 5054 hate
882 4997 1121 5052 Joannes
1152 5008 1248 5063 per
1284 4991 1420 5046 alios
1449 4989 1731 5060 episcopos
1759 5002 1847 5042 re-

252 5095 801 5165 nnutiavltzQuonam
819 5089 1032 5145 tandem
1049 5087 1238 5143 ordine
1264 5084 1535 5157 judicatis,
1564 5082 1652 5152 qui
1675 5094 1849 5151 neque

256 5191 500 5247 iuhnieos
543 5200 694 5244 meos
732 5184 1035 5254 ejeceritis,
1076 5192 1132 5237 et
1177 5196 1266 5237 me
1312 5195 1406 5249 per
1434 5176 1660 5233 clericos
1699 5188 1851 5229 meos

255 5278 579 5338 aceersatis?
607 5274 687 5345 Illi
719 5284 898 5330 autem
929 5270 1161 5342 arreptis
1196 5269 1463 5339 episcOpis
1484 5309 1499 5333 ,
1528 5265 1693 5320 alium
1726 5280 1849 5319 ver-

258 5374 477 5431 beribus
522 5351 852 5432 eiecerunt.
902 5365 1125 5420 alterius
1166 5370 1345 5417 vestes
1400 5365 1849 5428 concerpserunt,

258 5466 416 5523 alteri
429 5464 630 5519 ferreas
644 5470 862 5516 catenas
881 5452 1021 5513 collo
1041 5455 1491 5523 circumposuere,
1515 5465 1649 5522 quas
1668 5457 1855 5505 sancto

260 5558 451 5615 Joanni
478 5562 835 5627 paraverant,
871 5560 932 5605 ut
965 5551 1045 5604 sic
1071 5546 1349 5616 conjectus
1386 5544 1438 5598 in
1469 5543 1769 5598 naviculam
1801 5556 1854 5595 in

264 5652 501 5720 ignotum
548 5647 725 5702 locum
772 5642 1179 5705 amandaretur,
1229 5637 1474 5693 dmmone
1527 5636 1646 5691 illos
1697 5634 1857 5689 veluti

268 5743 453 5796 leones
473 5737 750 5793 eﬂ’erante.
779 5733 850 5790 Et
877 5728 1301 5800 beatus'quidem
1323 5726 1538 5795 cognito
1564 5723 1858 5793 impudenti

266 5847 450 5888 eorum
491 5827 720 5884 consilio
763 5825 998 5894 seipsum
1041 5819 1299 5877 cohibuit.
1341 5817 1420 5872 Illi
1451 5831 1579 5870 vero
1614 5812 1861 5883 generosi

267 5922 490 5986 scilicet,
520 5908 780 5974 confectis
808 5915 940 5970 dicis
968 5928 1127 5968 causa
1158 5910 1309 5978 aetis,
1344 5923 1551 5963 aranecc
1578 5906 1680 5961 tela
1704 5905 1855 5958 inﬁr-

1948 563 2226 629 mioribus,
2258 566 2554 621 decernunt
2574 567 2831 623 adversus
2853 568 3133 639 Joannem,
3157 572 3305 643 cujus
3333 576 3530 630 vultum

1944 670 2012 710 ne
2040 656 2282 712 viderant
2310 657 2546 727 quidem,
2580 673 2750 729 neque
2779 675 2961 715 vocem
2988 661 3334 728 audiverant,
3377 665 3533 735 longo

1946 757 2188 818 tempore
2233 759 2534 805 contextam
2590 751 2846 806 malitiam
2891 768 2996 808 uno
3047 754 3133 808 die
3162 754 3532 811 ‘terminantes

1949 838 2296 909 (daamoniaca
2327 841 2467 897 enim
2499 841 2736 898 audacia
2766 843 3009 899 cohiberi
3047 860 3152 900 non
3196 855 3403 915 potest,
3437 863 3532 901 nec

1949 930 2233 986 consilium
2246 926 2527 1001 admittit).
2553 932 2795 989 Etmissa
2824 934 2892 990 ad
2915 936 3292 1007 Imperatorem
3321 938 3531 995 relatio-

1942 1036 2029 1089 nc,
2058 1021 2138 1077 sic
2163 1021 2272 1077 orsi
2298 1031 2424 1078 sunt
2450 1040 2464 1077 :
2490 1024 2749 1090 Quoniam
2770 1026 3118 1096 quorumdam
3140 1029 3417 1083 criminum
3446 1047 3532 1085 ac-

1947 1120 2164 1167 cusatus
2190 1112 2425 1168 Joannes
2455 1122 2509 1169 et
2532 1114 2633 1170 sibi
2663 1117 2933 1182 conscius,
2956 1117 3121 1182 noluit
3149 1119 3358 1187 adesse,
3392 1122 3530 1192 leges

1944 1202 2102 1257 talem
2146 1203 2460 1273 deponunt:
2492 1205 2635 1274 quod
2677 1214 2733 1261 et
2775 1206 2888 1276 ipse
2914 1208 3095 1263 subiit.
3124 1208 3311 1265 Libelli
3356 1222 3531 1267 autem

1941 1294 2102 1347 etiam
2136 1293 2276 1348 laesa:
2300 1295 2594 1363 majestatis
2624 1296 2825 1352 crimen
2853 1298 3146 1354 continent.
3176 1301 3390 1356 Jubebit
3432 1303 3532 1373 igi-

1945 1396 2031 1438 tur
2051 1384 2224 1440 Pietas
2254 1395 2428 1441 vestra
2450 1402 2571 1441 eum
2597 1388 2682 1442 vel
2706 1388 2925 1443 invitum
2944 1390 3086 1459 ejici,
3109 1402 3161 1446 et
3185 1406 3369 1462 pinnas
3391 1393 3532 1449 laesa:

1944 1475 2243 1544 majestatis
2272 1475 2435 1541 dare;
2464 1476 2891 1547 quandoquidem
2921 1481 2970 1532 in
3000 1481 3113 1535 haec
3141 1480 3407 1550 inquirere
3439 1499 3529 1537 no«

1943 1566 2025 1621 bis
2052 1581 2156 1619 non
2189 1566 2331 1621 licet.
2356 1567 2399 1621 0
2424 1575 2504 1622 ter
2530 1567 2744 1622 miseri!
2770 1582 2889 1638 quae
2914 1569 3158 1639 cogitatis
3184 1580 3236 1625 et
3264 1569 3453 1639 facitis,
3471 1588 3530 1628 ea

1943 1673 2038 1713 vos
2066 1658 2226 1728 pudet
2251 1659 2492 1729 exsequi,
2526 1674 2631 1714 non
2657 1659 2847 1726 Deum,
2877 1660 2973 1715 sed
3001 1660 3241 1717 homines
3266 1664 3416 1718 veriti
3442 1675 3529 1719 aut

1944 1752 2407 1821 pertimescentes.
2441 1752 2568 1807 Erat
2606 1751 2807 1807 crimen
2848 1752 2991 1807 laesa:
3026 1753 3316 1823 majestatis
3355 1756 3521 1809 convi-

1941 1843 2082 1897 cium
2112 1843 2164 1897 in
2197 1844 2509 1913 Augustam,
2534 1851 2592 1897 ut
2622 1843 2722 1913 ipsi
2749 1843 3080 1906 retulerunt,
3113 1842 3255 1913 quod
3280 1859 3395 1898 eam
3435 1860 3530 1899 vo«

1942 1944 2118 1991 casset
2146 1935 2378 1991 Jezabel.
2415 1935 2481 1990 Et
2510 1936 2586 1990 illi
2614 1936 2824 2006 quidem
2868 1936 3137 1991 mirabiles
3179 1936 3313 2004 viri,
3358 1937 3530 2007 ipsum

1942 2028 2117 2099 gladio
2159 2037 2460 2084 truncatum
2501 2028 2779 2099 cupientes
2818 2028 3032 2093 videre,
3081 2029 3157 2083 sic
3200 2027 3529 2083 retulerunt:

1941 2138 2129 2177 verum
2154 2122 2295 2177 Deus
2330 2121 2696 2177 absconditam
2735 2135 2919 2175 eorum
2964 2121 3217 2175 malitiam
3248 2118 3529 2188 patefecit,

1942 2223 1995 2268 et
2026 2214 2322 2284 principum
2350 2229 2445 2269 cor
2468 2212 2761 2268 emollivit:
2791 2220 2848 2266 ut
2876 2211 3076 2267 Danieli
3107 2211 3375 2282 Babylone
3397 2226 3529 2266 con-

1946 2308 2078 2378 tigit.
2113 2306 2224 2362 Illic
2251 2308 2392 2362 enim
2418 2307 2602 2361 leones
2624 2304 2840 2361 cicurati
2869 2311 3015 2370 sunt,
3041 2313 3319 2372 parcentes
3345 2304 3531 2358 Danie-

1944 2398 2009 2462 li;
2042 2398 2287 2453 homines
2317 2407 2494 2451 autem
2518 2395 2721 2452 etl‘erati
2744 2437 2757 2460 ,
2783 2410 2890 2448 non
2914 2402 3192 2464 parcentes
3222 2393 3497 2463 propheta:
3517 2411 3533 2438 ι

1940 2497 1995 2543 et
2023 2488 2224 2559 pudore
2251 2489 2426 2545 affecit
2462 2487 2597 2541 Deus
2630 2487 2873 2540 hemines
2905 2494 3095 2554 printer
3124 2495 3366 2539 naturam
3406 2484 3539 2540 cll'e-

1942 2592 2109 2643 ratos,
2141 2596 2234 2648 per
2263 2579 2511 2634 animalia
2540 2588 2734 2645 prmter
2759 2585 2999 2630 naturam
3029 2577 3280 2630 cicurata.

2012 2672 2141 2726 CAP.
2178 2687 2251 2725 rx.
2285 2701 2355 2710 —
2397 2665 2485 2724 Sic
2520 2668 2587 2721 ab
2619 2667 2857 2721 Ecclesia
2886 2666 3140 2736 expulsus
3167 2674 3251 2722 est
3274 2666 3527 2733 Joannes,

1943 2764 2111 2819 misso
2140 2763 2207 2818 ad
2236 2763 2287 2817 id
2314 2760 2525 2819 Comite
2555 2775 2676 2814 cum
2726 2760 2942 2813 militari
2976 2775 3137 2813 manu
3166 2801 3179 2826 ,
3217 2774 3335 2816 .non
3375 2774 3527 2815 secus

1942 2872 2004 2910 ac
2045 2855 2112 2910 ad
2155 2856 2399 2925 prmlium
2431 2852 2685 2907 adversus
2731 2851 3008 2907 barbaros.
3055 2852 3267 2921 Ejectus
3301 2853 3447 2908 venit
3472 2854 3525 2907 in

1946 2948 2199 3017 prmdiola
2223 2949 2291 3003 ad
2318 2948 2622 3004 Prasnetum
2647 2944 2928 3014 Bithyniae.
2977 2942 3093 2999 Una
3126 2959 3250 2999 vero
3289 2943 3405 3002 dies
3445 2943 3526 2997 in-

1940 3040 2275 3099 tercesserat,
2304 3048 2424 3086 cum
2460 3035 2666 3102 plagam
2698 3032 2982 3103 quamdam
3013 3034 3064 3086 in
3097 3034 3244 3103 regio
3273 3036 3520 3088 cubicqu

1936 3124 2052 3181 ﬁeri
2080 3125 2321 3195 contigit.
2364 3125 2443 3179 Eo
2488 3125 2775 3195 perterriti.
2800 3139 2995 3192 paucos
3041 3135 3157 3193 post
3198 3125 3313 3181 dies
3350 3126 3516 3182 Joan-

1936 3230 2059 3270 nem
2088 3222 2341 3270 revocant
2367 3230 2461 3285 per
2488 3214 2839 3270 domesticum
2861 3216 3148 3283 notarium,
3176 3234 3404 3287 eumque
3421 3235 3517 3273 suo

1937 3304 2129 3368 throno
2180 3306 2543 3361 reddiderunt.
2599 3305 2673 3360 lta
2705 3307 3033 3377 Tthphilus
3081 3325 3200 3364 cum
3255 3310 3517 3383 Egyptiis

1944 3409 2063 3493 suis
2080 3407 2197 3478 fuga
2223 3406 2447 3463 salutem
2473 3412 2665 3477 qumrit
2686 3429 2698 3464 ε
2720 3412 2864 3467 cives
2887 3412 3026 3467 enim
3046 3428 3167 3467 eum
3194 3416 3521 3483 quaerebam,

1946 3511 2003 3555 ut
2050 3503 2101 3554 in
2151 3515 2298 3554 mare
2338 3498 2738 3572 dcmergerent.
2792 3503 2921 3558 Post
2962 3504 3095 3558 duos
3125 3521 3336 3561 menses
3359 3522 3529 3560 ruma

1946 3593 2097 3663 plaga
2125 3594 2386 3648 tantillum
2418 3598 2808 3666 respirasscnt,
2858 3599 3034 3653 denuo
3076 3601 3331 3654 adversus
3370 3601 3530 3656 Joan-

1946 3702 2067 3743 nem
2103 3686 2334 3743 fremunt
2361 3705 2371 3741 :
2399 3703 2498 3743 nec
2520 3690 2775 3745 habentes
2789 3691 2925 3747 unde
2947 3693 3186 3762 speciose
3205 3694 3528 3762 ordirentur,

1946 3781 2161 3836 mittunt
2185 3781 2563 3837 Alexandriam
2577 3782 2642 3838 ad
2668 3784 2849 3838 talium
2872 3784 3130 3840 artiﬁcem
3154 3785 3528 3855 The0philum,

1947 3878 2242 3932 scribentes
2276 3895 2287 3930 :
2319 3878 2425 3931 Aut
2470 3892 2656 3931 rursus
2699 3892 2920 3933 accurre
2963 3878 3220 3933 adversus
3265 3878 3526 3934 Joannem

1947 3968 2051 4023 dux
2081 3970 2320 4033 futurus;
2364 3977 2489 4034 aut,
2531 3968 2575 4021 si
2605 3967 2813 4037 plebem
2857 3967 3204 4034 reformidas,
3237 3971 3390 4024 nobis
3420 3987 3533 4025 tuo.

1948 4061 2072 4115 dum
2112 4059 2396 4130 quemdam
2442 4073 2694 4129 suggere,
2740 4059 2878 4114 unde
2912 4073 3185 4113 sumamus
3231 4060 3527 4117 exordium.

1948 4152 2030 4206 Ad
2065 4151 2181 4206 ιιωο
2207 4149 2536 4220 Theophilus
2574 4139 2687 4217 ipse
2714 4149 2927 4218 quidem
2957 4164 3060 4203 non
3095 4150 3269 4215 venit,
3319 4165 3525 4205 memor

1950 4242 2221 4314 quomodo
2242 4242 2547 4312 etingisset;
2580 4240 2721 4293 misit
2743 4249 2920 4293 autem
2942 4240 3273 4295 miserabiles
3295 4250 3399 4295 tres
3416 4242 3531 4310 epi-

1951 4350 2172 4403 scopos,
2207 4332 2461 4395 Paulum,
2485 4330 2815 4395 Ptemencm,
2845 4341 2899 4386 ct
2918 4330 3077 4385 alium
3106 4321 3292 4385 recens
3318 4332 3531 4385 ordina-

1954 4436 2083 4478 tum.
2115 4426 2245 4479 Cum
2270 4423 2333 4477 iis
2361 4422 2502 4476 misit
2526 4433 2579 4476 et
2606 4421 2865 4491 quosdam
2895 4436 3151 4486 canones,
3178 4436 3310 4490 quos
3337 4421 3527 4475 adver-

1952 4533 2043 4572 sus
2101 4517 2314 4571 beatum
2367 4513 2717 4568 Athanasium
2772 4511 2953 4567 Ariani
3008 4510 3369 4567 conﬂaverant
3414 4529 3428 4567 :
3476 4523 3531 4569 ut

1954 4607 2213 4678 ejusmodi
2246 4606 2541 4660 canonibus
2569 4612 2780 4659 utentes
2805 4643 2821 4670 ,
2866 4602 3056 4659 Joanni
3085 4604 3205 4658 lites
3240 4614 3532 4668 necterent,

1954 4701 2096 4772 quod
2127 4710 2244 4769 post
2268 4698 2654 4768 depositionem
2682 4712 2777 4766 per
2800 4711 2860 4751 se
2880 4695 3146 4751 rediisset.
3179 4696 3365 4750 Audax
3392 4698 3532 4751 enim

1956 4804 2142 4848 natura
2170 4801 2247 4846 est
2276 4788 2603 4859 Theophilus
2627 4830 2640 4855 ,
2675 4802 2916 4857 przeceps
2940 4827 2953 4852 ,
2986 4787 3303 4842 temerarius
3328 4828 3341 4851 ,
3372 4797 3423 4841 et
3445 4789 3537 4841 ad-

1956 4885 2173 4939 modum
2221 4880 2590 4937 contentiosus
2620 4894 2636 4931 :
2667 4894 2788 4932 nam
2836 4877 2963 4931 nihil
2992 4886 3074 4932 est
3119 4877 3259 4946 quod
3296 4878 3393 4946 ipsi
3439 4879 3536 4932 sub

1956 4972 2502 5045 adspectumdvenerit
2526 5012 2541 5037 ,
2584 4969 2725 5039 quod
2766 4968 2922 5023 citius
2955 4983 3111 5038 quam
3142 4976 3341 5045 partest
3370 4968 3539 5037 impa-

1960 5072 2152 5126 tienter
2180 5084 2287 5123 non
2314 5074 2529 5137 appetat
2553 5104 2567 5130 ,
2596 5064 2649 5117 in
2676 5061 2856 5132 seipse
2881 5076 3054 5131 neque
3078 5060 3334 5129 judicium
3365 5076 3538 5130 neque

1958 5159 2289 5218 deliberandi
2336 5173 2542 5213 moram
2595 5154 2889 5210 sustinens.
2947 5152 3301 5207 lrrationabili
3358 5163 3537 5209 autem

1960 5254 2160 5324 impetu
2198 5252 2452 5320 abreptus
2473 5288 2487 5315 ,
2530 5246 2835 5301 inordinate
2862 5244 2931 5299 ad
2958 5244 3074 5313 ejus
3102 5243 3541 5313 approbationem

1962 5347 2161 5412 fertur,
2188 5354 2242 5399 et
2276 5343 2507 5398 decreta:
2532 5337 2814 5395 sententia:
2843 5336 3067 5391 ﬁrmiter
3097 5336 3352 5390 insistens
3376 5344 3545 5404 ,‘per-

1964 5439 2211 5494 tinaciter
2237 5444 2292 5491 et
2320 5432 2655 5489 contentiose
2680 5429 2893 5484 obsistit
2924 5428 3132 5483 eunetis
3161 5428 3250 5497 qui
3279 5426 3546 5482 voluerint

1962 5528 2333 5587 contradicere
2361 5544 2375 5579 :
2408 5522 2740 5581 contendens
2783 5532 2997 5587 semper
3028 5527 3081 5572 ut
3104 5511 3366 5587 judicium
3392 5530 3544 5570 suum

1966 5633 2124 5692 atque
2150 5618 2412 5675 sententia
2435 5617 2612 5671 vincat
2640 5621 2697 5669 et
2729 5611 2987 5666 obtineat.
3034 5606 3187 5673 Quod
3217 5616 3361 5661 certe
3387 5605 3546 5659 etiam

1969 5714 2208 5769 fecerunt
2232 5710 2321 5781 qui
2346 5706 2614 5777 ingenium
2635 5703 2751 5772 ejus
2781 5708 2992 5755 norant.
3020 5696 3155 5751 Nam
3187 5708 3494 5783 convocans
3519 5709 3551 5748 e

1969 5805 2120 5875 Syria
2142 5845 2156 5868 ,
2178 5797 2516 5871 Cappadocia
2536 5837 2550 5862 ,
2584 5794 2755 5849 Ponto
2785 5799 2839 5846 et
2888 5789 3116 5858 Phrygia
3147 5784 3418 5839 universis
3448 5800 3554 5838 me-

1980 5891 2334 5960 triqiohtanis,
2364 5897 2415 5942 et
2460 5884 2727 5957 episcopis
2755 5923 2767 5947 ,
2819 5875 3283 5944 Constantintqioli
3312 5889 3404 5929 eos
3429 5889 3554 5929 cim-
