4234 6310
639 391 699 445 ε,
1252 398 1261 411 .
1900 356 2213 417 PALLADII
2255 353 2311 407 οι

2203 356 2213 410 l
2255 352 2496 410 DIALOG
2505 353 2587 409 US
3810 347 3875 401 ΒΞ

633 507 865 572 gregant.
902 497 977 551 Illi
1005 510 1122 550 cum
1163 493 1460 551 venissent,
1499 487 1645 556 juxta
1673 495 1934 537 canonum
1957 477 2195 531 ordinem

638 568 1101 649 communicarunt
1138 600 1255 638 cum
1295 581 1498 636 Joanne
1522 617 1538 643 ,
1588 592 1654 631 ue
1682 572 1866 627 eadem
1911 586 2025 639 qua:
2056 568 2199 636 prius

630 681 1042 742 committerent.
1097 674 1246 741 Quod
1292 673 1381 727 ubi
1428 670 1695 725 rescivere
1725 665 1987 735 principes
2014 702 2028 725 ,
2062 671 2200 727 :rgre

626 773 1068 829 tulerunteorum
1095 782 1214 821 cum
1236 764 1436 820 Joanne
1456 758 1903 815 communionem.
1934 752 2000 805 Et
2028 749 2205 803 Theo-

626 867 799 917 dorus
844 858 1090 927 quidem,
1123 856 1445 932 ‘Tyanorum
1489 850 1771 919 episcopus
1797 885 1812 909 ,
1856 842 1935 895 vir
1963 848 2198 899 orna’tls.

656 952 898 1007 ntelleeta
946 946 1339 1016 conSpiratiouc
1385 958 1451 995 ex
1506 941 1587 993 his
1624 952 1741 1007 quae
1773 934 1837 989 ad
1884 933 1997 1000 ejus
2046 943 2202 982 aures

634 1050 923 1106 venerant,
968 1055 1033 1093 ne
1060 1034 1341 1105 TheOphiIi
1370 1030 1725 1087 temeritatem
1751 1034 2060 1093 sequeretur
2080 1062 2093 1083 ,
2124 1020 2203 1070 iu-

632 1133 874 1185 salutatis
921 1128 1118 1183 relictis
1165 1124 1412 1180 omnibus
1454 1118 1743 1175 Ecclesiam
1774 1130 1923 1170 suam
1967 1110 2196 1180 repetiit,

636 1220 846 1289 longum
877 1219 994 1272 vale
1020 1217 1204 1272 dicens
1229 1212 1511 1269 Comitatui
1533 1251 1547 1277 ,
1592 1216 1847 1275 suamque
1876 1202 2200 1274 provinciam

637 1309 842 1377 pietatis
866 1322 1016 1362 muro
1047 1306 1402 1375 permuniens,
1430 1300 1494 1355 ad
1528 1298 1682 1352 ﬁnem
1704 1309 1870 1365 usque
1892 1294 1943 1347 in
1965 1306 2205 1357 commu-

638 1400 796 1452 nione
824 1396 1066 1451 ﬁdelium
1100 1394 1458 1448 Romanorum
1509 1399 1883 1457 perseverans;
1922 1381 1988 1436 de
2012 1379 2204 1451 quibus

640 1488 832 1542 Paulus
873 1494 1096 1539 testatur
1125 1501 1136 1535 :
1167 1480 1323 1535 Fides
1352 1489 1514 1533 vestra
1548 1477 1601 1530 in
1639 1476 1866 1529 universo
1893 1471 2078 1525 "tundo
2106 1486 2201 1522 au—

638 1578 896 1631 mmtiatur
917 1573 1090 1643 (Rom.
1120 1571 1176 1625 I.
1207 1571 1285 1640 8).
1342 1566 1650 1624 Pharetrius
1677 1574 1852 1618 autem
1872 1602 1889 1629 ,
1926 1560 2206 1630 episcOpus

639 1664 899 1720 Caesarea:
933 1676 1051 1730 qua:
1076 1669 1160 1715 est
1184 1660 1249 1712 ad
1279 1660 1522 1727 Argaeum
1545 1696 1559 1718 ,
1597 1668 1755 1723 supra
1787 1651 1999 1706 modum
2024 1648 2208 1703 formi-

639 1754 802 1817 dans,
848 1760 905 1805 ut
949 1751 1122 1804 larvas
1150 1747 1409 1818 pueruli,
1455 1762 1550 1800 sua
1593 1744 1807 1799 civitate
1853 1757 1919 1795 ne
1962 1752 2208 1808 egressus

638 1844 852 1913 quidem
870 1883 884 1908 ,
930 1856 1023 1910 per
1052 1840 1232 1894 literas
1256 1853 1375 1892 cum
1397 1834 1715 1890 adversariis
1742 1831 1959 1888 Joannis
1984 1842 2210 1884 consen—

641 1936 742 1998 tit,
796 1935 1035 2001 quamvls
1083 1944 1193 1984 non
1236 1934 1455 1983 vocatus
1503 1925 1554 1978 in
1602 1924 1835 1978 medium
1863 1962 1877 1987 ,
1925 1921 2104 1992 inepte
2156 1918 2208 1973 in

641 2025 945 2092 episcopatu
974 2035 1096 2091 sese
1123 2032 1313 2089 gerens
1337 2058 1353 2082 ,
1395 2016 1673 2070 meliorum
1713 2012 1939 2066 inscitia.
1975 2010 2210 2077 Denique

643 2104 893 2171 Leontius
912 2154 926 2178 ,
957 2115 1181 2184 Ancyrce
1210 2110 1429 2166 Galatia:
1455 2109 1734 2177 episcopus
1756 2103 2106 2173 ,eonjunctus
2130 2109 2212 2155 est

643 2221 764 2260 eum
792 2204 1070 2259 Ammouio
1088 2243 1101 2267 ,
1132 2204 1383 2269 episeopo
1412 2198 1687 2253 Laodicea:
1712 2195 1915 2250 adusta:
1941 2234 1955 2257 ,
1987 2200 2040 2247 et
2068 2206 2213 2246 com-

645 2299 851 2352 bustam
883 2291 1109 2350 reddidit
1140 2291 1452 2346 Ecclesiam.
1480 2288 1544 2342 Hi
1571 2302 1676 2341 non
1702 2285 1874 2339 solum
1906 2283 2030 2336 victi
2069 2282 2215 2350 prin-

658 2388 831 2456 cipum
863 2386 1049 2449 minis,
1081 2382 1174 2437 sed
1200 2397 1230 2437 e
1271 2378 1539 2435 contrario
1570 2376 1921 2446 Imperialium
1952 2372 2211 2426 donorum

646 2495 739 2546 spe
774 2477 1022 2545 decepti,
1058 2476 1111 2529 in
1145 2472 1379 2527 secunda
1406 2468 1623 2542 Synodo
1665 2467 1957 2537 improbam
1998 2474 2213 2519 senten-

648 2570 771 2621 tiam
802 2566 991 2621 Acacio
1015 2573 1069 2619 et
1094 2562 1351 2617 Antiocho
1376 2568 1662 2631 suggerunt
1686 2599 1700 2625 ,
1730 2569 1787 2612 ut
1812 2557 2009 2609 valeret
2038 2554 2213 2608 Theo-

649 2660 774 2731 phili
817 2673 919 2711 non
965 2656 1248 2726 juridieum
1291 2654 1568 2723 judicium,
1598 2662 1651 2706 et
1683 2651 1828 2703 nullo
1867 2648 2025 2701 modo
2071 2648 2218 2701 locus

647 2751 861 2803 daretur
914 2744 1103 2801 Joanni
1153 2742 1510 2808 defensionis,
1559 2741 1871 2811 allegatione
1898 2752 2215 2793 canonuma

649 2838 939 2906 'I‘heOphilo
970 2837 1271 2899 missorum,
1293 2848 1425 2904 quos
1445 2837 1851 2900 composuerant
1874 2828 2215 2897 quadraginta

648 2933 716 2987 de
745 2932 853 2985 Arii
903 2928 1305 2992 communione,
1359 2924 1446 2995 qui
1494 2925 1570 2977 sic
1614 2922 1844 2975 habent:
1873 2920 1927 2974 Si
1959 2921 2073 2990 quis
2101 2919 2217 2988 epi-

649 3037 840 3091 sc0pus
868 3031 958 3074 aut
986 3020 1260 3089 presbyter
1286 3018 1405 3086 jure
1430 3024 1519 3068 aut
1557 3014 1745 3082 injuria
1771 3012 2039 3080 depositus
2063 3051 2076 3073 ,
2125 3025 2218 3079 per

651 3129 709 3168 se
732 3113 908 3167 redeat
933 3110 997 3165 ad
1028 3110 1317 3165 Eeclesiam
1340 3116 1539 3177 absque
1561 3105 1776 3177 Synodo
1800 3146 1813 3167 ,
1844 3102 1961 3157 talis
1993 3119 2093 3155 nun
2120 3101 2216 3154 ha-

653 3205 773 3261 beat
800 3204 1026 3277 amplius
1063 3202 1237 3255 locum
1263 3198 1585 3253 defensionis
1603 3238 1618 3262 ,
1650 3197 1743 3251 sed
1773 3195 2013 3249 absolute
2040 3192 2219 3263 erpel-

656 3295 808 3347 latur.
859 3294 921 3347 Et
966 3293 1051 3346 hic
1077 3290 1286 3361 quidem
1317 3304 1484 3343 canon
1516 3298 1571 3340 ut
1602 3288 1790 3355 impius
1817 3286 1881 3337 ab
1908 3285 2082 3353 impiis
2111 3282 2223 3337 edi-

654 3393 757 3448 tus,
790 3384 838 3436 in
865 3382 1162 3436 Sardicensi
1193 3380 1427 3435 Concilio
1454 3393 1482 3431 a
1510 3378 1779 3443 Romanis,
1811 3376 1973 3441 Italis,
2006 3375 2221 3444 Illyriis,

655 3472 1021 3526 Macedonibus
1066 3480 1221 3541 atque
1245 3469 1446 3525 Graecis
1489 3468 1770 3537 abrogatus
1798 3476 1914 3530 est,
1951 3475 2006 3519 ut
2036 3466 2240 3523 melius

656 3580 739 3617 me
775 3563 885 3630 ipse
930 3563 1098 3624 nosti,
1141 3576 1173 3611 o
1199 3561 1372 3630 magni
1401 3559 1627 3613 nominis
1647 3558 1928 3612 Theodore
1956 3598 1970 3623 ,
2013 3555 2222 3625 quando

658 3652 898 3706 Liberius
946 3660 1037 3705 aut
1076 3650 1247 3705 Julius
1271 3690 1284 3715 ,
1314 3648 1615 3703 Constantis
1645 3648 1955 3716 principatu,
1988 3647 2220 3699 Athana-

656 3743 789 3795 sium
810 3742 859 3793 in
881 3741 1301 3794 communionem
1329 3738 1558 3804 admisit,
1573 3748 1624 3792 ct
1645 3737 1944 3792 Marcellum
1961 3736 2219 3799 Galatam,

658 3840 872 3900 propter
893 3846 1024 3899 quos
1051 3838 1105 3883 et
1145 3830 1231 3884 hic
1269 3845 1436 3883 canon
1482 3830 1646 3882 factus
1666 3825 1862 3882 fuerat.
1914 3826 2226 3880 Ammonius

661 3934 833 3977 tamen
859 3930 911 3975 et
935 3920 1205 3982 Leontius,
1247 3934 1341 3987 par
1363 3918 1689 3981 admirabile,
1713 3916 1980 3985 conjuncti
2009 3915 2224 3981 Acacio,

662 4013 922 4068 Antiocho
946 4052 961 4077 ,
999 4011 1196 4081 Cyrino
1221 4008 1639 4064 Chalcedonensi
1676 4022 1737 4061 ac
1761 3990 2049 4062 Severianzo
2077 4048 2091 4072 ,
2143 4007 2220 4060 in-

659 4104 823 4173 gressi
850 4112 972 4155 sunt
1001 4101 1064 4153 ad
1089 4101 1483 4169 Imperatorem,
1513 4098 1759 4151 monituri
1783 4097 2083 4152 evocandos
2110 4112 2227 4152 esse

661 4210 727 4247 ex
786 4205 933 4261 parte
978 4190 1195 4246 Joamiis
1246 4192 1431 4246 decem
1484 4191 1791 4260 episeOpos,
1840 4190 2010 4260 (erant
2051 4199 2225 4243 autem

664 4285 840 4352 plures
862 4283 1270 4353 quadraginta),
1319 4283 1384 4336 ad
1410 4280 1791 4336 conciliandam
1817 4282 2106 4336 canonibus
2135 4299 2229 4335 au-

662 4375 992 4438 ctoritatem;
1041 4373 1158 4426 aliis
1201 4372 1412 4442 quidem
1440 4370 1882 4425 contendentibus
1907 4370 2230 4424 orthodoxe-

666 4478 781 4517 rum
817 4479 909 4517 eos
944 4478 1095 4528 esse,
1139 4464 1256 4516 aliis
1298 4473 1471 4516 autem
1503 4464 1816 4516 Arianorum
1850 4476 1969 4516 esse
2007 4461 2231 4516 demon-

662 4554 966 4607 strantibus.
998 4554 1221 4623 Ingressi
1248 4563 1422 4608 autem
1448 4552 1704 4621 Elpidius,
1732 4553 2012 4622 episcopus
2037 4552 2231 4606 Laodi-

664 4660 774 4701 cea:
812 4645 1019 4716 Syria,
1039 4658 1197 4697 senex
1228 4653 1283 4698 et
1329 4654 1505 4698 mente
1528 4652 1583 4697 et
1607 4645 1799 4697 canitie
1824 4686 1839 4709 ,
1879 4653 2037 4714 atque
2066 4645 2234 4698 'I‘ran-

664 4736 890 4806 quillus,
933 4734 1223 4790 suadebant
1251 4736 1558 4803 Imperatori
1603 4752 1705 4789 non
1751 4747 1997 4803 oportere
2039 4736 2231 4792 indicta

665 4843 821 4883 musa
868 4828 987 4896 ejici
1035 4826 1311 4883 Joannem.
1362 4827 1544 4895 Neque
1586 4826 1725 4881 enim
1775 4828 1921 4896 prius
1960 4826 2233 4896 depositus

668 4916 853 4984 fuerat,
887 4919 979 4973 sed
1013 4918 1213 4987 ejectus
1246 4933 1275 4971 a
1312 4918 1514 4973 Comite
1536 4958 1551 4982 ,
1590 4933 1757 4987 neque
1783 4934 1959 4987 pense
1984 4919 2231 4979 redierat,

666 5010 760 5065 sed
783 5011 932 5078 jussu
958 5018 1059 5065 tute
1085 5009 1296 5080 pietatis
1318 5051 1331 5075 ,
1372 5013 1537 5063 misso
1569 5009 1636 5063 ad
1666 5010 1717 5064 id
1745 5011 1949 5065 notario
1980 5029 1992 5065 :
2022 5021 2076 5066 et
2102 5027 2235 5080 quos

669 5117 807 5155 nunc
831 5099 1101 5171 proferunt
1123 5116 1374 5165 canones,
1399 5100 1768 5155 htereticorum
1786 5115 1878 5155 eos
1906 5117 2025 5157 esse
2054 5112 2235 5155 osten-

667 5189 861 5244 dimus.
912 5188 1046 5243 Cum
1100 5198 1274 5244 autem
1327 5189 1546 5246 Joannis
1599 5190 1887 5245 adversarii
1939 5192 2235 5247 inordinate

667 5280 911 5336 altercari
939 5281 1280 5350 persistereut
1300 5321 1315 5345 ,
1363 5281 1452 5335 alii
1484 5281 1697 5351 quidem
1727 5282 2046 5337 contentiori
2080 5297 2231 5346 voce,

667 5372 757 5426 alii
818 5373 1141 5427 tumultuoso
1196 5374 1423 5442 pectoris
1472 5384 1616 5427 motu
1671 5374 2004 5444 impudenter
2055 5375 2236 5444 agitati

666 5476 846 5516 coram
877 5462 1198 5531 Imperatore
1228 5476 1522 5516 :eanonum
1544 5464 1926 5518 scientissimus
1952 5476 2110 5533 atque
2134 5465 2234 5519 ob-

668 5552 1095 5607 servantissimus
1118 5552 1357 5623 Elpidius
1383 5594 1397 5619 ,
1430 5554 1633 5608 modica
1674 5556 1804 5610 facta
1833 5557 2009 5625 quiete
2028 5596 2043 5622 ,
2079 5558 2234 5611 veluti

670 5644 923 5711 malacia,
968 5645 1162 5702 leniter
1209 5644 1519 5716 Imperatori
1567 5648 1701 5702 dixit
1745 5666 1758 5701 :
1798 5650 2124 5718 Imperator,
2170 5668 2235 5707 ne

669 5731 867 5790 diutius
896 5736 1348 5793 mansuetudinem
1376 5746 1516 5792 tuam
1554 5755 1801 5795 vexemus
1824 5782 1838 5809 ,
1869 5741 1963 5797 sed
1993 5758 2152 5797 unum
2184 5744 2234 5797 id

2309 470 2401 525 ﬁat
2429 490 2441 535 ;
2467 471 2798 526 subscribam
2825 471 3012 526 fratres
3034 472 3199 526 nostri
3228 472 3451 526 Aeacius
3481 479 3531 527 ct
3561 472 3874 536 Antiochus,

2306 560 2543 631 ejusdem
2574 576 2691 615 esse
2736 578 2795 617 se
2834 562 2952 615 ﬁdei
2981 578 3041 616 ac
3071 578 3163 616 eos
3189 563 3279 633 qui
3307 578 3537 617 canones
3573 561 3874 622 ediderunt.

2305 670 2441 723 quos
2489 665 2734 721 tanquam
2781 654 2848 706 ab
2885 653 3195 707 orthodoxis
3238 654 3408 707 editus
3452 663 3743 722 preponunt
3778 671 3789 705 :
3824 662 3878 706 et

2306 743 2478 797 soluta
2506 744 2863 797 controversia
2896 753 2993 797 est.
3037 742 3330 811 Imperator
3355 744 3717 798 animadversa
3750 759 3878 812 pro-

2309 832 2580 899 positionis
2620 832 2996 901 simplicitate,
3051 833 3329 887 subridens
3383 835 3515 888 dixit
3567 834 3829 889 Antiocho
3868 882 3874 887 .

2310 919 2444 974 Nihil
2476 923 2576 975 isto
2605 921 2733 976 mibi
2780 921 2988 977 videtur
3022 924 3218 977 utilius.
3270 924 3396 983 Erat
3438 934 3610 980 autem
3641 926 3877 981 omnium

2306 1025 2425 1077 qua:
2455 1020 2568 1064 acta
2619 1020 2741 1063 sunt
2791 1011 2972 1065 insons
3015 1012 3342 1082 Imperator,
3390 1013 3508 1068 aliis
3552 1016 3880 1069 mutantibus

2308 1115 2424 1167 quae
2469 1099 2604 1154 bene
2642 1101 2929 1155 constituta
2980 1110 3153 1155 erant.
3224 1102 3493 1171 I'ertigine
3544 1102 3701 1172 igitur
3748 1104 3874 1164 acti,

2307 1199 2463 1260 atque
2495 1191 2544 1244 in
2578 1206 2635 1245 se
2665 1193 2905 1245 conversi
2928 1192 3015 1261 qui
3046 1208 3163 1246 eum
3191 1192 3479 1247 Severiano
3504 1202 3673 1257 erant,
3715 1196 3881 1247 instar

2308 1296 2458 1348 aqum
2485 1282 2762 1345 instabilis,
2791 1283 2858 1337 ob
2886 1283 2935 1337 id
2958 1283 3097 1353 quod
3125 1282 3293 1337 fuerat
3321 1284 3607 1351 prudenter
3631 1284 3695 1336 ab
3727 1285 3877 1352 Elpio

2318 1370 2407 1425 dio
2438 1371 2634 1426 dictum
2661 1414 2674 1437 ,
2728 1381 2781 1427 et
2826 1372 3163 1441 Imperatoris
3213 1372 3411 1443 Iudicio
3456 1372 3875 1442 comprobatum,

2309 1462 2641 1517 obticuerunt
2685 1463 2820 1519 facie
2866 1464 3151 1519 livescente
3189 1482 3201 1517 :
3249 1464 3505 1533 angustiis
3553 1473 3727 1518 tamen
3778 1466 3880 1520 Ιοιὶ

2309 1557 2619 1622 constricti,
2669 1558 2828 1610 etiam
2880 1558 3119 1611 nolentes
3170 1557 3481 1625 promittunt
3523 1556 3877 1611 subscribere.

2310 1646 2398 1701 Sic
2421 1648 2620 1717 egressi
2646 1687 2661 1714 ,
2692 1647 3009 1718 promissum
3041 1647 3251 1716 quidem
3281 1662 3384 1700 n0u
3414 1647 3672 1716 implent,
3702 1658 3882 1716 utpote

2312 1741 2722 1794 involunlarium
2750 1781 2763 1804 ,
2794 1747 3089 1793 metuentes
3115 1754 3179 1794 ne
3210 1740 3577 1802 vincerentur;
3608 1738 3849 1793 machina
3868 1770 3882 1779 .

2312 1831 2503 1886 bantur
2542 1840 2717 1884 autem
2743 1846 2848 1899 quo
2880 1840 3032 1899 pacto
3070 1830 3425 1898 expelleretur
3446 1830 3695 1884 Joannes.
3749 1829 3882 1884 Dum

2315 1922 2428 1975 hare
2465 1921 2542 1976 sic
2567 1927 2725 1990 atque
2753 1920 2853 1973 alia
2884 1922 3035 1975 aliter
3059 1929 3335 1990 geruntur,
3368 1937 3555 1975 navem
3583 1931 3673 1975 aut
3698 1920 3884 1989 decem

2315 2030 2524 2070 menses
2572 2016 2977 2086 prmterierunt,
3025 2032 3145 2071 cum
3191 2016 3424 2087 Joannes
3466 2018 3748 2085 episcopus
3790 2017 3885 2069 a.l-

2310 2109 2506 2178 junctis
2525 2110 2865 2180 quadraginta
2882 2110 3086 2166 duobus
3102 2110 3361 2179 episcopis
3380 2119 3668 2163 conventus
3687 2120 3885 2179 ageret,

2315 2210 2370 2254 et
2394 2200 2618 2270 populus
2644 2215 2834 2270 magna
2864 2216 2982 2254 cum
3024 2201 3183 2255 animi
3212 2199 3482 2254 alacritate
3510 2200 3625 2267 ejus
3650 2200 3886 2252 doctrina

2319 2283 2597 2345 frueretur.
2633 2291 2780 2346 Solet
2810 2292 2950 2346 enim
2981 2307 3127 2345 vana:
3152 2290 3334 2359 gloria:
3358 2306 3547 2358 expers
3573 2290 3796 2353 animus,
3834 2288 3886 2342 in

2317 2382 2687 2436 afﬂictionibus
2724 2381 3093 2451 iucundiorem
3121 2391 3175 2435 ct
3215 2383 3560 2450 potentiorem
3589 2394 3889 2434 sermonem

2319 2473 2607 2528 ell'undere.
2655 2472 2859 2527 Interea
2886 2472 3117 2526 efﬂoruit
3147 2472 3474 2525 Dominicum
3496 2471 3775 2540 jejunium,
3807 2471 3891 2523 iu-

2321 2572 2430 2619 star
2473 2564 2611 2617 veris
2642 2572 2762 2632 post
2802 2578 2996 2615 annum
3045 2562 3350 2616 adveniens.
3405 2560 3677 2629 Ingressus
3736 2560 3893 2628 igitur

2320 2654 2565 2724 privatim
2607 2669 2726 2708 cum
2772 2656 2880 2707 suis
2908 2653 3201 2707 Antiochus
3226 2695 3238 2720 ,
3268 2654 3344 2706 sic
3373 2652 3439 2707 de
3471 2651 3677 2707 Joanne
3716 2652 3889 2719 Impe-

2319 2748 2481 2802 ratori
2509 2747 2715 2800 loeutus
2743 2754 2825 2799 est
2849 2787 2862 2809 ,
2914 2755 3159 2813 tauquam
3209 2747 3251 2799 is
3289 2746 3398 2815 jam
3427 2745 3590 2799 victus
3620 2752 3795 2806 esset,
3838 2752 3895 2795 ut

2321 2838 2630 2893 imminente
2670 2838 2870 2892 Pascha
2911 2837 3122 2907 juberet
3162 2838 3301 2905 ejici.
3356 2838 3645 2905 Imperator
3682 2850 3799 2889 cum
3826 2834 3895 2888 ab

2322 2929 2426 2983 illis
2454 2937 2728 2997 urgeretur
2752 2969 2767 3002 ,
2810 2927 2873 2981 iis
2912 2938 3090 2996 utpote
3117 2926 3383 2995 episc0pis
3411 2925 3566 2979 Iidem
3596 2924 3895 2979 neees~ario

2323 3017 2581 3071 adhibuit.
2609 3017 2709 3084 Qui
2740 3018 2879 3071 enim
2908 3032 3030 3071 vere
3062 3017 3340 3086 presbyter
3366 3026 3457 3069 aut
3484 3015 3767 3084 cpiscopus
3792 3022 3889 3079 est.

2324 3107 2654 3160 mendacium
2705 3122 2807 3161 non
2855 3106 3020 3160 novit.
3087 3106 3160 3158 Ea
3205 3106 3347 3160 enim
3400 3104 3613 3158 nomina
3646 3104 3897 3173 pcu-Icslis

2324 3198 2553 3267 regionis
2577 3207 2720 3262 sunt,
2750 3212 2868 3251 cum
2898 3198 2968 3250 sit
2991 3198 3095 3250 Deo
3122 3197 3250 3250 nihil
3278 3197 3563 3266 antiquius,
3596 3197 3721 3249 nihil
3752 3196 3891 3262 quod

2326 3290 2627 3359 vigilantius
2667 3291 2912 3359 inspiCiat
2943 3308 2953 3342 :
2990 3305 3109 3343 nam
3158 3290 3298 3343 Dens
3325 3290 3376 3342 in
3404 3289 3579 3342 omnia
3610 3288 3821 3355 inspicit
3848 3296 3901 3340 et

2326 3381 2736 3449 contemplatur.
2790 3380 2952 3450 Igitur
3007 3382 3286 3449 episcopus
3337 3391 3429 3433 aut
3478 3379 3789 3449 presbyter,
3845 3386 3902 3430 ut

2328 3471 2600 3524 nominum
2626 3511 2639 3534 ,
2672 3471 2748 3523 sic
2776 3480 2827 3524 et
2854 3484 3031 3523 rerum
3066 3472 3332 3538 particeps
3357 3485 3476 3523 esse
3501 3469 3675 3521 debet.
3709 3466 3897 3521 Joanni

2325 3576 2452 3629 ergo
2484 3560 2759 3614 denuntiat
2789 3560 3080 3629 Imperator
3105 3568 3161 3612 ut
3200 3560 3436 3613 Ecclesia
3458 3560 3778 3629 egrediatur.
3812 3558 3903 3613 Ille

2326 3653 2635 3707 renuntiat:
2680 3652 2792 3722 Ego
2828 3667 2857 3706 a
2897 3653 3006 3706 Deo
3052 3652 3335 3707 Servatore
3378 3652 3554 3721 accepi
3606 3651 3896 3705 Ecclesiattt

2329 3743 2498 3807 hanc,
2550 3752 2609 3797 ut
2650 3758 2831 3797 curam
2868 3758 3047 3811 geram
3080 3743 3263 3797 salutis
3294 3744 3514 3812 populi,
3558 3759 3656 3796 llCt'
3688 3757 3900 3811 possum

2329 3849 2446 3888 eam
2474 3834 2795 3904 relinquere.
2840 3833 2895 3887 Si
2930 3843 3107 3887 autem
3138 3834 3187 3886 id
3220 3835 3296 3886 vis
3329 3834 3427 3901 (ad
3474 3843 3523 3886 te
3548 3834 3687 3886 enim
3718 3834 3904 3886 civitas

2330 3923 2589 3993 pertinet)
2616 3965 2630 3987 ,
2678 3922 2730 3976 vi
2757 3939 2839 3977 tne
2861 3924 3039 3988 ejicito
3063 3963 3077 3987 ,
3128 3931 3184 3976 ut
3219 3922 3414 3977 deserti
3441 3923 3645 3975 ordinis
3680 3936 3905 3976 excusa-

2333 4017 2532 4066 tionem
2585 4012 2807 4066 habeam
2864 4021 3005 4066 tuam
3056 4013 3450 4067 auctoritatem.
3510 4012 3581 4065 Ita
3636 4028 3755 4066 cum
3810 4030 3905 4067 ve-

2334 4102 2581 4158 recundia
2629 4102 2854 4171 quadam
2903 4102 3171 4156 mittentes
3197 4118 3260 4155 ex
3307 4102 3537 4172 palatio,
3579 4119 3698 4155 eum
3737 4116 3906 4171 expu-

2334 4197 2543 4260 lerunt,
2604 4196 2850 4264 jubentes
2907 4195 3116 4249 interim
3179 4204 3236 4248 ut
3298 4195 3348 4247 in
3402 4195 3562 4248 dumo
3619 4195 3907 4263 episcOpali

2335 4294 2592 4350 maneret,
2620 4286 2810 4338 divina:
2842 4286 2933 4338 irze
2960 4292 3206 4338 eventum
3235 4283 3463 4352 aliquem
3494 4294 3867 4353 cxspecmntes
3893 4305 3906 4340 :

2336 4388 2411 4443 ut,
2442 4379 2489 4433 si
2516 4378 2641 4448 quid
2667 4378 2796 4448 ipsis
2823 4378 2972 4431 triste
3001 4377 3287 4443 accideret,
3310 4378 3465 4432 citius
3488 4378 3631 4430 illum
3660 4376 3910 4432 Ecclesire

2338 4467 2651 4533 redderent,
2679 4478 2732 4522 et
2762 4469 2925 4523 Deum
2957 4468 3224 4536 placarent
3259 4484 3273 4515 ε
3301 4468 3380 4522 sin
3408 4468 3611 4529 minus,
3645 4476 3700 4520 ut
3727 4482 3915 4521 rursus

2339 4560 2557 4615 insidias
2578 4545 2863 4624 struerent,
2893 4561 3054 4614 veluti
3081 4559 3287 4614 Pharao
3314 4559 3501 4631 Moysi.
3535 4558 3739 4613 Interea
3768 4558 3913 4612 venit

2340 4652 2517 4722 magni
2564 4651 2769 4706 sabbati
2807 4651 2921 4706 dies
2940 4692 2955 4715 ,
2984 4666 3089 4720 quo
3133 4651 3386 4705 Servator
3411 4648 3694 4704 cruciﬁxus
3722 4664 3917 4717 exspo-

2340 4743 2485 4797 Iiavit
2513 4741 2773 4797 infernum
2808 4758 2821 4795 :
2852 4755 3169 4810 rursumque
3195 4741 3267 4794 illi
3295 4739 3625 4799 denuntiant,
3654 4747 3710 4790 ut
3734 4738 3915 4791 eccle-

2340 4836 2417 4889 sia
2444 4832 2804 4904 egrederetur.
2838 4832 3099 4887 Rescribit
3117 4832 3201 4886 ille
3220 4847 3336 4900 qua:
3362 4841 3719 4885 consentanea
3737 4840 3912 4883 erant.

2340 4925 2603 4979 Czetcrum
2624 4925 2825 4989 veritus
2857 4920 3149 4990 Imperator
3168 4921 3270 4976 diei
3299 4921 3700 4976 sanetimuniam
3727 4931 3773 4972 et
3802 4934 3916 4972 mo-

2341 5025 2452 5069 tum
2484 5015 2732 5078 civitatis,
2760 5015 2985 5068 accersit
3017 5014 3263 5067 Acacium
3307 5021 3361 5065 et
3403 5010 3736 5070 Antiochum,
3784 5011 3914 5078 ipsis

2342 5105 2526 5158 dicens
2556 5120 2569 5158 :
2596 5103 2731 5170 Quid
2771 5102 2908 5157 l‘aeto
2951 5111 3033 5156 est
3074 5101 3247 5169 opus?
3297 5099 3473 5153 videte
3514 5115 3580 5153 ne
3620 5115 3721 5153 non
3770 5111 3917 5155 recte

2342 5193 2902 5251 consulueritis.Tunc
2926 5192 3169 5262 generosi
3201 5191 3274 5245 illi
3302 5200 3355 5245 ct
3380 5206 3535 5259 supra
3562 5190 3774 5244 modum
3801 5206 3914 5243 ma-

2343 5288 2577 5358 gnanimi
2605 5288 2856 5342 dixerunt
2894 5286 3201 5354 Imperatori
3234 5302 3245 5336 :
3280 5284 3604 5353 Imperator,
3656 5283 3706 5336 iu
3758 5292 3917 5350 caput

2345 5390 2585 5435 nostrum
2628 5380 2695 5433 sit
2743 5378 2960 5433 Joannis
2988 5376 3269 5446 depositio.
3301 5375 3551 5430 Ultimum
3576 5373 3867 5427 subsidium
3894 5414 3913 5437 ,

2343 5473 2432 5541 (lui
2458 5486 2576 5525 cum
2608 5470 2809 5524 Joanne
2833 5476 2985 5532 erant
3013 5464 3249 5535 θρίεεοῐδί
3275 5464 3637 5543 q'ladmgima‘
3667 5464 3803 5518 sacri
3825 5463 3879 5533 in
3896 5494 3909 5503 ’

2342 5562 2476 5633 junii
2496 5562 2681 5615 diebus
2706 5572 2930 5613 numero
2958 5570 3128 5624 pares,
3167 5554 3412 5609 adierunt
3439 5554 3734 5622 Augustum
3759 5562 3918 5621 atque

2346 5655 2637 5724 Augustam
2687 5654 2737 5706 in
2793 5650 3083 5721 martyriis,
3129 5658 3342 5705 orantes
3389 5664 3507 5704 cum
3559 5648 3807 5719 lacrymis
3860 5656 3916 5700 ut

2348 5742 2542 5797 Christi
2573 5742 2823 5799 Ecclesiae
2859 5749 3156 5811 parcerent,
3201 5741 3428 5798 maxime
3472 5749 3684 5809 propter
3716 5739 3913 5793 Pascha
