4234 6310
654 294 724 347 .35
1913 284 2230 339 PALLADII
2273 286 2617 344 DMLOGUS
3861 289 3935 349 34

657 409 846 482 Πάσχα
873 408 963 460 καὶ
989 408 1109 468 τοὺς
1143 407 1431 474 μέλλοντας
1460 403 1854 474 ἀνα-γεννᾶσθαι
1882 404 1982 474 ἤδη
2025 420 2231 473 μυστα-

663 491 1022 561 γωγηθέντας,
1045 489 1420 542 ἀπολαϐοῦσαν
1448 489 1538 542 τὸν
1562 487 1730 558 ἱερέα.
1756 487 1872 540 Οὐκ
1891 486 2241 558 ὴκούσθησαν

655 576 745 627 ἐπὶ
785 572 978 644 τούτῳι
1021 573 1094 634 ὡς
1127 572 1217 624 τὸν
1247 572 1400 639 ἀγιον
1448 570 1656 625 Παῦλον
1696 569 1784 622 τὸν
1823 570 1931 622 ἀπὸ
1963 570 2240 640 Κρατείας

655 658 829 711 εἰπεῖν
868 656 1062 725 ἀδείλῳ
1090 658 1155 726 τῇ
1191 655 1473 726 παρρησίᾳ
1496 671 1509 684 ·
1548 653 1776 719 Εὐδοξία
1797 693 1810 716 ,
1844 652 2110 723 φοϐήθητι
2150 653 2241 705 τὸν

614 797 619 804 ,
655 740 807 803 Θεὸν,
845 740 1114 809 ἐλεήσασά
1144 755 1237 789 σου
1267 736 1335 788 τά
1365 737 1528 790 τέκνα
1548 753 1560 766 °
1592 737 1665 807 μὴ
1703 737 1887 805 ’ύϐριζε
1917 737 2016 806 τὴν
2048 735 2241 805 ἑορτὴν

655 825 749 878 τοῦ
776 820 1011 895 Χριστοῦ
1037 823 1102 892 τῇ
1135 820 1239 872 τῶν
1269 818 1518 889 αἱμάτων
1546 818 1786 889 ἐκχύσει.
1832 818 2241 889 ’Υποστρέψαν-

657 925 745 971 τες
772 906 829 959 δέ
865 906 915 957 οι
963 902 1371 971 τεσσαράκοντα
1409 901 1696 954 ἐπίσκοποι
1726 941 1738 962 ,
1777 901 2137 971 ἠγρύπνησαν
2183 902 2240 954 ἐν

657 994 769 1052 τοῖς
801 987 1161 1055 καταγωγίοις
1194 984 1389 1048 αὐτῶν,
1425 985 1474 1036 οί
1505 985 1602 1054 μὲν
1632 985 1770 1054 μετά
1791 983 2066 1054 δακρύων,
2102 986 2150 1036 οἱ
2184 985 2240 1038 δὲ

661 1073 796 1143 μετά
836 1071 1029 1140 λύπης,
1067 1069 1243 1140 ἕτεροι
1284 1068 1340 1121 δὲ
1385 1067 1584 1138 ἀμάχῳ
1618 1070 1682 1139 τῇ
1732 1067 1940 1137 διανοίᾳ
1974 1067 2238 1137 κατεσχέ-

656 1158 826 1226 θησαν
886 1155 1073 1224 κάρῳ,
1114 1152 1189 1214 ὼς
1229 1152 1459 1204 ἕκαστον
1506 1149 1776 1222 ἐκυϐέρνα
1826 1150 1886 1203 τὸ
1936 1151 2128 1213 πάθος.
2176 1152 2237 1203 Οἱ

659 1239 843 1309 μέντοι
887 1236 1247 1309 πρεσϐύτεροι
1307 1233 1553 1287 Ἰωάννου
1607 1234 1655 1286 οἱ
1710 1234 1796 1287 τὸν
1833 1232 1976 1286 θεῖον
2024 1232 2240 1303 ἔχοντες

657 1324 842 1391 φόϐον,
885 1323 941 1372 ἐν
992 1320 1069 1390 τῷ
1119 1318 1362 1389 δημοσίῳ
1422 1316 1633 1388 λουτρῷ
1687 1316 1765 1387 τῷ
1806 1317 2240 1388 ἐπικαλουμένῳ

657 1404 1143 1472 Κωνσταντιανᾶς,
1194 1401 1318 1464 τοὺς
1357 1400 1521 1466 λαοὺς
1556 1401 1956 1470 συναγαγόντες
1979 1444 1994 1467 ,
2033 1402 2240 1472 εἴχοντο

653 1489 752 1559 τῆς
784 1485 1115 1560 ἀγρυπνίας,
1137 1487 1186 1538 οί
1214 1487 1310 1556 μὲν
1333 1485 1399 1538 τά
1426 1486 1544 1539 θεῖα
1568 1486 1724 1554 λόγια
1750 1487 2240 1556 ἀναγινώσκοντες,

653 1573 701 1624 οί
736 1573 792 1625 δὲ
828 1571 1175 1642 βαπτίζοντες
1207 1571 1334 1634 τούς
1361 1569 1771 1641 κατηχηθέντας
1796 1612 1810 1634 ,
1847 1570 1924 1634 ὡς
1957 1571 2124 1636 εἰκὸς,
2152 1572 2242 1625 διὰ

654 1656 716 1708 :6
755 1656 963 1725 Πάσχα.
999 1654 1185 1708 Ταῦτα
1218 1654 1358 1707 αὐτά
1392 1653 1900 1726 προσαναφέρουσιν
1934 1655 1982 1706 οί
2028 1672 2241 1726 γνωμο-

657 1739 845 1809 φθόροι
875 1739 967 1791 καὶ
1001 1738 1359 1808 φρεναπάται,
1390 1737 1438 1790 οί
1470 1738 1598 1808 περὶ
1637 1737 1906 1808 Ἀντίοχον
1945 1739 2039 1791 καὶ
2071 1739 2241 1808 Σευη-

658 1821 840 1890 ριανὸν
871 1819 963 1873 καὶ
979 1821 1253 1884 ’Λκάκιον,
1285 1823 1397 1883 τοῖς
1423 1821 1633 1874 ἑαυτῶν
1663 1820 2015 1891 προστάταις,
2041 1819 2245 1886 ἀξιοῦν.

654 1921 743 1966 τες
777 1903 1167 1973 ἐμποδισθῆναι
1196 1905 1322 1967 τοὺς
1342 1904 1506 1966 λαοὺς
1533 1903 1641 1957 ἀπὸ
1671 1904 1770 1974 τῆς
1797 1905 1914 1957 ἐκεῖ
1943 1906 2238 1971 συνάξεως.

668 1986 945 2039 Ἀντεῖττεν
996 1989 1024 2040 6
1066 1987 1187 2040 :6::-:
1226 1986 1547 2058 μάγιστρος,
1578 1989 1792 2057 φήσαςο
1841 1986 1958 2052 Νύξ
1988 1990 2104 2040 ἐστι
2149 1991 2243 2042 καὶ

653 2069 801 2140 ὄχλοι
848 2070 1052 2122 πολλοῦ
1109 2073 1181 2141 μή
1218 2089 1273 2124 τι·
1301 2071 1558 2142 ἀτόπημα
1607 2071 1850 2142 γένηται.
1909 2072 2241 2143 Ἀνθυποφέο

659 2172 842 2223 ρουσιν
895 2158 942 2208 οἱ
996 2155 1122 2226 περλ⁸
1190 2153 1474 2208 Ἀκάκιοψ
1520 2155 1706 2220 Οὐδεὶς
1755 2156 1968 2227 ἔμεινεν
2019 2157 2075 2209 ἐν
2122 2162 2242 2222 ταῖς

658 2236 1008 2308 ἐκκλησίαις,
1040 2240 1135 2292 καὶ
1162 2237 1483 2308 δεδοίκαμεν
1544 2240 1754 2310 μήποτε
1787 2237 2043 2292 εἰσελθὼν
2081 2241 2108 2292 6
2143 2241 2241 2311 βα-

659 2321 837 2386 σιλεὺς
867 2324 926 2374 ἐν
953 2325 1019 2392 τῇ
1050 2321 1336 2392 ἐκκλησία,
1366 2324 1459 2375 καὶ
1488 2321 1564 2394 μὴ
1588 2321 1762 2394 εὑρὼν
1799 2323 2022 2394 μηδένα,
2054 2325 2244 2396 αἴσθη-

657 2423 747 2460 ται
789 2407 890 2476 τῆς
937 2407 1030 2460 τοῦ
1061 2406 1192 2460 λαοῦ
1243 2407 1457 2470 εὐνοίας
1486 2407 1611 2477 ’τῆς
1649 2406 1786 2478 πρὸς
1822 2407 2111 2478 Ἰωάννην,
2152 2409 2244 2462 καὶ

660 2489 914 2558 καταγνῷ
950 2491 1106 2560 ἡμῶν
1157 2490 1231 2554 ώς
1261 2489 1568 2560 βασκάνων,
1605 2488 1792 2560 ἐπειδὴ
1826 2491 2057 2560 μάλιστα
2095 2493 2246 2545 εἶπο-

661 2590 761 2641 μεν
797 2571 965 2642 αὐτῷ,
998 2575 1080 2625 ὅτι
1108 2572 1282 2635 οὐδείς
1313 2573 1462 2625 ἐστιν
1488 2571 1626 2635 ὅλως
1647 2571 1862 2642 ὀὴδέως
1895 2571 2044 2643 αὐτῷ
2077 2592 2245 2643 προσ-

658 2657 817 2726 έχων,
867 2657 943 2719 ώς
989 2655 1260 2727 ἀνθρώπῳ
1310 2655 1582 2726 ἀσπόνδῳ.
1636 2654 1824 2718 Οὕτως
1865 2657 1894 2707 6
1945 2657 2245 2727 μάγιστρος

657 2741 1171 2811 διαμαρτυράμενος
1227 2740 1408 2804 αὐτοῖς
1471 2739 1562 2792 ἐπὶ
1615 2742 1728 2802 τοῖς
1776 2739 2241 2812 ἀποϐησομένοις,

658 2823 840 2876 δίδωσι
869 2823 1095 2878 Λούκιόν
1127 2841 1269 2887 τινα,
1298 2823 1373 2886 ὡς
1396 2824 1604 2891 ἔλεγον,
1643 2821 1901 2894 Ἕλληνα,
1927 2823 2246 2896 ἀφηγούμε-

659 2899 749 2960 νον
776 2908 870 2960 τοῦ
904 2907 1138 2978 ἀριθμοῦ
1163 2906 1271 2960 τῶν
1298 2906 1634 2978 ὁπλοφόρων,
1665 2907 2040 2978 ἐντειλάμενος
2070 2910 2246 2962 ἐπιει-

659 2989 770 3054 κῶς
802 2990 1104 3044 ἀπελθόντα
1138 2989 1362 3044 καλέσαι
1393 2989 1486 3043 τόν
1521 2990 1650 3044 λαὸν
1694 2991 1751 3044 ἐν
1798 2989 2166 3064 τῇέκκλησίᾳ
2193 3003 2241 3055 ο,

670 3077 943 3131 ’Λπελθὼν
977 3078 1066 3142 δέ,
1099 3079 1193 3132 καὶ
1244 3079 1318 3149 μὴ
1365 3076 1675 3142 ἀκουσθεὶς.
1725 3078 2059 3148 ὑποστρέφει
2110 3079 2245 3151 πρὸς

657 3161 783 3224 τους
815 3162 946 3231 περὶ
981 3162 1254 3227 ’Δκάκιον,
1287 3161 1692 3232 διηγησάμενος
1725 3163 1816 3214 τὸν
1843 3161 1994 3215 τόνον
2027 3163 2122 3215 καὶ
2147 3163 2246 3232 τὴν

658 3245 970 3314 πυκνότητα
1013 3245 1107 3298 τοῦ
1161 3243 1311 3298 λαοῦ.
1356 3245 1510 3299 Μετὰ
1559 3243 1719 3298 τοῦτο
1773 3243 2022 3315 λιπαρῶς
2082 3246 2247 3299 αὐτὸν

660 3331 1033 3402 παρακαλοῦσι
1057 3331 1308 3402 χρυσέοις
1339 3333 1546 3403 ῥήμασι
1575 3330 1970 3395 δυσωποῦντες,
1995 3333 2092 3386 καὶ
2118 3334 2247 3386 ὐπο-

660 3414 840 3483 σχέσει
879 3414 1124 3485 μείζονος
1154 3415 1437 3486 προκοπῆς
1459 3454 1473 3477 ,
1504 3415 1593 3468 ἵνα
1625 3414 1892 3485 ἐμποδίσῃ
1919 3417 1987 3485 τῇ
2023 3415 2150 3487 δόξῃ
2179 3420 2245 3488 τῇ

657 3497 751 3550 τοῦ
785 3498 1025 3568 Κυρίου,
1073 3498 1442 3568 ἐντειλάμενοι
1489 3498 1658 3568 αὐτῷ,
1713 3497 1746 3568 ἢ
1788 3497 1932 3566 λόγῳ
1981 3499 2247 3552 πείσαντα

658 3582 887 3650 ἀγαγεῖν
909 3582 1000 3634 ἐπὶ
1033 3582 1130 3653 τὴν
1153 3582 1468 3652 ἐκκλησίαν,
1505 3583 1537 3652 ἢ
1568 3584 1705 3654 ὀργῇ
1756 3582 2069 3653 ταράξαντα
2104 3583 2244 3636 παῦ-

661 3681 749 3717 σαι
795 3665 892 3735 τὴν
933 3665 1124 3736 ἑορτὴν
1156 3665 1247 3717 τοῦ
1297 3670 1645 3735 συναγαγεῖν.
1697 3667 1792 3728 Ὃς
1825 3666 2059 3746 ἐξαθυτῆς
2108 3684 2246 3737 συμο

660 3747 990 3817 παραλαϐὼν
1016 3747 1310 3819 κληρικους
1343 3746 1436 3802 τοῦ
1476 3749 1688 3820 μέρους*
1729 3748 2009 3814 ’Λκακίου,
2054 3750 2246 3822 ἐξῆλθε

657 3829 885 3901 δευτέρᾳ
910 3831 1124 3903 φυλακῇ
1155 3832 1254 3901 τῆς
1284 3833 1474 3896 νυκτὸς
1517 3834 1602 3902 ἐφ’
1721 3832 2024 3904 ἀπεστάλη.
2057 3835 2245 3904 Παρα·

659 3913 892 3966 τείνουσι
919 3916 1023 3986 γὰρ
1055 3915 1146 3967 τὸν
1169 3915 1295 3967 λαὸν
1321 3917 1378 3967 ὲν
1406 3919 1515 3977 τοῖς
1549 3915 1773 3985 μέρεσιν
1800 3916 1833 3985 ἡ
1844 3915 1960 3986 μῶν
1990 3908 2096 3979 ἐῖυς
2121 3915 2245 3970 ἀλέ-

661 4013 852 4066 κτορος
881 3997 1118 4067 πρώτου,
1171 3997 1308 4066 ἔχων
1346 3997 1566 4068 Θρᾷκας
1599 3997 1847 4069 ξιφήρεις
1886 4001 2243 4069 νεοστρατεύ-

658 4096 783 4143 τους
821 4083 957 4134 κατά
992 4083 1082 4133 τὸν
1130 4081 1294 4134 Ἡσαῦ
1343 4081 1747 4154 τετρακοσίους,
1787 4083 2024 4146 ἀναιδεῖς
2054 4101 2246 4154 περισ-

661 4165 788 4227 σῶς,
820 4165 1161 4235 ἐπεπήδησεν
1192 4166 1455 4232 αἰφνίδιον
1491 4167 1635 4220 κατά
1674 4166 1772 4236 τὴν
1801 4165 1973 4219 νύκτα
2006 4166 2103 4220 σὺν
2133 4170 2246 4229 τοῖς

662 4248 1067 4301 ὐποδεικνύουσι
1097 4248 1377 4317 κληρικοῖς
1419 4249 1514 4301 καί
1539 4249 1653 4310 τοῖς
1701 4249 2087 4319 στρατιώταις,
2133 4251 2248 4304 ίτα-

661 4332 801 4400 μῶς,
844 4331 916 4395 ώς
952 4332 1041 4383 ἀτε
1072 4329 1254 4393 λύκος,
1285 4332 1490 4401 σιδήρῳ
1510 4330 1778 4384 στίλϐοντι
1809 4331 2092 4402 διασχίσας
2124 4333 2247 4395 τούς

659 4416 867 4486 ὄχλους.
902 4415 1168 4486 Χωρήσας
1195 4415 1237 4468 δ’
1275 4415 1419 4468 ἔνδον
1445 4414 1551 4467 τῶν
1583 4415 1873 4485 μακαρίων
1917 4415 2125 4469 ὑδάτων
2156 4417 2249 4468 ἐπὶ

660 4499 889 4552 κωλύσει
918 4500 1026 4552 τῶν
1056 4499 1376 4570 μυουμένων
1398 4499 1495 4568 τὴν
1527 4500 1824 4553 ἀνάστασιν
1848 4500 1939 4552 τοῦ
1971 4499 2243 4571 Σωτῆρος,

661 4585 752 4636 καὶ
774 4583 851 4654 τῷ
887 4585 984 4654 μὲν
1017 4583 1250 4653 διακόνῳ
1303 4583 1547 4652 θρασέως
1589 4583 1948 4652 ἐντιναχθεὶς,
1988 4582 2056 4636 τὰ
2104 4583 2245 4654 σύμ-

662 4667 790 4719 ϐολα
824 4667 1004 4736 ἐκχέει
1030 4683 1041 4695 ⁸
1074 4667 1199 4729 τοὺς
1228 4667 1284 4718 δὲ
1316 4664 1723 4736 πρεσϐυτέρους
1748 4665 1848 4735 ἠδη
1876 4682 1978 4718 που
2010 4667 2104 4718 καὶ
2127 4666 2245 4736 ἠλι-

660 4749 863 4812 κιώτας
897 4751 1149 4821 ῥοπάλοις
1182 4749 1325 4803 κατά
1351 4749 1572 4820 κρανίου
1609 4750 1830 4813 παίσας,
1859 4747 2051 4819 αἵμασι
2085 4753 2248 4822 κιρνᾷ

659 4833 756 4902 τὴν
821 4832 1226 4904 κολυμϐήθραν.
1290 4833 1424 4886 Τότε
1481 4827 1549 4904 ἦν
1606 4832 1730 4885 ἰδεῖν
1787 4832 1883 4903 τὴν
1951 4832 2246 4903 ἀγγελικὴν

661 4916 877 4986 ἐκείνην
905 4915 1096 4979 νύκτα,
1128 4917 1185 4968 ἐν
1279 4915 1372 4968 καὶ
1401 4915 1652 4985 δαίμονες
1700 4914 1991 4967 πίπτουσιν
2019 4916 2248 4986 ἐπτηχό-

660 5017 786 5063 τες,
839 5002 917 5062 είς
975 4997 1300 5070 λαϐύρινθον
1361 4997 1814 5069 μεταϐληθεῖσαν.
1872 4999 2078 5069 Γυμναὶ
2139 5000 2246 5072 γὰρ

659 5085 916 5150 γυναῖκες
952 5084 1046 5135 σὺν
1085 5085 1198 5146 τοῖς
1246 5081 1468 5152 ἀνδράσι
1507 5081 1736 5152 δρασμῷ
1775 5083 2051 5152 ἐχρῶντο,
2099 5083 2247 5154 φόϐῳ

659 5166 755 5219 τοῦ
786 5166 1060 5234 σφαγῆναι
1093 5166 1124 5236 ἦ
1163 5165 1542 5236 ἀσχημονῆσαι
1567 5207 1582 5228 ,
1620 5164 1711 5217 τὸν
1739 5165 2028 5236 ἀσχήμονα
2065 5168 2245 5220 ἀσπα-

661 5251 884 5320 ζόμεναι
928 5250 1158 5320 δρόμον·
1197 5251 1384 5320 ἕτερος
1433 5249 1534 5319 τὴν
1569 5252 1728 5320 Χεῖρα
1772 5249 2024 5320 πληγεῖς’
2057 5251 2244 5324 ὀδυρό“

664 5350 823 5403 μενος
872 5334 1074 5405 ἀπῄειο
1121 5333 1278 5395 ἄλλος
1319 5332 1587 5403 παρθένον
1636 5333 1831 5403 ἔσυρεν
1880 5335 2244 5404 περισχίσας’

661 5417 860 5478 πάντες
886 5417 943 5468 δὲ
969 5417 1537 5486 λαφυραγωγήσαντες
1561 5415 1629 5467 τὰ
1662 5415 1919 5486 κειμήλια
1955 5418 2243 5488 ἐσφετερί-

663 5497 835 5558 ζοντο.
871 5500 1057 5561 Οῦτως
1090 5502 1138 5551 οἱ
1169 5501 1265 5569 μὲν
1298 5498 1695 5569 συλληφθέντες
1719 5501 1824 5551 τῶν
1858 5500 2246 5571 πρεσϐυτέριον

665 5591 758 5637 καὶ
813 5583 1074 5639 διακόνων
1116 5587 1193 5646 εἰς
1248 5584 1345 5654 τὴν
1393 5584 1617 5655 εἱρκτὴν
1672 5583 2049 5640 ἐνεϐάλλοντο·
2099 5587 2145 5636 οἱ
2189 5585 2244 5637 6‘:

727 5733 754 5765 “
781 5733 942 5797 Georg
987 5736 1046 5792 εἰς
1069 5736 1151 5792 τ’λν
1180 5735 1448 5793 ἐκκλησίαν

2347 409 2705 482 ἀξιωματικοί
2726 410 2817 464 τοῦ
2846 409 2974 462 λαοῦ
3006 410 3101 478 τῆς
3128 407 3332 478 μεγαλο
3343 408 3542 469 πόλεως
3564 407 3936 470 ἐξεϐάλλοντο·

2342 494 2695 565 Διατάγματα
2717 495 2771 547 δέ
2803 492 3181 562 ἀλλεπάλληλα
3205 491 3348 544 κατά
3376 491 3539 544 τόπον
3563 490 3932 561 προετίθεντο,

2341 574 2626 647 διαφόρους
2677 577 2906 642 ἀπειλὰς
2942 574 3263 645 περιέχοντα
3299 575 3393 627 ἐπὶ
3425 575 3652 645 ἀρνήσει
3683 573 3781 642 τῆς
3821 591 3937 627 κοι-

2343 659 2536 723 νωνίας
2576 660 2842 714 Ἰωάννου.
2885 659 3032 730 Πλὴν
3066 660 3215 730 ὅμως
3264 658 3358 711 καὶ
3387 659 3540 711 ταῦτ’
3571 656 3802 724 ἐγίνετο,
3840 660 3938 711 καὶ

2343 743 2559 797 πλείονα
2597 743 2796 810 ἔξωθεν
2829 745 2878 797 οἱ
2912 742 3196 812 λεγόμενοι
3228 741 3518 794 ἐπίσκοποι
3551 740 3938 809 προσεφιλοτι-

2345 825 2561 894 μοῦντοο
2594 827 2686 880 καὶ
2722 828 2754 896 ὴ
2803 825 3020 890 σύναξις
3061 823 3169 877 τῶν
3209 822 3693 892 φιλοδιδασκάλων,
3732 825 3942 895 μᾶλλον

2341 907 2397 960 δὲ
2426 907 2707 976 φιλοθέων,
2741 909 2802 962 οὐ
2837 911 3186 980 κατηργεῖτο,
3221 906 3357 960 ἀλλά
3389 906 3531 960 κατά
3558 907 3620 959 :6
3649 907 3942 978 εἰρημένον

2344 992 2400 1045 ἐν
2423 995 2486 1063 τῇ
2518 991 2732 1063 Ἑξόδῳ,
2748 993 2870 1046 ὅσον
2892 993 3210 1046 ἀπέκτεινον
3230 992 3448 1054 αὐτοὺς,
3468 989 3706 1061 τοσούτῳ
3719 992 3943 1055 πλείους

2344 1074 2602 1142 ἐγίνοντο.
2637 1076 2716 1146 Τῇ
2747 1076 3011 1145 ἐπαύριον
3048 1074 3180 1144 γοῦν
3209 1073 3441 1139 ἐξελθὼν
3468 1076 3496 1128 6
3525 1073 3801 1144 βασιλεὺς,
3840 1076 3940 1128 τοῦ

2342 1159 2724 1230 γυμνασθῆναι
2774 1162 2832 1212 ἐν
2876 1159 2954 1230 τῷ
3001 1157 3393 1228 παρακειμένῳ
3449 1157 3649 1228 πεδίῳ,
3684 1154 3793 1211 εἶδε
3839 1160 3940 1228 τὴν

2344 1242 2584 1313 ἄσπορον
2613 1245 2717 1313 γῆν
2751 1243 2848 1315 τὴν
2898 1242 3027 1314 περὶ
3059 1241 3119 1294 :6
3158 1240 3415 1311 Πέμπτον
3453 1240 3938 1312 λευχειμονοῦσαν,

2341 1327 2439 1379 καὶ
2469 1327 2765 1394 ἐκπλαγῄς
2805 1327 2899 1380 ἐπὶ
2925 1330 2992 1398 τῇ
3037 1325 3135 1396 θέᾳ
3167 1324 3260 1378 τοῦ
3291 1325 3487 1390 ἄνθους
3523 1326 3633 1380 τῶν
3676 1329 3944 1396 νεοφωτί-

2345 1426 2486 1462 στων
2517 1405 2695 1481 (ἦσαν
2716 1408 2825 1480 γὰρ
2847 1410 2991 1481 ἀμφὶ
3016 1410 3142 1473 τοὺς
3169 1408 3563 1479 τρισχιλίους),
3591 1409 3754 1481 ἧρετο
3784 1411 3939 1483 παρᾶ

2342 1491 2449 1544 τῶν
2479 1491 2815 1564 δορυφόρωψ
2854 1493 2950 1555 Τίς
2985 1493 3017 1562 ἡ
3047 1491 3210 1561 λογάς
3243 1493 3351 1545 τῶν
3386 1494 3503 1545 ἐκεῖ
3534 1483 3934 1564 συνηθροισμέῖ

2344 1594 2484 1641 νων;
2528 1576 2952 1648 Διαψευσάμενοι
2998 1577 3246 1646 λέγουσι,
3290 1577 3409 1630 Τῶν
3458 1577 3798 1648 ἑτεροδόξων,
3849 1580 3940 1632 ἵνα

2345 1662 2710 1733 παραγάγωσι
2768 1662 2860 1714 τὸν
2915 1661 3086 1732 θυμὸν
3135 1661 3228 1715 τοῦ
3292 1661 3580 1732 βασιλέως.
3629 1662 3854 1725 Γνόντες
3891 1663 3939 1716 6'

2344 1743 2578 1814 ἐξαυτῆς
2623 1746 2672 1797 οἱ
2724 1745 2818 1798 τοῦ
2855 1747 3179 1817 πράγματος
3231 1747 3450 1815 μεσῖται
3505 1746 3597 1799 καὶ
3637 1747 3940 1817 προστάται

2344 1827 2438 1880 τοῦ
2470 1828 2688 1897 φθόνου,
2721 1830 3031 1900 πέμπουσιν
3064 1832 3140 1893 εἰς
3175 1829 3418 1883 τούπίσω
3457 1832 3584 1892 τοὺς
3623 1830 3937 1900 ἀφειδεστέ-

2350 1928 2474 1982 ρους
2500 1911 2608 1964 τῶν
2652 1912 2939 1982 ἑπομένων
2967 1914 3059 1966 ἐπὶ
3103 1913 3429 1984 σκορπισμῷ
3470 1914 3568 1982 μὲν
3593 1913 3700 1965 τῶν
3731 1913 3940 1983 6x9051-

2345 1995 2472 2060 τῶν,
2512 1994 2770 2066 συλλήψει
2817 1995 2875 2049 δὲ
2923 1995 3032 2048 τῶν
3065 1995 3421 2050 διδασκάλων.
3465 1999 3528 2048 υἱ
3579 1996 3624 2048 δ’
3656 1995 3938 2058 ἐλθόντες,

2351 2079 2640 2148 κατέχουσι
2672 2077 2833 2133 πάλιν
2862 2078 3075 2147 ὀλίγους
3109 2079 3207 2148 μέν
3239 2077 3350 2133 τῶν
3384 2078 3686 2149 κληρικῶν,
3722 2077 3940 2142 πλείους

2345 2163 2402 2215 δὲ
2434 2162 2544 2216 τῶν
2567 2162 2791 2216 λα’ίκῶν.
2819 2162 2922 2216 Καὶ
2946 2165 2973 2216 6
2999 2162 3271 2234 Θεόδωρος
3294 2162 3396 2233 ἔφη
3414 2178 3427 2193 °
3458 2158 3528 2214 Ὦ
3553 2161 3940 2232 μακαριώτατε

2349 2246 2552 2317 Πάτερ,
2605 2247 2699 2299 καὶ
2729 2246 2999 2299 τοσούτων
3041 2245 3211 2299 ὄντων
3240 2244 3438 2310 αὐτῶν,
3489 2245 3565 2308 ὡς
3612 2245 3942 2315 τρισχιλίους

2349 2329 2508 2398 μόνον
2553 2325 2690 2382 εἶναι
2728 2330 2853 2393 τοὺς
2884 2329 3306 2398 νεοφωτίστους,
3342 2328 3463 2392 πῶς
3495 2328 3676 2381 αὐτῶν
3708 2329 3754 2380 οί
3806 2327 3940 2398 βρα-

2348 2415 2464 2482 χεῖς
2513 2414 2841 2484 ἐκυρίευσαν
2918 2411 3281 2483 στρατιῶται,
3333 2412 3424 2464 τὸν
3488 2411 3742 2480 σύλλογον
3824 2411 3941 2463 δια-

2347 2496 2642 2562 λύσαντες;
2716 2498 2774 2549 Ὀ
2870 2497 3118 2549 ἘΠΙΣΚ.
3196 2494 3366 2548 Τοῦτο
3439 2495 3539 2548 οὐκ
3627 2493 3942 2564 ὀλιγότητος

2348 2579 2564 2649 δεῖγμα,
2598 2579 2716 2632 οὐδὲ
2747 2581 3050 2650 τεκμήριον
3095 2577 3324 2648 ἀζηλίας
3345 2621 3358 2644 ,
3390 2577 3526 2632 ἀλλά
3559 2577 3940 2648 πλεονέκτημα

2348 2662 2669 2728 εὐλαϐείας,
2719 2662 2812 2715 καὶ
2860 2661 3198 2715 διδασκάλων
3256 2661 3580 2731 ἐπιμελείας
3626 2661 3940 2727 ἀπόδειξις,

2351 2745 2714 2808 ἀδιαλείπτως
2745 2744 2805 2798 τὸ
2835 2745 3047 2816 ἄμαχον
3080 2745 3178 2814 τῆς
3210 2743 3438 2816 γνώμης
3472 2743 3940 2815 ἐπανορθούντων.

2363 2828 2420 2880 '0
2473 2828 2530 2880 δέ
2575 2828 2849 2900 Θεόδωρος
2899 2824 3090 2882 εἶπενο
3145 2827 3377 2899 Ἀριστα
3429 2828 3605 2899 ἔφης·
3656 2827 3779 2880 οὐτε
3837 2829 3944 2898 γάρ

2349 2911 2559 2983 ἔπρεπε
2588 2911 2716 2975 τοὺς
2750 2911 3015 2982 φρόνησιν
3048 2910 3493 2980 ἐκμανθάνοντας
3525 2913 3618 2965 καὶ
3639 2913 3943 2965 ἐπιείκειαν

2351 2997 2501 3068 παρά
2523 2995 2616 3049 τοῦ
2646 2995 2790 3066 ἱεροῦ
2827 2996 3097 3062 Ἰωάννου,
3121 2996 3372 3066 ἀφρόνως
3396 2997 3488 3048 καὶ
3518 2997 3943 3066 τεταραγμένως

2352 3078 2519 3134 αὐτοῦ
2550 3078 2968 3132 ἀντιποιεῖσθαι.

2423 3163 2580 3216 ΚΕΦ.
2614 3163 2668 3214 l'.
2704 3192 2772 3204 -
2815 3161 2874 3214 '0
2917 3158 3166 3214 ’EHIEK.
3221 3156 3566 3224 Ἦσθεὶςοῦν
3607 3163 3701 3216 ἐπὶ
3729 3163 3941 3233 τούτῳ,

2353 3228 2679 3317 παρακαλῶ,
2721 3245 2795 3316 μὴ
2835 3244 3113 3298 ἀνάκοπτε
3152 3245 3280 3309 τοὺς
3316 3245 3510 3314 λόγους
3548 3249 3674 3310 τοὺς
3711 3247 3817 3300 ὑπὸ
3845 3228 3945 3301 κά-

2351 3329 2464 3383 κῶν
2518 3329 2862 3399 πραγμάτων
2896 3329 3222 3399 τεχθένταςο
3271 3330 3441 3383 ἐοίκει
3475 3331 3585 3402 γάρ
3628 3331 3834 3385 τίκτειν
3867 3332 3944 3395 ὡς

2351 3413 2447 3465 ἐπὶ
2483 3411 2544 3464 :6
2577 3412 2830 3464 πλεῖστον
2858 3413 2984 3476 τοὺς
3013 3413 3204 3482 λόγους
3225 3415 3293 3469 τά
3327 3416 3650 3486 πράγματα.
3689 3417 3793 3469 Σὺν
3829 3420 3944 3480 τοῖς

2351 3496 2768 3566 κατασχεθεῖσιν
2807 3493 2901 3550 οὖν
2931 3497 3216 3568 κληρικοῖς
3246 3516 3302 3552 τε
3335 3498 3431 3551 καὶ
3464 3499 3673 3563 λαῖκοῖς
3715 3500 3935 3570 συνελή-

2352 3578 2568 3650 φθησαν
2599 3579 2694 3632 καὶ
2723 3583 2985 3649 γυναῖκες
3015 3580 3224 3652 ἀνδρῶν
3251 3582 3557 3652 ἐπισήμων.
3588 3584 3744 3637 Ἐστι
3770 3585 3826 3637 δέ
3866 3581 3946 3638 ὦν

2352 3661 2447 3714 καὶ
2481 3661 2547 3714 τὰ
2579 3663 2823 3733 μαφόρια
2863 3663 3144 3733 ἥρπασαν.
3185 3663 3386 3734 ἐτέρων
3425 3663 3480 3715 δὲ
3513 3664 3582 3718 τά
3612 3663 3810 3719 ἐνώτια
3844 3669 3946 3722 σὺν

2352 3745 2430 3814 τῷ
2458 3744 2601 3814 λοϐῷ
2629 3745 2723 3797 τοῦ
2761 3746 2899 3809 ὠτὸς
2929 3746 3373 3801 συναπέσπασαν·
3426 3748 3503 3812 ὡς
3551 3749 3766 3805 ίδοῦσάν
3795 3768 3946 3816 τινος

2367 3826 2686 3898 Ἐλευθέρου
2715 3831 2948 3895 γυναῖκα
2979 3829 3004 3868 δ
3034 3828 3527 3902 εὐδαιμονεστάτην
3559 3831 3761 3904 σφόδρα
3781 3873 3795 3898 ,
3839 3851 3944 3886 κα-

2353 3910 2685 3979 ταλείψασαν
2723 3909 2785 3962 :6
2816 3910 3013 3980 ἑαυτῆς
3063 3911 3350 3984 μαφόριον,
3408 3915 3944 3988 μεταμφιασαμένην

2352 3995 2414 4048 τὸ
2443 3995 2630 4066 σχῆμα
2662 3993 2723 4047 τὺ
2758 3994 2866 4047 τῶν
2911 3995 3186 4060 δουλίδων,
3237 3996 3502 4066 δρομαίαν
3545 3999 3817 4054 εἰσϐαλεῖν
3861 4003 3944 4066 εἰς

2353 4078 2454 4149 τὴν
2504 4077 2656 4130 πόλιν
2699 4078 2792 4130 ἐπὶ
2829 4078 3073 4148 σωτηρία
3104 4078 3205 4148 τῆς
3244 4080 3620 4152 σωφροσύνης.
3653 4079 3762 4137 Ἦν
3808 4084 3942 4156 γάρ,

2353 4161 2429 4224 ὼς
2460 4161 2624 4223 εἰκὸς,
2657 4159 2861 4229 εὐανθῆ
2909 4160 3123 4232 μορφὴν
3158 4163 3251 4215 καὶ⁵
3297 4163 3473 4235 εὐφυῆ
3517 4165 3713 4220 πλάσιν
3763 4169 3944 4238 ἡμφιε

2355 4243 2580 4314 εσμένη.
2601 4243 2788 4313 Τούτῳ
2812 4241 2905 4297 οῦν
2929 4245 3006 4314 τῷ
3023 4245 3209 4316 τρόπῳ
3233 4246 3600 4318 πληρωθεῖσαι
3625 4250 3681 4302 αῖ
3704 4251 3945 4320 φυλακαὶ

2353 4328 2462 4378 τῶν
2485 4327 2758 4397 διαφόρων
2783 4327 3083 4397 ἀρχόντων,
3107 4328 3492 4399 μετεποιοῦντο
3511 4334 3590 4396 είς
3615 4333 3940 4404 ἐκκλησίας

2356 4410 2451 4462 καὶ
2485 4409 2643 4480 ὐμνοι
2681 4410 2778 4479 μὲν
2820 4412 2914 4464 καὶ
2951 4412 3221 4483 ἀναφοραὶ
3259 4414 3572 4486 μυστηρίων
3603 4418 3660 4468 ἐν
3689 4420 3812 4481 ταῖς
3843 4437 3943 4487 cpu—

2356 4492 2551 4556 λακαῖς
2593 4493 2980 4559 ἐπετελοῦντο,
3037 4495 3300 4566 μάστιγες
3342 4496 3399 4550 δὲ
3441 4500 3535 4551 καὶ
3577 4500 3942 4570 στρεϐλώσεις

2359 4577 2452 4630 καὶ
2487 4578 2640 4648 ὅρκοι
2671 4580 2888 4649 φρικτοὶ
2915 4581 2972 4632 ἐν
2997 4581 3116 4643 ταῖς
3148 4579 3467 4650 ἐκκλησίαις
3497 4582 3822 4652 ἡμιλλῶντο,
3848 4587 3945 4640 ἐπὶ

2357 4661 2788 4732 ἀναθεματισμῷ
2833 4663 3079 4716 Ἰωάννου
3117 4663 3210 4716 τοῦ
3249 4665 3408 4736 μέχρι
3445 4665 3674 4720 θανάτου
3721 4668 3946 4740 ἐχθρεύ-

2359 4755 2548 4809 σαντος
2578 4749 2642 4817 τῇ
2687 4746 2855 4818 κακίᾳ
2888 4746 2982 4800 τοῦ
3015 4747 3264 4801 διαϐόλου
3285 4762 3300 4778 °
3345 4749 3442 4818 τῆς
3476 4751 3856 4822 Πεντηκοστῆς
3885 4754 3944 4807 δὲ

2360 4829 2879 4900 συμπληρωθείσης,
2914 4829 3055 4899 μετά
3093 4831 3254 4884 πέντε
3286 4831 3499 4904 ἡμέρας
3532 4835 3865 4900 είσελθόντες
3897 4842 3945 4892 οἱ

2358 4913 2488 4983 περὶ
2543 4913 2815 4975 ’Λκάκιον,
2850 4915 2942 4966 καὶ
2979 4908 3328 4985 Σευηριανὸν,
3363 4917 3460 4968 καὶ
3499 4917 3790 4988 Ἀντίοχον,
3849 4921 3948 4974 καὶ

2357 4996 2592 5067 Κυρῖνον
2627 4997 2762 5068 πρὸς
2791 4996 2881 5051 τὸν
2917 4997 3161 5066 βασιλέα,
3193 4998 3442 5067 λέγουσιν
3480 5001 3646 5072 αὐτῷ’
3686 5002 3942 5071 Βασιλεῦ,

2358 5081 2422 5132 σύ
2453 5081 2588 5150 ἡμῖν
2627 5080 2778 5150 παρά
2809 5080 2944 5132 Θεοῦ
2979 5081 3079 5134 οὐκ
3126 5081 3606 5153 ἐξουσιαξόμενος,
3643 5085 3756 5139 ἀλλ’
3789 5087 3942 5154 ἐξου-

2360 5163 2562 5226 σιάζων
2594 5163 2703 5217 τῶν
2727 5162 2968 5228 πάντων,
3000 5163 3175 5229 ἔξεστί
3202 5182 3282 5219 σοι
3311 5166 3339 5218 ὃ
3371 5167 3546 5231 θέλεις
3569 5171 3816 5239 ποιῆσαι.
3849 5170 3944 5243 Μὴ

2356 5247 2509 5315 γίνου
2542 5246 2927 5319 πρεσϐυτέρων
2957 5249 3275 5319 πραότερος,
3317 5251 3411 5303 κα)⁵
3443 5251 3759 5305 ἐπισκόπων
3783 5252 3946 5306 ὁσιώ-

2357 5347 2548 5401 τερος·
2595 5330 2822 5400 εἴπομέν
2861 5348 2942 5384 σοι
2976 5333 3067 5385 ἐπὶ
3112 5334 3330 5386 πάντων
3354 5349 3366 5363 ⁸
3417 5334 3539 5386 Ἐπὶ
3572 5336 3671 5405 τὴν
3700 5335 3945 5406 κεφαλὴν

2358 5414 2574 5483 ἡμῶνή
2615 5413 2862 5467 Ἰωάννου
2895 5415 3232 5486 καθαίρεσις.
3275 5415 3365 5487 Μὴ
3403 5417 3582 5472 τοίνυν
3623 5416 3784 5491 φείσῃ
3825 5419 3944 5485 ἐνὸς

2357 5496 2668 5568 ἀνθρώπου,
2698 5498 2995 5568 ἀφειδήσας
3023 5500 3240 5551 πάντων
3267 5499 3421 5570 ἡμῶν
3444 5517 3457 5531 ·
3501 5501 3811 5564 Ἰουδαϊκοῖς
3839 5504 3943 5572 ῥή-

2361 5598 2521 5650 μασι,
2560 5579 2697 5650 τάχα
2741 5579 2796 5634 δὲ
2847 5583 2940 5635 καὶ
2991 5582 3310 5652 πράγμασι,
3362 5585 3803 5654 παραπείσαντες
3851 5585 3947 5641 τὸν

2433 5735 2458 5773 ιι
2483 5733 2659 5796 Georg.
2687 5731 2884 5782 ἰδοῦσάν
2911 5750 3011 5780 τινα
3034 5733 3273 5796 ἐλευθέραν
3293 5750 3395 5797 γυν.
