4234 6310
189 372 198 385 η
208 358 250 385 οἱ)

186 447 229 491 et
260 442 487 505 propter
518 450 616 490 eos
650 434 737 501 qui
787 429 1131 500 regenerandi
1163 438 1315 481 erant
1343 442 1462 480 cum
1497 425 1603 494 jam
1637 430 1781 477 catc-

184 526 373 581 rhizati
403 536 616 589 essent,
643 532 700 577 ιιι
725 521 1057 577 sacerdotem
1083 533 1237 573 suum
1273 532 1333 571 ea
1361 516 1645 585 reciperet.
1669 511 1784 566 Non

184 618 347 673 auditi
377 626 509 671 sunt
547 629 712 684 super
741 628 802 667 ea
847 627 905 665 re
940 628 951 664 :
984 612 1053 664 ita
1084 618 1141 663 ut
1185 618 1401 662 sanctus
1433 605 1624 661 Paulus
1675 604 1787 670 epi-

186 723 379 777 scOpus
406 705 627 767 Cratize,
656 700 1010 772 imperterrita
1034 698 1226 753 fiducia
1249 697 1452 751 diceret
1483 714 1495 749 :
1529 693 1784 755 Eudoxio,

190 798 354 852 Deum
392 796 544 860 time,
600 803 815 849 tuorum
855 802 905 847 te
944 791 1233 846 liberorum
1273 789 1523 843 misereat
1562 804 1573 841 :
1619 800 1788 851 neque

191 892 325 945 viola
372 897 618 943 sanctam
668 885 861 941 Christi
886 882 1281 940 solemnitatem
1330 878 1605 948 sanguinis
1656 874 1789 929 effn-

188 982 361 1035 sione.
397 978 619 1034 Reversi
653 978 809 1047 igitur
838 975 1185 1046 quadraginta
1216 971 1490 1042 episcopi,
1527 971 1579 1024 in
1609 970 1787 1023 diver-

193 1072 350 1126 soriis
384 1070 501 1125 suis
532 1068 935 1139 pervigilarunt,
964 1065 1053 1119 alii
1090 1080 1209 1120 cum
1239 1062 1511 1133 lacrymis,
1550 1061 1637 1117 alii
1668 1077 1789 1115 cum

191 1175 454 1224 rnmrore,
482 1159 570 1213 alii
601 1157 831 1227 denique
860 1154 1207 1225 insuperabili
1235 1165 1455 1223 stupore
1483 1152 1679 1208 mentis
1700 1150 1793 1205 dc-

194 1252 348 1313 tcnti,
404 1258 566 1318 prout
611 1262 1050 1317 unumquemque
1094 1259 1221 1299 suus
1277 1244 1503 1300 aIl‘ecuxs
1549 1244 1788 1313 regebat.

192 1340 418 1394 Joannis
443 1334 619 1394 tamen
646 1338 942 1409 presbyteri
972 1336 1063 1407 qui
1105 1337 1196 1391 Dei
1228 1336 1473 1391 timorem
1506 1334 1790 1396 habebant.

195 1432 248 1485 in
283 1431 500 1501 publico
532 1432 746 1485 lavacro
769 1428 910 1499 quod
940 1428 1352 1483 Constantianas
1378 1435 1572 1482 vocant
1597 1441 1795 1480 convo-

193 1523 331 1577 catis
362 1521 599 1591 pupulis,
626 1520 837 1589 vigilias
859 1518 1120 1589 agebant;
1152 1517 1239 1571 alii
1268 1518 1571 1587 Scripturas
1592 1516 1794 1570 divinas

195 1614 463 1684 legentes,
497 1613 586 1666 alii
636 1604 1056 1667 catechumenos
1085 1610 1435 1681 baptizantes,
1470 1618 1530 1663 ut
1573 1624 1667 1678 par
1690 1617 1792 1674 est,

197 1713 427 1775 propter
450 1704 678 1770 Pascha.
705 1703 832 1758 IIch
862 1702 1259 1771 eademprava:
1281 1701 1476 1757 mentis
1505 1710 1663 1770 atque
1694 1701 1795 1753 im-

197 1803 451 1862 pastores
466 1793 781 1856 Antiochus,
804 1792 1133 1848 Severianus
1153 1791 1443 1847 etAcacius
1465 1791 1530 1845 ad
1548 1788 1797 1860 patronus

197 1883 464 1951 referunt,
492 1892 744 1955 rogantes
761 1893 817 1937 ut
850 1883 1029 1953 populi
1058 1883 1126 1937 ab
1152 1883 1268 1953 ejus
1295 1882 1683 1938 Iociconventu
1712 1898 1797 1936 ar-

195 1987 472 2033 cerentur.
506 1977 705 2032 Renuit
735 1978 780 2031 is
808 1975 899 2047 qui
926 1985 1053 2030 tunc
1095 1976 1352 2046 magister
1377 1982 1527 2041 erat,
1566 1974 1751 2029 dicens
1782 1993 1795 2028 :

199 2070 315 2124 Nox
343 2079 451 2134 cst,
481 2078 641 2139 atque
668 2070 854 2139 ingens
879 2078 960 2125 est
989 2067 1271 2122 multitudo
1302 2086 1315 2121 :
1349 2083 1415 2122 ne
1442 2067 1567 2137 quid
1598 2076 1798 2121 temere

200 2160 308 2213 liat.
332 2159 635 2228 Respondit
660 2160 886 2214 Aeacius
913 2177 925 2213 ε
955 2158 1124 2213 Nemo
1149 2159 1199 2212 in
1226 2158 1466 2213 ecclesiis
1497 2158 1713 2224 mansit,
1747 2165 1801 2211 et

198 2250 456 2305 timemus
484 2265 551 2305 ne
577 2248 715 2305 forte
752 2248 1051 2320 Imperator
1078 2249 1363 2304 ecclesiam
1405 2248 1693 2318 ingressus,
1743 2256 1799 2303 et

199 2341 474 2396 neminem
507 2340 806 2405 inveniens,
828 2340 1027 2396 sentiat
1050 2340 1230 2410 populi
1257 2354 1385 2409 erga
1414 2338 1674 2393 Joannem
1708 2338 1800 2395 be-

200 2432 565 2487 nevolentiam
593 2473 608 2498 ,
638 2446 843 2501 nosque
870 2439 925 2485 ut
955 2430 1162 2485 invidos
1192 2430 1535 2497 condemnet,
1572 2445 1802 2499 praeser-

201 2523 295 2577 tim
322 2538 446 2577 cuni
480 2523 579 2592 ipsi
604 2523 915 2588 dixerimus,
969 2522 1240 2577 neminem
1283 2522 1502 2576 omnino
1529 2536 1668 2585 esse,
1701 2522 1790 2590 qui

199 2616 430 2670 libenter
451 2614 643 2670 Joanni
662 2615 932 2669 adhaereat
953 2622 1134 2684 utpote
1156 2613 1357 2670 homini
1377 2613 1561 2667 infido.
1589 2612 1660 2666 Ita
1684 2628 1799 2667 ma-

198 2707 365 2776 gister
384 2707 465 2762 eis
492 2716 819 2763 contestatus
845 2723 963 2777 quae
991 2716 1245 2762 eventura
1287 2717 1460 2773 erant,
1497 2707 1656 2762 tradit
1696 2707 1801 2761 illis

202 2796 425 2851 Lucium
449 2797 735 2868 quemdam
756 2839 771 2865 ,
813 2798 1088 2869 gentilem,
1116 2807 1175 2853 ut
1201 2797 1474 2853 dicebatur
1492 2839 1508 2863 ,
1537 2808 1799 2853 rectorem

201 2887 416 2943 numeri
443 2889 823 2955 scutariorum,
849 2890 1109 2945 mandans
1132 2898 1190 2945 ut
1210 2890 1488 2945 moderate
1515 2890 1798 2945 ecclesiam

201 2976 477 3047 ingressus
507 2979 763 3048 pepulum
792 2988 1134 3035 convocaret.
1167 2978 1449 3035 Profectus
1476 2980 1589 3046 ille,
1615 2990 1667 3035 ct
1687 2995 1795 3035 non

198 3067 436 3132 auditus,
486 3068 645 3123 rediit
681 3068 749 3123 ad
779 3069 1034 3123 Acacium
1062 3111 1077 3134 ,
1105 3069 1288 3138 populi
1329 3068 1579 3125 ardorem
1612 3078 1666 3124 et
1693 3069 1800 3125 frc-

198 3159 478 3228 qncntiam
512 3160 773 3215 indicans.
808 3160 934 3215 Post
963 3160 1077 3215 bch
1108 3161 1255 3215 illum
1282 3162 1595 3231 suppliciter
1622 3171 1795 3227 orant,

199 3250 381 3304 aureis
405 3249 584 3304 verbis
622 3249 972 3319 deprecantes
992 3291 1008 3317 ,
1039 3250 1305 3321 adiunctis
1330 3252 1491 3306 etiam
1519 3253 1800 3321 promissis

200 3340 425 3409 majoris
450 3354 754 3410 processus,
781 3350 834 3393 ut
852 3340 1138 3411 impediret
1160 3341 1375 3398 Domini
1397 3342 1644 3411 gloriam,
1667 3358 1803 3411 prte-

200 3432 467 3500 t-ipientes
506 3432 555 3486 ei
587 3441 642 3485 ut
670 3431 754 3487 vel
783 3433 1027 3488 oratione
1058 3446 1343 3501 persuasos
1368 3434 1596 3504 pepulos
1619 3434 1686 3489 ad
1707 3450 1798 3490 ec-

201 3524 421 3578 clesiam
469 3522 794 3589 adduceret,
824 3524 907 3580 vel
940 3525 989 3579 vi
1024 3524 1267 3580 turbatos
1298 3525 1582 3595 impediret
1621 3526 1798 3605 nefc-

199 3625 343 3669 stum
361 3615 716 3671 celebrarent.
742 3615 838 3671 IIic
855 3631 982 3685 ergo
1001 3615 1178 3671 subito
1198 3617 1486 3687 assumptis
1503 3631 1682 3671 secum
1700 3618 1801 3673 cle—

202 3706 327 3761 ricis
358 3720 426 3759 ex
450 3715 600 3775 parte
616 3708 792 3761 Acacii
815 3748 829 3772 ,
861 3721 1107 3777 egressus
1143 3715 1225 3762 est
1246 3708 1482 3763 secunda
1505 3709 1681 3779 vigilia
1703 3725 1799 3764 no-

200 3800 301 3854 ctis
324 3799 393 3853 ad
423 3799 473 3853 id
497 3808 714 3869 propter
755 3800 894 3871 quod
924 3801 1118 3855 missus
1144 3810 1278 3856 erat.
1309 3800 1441 3856 Nam
1484 3802 1535 3855 in
1564 3818 1676 3868 eos,
1708 3804 1800 3872 qui

205 3890 459 3959 populum
499 3891 550 3944 in
589 3890 829 3959 partibus
864 3892 1060 3945 nostris
1097 3906 1267 3962 usque
1300 3891 1366 3947 ad
1407 3892 1633 3961 primum
1672 3893 1799 3962 galli

202 3989 418 4034 cautum
449 3980 793 4047 detinebant,
833 3981 1127 4051 derepente
1165 3993 1325 4039 noctu
1354 3984 1610 4053 impetum
1650 3985 1794 4050 fecit,

206 4071 320 4138 ipse
343 4072 548 4126 tirones
572 4072 772 4128 habens
791 4115 805 4139 ,
828 4074 1099 4130 districtos
1114 4075 1317 4145 gladios
1338 4085 1609 4147 gestantes
1633 4077 1799 4132 instar

205 4160 347 4216 Esau
373 4162 795 4234 quadringentos
815 4205 829 4230 ,
871 4163 1085 4236 egregie
1117 4165 1477 4235 impudentes,
1510 4182 1629 4222 cum
1655 4167 1798 4222 indi-

204 4254 353 4308 cibus
381 4254 593 4309 clericis
618 4264 672 4310 et
698 4256 978 4324 militibus,
1010 4258 1303 4314 insolenter
1323 4268 1378 4316 ιιι
1418 4260 1603 4330 lupus,
1635 4275 1799 4315 coru-

204 4357 391 4403 scante
422 4347 565 4403 ferro
598 4349 990 4404 multitudinem
1018 4366 1391 4422 perrumpens.
1417 4352 1670 4408 Pcnetrat
1712 4368 1798 4407 us-

203 4453 311 4507 que
342 4438 408 4492 ad
439 4448 653 4494 sanctas
678 4455 862 4511 aquas,
882 4448 940 4495 ut
958 4442 1267 4512 prohiberet
1291 4445 1488 4515 eosqui
1516 4444 1801 4500 initiabun-

206 4538 294 4581 tnr
314 4537 652 4584 sacramento
675 4530 964 4587 Dominicte
985 4534 1394 4590 resurrectionis
1425 4554 1438 4590 :
1463 4545 1516 4592 et
1544 4538 1596 4591 in
1614 4538 1799 4597 diaco-

208 4634 337 4671 num
368 4620 666 4688 procaciter
695 4620 890 4688 illisus,
919 4623 1161 4693 symbola
1191 4624 1378 4681 effudit
1403 4645 1417 4680 :
1450 4630 1800 4700 presbyteros

204 4725 337 4766 vero
379 4711 693 4782 graiidazvos
731 4713 959 4769 fustibus
1001 4715 1053 4770 in
1097 4716 1273 4787 capite
1318 4717 1539 4787 feriens,
1584 4736 1798 4776 sacrum

201 4800 413 4858 fontem
460 4817 653 4858 cruore
702 4807 1023 4875 conspersit.
1064 4806 1215 4862 Tunc
1242 4808 1427 4864 videre
1455 4820 1571 4865 erat
1596 4813 1801 4883 angeli-

202 4906 326 4948 eam
358 4891 500 4945 illam
528 4900 759 4957 noctem,
804 4894 858 4948 in
886 4910 989 4964 qua
1020 4896 1179 4949 etiam
1224 4896 1498 4955 dtemones
1543 4913 1802 4958 corruunt

210 4984 525 5054 perterriti,
566 4983 621 5039 in
652 4984 1015 5055 labyrinthum
1062 5000 1403 5043 conversam.
1450 4989 1617 5046 Nudae
1656 4994 1799 5048 enim

212 5074 469 5129 mulieres
491 5088 613 5129 cum
638 5075 771 5130 viris
797 5087 943 5131 metu
970 5078 1160 5133 mortis
1179 5086 1271 5132 aut
1297 5079 1638 5151 turpitudinis
1662 5087 1801 5156 turpi

210 5167 352 5236 fugze
395 5180 455 5220 se
499 5164 717 5230 dabant,
769 5166 1082 5223 indecorum
1138 5183 1353 5223 cursum
1407 5170 1800 5239 prazferentes:

209 5258 348 5311 alius
375 5271 534 5310 manu
556 5256 865 5313 vulneratus
887 5258 1068 5333 abibat
1095 5259 1311 5329 plorans
1334 5277 1348 5313 :
1382 5261 1518 5318 alius
1537 5263 1797 5333 virginem

213 5347 459 5402 trahebat
502 5348 792 5411 conscissis
835 5349 1107 5414 vestibus;
1143 5362 1332 5406 omnes
1370 5362 1550 5408 autem
1588 5354 1796 5425 deprte-

211 5440 402 5494 dantes
443 5453 597 5493 sacra
640 5453 789 5502 vasa,
834 5439 935 5493 sibi
976 5440 1273 5510 rapiebant.
1303 5441 1392 5497 Sic
1415 5445 1714 5516 presbyteri
1746 5457 1802 5503 et

211 5530 421 5584 diaconi
454 5530 546 5599 qui
572 5531 716 5600 capti
740 5538 895 5585 erant
915 5570 933 5597 ,
964 5530 1017 5585 in
1041 5546 1314 5589 carcerem
1335 5534 1759 5594 detrudebantur
1786 5558 1799 5595 :

212 5622 300 5691 qui
331 5622 513 5675 autein
541 5621 593 5676 in
628 5621 824 5691 populo
865 5630 1018 5676 erant
1043 5626 1328 5691 honorati,
1356 5627 1488 5682 urbe
1514 5629 1656 5699 regia
1692 5632 1807 5700 pel-

213 5712 477 5767 lefrantur.
528 5713 728 5767 Deinde
774 5712 944 5767 edicta
987 5713 1086 5766 alia
1116 5729 1275 5783 super
1315 5717 1413 5769 alia
1446 5733 1543 5786 per
1571 5722 1800 5790 compita

190 336 250 375 :3
1002 352 1017 357 -
1191 314 1279 367 ne
1322 312 1476 367 vm
1523 311 1580 365 s.
1621 304 1903 363 JOANNIS
1944 307 2440 363 CllltYSOSTOMl.
3418 320 3487 375 st

1898 422 2348 490 proponebantur,
2404 423 2575 477 varias
2619 425 2788 478 minas
2829 426 3177 491 continentia,
3234 428 3334 483 nisi
3364 446 3486 499 quis

1895 526 2017 566 cum
2048 513 2252 569 Joanne
2280 515 2711 570 communionem
2743 517 3052 587 abnegarct.
3085 518 3215 573 Cum
3237 520 3350 576 haec
3377 540 3490 577 ma-

1897 603 2038 659 xime
2071 604 2296 672 ﬁerent,
2327 614 2380 661 et
2408 605 2558 675 plura
2591 607 2653 661 iis
2684 608 2774 677 qui
2814 607 3130 664 dicebantur
3170 612 3403 683 cpisc0pi
3436 616 3487 668 in

1897 695 2112 765 publico
2138 697 2457 753 molirentur
2485 717 2497 751 :
2528 709 2824 754 conventus
2861 708 3039 755 tamen
3054 716 3237 756 eorum
3264 704 3352 775 qui
3384 704 3485 758 do-

1897 796 2101 843 ctorem
2124 803 2276 844 suum
2308 800 2401 845 aut
2432 792 2606 860 potius
2635 792 2727 862 qni
2756 793 2922 849 Deum
2955 795 3227 865 amabant,
3259 812 3363 853 non
3392 799 3489 853 mi-

1899 880 2200 947 nuebatur;
2229 881 2324 937 sed
2355 892 2409 937 ut
2436 883 2490 937 in
2522 883 2708 939 Exodo
2735 885 2944 955 legitur,
2975 898 3175 957 quanto
3196 891 3365 961 magis
3392 907 3487 946 oc-

1901 968 2170 1035 cidebant,
2203 979 2351 1025 tanto
2378 972 2558 1042 plures
2589 972 2810 1028 ﬁebant.
2840 975 2935 1030 Dic
2966 978 3212 1047 sequenti
3241 995 3489 1050 egreSSiis

1901 1058 2202 1130 Imperator
2245 1072 2305 1116 ut
2345 1079 2465 1118 sese
2491 1075 2766 1121 exerceret
2813 1068 2865 1120 in
2909 1068 3085 1122 vicino
3116 1084 3327 1142 campo,
3360 1073 3493 1127 vidit

1902 1165 2087 1222 agrum
2130 1155 2271 1208 circa
2301 1154 2581 1225 Demptum
2610 1171 2704 1211 seu
2731 1156 2984 1224 Quintum
3015 1162 3412 1217 non'consitum
3439 1175 3492 1219 et

1900 1241 2239 1308 candentem,
2289 1251 2344 1297 et
2392 1244 2721 1314 stupefactus
2777 1247 3034 1317 adspectu
3082 1250 3280 1306 coloris
3323 1268 3495 1322 nuper

1903 1331 2288 1401 baptizatorum
2324 1331 2498 1407 (erant
2520 1335 2664 1391 enim
2690 1337 2756 1391 ad
2783 1339 2883 1391 tria
2910 1339 3076 1395 ferme
3098 1342 3308 1413 millia),
3341 1343 3494 1398 satel-

1903 1422 2023 1477 lites
2066 1431 2237 1493 rogat,
2282 1424 2497 1494 quinam
2526 1436 2672 1483 esset
2716 1427 2788 1482 illi
2815 1440 3261 1501 eongregatorum
3297 1444 3492 1490 curtus.

1903 1511 1984 1566 Illi
2016 1520 2194 1568 autem
2226 1515 2455 1581 mentiti,
2484 1516 2670 1571 dicunt
2704 1517 3078 1576 haereticorum
3108 1538 3249 1590 esse,
3279 1535 3337 1580 ut
3362 1528 3495 1582 iram

1903 1604 2251 1674 Imperatoris
2273 1608 2588 1664 excitarent.
2636 1610 2713 1666 Ile
2739 1615 2972 1683 cognita,
3004 1616 3185 1671 statim
3227 1616 3383 1687 hujus
3416 1621 3491 1676 rei

1904 1696 2133 1751 ministri
2150 1706 2203 1752 et
2236 1698 2444 1754 invidiae
2475 1702 2717 1770 patroni,
2743 1705 3035 1761 atrociores
3065 1723 3095 1762 c
3122 1711 3441 1779 sequacibus
3467 1727 3496 1766 a

1905 1796 2058 1857 tergo
2071 1790 2430 1858 summittunt,
2448 1792 2797 1863 adauditores
2813 1795 3235 1867 dissipandos,et
3247 1801 3497 1859 doctores

1904 1879 2442 1949 comprehendendos
2474 1901 2487 1939 :
2517 1884 2606 1953 qui
2648 1885 2773 1940 illuc
2810 1887 3059 1956 profecti,
3093 1890 3268 1946 denuo
3299 1908 3500 1962 pauens

1904 1987 1935 2027 e
1959 1972 2191 2041 clericis,
2226 1973 2408 2044 plures
2437 1991 2566 2031 vero
2593 1991 2623 2032 e
2647 1978 2795 2034 laicis
2816 1981 3137 2053 corripiunt.
3167 1984 3303 2039 Tum
3325 1986 3499 2041 Theo.

1904 2064 2067 2119 dorus
2094 2066 2170 2120 ait
2195 2085 2207 2120 :
2242 2065 2286 2122 Ο
2314 2068 2626 2125 beatissime
2651 2071 2823 2140 Pater,
2856 2088 2978 2128 cum
3007 2084 3113 2130 tam
3144 2078 3293 2133 multi
3318 2091 3501 2135 essent

1905 2164 1963 2211 ut
1986 2158 2382 2229 neophytorum
2430 2176 2687 2217 numerus
2725 2164 2791 2219 ad
2816 2167 2918 2222 tria
2951 2168 3116 2223 millia
3141 2172 3453 2238 procederet
3485 2190 3499 2224 :

1904 2248 2175 2318 quomodo
2194 2250 2244 2305 in
2271 2261 2589 2320 potestatem
2630 2265 2923 2323 paucarum
2951 2259 3177 2314 militum
3208 2260 3496 2327 devenere,

1905 2352 2092 2394 eorum
2107 2350 2247 2397 ccetu
2262 2341 2519 2412 disjecto?
2536 2344 2709 2401 Ense.
2729 2346 2862 2403 Illud
2880 2364 3053 2420 neque
3071 2352 3352 2420 paucitatis
3369 2352 3506 2408 indi-

1911 2429 2077 2495 cium,
2111 2430 2283 2502 neque
2322 2433 2421 2487 zeli
2452 2435 2650 2491 nullius
2676 2448 3073 2509 argumentum,
3100 2441 3197 2496 sed
3226 2442 3502 2515 religionis

1906 2524 2237 2589 praestantia,
2272 2532 2324 2577 et
2368 2539 2511 2579 cura:
2540 2525 2823 2582 doctorum
2851 2529 3263 2600 demonstratio,
3291 2537 3381 2605 qui
3412 2552 3501 2590 as-

1905 2612 2056 2668 sidue
2087 2615 2337 2683 pacificas
2368 2625 2577 2673 mentes
2607 2619 2928 2691 dirigebant.
2962 2623 3279 2681 Theodorus
3323 2638 3501 2683 autem

1904 2705 1979 2758 ait
2008 2721 2021 2756 :
2050 2704 2261 2774 Optime
2288 2706 2420 2762 dicis
2468 2726 2481 2763 :
2527 2725 2699 2779 neque
2727 2713 2870 2766 enim
2914 2712 3139 2770 decebat
3181 2725 3239 2771 ut
3264 2719 3350 2788 qui
3381 2734 3506 2789 prn—

1905 2794 2141 2851 dentiam
2174 2806 2244 2863 et
2290 2801 2754 2877 mansuetudinem
2796 2818 2824 2857 a
2870 2802 3028 2860 beato
3071 2805 3278 2865 Joanne
3306 2811 3503 2865 edoce-

1905 2886 2118 2953 bantur,
2162 2888 2479 2959 insipienter
2522 2902 2685 2964 atque
2713 2894 3058 2952 tumultuarie
3106 2897 3280 2969 ipsum
3320 2901 3507 2957 defen-

1904 2979 2094 3034 derent
2118 2990 2171 3035 et
2199 2982 2551 3040 vindicarent.

1975 3072 2160 3128 CAPUT
2199 3091 2349 3128 v.-—
2394 3077 2571 3134 Ertsc.
2620 3078 2753 3134 Cum
2806 3080 2921 3137 lucc
2967 3083 3059 3138 tibi
3107 3086 3386 3155 placeant,
3439 3103 3506 3143 ne

1904 3179 2208 3221 sermonem
2252 3184 2436 3238 qurcso
2475 3172 2835 3243 interrumpe,
2889 3190 3046 3245 quem
3088 3178 3317 3247 pessima
3368 3178 3504 3236 facta

1904 3268 2231 3326 pepererunt
2260 3278 2273 3315 :
2302 3262 2481 3316 solent
2500 3264 2641 3318 enim
2673 3275 2727 3319 nt
2760 3266 3043 3337 plurimum
3069 3285 3099 3324 a
3126 3268 3278 3326 factis
3297 3286 3505 3329 sermo—

1907 3364 2001 3403 nes
2030 3350 2197 3420 gigni.
2232 3353 2368 3408 Cum
2395 3355 2606 3412 clericis
2644 3360 2801 3429 igitur
2829 3370 2883 3416 et
2913 3362 3061 3418 laicis
3091 3364 3321 3421 detentis
3356 3382 3507 3424 com-

1906 3441 2190 3510 prehensa:
2235 3455 2361 3500 sunt
2406 3449 2645 3504 virorum
2683 3451 2943 3508 nobilium
2985 3456 3260 3527 conjuges.
3293 3459 3427 3515 Sunt
3453 3471 3507 3516 et

1909 3533 2104 3600 quibus
2130 3536 2266 3605 rapti
2311 3538 2603 3607 mafortes,
2637 3542 2757 3596 aliis
2787 3543 3004 3600 inaures
3041 3561 3162 3602 cum
3214 3550 3316 3604 ima
3357 3563 3506 3619 parte

1903 3624 2113 3679 aurium
2150 3626 2307 3680 simul
2338 3628 2619 3687 detraxere
2647 3649 2658 3683 :
2691 3632 2826 3688 adeo
2866 3644 2924 3689 ut
2951 3651 3069 3692 cum
3098 3637 3304 3695 videret
3348 3642 3505 3697 Eleu-

1906 3713 2043 3770 theri
2071 3717 2349 3785 cujusdam
2379 3736 2514 3774 uxor
2552 3722 2957 3792 opulentissima
2979 3770 2991 3791 ,
3024 3728 3211 3785 relicto
3238 3731 3463 3789 maforte
3485 3777 3500 3795 ,

1904 3811 1959 3858 et
1987 3813 2137 3861 veste
2166 3807 2403 3862 ancillari
2425 3820 2698 3882 assumpta
2718 3855 2733 3881 ,
2761 3830 2919 3870 cursu
2949 3818 3223 3889 civitatem
3256 3824 3462 3891 petierit
3487 3869 3501 3889 ,

1893 3906 1963 3949 .ut
1994 3897 2300 3966 pudicitiam
2333 3914 2484 3955 suam
2511 3914 2773 3960 servaret.
2808 3906 2937 3962 Erat
2969 3911 3109 3964 enim
3142 3913 3382 3980 profecto
3405 3916 3502 3971 de-

1905 4001 2028 4041 cora
2080 3989 2259 4058 specie
2297 4002 2483 4047 ornata
2523 4002 2580 4048 et
2621 3995 2851 4066 eleganti
2892 3998 3081 4055 forma.
3112 4001 3265 4059 Hunc
3290 4020 3419 4076 ergo
3453 4009 3502 4061 in

1903 4077 2120 4133 modum
2154 4080 2356 4152 impleti
2388 4084 2657 4140 variorum
2688 4089 3090 4159 magistratuum
3113 4108 3357 4151 carceres
3386 4114 3502 4152 mu-

1906 4169 2154 4224 labantur
2198 4172 2248 4227 in
2294 4173 2550 4230 ecclesias
2581 4194 2594 4229 :
2624 4186 2678 4232 et
2704 4176 2889 4249 hymni
2919 4181 3132 4251 quidem
3163 4194 3323 4255 atque
3349 4188 3500 4242 obla-

1908 4262 2080 4317 tiones
2130 4264 2507 4334 mysteriorum
2574 4267 2624 4322 in
2688 4272 2996 4327 carceribus
3049 4277 3441 4347 peragebantur
3486 4300 3499 4345 ;

1906 4351 2066 4421 ﬂagra
2098 4368 2229 4409 vero
2272 4363 2326 4410 et
2374 4358 2645 4413 cruciatus
2691 4369 2747 4415 et
2792 4362 3069 4420 horribilia
3110 4366 3412 4436 iuramenta
3448 4373 3500 4427 in

1906 4442 2147 4497 ecclesiis
2188 4448 2433 4500 certatim
2462 4447 2875 4520 adhibebantur,
2904 4464 2961 4509 ut
2992 4458 3505 4519 anathematizarent

1905 4532 2165 4589 Joannem
2185 4577 2199 4599 ,
2243 4537 2331 4606 qui
2378 4538 2444 4592 ad
2481 4548 2707 4596 mortem
2736 4558 2903 4614 usque
2928 4562 3049 4602 cum
3075 4549 3273 4607 diaboli
3302 4556 3503 4611 malitia

1906 4623 2263 4695 depugnabat.
2311 4628 2507 4695 Quinto
2553 4646 2715 4701 porro
2763 4634 2851 4691 die
2894 4652 2925 4692 a
2970 4638 3118 4695 finita
3148 4640 3501 4715 Pentecoste,

1906 4717 2134 4772 Aeacius
2159 4759 2173 4782 ,
2210 4718 2534 4777 Severianus
2554 4765 2567 4790 ,
2618 4726 2914 4784 Antiochus
2942 4739 3103 4801 atque
3142 4734 3372 4806 Cyrinus
3401 4739 3503 4794 Im-

1909 4817 2207 4875 peratorem
2234 4810 2433 4866 adeunt
2456 4854 2470 4878 ,
2498 4824 2553 4868 et
2572 4856 2587 4882 ,
2633 4815 2825 4885 Nobis,
2860 4819 3144 4892 inquiunt,
3174 4840 3204 4880 a
3236 4826 3343 4883 Deo
3371 4845 3506 4884 con-

1907 4902 2123 4958 stitutus
2153 4918 2211 4960 es
2236 4944 2251 4969 ,
2283 4904 2601 4976 Imperator.
2634 4912 2837 4966 nemini
2881 4915 3184 4985 subjectus,
3230 4930 3283 4976 et
3318 4938 3507 4981 omnes

1910 4992 2001 5047 tibi
2027 4992 2269 5050 subditos
2296 4995 2503 5053 habens
2527 5015 2542 5065 ;
2574 4999 2693 5056 licet
2720 5002 2811 5057 tibi
2842 5005 2984 5075 quod
3013 5007 3162 5065 lubet
3191 5011 3389 5072 facere.
3418 5017 3498 5075 Ne

1909 5082 1982 5137 sis
2010 5084 2341 5157 presbyteris
2382 5088 2585 5155 mitior,
2630 5106 2732 5146 nec
2759 5095 3028 5167 episcopis
3052 5103 3289 5158 sanctior
3316 5122 3329 5161 :
3364 5107 3504 5162 dixi-

1910 5191 2031 5231 mus
2062 5178 2152 5232 tibi
2184 5193 2365 5234 coram
2394 5182 2642 5239 omnibus
2672 5201 2685 5238 :
2736 5185 2793 5240 In
2822 5198 2982 5257 caput
3007 5201 3250 5250 nostrum
3281 5183 3505 5257 Joannis

1908 5265 2176 5336 depositio
2223 5279 2358 5324 esto.
2387 5271 2466 5327 Ne
2508 5264 2667 5343 igitur
2708 5274 2909 5333 homini
2939 5281 3030 5335 uni
3055 5293 3113 5339 ut
3155 5299 3378 5357 parcas,
3410 5307 3509 5345 nos

1910 5372 2097 5411 omnes
2129 5359 2311 5428 perde.
2345 5360 2580 5418 Judaicis
2607 5367 2809 5435 verbis,
2842 5368 3071 5429 fortasse
3092 5386 3147 5431 et
3174 5377 3356 5445 factis,
3380 5383 3510 5436 sub-

1910 5448 2033 5502 dole
2059 5462 2439 5519 persuaserunt
2462 5454 2513 5509 id
2546 5455 2877 5526 Imperatori.
2905 5461 2996 5517 Sic
3018 5463 3315 5537 Imperator
3342 5474 3506 5529 misso

1912 5542 2143 5599 Patricio
2168 5547 2395 5613 notario,
2418 5546 2533 5604 hac
2554 5549 2743 5605 Joanni
2773 5552 3050 5612 denuntiat
3074 5576 3086 5613 :
3117 5561 3366 5632 Aeacius,
3393 5567 3506 5621 An-
3530 5603 3534 5606 ι

1916 5635 2157 5700 tioelius,
2210 5636 2551 5707 Severianus,
2601 5651 2656 5697 et
2694 5644 2949 5716 Cyrinus,
2997 5651 3498 5715 condemnationem

1918 5737 2059 5781 tuam
2087 5726 2141 5781 ia
2171 5737 2331 5795 caput
2367 5745 2519 5787 suum
2550 5734 2911 5802 coniecerunt.
2946 5739 3109 5806 Igitur
3147 5744 3234 5800 ubi
3268 5763 3352 5803 res
3389 5759 3509 5809 tuas
