4234 6310
753 317 824 372 as
1591 277 1598 283 ’
1998 297 2310 357 ικιιωιιιι
2355 297 2692 353 [MALUGUS

758 434 865 486 Deo
890 430 1378 492 commendaveris,
1430 428 1685 496 egredere
1709 423 1968 479 Ecclesia.
2001 419 2076 473 Ita
2103 416 2334 472 Joannes

755 523 1036 591 episcopus
1065 532 1181 590 post
1220 527 1456 589 apertam
1485 534 1545 572 ac
1576 517 1793 570 minime
1823 511 2188 567 adumbratam
2217 508 2337 575 jus-

752 626 957 665 sionem
994 628 1057 666 ex
1083 610 1353 680 episcopio
1384 607 1664 662 discedens
1712 621 1830 659 cum
1879 602 2162 672 episcopis,
2206 598 2334 652 dicit

751 704 997 756 omnilnts
1029 721 1041 754 :
1075 701 1285 766 Venite,
1318 715 1552 761 oremus,
1603 707 1654 752 et
1696 697 1884 765 angelo
1940 691 2191 747 Ecclesite
2236 703 2331 741 va-

751 792 1038 847 lcdieamus
1085 810 1097 843 :
1145 792 1296 846 laztns
1345 790 1556 860 quidem
1602 788 1673 842 ob
1731 802 1815 840 res
1867 785 2042 853 ipsas,
2098 794 2332 837 ntmrens

749 894 924 937 autem
967 885 1036 938 ob
1080 885 1256 952 populi
1307 897 1616 936 mmrorem.
1668 879 1914 933 Protinus
1966 875 2227 945 quispiam
2266 887 2332 926 ex

752 974 1010 1042 religiosis
1049 974 1357 1042 proceribus
1383 973 1494 1025 hmc
1523 971 1712 1026 Joanni
1743 968 2006 1039 signiﬁcat
2034 985 2045 1019 :
2079 962 2330 1034 Quando-

749 1064 960 1135 quidem
991 1065 1205 1125 Lucius,
1241 1065 1320 1118 vir
1347 1065 1518 1118 audax
1548 1076 1601 1118 et
1625 1063 1758 1117 facie
1783 1062 2084 1130 impudens,
2117 1067 2332 1126 paratus

748 1167 830 1208 est
865 1154 928 1208 in
977 1154 1189 1224 publico
1238 1153 1450 1209 lavacro
1495 1169 1615 1208 cum
1661 1153 1915 1208 militibus
1947 1151 2088 1213 suis,
2124 1152 2164 1201 si
2197 1148 2332 1199 forte

748 1246 1080 1298 contradieas
1103 1257 1192 1298 aut
1223 1246 1456 1311 dill'eras,
1489 1245 1570 1297 vel
1605 1243 1822 1296 invitum
1855 1249 1905 1295 te
1935 1239 2145 1293 trahere
2173 1247 2331 1305 alque

747 1336 1033 1404 erpellere,
1067 1334 1216 1403 plebs
1239 1345 1412 1387 autem
1451 1333 1682 1385 civitatis
1710 1338 2105 1392 commovetur;
2140 1327 2328 1380 festina

747 1430 880 1481 clam
906 1427 1116 1494 egredi,
1147 1441 1213 1480 ne
1246 1436 1296 1480 te
1328 1424 1619 1479 defendens
1649 1423 1896 1493 pepulus,
1925 1436 2045 1474 cmn
2075 1417 2330 1472 militibus

746 1532 973 1586 pugnam
1005 1518 1321 1571 committat.
1357 1517 1502 1569 'l'unc
1533 1515 1765 1569 Joannes
1806 1529 1924 1567 cum
1955 1511 2203 1581 lacrymis
2233 1509 2330 1561 ali-

747 1626 879 1679 quos
919 1625 981 1664 ex
1032 1611 1296 1678 episcOpis
1337 1611 1605 1663 osculatus
1636 1606 1890 1679 (reliquos
1918 1605 2060 1659 enim
2100 1602 2328 1658 osculari

748 1714 850 1752 non
900 1701 1108 1754 sinebat
1153 1698 1350 1772 dolor),
1398 1699 1514 1753 vale
1562 1699 1694 1753 dixit
1721 1698 1926 1752 czcteris
1958 1697 2009 1750 in
2051 1695 2324 1748 sacrario:

746 1791 968 1857 Maneto,
1002 1793 1262 1860 inquiens,
1297 1789 1382 1845 hic
1409 1790 1619 1844 interim
1645 1831 1660 1855 ,
1689 1800 1745 1843 ut
1772 1788 2039 1859 profectus
2061 1787 2326 1841 modicum

746 1884 1034 1952 quiescam.
1058 1884 1327 1953 ingressus
1350 1895 1527 1937 autem
1548 1882 1937 1952 baptisterium,
1963 1878 2326 1950 Olympiadem

747 1987 920 2039 vocat,
949 1991 1065 2044 qua:
1088 1975 1155 2027 ab
1182 1975 1418 2030 Ecclesia
1449 1991 1552 2029 non
1583 1973 1904 2034 discedebat,
1942 1971 2095 2025 simul
2117 1981 2171 2024 et
2191 1969 2328 2024 Pen-

746 2069 940 2122 tadiam
992 2075 1045 2120 et
1090 2067 1328 2120 Proelam
1381 2065 1729 2130 diacouissas,
1783 2073 1840 2117 et
1881 2063 2136 2116 Silvinam
2185 2058 2325 2113 beati

746 2159 981 2214 Nebridii
1013 2172 1228 2212 uxorem
1249 2198 1262 2218 ,
1297 2173 1416 2226 qua:
1443 2157 1748 2210 viduitatem
1785 2169 1933 2207 suam
1962 2153 2242 2207 honestate
2265 2165 2327 2204 ac

745 2250 1001 2304 modestia
1030 2249 1314 2302 decorabat
1338 2265 1351 2310 ;
1384 2259 1541 2316 atque
1565 2249 1643 2300 eis
1665 2247 1792 2300 dicit
1819 2264 1831 2299 :
1862 2245 2051 2299 Venite
2071 2241 2150 2307 ,‘o
2184 2243 2324 2308 ﬁlim,

747 2341 922 2394 audite
951 2355 1055 2394 me.
1097 2339 1231 2406 Qua:
1272 2338 1337 2390 ad
1369 2353 1453 2391 me
1480 2339 1741 2399 attinent,
1773 2335 1928 2389 linem
1967 2346 2017 2387 ut
2051 2334 2205 2388 video
2235 2334 2330 2406 ha-

746 2429 909 2484 bent:
938 2444 1149 2484 cursum
1192 2445 1368 2482 meum
1413 2427 1802 2491 consummavi,
1848 2435 1903 2481 et
1951 2425 2088 2480 forte
2126 2427 2326 2479 vultum

748 2537 926 2575 meum
972 2537 1074 2573 non
1121 2519 1351 2587 amplius
1395 2518 1662 2573 videbitis.
1709 2518 1821 2571 lloc
1849 2533 2010 2569 unum
2040 2526 2157 2579 est,
2189 2515 2328 2584 quod

747 2627 874 2681 rogo
899 2653 912 2674 ,
950 2627 1017 2665 ne
1047 2627 1145 2679 qua
1178 2621 1412 2664 vestrum
1440 2624 1466 2661 a
1499 2610 1656 2664 solita
1683 2623 1806 2677 erga
1839 2601 2137 2662 ~Ecclesiam
2165 2607 2326 2660 benc-

748 2701 976 2755 volentia
1013 2701 1306 2763 avellatur;
1354 2708 1404 2752 et
1431 2700 1750 2768 quicumque
1783 2697 2049 2752 reluctans
2077 2696 2236 2749 fuerit
2263 2695 2328 2749 ad

748 2793 1136 2851 ordinationem
1160 2789 1448 2851 deductus,
1477 2805 1543 2842 ex
1568 2801 1828 2841 consensu
1854 2787 2112 2849 onmium,
2142 2800 2246 2839 non
2277 2783 2330 2838 id

748 2884 1020 2946 ambiens,
1052 2882 1099 2936 ei
1131 2892 1397 2950 tamquam
1422 2879 1613 2933 Joanni
1650 2889 1810 2947 caput
1837 2888 2071 2930 vestrum
2100 2877 2327 2930 subruit-

749 2978 839 3027 tite
876 2993 888 3026 :
929 2990 1033 3026 non
1062 2982 1236 3040 potest
1275 2972 1418 3025 enim
1465 2970 1701 3024 Ecclesia
1729 2984 1847 3022 esse
1892 2969 2009 3022 sine
2054 2969 2326 3036 episcopo.

749 3065 822 3116 Ita
854 3063 1277 3118 misericordiam
1301 3061 1698 3130 consequamini
1726 3101 1739 3118 ,
1789 3071 1840 3112 et
1870 3073 2136 3112 memores
2159 3066 2329 3110 estote

751 3156 852 3207 mei
885 3155 934 3205 in
963 3153 1289 3206 orationibus
1313 3154 1526 3204 vestris.
1573 3150 1679 3204 Illae
1707 3149 1954 3220 lacrymis
1997 3147 2224 3220 perfusa:
2264 3147 2328 3200 ad

748 3246 861 3311 ejus
908 3243 1070 3311 pedes
1119 3242 1555 3295 advolvehantur.
1601 3241 1748 3294 Tunc
1793 3242 2015 3294 inuuens
2045 3240 2254 3294 cuidam
2297 3254 2328 3292 e

749 3333 1062 3387 venerandis
1091 3334 1416 3404 presbyteris
1445 3333 1517 3385 ait
1543 3351 1555 3386 :
1588 3333 1738 3385 Tolle
1761 3348 1850 3385 eas
1882 3333 2022 3396 hinc,
2060 3347 2125 3385 ne
2158 3346 2326 3400 popu-

747 3421 852 3477 lum
883 3423 1212 3492 perturbent.
1262 3423 1349 3477 Sic
1394 3423 1551 3492 igitur
1589 3423 1861 3489 paululum
1905 3431 2157 3486 retentm,
2203 3422 2330 3474 visa:

748 3524 872 3566 sunt
911 3513 1271 3582 acquiescere.
1316 3512 1380 3565 Et
1416 3513 1492 3565 sic
1537 3512 1665 3565 abiit
1691 3513 1741 3564 in
1779 3522 1980 3579 partem
2013 3512 2327 3565 orientalem

751 3605 1060 3674 (nihilonim
1084 3605 1222 3673 apud
1242 3605 1387 3656 illum
1411 3614 1523 3657 erat
1544 3603 1914 3670 occidentale).
1934 3602 1992 3655 In
2013 3602 2328 3656 occidentali

747 3707 925 3750 autem
971 3706 1120 3765 parte
1142 3737 1156 3758 ,
1189 3696 1273 3748 ubi
1302 3705 1383 3748 est
1420 3711 1664 3763 magnum
1694 3694 1946 3748 Ecclesia:
1975 3694 2292 3748 vestibulum
2313 3735 2326 3757 ,

744 3789 1039 3855 iumentum
1085 3789 1166 3840 cui
1195 3786 1398 3841 solebat
1427 3765 1682 3842 Joannes.
1706 3786 1938 3840 insidere
1964 3827 1977 3846 .
2019 3796 2163 3839 stare
2208 3795 2332 3839 ante

749 3885 953 3944 portam
973 3877 1129 3945 jussit
1150 3917 1162 3938 ,
1207 3888 1264 3929 ut
1292 3877 1540 3944 pupulum
1568 3892 1628 3930 ea
1655 3893 1722 3929 ex
1753 3886 1903 3944 parte
1928 3885 2329 3944 exspectantem

750 3968 846 4019 abs
874 3982 930 4018 se
954 3965 1266 4018 dimovcret.
1301 3965 1414 4020 Una
1458 3981 1578 4018 cum
1617 3980 1681 4018 eo
1710 3980 1958 4033 egressus
2002 3975 2084 4018 est
2113 3967 2332 4034 angelus

753 4060 1038 4125 Ecclesiae,
1084 4060 1422 4114 solitudinem
1471 4061 1724 4114 Ecclesizc
1765 4076 1873 4113 non
1923 4060 2130 4124 ferens,
2173 4074 2326 4128 quam

752 4152 1075 4220 principatus
1103 4167 1325 4218 nequam
1369 4162 1420 4203 et
1453 4161 1740 4218 potestates
1780 4150 2049 4212 fecerant,
2096 4153 2327 4218 speciem

752 4242 940 4293 theatri
994 4241 1324 4308 iniquitatum
1386 4241 1718 4294 exhibentes.
1768 4241 1897 4293 Erat
1938 4242 2126 4305 enim,
2179 4251 2236 4293 ιιι
2279 4242 2328 4293 ἱιι

754 4332 980 4395 theatro,
1015 4331 1198 4384 sibilus
1233 4332 1518 4399 impiorum
1561 4331 1958 4399 cxplodcntium
2007 4341 2061 4382 et
2105 4331 2330 4383 irriden—

756 4426 906 4485 tinm,
938 4423 1240 4477 Judamrtuu
1272 4440 1333 4476 ac
1362 4425 1636 4491 gentilium
1665 4425 1949 4476 itnu'todice
1976 4424 2328 4477 deridentium

753 4526 815 4569 a'c
843 4519 1280 4569 subsamtantituu
1317 4532 1327 4565 :
1379 4525 1431 4567 ut
1478 4527 1652 4567 autem
1700 4517 1749 4567 in
1797 4531 2007 4568 carcere
2032 4557 2045 4580 ,
2078 4515 2243 4583 plaga:
2281 4525 2331 4568 et

755 4611 806 4662 in
838 4611 1033 4661 viscera
1070 4609 1188 4660 illisi
1211 4608 1474 4661 cruciatus
1506 4624 1532 4659 a
1562 4608 1834 4671 militibus,
1863 4618 1915 4660 ct
1936 4608 2168 4659 omnium
2194 4624 2334 4660 men-

757 4700 824 4752 tis
851 4701 1041 4751 virium
1072 4699 1342 4763 distentio,
1374 4713 1492 4751 cum
1523 4699 1592 4750 ob
1620 4699 1852 4750 ablatum
1880 4698 2149 4750 doctorem
2175 4739 2187 4761 ,
2221 4708 2330 4750 tum

754 4793 822 4842 oh
850 4791 1231 4858 blaSpliemiam
1280 4792 1329 4842 in
1364 4792 1548 4842 Deum.
1597 4788 1695 4842 Ubi
1723 4791 1867 4842 enim
1899 4801 2233 4855 peccatorum
2277 4788 2333 4842 ﬁt

756 4881 999 4933 remissio
1020 4921 1032 4942 ,
1075 4881 1144 4932 ibi
1173 4880 1439 4947 sanguinis
1469 4879 1626 4931 iieliat
1669 4877 1876 4931 ell‘usio.
1910 4878 2038 4931 Post
2066 4878 2207 4931 illam
2237 4895 2326 4932 au-

759 4983 864 5024 tem
906 4971 1309 5024 iucnarrabiletn
1358 4981 1513 5040 atque
1559 4972 1977 5038 inexplicabilem
2017 4970 2329 5043 caliginem,

761 5065 970 5117 ﬂamma
1002 5079 1030 5116 e
1058 5066 1226 5116 media
1259 5065 1383 5119 sede
1411 5066 1461 5117 in
1495 5082 1593 5133 qua
1619 5063 1819 5121 solebat
1838 5069 2071 5124 Joannes
2101 5072 2292 5126 sedens
2317 5115 2329 5139 ,

761 5159 920 5213 veluti
949 5159 1121 5211 medio
1149 5160 1197 5210 in
1225 5174 1448 5228 corpore
1474 5175 1584 5225 cor,
1619 5163 1871 5215 membris
1898 5166 2106 5218 cmteris
2126 5165 2332 5218 Domini

760 5252 963 5319 eloquia
1011 5251 1339 5318 interpretari
1368 5292 1380 5312 ,
1432 5253 1540 5305 visa
1573 5253 1715 5305 verbi
1761 5253 1852 5306 Dei
1884 5255 2222 5324 interpretem
2251 5272 2335 5310 re-

758 5343 1020 5411 quirebat,
1049 5358 1155 5412 quo
1183 5358 1283 5395 non
1310 5343 1521 5396 invento
1552 5344 1731 5397 sedem
1763 5345 2167 5415 deposcebatur,
2201 5353 2254 5400 et
2283 5347 2334 5404 in

758 5436 924 5489 altum
963 5435 1308 5489 arboresceus
1339 5450 1432 5503 per
1462 5446 1674 5490 catenas
1700 5437 1765 5489 ad
1805 5449 1978 5491 tecum
2016 5453 2183 5507 usque
2225 5452 2335 5491 scr-

758 5529 882 5597 psit,
914 5536 1073 5596 atque
1093 5528 1288 5596 vipera:
1311 5527 1476 5582 instar
1508 5537 1692 5583 ventre
1720 5543 1881 5583 exeso
1901 5569 1916 5594 ,
1947 5529 2011 5582 ad
2042 5530 2333 5598 poSteriora

762 5621 965 5674 :nditicii
992 5619 1229 5674 ecclesm:
1260 5619 1542 5682 ferebatur,
1591 5620 1698 5673 Deo
1731 5622 2030 5675 mercedem
2071 5620 2334 5688 injustitia:

764 5713 918 5766 veluti
959 5711 1229 5768 deﬁnitam
1278 5712 1341 5765 ad
1391 5711 1437 5765 id
1487 5727 1695 5782 pinnam
1729 5714 1982 5769 reddente
2007 5755 2022 5783 ,
2056 5715 2116 5768 ad
2149 5730 2332 5770 corre-

3959 306 4044 360 36

2444 415 2679 485 ptioncm
2713 424 2768 470 ct
2811 417 3226 472 admonitionem
3270 433 3455 474 cornu.
3480 419 3567 489 qui
3610 418 3852 473 nesciunt
3898 424 4045 476 resi-

2441 507 2647 576 piscere
2674 508 2775 560 nisi
2797 507 3050 578 adSpectu
3074 511 3336 564 malorum
3360 510 3610 564 divinitus
3631 501 3991 566 immissorunt
4020 530 4039 565 :

2441 614 2547 651 non
2577 599 2748 660 solum
2779 612 2958 655 autem
2987 617 3105 656 eam
3136 601 3206 655 ob
3233 618 3472 668 causam,
3505 605 3599 657 sed
3640 611 3696 656 ut
3725 605 3849 657 fera:
3888 604 4042 659 illius

2438 690 2637 762 Synodi
2669 704 3070 746 monumentum
3113 693 3458 764 relinqueret.
3509 694 3618 749 Nec
3648 694 3699 749 id
3729 695 3922 750 mirum
3963 696 4041 749 de

2439 782 2702 847 ecclesia,
2748 798 2867 836 cum
2919 784 3174 838 Senatum
3223 785 3310 854 qui
3366 785 3506 853 apud
3548 795 3762 839 exteros
3808 786 4037 849 dicitur,

2440 874 2619 927 multis
2648 875 2892 944 passibus
2920 876 3160 931 dissitum
3191 892 3256 931 ex
3281 877 3508 931 adverso
3536 877 3776 932 ecclesia:
3820 879 3885 932 ad
3918 895 4040 932 me-

2440 966 2828 1036 ridiem,ignis
2877 967 2966 1022 ille
3018 969 3350 1038 interjectam
3403 970 3578 1040 pepuli
3630 971 4035 1026 multitudinem

2438 1058 2613 1123 pontis
2636 1059 2800 1111 instar
2826 1059 3097 1126 sapienter
3121 1070 3549 1128 pnetergressus,
3576 1056 4030 1129 péssuuulcderit,

2438 1163 2544 1200 non
2575 1146 2720 1215 prius
2741 1158 2942 1216 partem
2973 1149 3214 1204 ccclcsuc
3241 1152 3490 1214 vicinam,
3526 1169 3590 1205 ne
3615 1153 3864 1206 damnum
3896 1155 4030 1206 illud

2436 1237 2691 1291 vicinitati
2720 1238 3184 1304 adscriberemus;
3210 1242 3300 1295 sed
3326 1252 3527 1309 partem
3560 1244 3752 1310 palatio
3783 1245 4030 1313 Impera-

2437 1337 2610 1382 torum
2658 1331 2988 1398 proximam,
3032 1341 3089 1386 ut
3128 1333 3206 1386 r'ci
3250 1334 3564 1388 miraculum
3611 1337 3880 1405 sapienter
3911 1338 3960 1391 id
3992 1356 4028 1392 ςι

2437 1418 2551 1473 Deo
2598 1419 2793 1473 factum
2835 1436 2955 1475 esse
3002 1423 3269 1490 probaret.
3319 1424 3511 1478 \‘idere
3551 1426 3691 1480 enim
3731 1437 3845 1480 erat
3882 1429 4028 1482 inter

2434 1509 2570 1565 duos
2597 1511 2780 1580 igneos
2810 1523 3021 1567 montes
3045 1557 3058 1579 ,
3092 1515 3287 1569 illaesos
3331 1516 3553 1584 populos
3581 1517 3646 1568 ad
3677 1532 3772 1572 sua
3811 1519 4021 1585 negotia

2435 1613 2817 1658 commeantes.
2853 1605 2908 1658 ιιι
2947 1605 3085 1660 lumc
3122 1607 3279 1676 igitur
3321 1607 3534 1661 modum
3565 1609 3697 1678 ignis
3723 1610 4022 1663 circumvo-

2439 1695 2554 1747 lans
2585 1705 2635 1750 et
2668 1696 2871 1751 nudans
2903 1707 3149 1766 tanquam
3193 1715 3339 1754 mare
3379 1701 3609 1753 violento
3651 1714 3830 1755 austro
3852 1703 4022 1771 jacta-

2437 1794 2568 1849 tum,
2601 1787 2762 1840 veluti
2789 1787 2940 1856 signo
2969 1788 3097 1842 dato
3135 1790 3480 1859 progrediens
3505 1833 3518 1855 ,
3559 1791 3759 1846 vicinas
3787 1794 4022 1846 circum-

2389 1894 2394 1897 -
2435 1891 2641 1945 quaque
2665 1877 2808 1931 :cdes
2829 1879 2958 1932 citra
2981 1880 3263 1934 discrimen
3287 1882 3562 1950 corripuit,
3584 1891 3636 1935 et
3657 1883 3752 1936 soli
3781 1884 4024 1938 :cdicula:

2435 1966 2488 2018 in
2518 1982 2615 2035 qua
2650 1982 2923 2022 sacrorum
2957 1985 3204 2025 vasorum
3235 1973 3466 2040 reposita
3497 1985 3608 2026 erat
3634 1977 3805 2042 cepia,
3839 1991 4023 2043 νίψει·-

2437 2059 2509 2110 cit
2540 2075 2552 2108 :
2599 2074 2785 2112 aurum
2817 2075 2921 2112 non
2971 2062 3228 2115 reveritus
3262 2074 3353 2114 aut
3395 2064 3650 2132 reliquam
3693 2066 3892 2134 argenti
3924 2081 4019 2118 su-

2436 2150 2755 2218 pellectilem
2779 2193 2792 2214 ,
2828 2152 2920 2205 sed
2952 2163 3006 2204 ιιι
3039 2169 3104 2206 ne
3126 2153 3296 2206 locum
3344 2154 3633 2208 mentiendi
3673 2155 4024 2208 calumniato-

2438 2243 2583 2296 ribus
2612 2243 2761 2296 darct
2792 2244 3044 2297 adversus
3071 2247 3308 2311 justum,
3341 2245 3490 2313 quasi
3523 2247 3635 2314 ipse
3667 2247 4019 2312 pulcherrin'ta

2436 2334 2680 2402 qumdam
2707 2336 2803 2388 sibi
2830 2335 3170 2388 vindicasset.
3207 2335 3278 2388 Ita
3309 2337 3440 2404 ignis
3474 2337 3698 2404 agitatus
3729 2347 4036 2390 retrorsmn.

2437 2439 2494 2478 se
2524 2424 2853 2490 reﬂectcbat,
2881 2427 3275 2495 pcrvcrstigans
3301 2425 3554 2478 invidiam
3585 2443 3766 2479 eorum
3793 2429 3878 2496 qui
3904 2429 4020 2482 lucc

2438 2526 2811 2586 perpetrarant
2837 2515 2902 2569 ad
2931 2517 3303 2570 rcvinccndam
3334 2516 3612 2584 Theophili
3643 2518 3927 2582 insaniam,
3963 2520 4018 2572 in

2438 2624 2502 2662 co
2533 2609 2672 2677 quod
2708 2608 2778 2661 ob
2807 2623 2959 2662 sacra
2985 2623 3104 2660 vasa
3147 2607 3404 2660 Joannem
3437 2607 3658 2676 ejccissc
3700 2623 3758 2662 se
3797 2610 4022 2663 commi-

2439 2699 2682 2752 niscitur.
2731 2702 2807 2752 Ac
2851 2699 3049 2752 nullius
3096 2699 3309 2767 quidem
3351 2699 3524 2752 anima
3558 2700 3714 2768 periit
3748 2703 3797 2753 in
3836 2702 3922 2753 tali
3955 2717 4021 2756 ac

2444 2800 2589 2843 tanto
2609 2790 2851 2854 tumultu,
2882 2805 2985 2842 non
3005 2789 3258 2852 hominis,
3284 2805 3387 2843 non
3411 2791 3691 2844 animantis
3725 2808 3737 2842 :
3763 2801 4017 2844 cauerunt

2440 2881 2624 2934 Sordes
2658 2881 2725 2934 ibi
2755 2881 2981 2934 sceleste
3001 2882 3427 2934 convcrsantimn
3457 2880 3588 2948 ignis
3620 2881 3810 2934 virtute
3831 2881 4021 2935 ablue-

2441 2969 2632 3023 bantur
2661 2971 2725 3023 ab
2757 2971 2882 3024 hora
2917 2982 3063 3024 sexta
3093 2971 3155 3024 ad
3184 2985 3376 3024 nonam
3401 3013 3415 3039 ,
3446 2972 3613 3026 tribus
3643 2971 3845 3025 diurnis
3873 2974 4022 3028 horis

2441 3062 2727 3114 multorum
2756 3079 3014 3115 annorum
3041 3078 3203 3130 opere
3231 3063 3425 3116 deleto.

2509 3153 2636 3205 Car.
2684 3169 2848 3205 Xl.—-
2879 3154 3024 3207 Duc.
3070 3155 3132 3207 Et
3161 3155 3270 3207 lucc
3299 3153 3420 3207 dum
3469 3154 3676 3221 fierent,
3718 3152 3896 3218 Pater,
3928 3157 4022 3211 ubi

2443 3245 2651 3298 tandem
2709 3256 2820 3298 erat
2866 3246 3049 3300 beatus
3095 3247 3326 3300 Joannes
3373 3256 3461 3298 aut
3511 3248 3696 3316 reliqui
3744 3250 4022 3317 episcopi?

2441 3335 2617 3390 Emsc.
2644 3336 2888 3405 Episcopi
2914 3337 3126 3405 quidem
3157 3338 3364 3406 reliqui,
3389 3338 3474 3391 alii
3504 3339 3690 3392 inclusi
3712 3339 4026 3392 detineban-

2443 3439 2545 3493 tur,
2579 3429 2667 3482 alii
2716 3429 3080 3493 trahebantur,
3127 3429 3216 3482 alii
3257 3439 3431 3483 autem
3474 3430 3814 3484 delitueruut.
3856 3431 4026 3484 Porro

2439 3519 2672 3572 Joannes
2724 3534 2825 3571 una
2874 3534 2995 3571 cum
3037 3519 3261 3589 Cyriaco
3291 3528 3342 3571 et
3377 3519 3586 3590 liulysio
3613 3519 3816 3572 vinctus
3853 3521 3903 3572 in
3936 3521 4027 3572 Bi-

2441 3608 2622 3678 thynia
2669 3608 3000 3662 detinebatur
3043 3623 3073 3660 a
3119 3607 3348 3676 praefecti
3382 3609 3654 3671 militibus,
3704 3609 4021 3677 supplicium

2441 3683 2806 3753 minitantibus
2830 3699 2897 3753 ob
2929 3699 3230 3752 incendium
3258 3699 3517 3752 eCi-lesi:t:.
3553 3699 3738 3752 Postea
3771 3699 4026 3767 tlvriacus

2441 3800 2496 3845 ct
2526 3791 2772 3861 Eulysius
2799 3806 2916 3845 cum
2945 3791 3160 3859 reliquis
3183 3791 3388 3843 clericis
3418 3791 3576 3843 vincti
3608 3790 3836 3853 adducti,
3864 3802 4028 3857 atque

2444 3882 2753 3935 innocentes
2777 3881 3122 3950 pronuntiati,
3169 3881 3373 3934 dimissi
3401 3891 3540 3933 sunt.
3582 3882 3803 3934 Sanctus
3845 3892 4024 3934 autem

2441 3975 2692 4036 Joannes,
2714 3975 2777 4027 ad
2805 3975 3061 4043 reliquam
3096 3973 3338 4026 fiduciam
3366 3989 3465 4042 qua
3495 3989 3703 4041 semper
3725 3984 3875 4026 antea
3896 3991 4028 4028 usus

2442 4066 2632 4130 fuerat,
2659 4066 2794 4119 hanc
2823 4079 3035 4132 quoque
3067 4065 3300 4116 ultimam
3321 4064 3532 4129 adjecit,
3559 4064 3794 4116 scribens
3815 4065 3891 4116 eis
3909 4065 4029 4117 ha-c

2441 4157 2636 4210 verba:
2669 4157 2779 4209 Etsi
2814 4159 2866 4210 in
2893 4155 3012 4208 aliis
3054 4171 3156 4206 non
3202 4153 3421 4206 dedistis
3468 4153 3593 4205 mihi
3626 4153 3794 4206 locum
3839 4153 4029 4207 deleu-

2442 4249 2627 4312 sionis,
2677 4249 2862 4300 saltem
2915 4246 2964 4298 in
3013 4246 3169 4298 rebus
3201 4245 3438 4297 ecclesia:
3481 4245 3683 4307 audiar,
3730 4261 3794 4296 an
3839 4257 3971 4298 auct.
4000 4263 4030 4299 r

2443 4340 2562 4402 sim,
2597 4349 2652 4392 ιιι
2677 4339 2872 4399 dicitis,
2904 4337 3018 4405 ejus
3043 4336 3288 4388 incendii.
3325 4336 3393 4387 Ita
3423 4350 3488 4388 ne
3518 4336 3567 4386 iu
3597 4349 3662 4387 co
3690 4336 3899 4403 quidem
3929 4351 4031 4387 au—

2445 4429 2604 4490 ditus,
2639 4440 2796 4482 noctu
2824 4429 3019 4494 diuque
3045 4443 3142 4496 per
3172 4426 3366 4478 milites
3393 4426 3601 4477 ducitur
3645 4426 3692 4476 iu
3723 4423 4012 4478 (lescrtissi-

2445 4538 2589 4576 mmn
2624 4521 2889 4574 Armenize
2916 4519 3241 4587 oppidulum,
3267 4518 3504 4571 Cucusns
3538 4516 3586 4567 id
3617 4525 3716 4578 est,
3744 4515 3807 4567 ab
3832 4516 4032 4571 lsauris

2445 4615 2717 4676 obcssum,
2774 4622 2832 4664 ut
2887 4613 3256 4664 trucidaretur.
3318 4612 3567 4661 Arsacius
3613 4616 3810 4670 autem,
3866 4607 4022 4660 ft'alt‘t

2449 4705 2586 4758 beati
2619 4703 2868 4766 Nectarii,
2903 4703 3219 4756 substitutus
3251 4707 3332 4752 est
3361 4701 3409 4751 iu
3449 4699 3623 4751 locum
3645 4697 3882 4757 Joannis,
3915 4715 4020 4750 ma-

2445 4795 2531 4865 gni
2562 4809 2831 4849 sacrorum
2862 4792 3184 4860 interpretis,
3219 4791 3376 4842 homo
3402 4790 3544 4857 pisce
3571 4789 3735 4856 magis
3758 4798 3952 4846 mutus.
3981 4802 4032 4842 et

2445 4901 2574 4941 rana
2625 4886 2785 4940 rebus
2832 4885 3050 4954 agendis
3083 4884 3255 4937 minus
3288 4883 3528 4934 idoneus.
3558 4882 3855 4948 Aliquando
3885 4882 4033 4934 enim

2445 4987 2498 5032 et
2539 4978 2678 5031 actio
2725 4977 2836 5044 ipsa
2887 4975 3138 5043 loquitur,
3186 4987 3307 5026 cum
3351 4971 3598 5039 suiipsius
3639 4983 3794 5023 causa
3829 4969 4034 5023 bonum

2446 5084 2580 5138 Opus
2609 5067 2801 5121 factum
2832 5066 3006 5120 fuerit.
3044 5066 3133 5118 Ille
3165 5079 3282 5116 cum
3310 5063 3372 5114 ad
3396 5059 3791 5130 quatuordccim
3816 5075 4037 5113 menses

2443 5163 2607 5214 vitam
2638 5169 2784 5212 suam
2813 5156 3191 5228 protendisset,
3220 5161 3458 5206 mortuus
3484 5161 3586 5215 est,
3620 5151 3812 5203 violato
3850 5165 3944 5204 suo
3979 5153 4035 5205 in

2449 5252 2734 5322 Evangelia
2761 5250 3083 5319 iuramento.
3115 5247 3320 5316 Quippe
3350 5246 3495 5298 fratri
3525 5260 3621 5298 suo
3656 5243 3899 5296 Nectario
3941 5242 4038 5308 ju—

2448 5355 2680 5410 raverat,
2697 5343 2894 5398 nullius
2913 5357 3156 5411 umquam
3177 5340 3512 5409 episcopatus
3533 5336 3915 5391 ordinationem
3934 5335 4038 5386 ad-

2447 5438 2733 5491 missurum
2757 5450 2836 5498 se,
2864 5433 3077 5504 quando
3103 5431 3376 5486 Nectarius
3402 5426 3744 5496 exprobravit
3772 5425 3868 5494 ipsi
3887 5425 4039 5492 quod

2448 5529 2708 5587 noluisset
2746 5526 2996 5582 Tarsensi
3040 5524 3293 5578 Ecclesia:
3337 5521 3556 5592 prmtici,
3602 5519 3752 5587 quasi
3799 5529 4032 5573 mortem

2450 5624 2615 5693 ipsius
2644 5621 3022 5691 specularetur.
3060 5617 3180 5671 Fuit
3222 5631 3378 5667 causa
3414 5613 3623 5681 per-jurii
3659 5611 3881 5679 primum
3909 5610 4036 5678 qui-

2449 5716 2569 5768 dem
2611 5727 2740 5767 vana
2783 5711 2967 5781 gloria,
3003 5720 3216 5779 propter
3257 5722 3412 5774 quam
3455 5703 3735 5769 ambit-bat,
3769 5709 3822 5756 nt
3848 5702 3913 5755 ita
3941 5698 4031 5758 di-
