4264 6306
319 382 384 439 ar
1315 366 1399 420 or:
1438 361 1593 417 van
1636 360 1690 414 s.
1733 314 2011 412 tosNSLs
2051 344 2537 405 cnnvsosront.
3552 338 3617 393 53

320 508 463 556 eam,
489 491 702 560 nuptias
734 486 913 543 uxoris
944 485 1118 540 fratris
1147 482 1257 547 sui;
1309 478 1501 535 deinde
1533 474 1699 546 pudor
1733 472 1908 525 inero.

319 584 591 651 potionum
628 580 724 648 ipsi
755 594 784 633 a
813 578 974 633 fratre
999 574 1305 648 prophetice
1338 570 1614 624 factarum.
1649 564 1780 619 lluic
1808 564 1911 616 Ar-

317 674 463 726 sacia
484 670 748 725 suftieitur
777 668 983 723 Atticus
1009 684 1040 722 e
1072 663 1418 736 presbyteris,
1448 658 1686 714 ontnium
1714 655 1908 708 adver-

316 779 407 818 sus
455 762 719 818 Joannem
770 760 1101 814 molitiouum
1154 754 1372 811 artifex.
1424 750 1673 819 Quicum
1705 746 1907 800 videret

316 856 585 911 neminen.
618 854 958 908 orientalium
989 850 1359 921 episc0porum
1389 860 1569 899 secum
1611 838 1909 896 communi-

313 963 460 1009 care.
492 954 549 1001 et
574 962 641 1000 ne
667 946 904 1001 civitatis
927 943 1142 1013 quidem
1172 940 1445 1010 populum,
1467 944 1681 1006 propter
1705 948 1763 987 ea
1789 946 1907 1000 quae

314 1046 424 1091 tam
458 1036 661 1091 nefarie
709 1045 867 1105 atque
913 1034 1105 1103 injuste
1154 1033 1204 1085 in
1255 1030 1515 1085 Joannem
1547 1027 1614 1080 ab
1646 1026 1760 1094 ipso
1789 1030 1905 1076 acta

316 1135 463 1180 erant
492 1145 504 1178 :
534 1140 730 1194 expers
750 1140 869 1179 cum
892 1134 1034 1177 esset
1055 1136 1321 1177 sacrarum
1348 1118 1761 1186 Seriptnrarnm,
1787 1129 1909 1183 per-

312 1216 439 1274 fecit
468 1228 524 1272 ut
554 1217 914 1285 imperialibus
960 1215 1230 1284 rescriptis
1259 1218 1575 1282 cogerentur
1607 1210 1637 1261 ii
1665 1209 1753 1277 qui
1784 1221 1904 1261 cum

314 1312 433 1379 ipso
480 1324 589 1363 non
629 1307 1111 1362 communicabant.
1148 1304 1479 1372 Rescriptum
1512 1311 1689 1354 autem
1720 1306 1905 1352 centra

312 1399 623 1469 cpiSCopos,
657 1398 794 1451 tales
840 1397 1008 1450 minas
1042 1394 1303 1448 habebat:
1334 1393 1395 1447 Si
1418 1392 1529 1461 quis
1558 1391 1905 1459 episcoporum

312 1504 417 1543 non
443 1492 783 1542 communicat
810 1485 1112 1555 Theophila,
1150 1483 1459 1554 Porphyrio,
1488 1492 1534 1535 et
1574 1482 1758 1543 Attico,
1809 1479 1908 1531 Ec-

312 1579 471 1633 clesia
497 1579 700 1645 quidem
731 1579 982 1648 ejiciatur,
1012 1586 1056 1629 et
1078 1592 1110 1628 a
1138 1576 1357 1645 propriis
1388 1572 1710 1642 facultatibus
1734 1570 1911 1638 abiga-

314 1682 417 1724 tur.
454 1671 590 1725 llinc
616 1670 703 1722 alii
736 1670 823 1737 qui
870 1669 1130 1722 bonorum
1175 1681 1338 1720 onere
1372 1664 1683 1732 pra-gravati
1731 1670 1904 1723 erant,

313 1762 477 1815 etiam
508 1760 657 1813 inviti
684 1773 804 1811 eum
834 1759 947 1825 ipso
967 1756 1355 1809 communicant
1394 1771 1406 1805 :
1438 1754 1524 1807 alii
1556 1768 1681 1805 vero
1710 1767 1909 1821 paupe-

314 1851 487 1905 riores
516 1861 569 1903 et
598 1849 651 1903 in
681 1848 786 1902 fide
824 1864 951 1901 sana
992 1846 1333 1907 infirmiores,
1368 1845 1627 1899 donormn
1656 1859 1908 1911 quorum—

310 1939 436 1993 dam
466 1938 939 2009 pollicitationibus
990 1937 1055 1991 ad
1102 1937 1529 1991 communionem
1569 1933 1907 1987 adduceban-

314 2041 441 2085 tur:
469 2029 559 2085 alii
590 2045 789 2096 genere
820 2038 871 2082 et
902 2028 1331 2097 possessionibus
1360 2035 1412 2080 et
1441 2025 1604 2093 patria
1638 2035 1689 2078 et
1724 2040 1909 2077 corru-

314 2121 493 2189 ptibili
518 2120 689 2189 gloria
719 2130 878 2185 atque
904 2133 1189 2186 corporum
1212 2116 1491 2170 vexatione
1520 2115 1737 2182 insuper
1759 2112 1908 2165 habi-

314 2213 405 2277 tis,
427 2211 591 2264 animi
617 2210 947 2263 nobilitatem
974 2208 1095 2279 fuga
1127 2208 1513 2268 custodiebant,
1539 2206 1904 2275 evangelicum

313 2304 444 2359 illud
470 2304 519 2357 in
549 2304 805 2356 memoria
837 2301 1116 2361 habentes,
1152 2302 1211 2352 Si
1238 2316 1323 2353 ros
1350 2300 1399 2351 iu
1446 2300 1539 2351 Imc
1567 2299 1765 2350 civitate
1795 2314 1910 2365 per»

310 2407 607 2461 sequantur,
643 2396 802 2466 fugite
846 2397 897 2448 in
943 2396 1097 2447 aliam
1144 2393 1354 2465 (.‘llutth.
1407 2393 1493 2447 10.
1538 2392 1749 2461 275);θι
1776 2390 1903 2445 illud

313 2487 724 2541 Proverbiorum
750 2486 846 2539 sibi
875 2486 1133 2549 dicentes,
1166 2482 1284 2536 Non
1315 2483 1589 2553 proderunt
1616 2480 1910 2534 substantia

311 2578 363 2630 iu
395 2578 474 2629 die
500 2578 592 2629 ἔγω
623 2576 805 2645 (Prov.
836 2578 917 2629 ll.
944 2574 1018 2647 ι).
1050 2575 1279 2630 Profecti
1307 2574 1391 2626 alii
1415 2572 1627 2641 quidem
1657 2571 1904 2637 Romam,

308 2669 401 2721 alii
435 2667 499 2721 ad
537 2680 769 2732 montes,
817 2668 903 2721 alii
941 2676 1116 2721 autem
1151 2667 1201 2720 in
1229 2675 1527 2719 ascetarum
1558 2664 1904 2729 monasteria,

309 2775 340 2811 ι
364 2758 581 2815 Judaica
608 2760 884 2827 iniquitate
907 2759 1274 2813 servabantur.
1304 2757 1545 2811 Edictum
1571 2772 1695 2809 vero
1717 2748 1909 2810 adver-

310 2865 405 2903 sus
434 2849 599 2903 laicus
647 2851 761 2904 hare
806 2850 1143 2903 continebat:
1177 2848 1279 2913 Qui
1305 2849 1357 2900 in
1386 2847 1711 2922 dignitatibus
1742 2856 1905 2900 essent

310 2941 596 3005 constituti,
629 2956 720 2994 suo
765 2941 954 2993 honore
1000 2950 1046 2992 et
1090 2940 1336 3010 dignitate
1364 2938 1676 3001 excederent,
1722 2937 1907 2989 milites

309 3032 571 3101 cingulum
598 3032 881 3083 amitterent
902 3045 919 3082 :
940 3030 1030 3083 rel:
1049 3047 1133 3095 ,ιω
1178 3029 1314 3098 plebs
1344 3040 1492 3097 atque
1532 3028 1737 3097 apiﬁres
1765 3025 1907 3093 grari

310 3122 429 3175 auri
457 3122 681 3191 pondere
708 3122 926 3185 multati,
958 3121 1272 3183 subiacerent
1314 3118 1512 3172 exsilio.
1556 3116 1817 3171 Caeterum
1848 3123 1906 3169 et

311 3213 430 3267 hrec
469 3213 698 3277 ﬂebant;
728 3221 782 3267 et
824 3227 1010 3281 preces
1034 3228 1063 3266 a
1097 3212 1248 3265 bonis
1275 3220 1331 3265 et
1360 3210 1539 3281 probis
1564 3224 1751 3277 magna
1782 3221 1901 3261 cum

310 3304 659 3361 :zfllietatione
687 3304 786 3358 sub
813 3304 901 3356 dio
928 3304 1337 3373 peragebantur,
1370 3317 1396 3354 a
1426 3316 1574 3356 more
1602 3299 1902 3356 Servatoris

308 3400 401 3466 qui
431 3398 583 3460 dixit,
614 3396 727 3466 Ego
757 3414 868 3451 sum
896 3397 974 3447 ria
1004 3406 1049 3449 et
1080 3396 1293 3460 veritas;
1325 3404 1375 3448 et
1404 3408 1603 3457 rursus,
1630 3392 1903 3461 Con/iditc:

309 3506 402 3562 τοο
452 3490 546 3543 vici
594 3489 835 3541 mundum
866 3486 1043 3558 (Joan.
1073 3489 1161 3542 Η.
1189 3487 1243 3543 6.
1272 3498 1316 3541 et
1353 3485 1435 3541 l6.
1466 3486 1579 3555 33).
1612 3489 1687 3540 Ae
1717 3488 1903 3541 beatus

311 3580 526 3651 quidem
554 3579 789 3633 Joannes
817 3578 1007 3633 Cucusi
1039 3587 1278 3632 moratus
1303 3594 1497 3631 annum
1528 3593 1709 3640 unum,
1741 3578 1905 3645 pluri-

314 3684 432 3724 mos
469 3671 738 3724 Armenia:
772 3683 1033 3737 pauperes
1065 3670 1225 3737 pavit,
1271 3682 1374 3720 non
1406 3676 1511 3720 tam
1556 3682 1714 3737 pane,
1745 3682 1901 3737 quam

312 3761 511 3815 verba:
543 3760 809 3814 invaserat
840 3760 981 3813 enim
1021 3774 1116 3826 per
1164 3758 1212 3811 id
1256 3766 1465 3826 tempus
1518 3773 1705 3828 magna
1736 3757 1905 3811 fames

312 3852 585 3922 regionem
632 3852 796 3905 illam.
827 3851 960 3905 Cum
1000 3860 1178 3905 autem
1210 3860 1263 3905 et
1293 3851 1362 3904 ob
1391 3851 1439 3904 id
1472 3850 1569 3920 ipsi
1609 3849 1906 3903 inviderent

313 3942 385 3996 illi
438 3941 741 4005 fratricidm,
791 3940 1099 3994 Arabissum
1152 3957 1273 3995 eum
1331 3938 1685 4002 transferunt,
1744 3940 1906 3995 variis

314 4029 687 4085 vexationibus
724 4030 1088 4099 subjicientes.
1121 4041 1179 4083 ut
1211 4034 1366 4083 vitam
1397 4030 1607 4083 tandem
1638 4030 1907 4099 relinque-

314 4129 415 4177 ret.
450 4121 516 4177 Et
545 4121 653 4175 illic
680 4135 864 4175 rursus
893 4135 997 4173 non
1042 4120 1236 4175 medim
1256 4120 1384 4174 riter
1413 4120 1694 4174 virtutibus
1726 4122 1905 4187 Splen-

314 4216 543 4269 deserns
562 4214 691 4284 (non
727 4222 896 4281 potest
913 4212 1056 4266 enim
1083 4213 1266 4265 civitas
1295 4210 1546 4265 abscondi
1577 4225 1735 4279 supra
1755 4225 1907 4265 mon—

315 4314 421 4361 tem
445 4308 640 4376 posita,
662 4320 833 4375 neque
856 4305 1070 4359 lucerna
1100 4303 1377 4371 Splendide
1396 4304 1575 4357 lucens
1594 4304 1769 4373 ligneo
1792 4319 1907 4357 mo-

312 4398 401 4451 dio
426 4397 661 4466 contegi)
688 4396 966 4457 excitavit,
995 4394 1156 4449 veluti
1185 4409 1250 4450 ex
1278 4394 1585 4463 ignorantia:
1607 4408 1820 4457 somno,
1840 4393 1904 4448 ad

314 4488 579 4543 sermonis
608 4486 771 4540 divini
800 4486 969 4539 lucem
1000 4499 1064 4539 ex
1094 4484 1237 4537 omni
1272 4484 1440 4539 vicina
1470 4485 1685 4554 regione
1706 4484 1905 4554 eosqui

313 4579 459 4646 gravi
489 4576 822 4631 infidelitatis
846 4590 1038 4645 sopore
1072 4575 1313 4644 oppressi
1343 4582 1514 4629 erant.
1550 4574 1717 4628 Porro
1746 4574 1910 4629 vehe-

315 4667 551 4721 mentius
594 4664 807 4721 invidia:
850 4664 1061 4719 flatuma
1100 4664 1308 4720 accensi
1349 4665 1665 4719 Severianus
1693 4675 1748 4720 et
1778 4665 1910 4721 Por-

318 4757 546 4829 phyrius
573 4771 635 4811 ac
658 4756 871 4827 quidam
912 4756 999 4811 alii
1027 4757 1261 4828 episcopi
1294 4756 1482 4827 Syrim,
1520 4766 1578 4811 ut
1616 4756 1729 4823 ipse
1764 4758 1909 4813 illinc

320 4863 537 4921 quoque
578 4849 974 4913 transferretur,
1023 4849 1316 4904 moliuntur
1346 4865 1357 4899 :
1390 4864 1511 4903 nam
1564 4851 1738 4920 gravis
1781 4851 1909 4922 ipsis

303 4949 434 4995 erat
455 4955 563 4995 non
590 4939 762 4997 solum
792 4940 845 4995 iu
879 4941 1148 5011 prosperis
1172 4956 1291 5012 qua:
1322 4948 1572 5009 putantur
1602 4940 1778 5005 rebus,
1813 4941 1908 4997 scd

316 5031 490 5087 multo
517 5033 688 5103 magis
718 5033 768 5087 in
799 5031 1055 5088 adversis.
1074 5032 1407 5107 ignorabant
1434 5034 1636 5089 scilicet
1664 5033 1911 5089 tentatio-

318 5139 447 5180 num
475 5132 740 5188 naturam.
770 5140 940 5193 neque
962 5126 1313 5179 meminerant
1337 5123 1503 5179 divini
1523 5123 1588 5179 ad
1609 5125 1909 5194 apostolum

319 5221 374 5272 in
405 5218 787 5275 afﬂictionibus
807 5218 1007 5272 oraculi
1030 5235 1043 5271 :
1070 5216 1266 5286 Sufﬁcit
1287 5216 1375 5270 tibi
1400 5217 1563 5288 gratia
1584 5233 1727 5283 mea;
1757 5217 1912 5270 virtus

316 5311 453 5363 enim
481 5324 592 5363 mea
615 5309 666 5362 in
688 5308 985 5377 infirmitate
1005 5307 1262 5379 perﬁcitur
1280 5306 1337 5380 (2
1358 5306 1474 5362 Cor.
1496 5306 1579 5363 l2.
1608 5306 1685 5379 9).
1720 5307 1913 5363 Viden-

321 5400 590 5456 tes'enlm
622 5398 1012 5455 Antiochenam
1052 5398 1347 5454 Ecclesiam
1380 5398 1431 5452 in
1476 5399 1783 5455 Armeniam
1817 5399 1917 5451 mi-

319 5505 524 5560 grasse,
545 5501 599 5546 et
619 5491 769 5546 illinc
785 5505 972 5544 rursus
990 5488 1732 5559 Antiochimjucundissimam
1754 5487 1917 5541 Joan-

323 5582 407 5637 nis
425 5581 811 5654 philosophiam
832 5581 1130 5653 prmdicari,
1150 5581 1503 5652 optabant‘vel
1523 5582 1683 5635 vitam
1702 5580 1916 5634 abrum-

326 5689 475 5742 pere,
508 5676 590 5731 his
616 5674 1013 5732 narrationibus
1036 5674 1198 5731 veluti
1226 5673 1405 5745 ﬂagris
1426 5675 1581 5731 torti:
1612 5672 1914 5743 huiusmodi

322 5764 464 5819 enim
502 5776 582 5823 est
613 5768 876 5822 bonorum
920 5763 1086 5819 hostis
1115 5764 1341 5820 invidia:
1375 5764 1511 5821 adeo
1540 5776 1593 5819 ut
1618 5763 1798 5819 clerici
1826 5762 1912 5833 qui

2026 478 2118 518 eos
2137 460 2514 531 sequebantur,
2540 472 2656 511 cum
2680 457 2725 509 id
2748 460 3005 523 viderent,
3023 456 3323 511 mirabundi
3341 454 3611 510 dicerem;

2024 554 2208 607 Videte
2235 560 2499 605 mortuum
2531 549 2842 614 terribilem,
2873 551 3020 605 vivos
3046 550 3381 619 victoresque
3409 556 3615 605 terren-

2022 654 2149 710 tem,
2192 654 2247 697 ut
2270 658 2463 712 pueros
2493 652 2693 696 terrent
2724 641 2905 696 larvm.
2937 641 3125 710 Papm!
3158 642 3193 696 ii
3222 641 3313 712 qui
3344 641 3617 697 surculari-

2024 734 2121 788 bus
2150 733 2497 803 potestatibus
2536 743 2695 803 atque
2721 732 3099 788 ecclesiasticis
3128 733 3317 801 Opibus
3356 734 3613 787 succincti

2019 834 2144 879 sunt
2172 840 2290 879 eum
2327 834 2589 895 potestate
2619 834 2670 879 et
2714 839 2834 877 cum
2875 840 3052 878 rerum
3084 824 3330 892 imperio,
3365 824 3613 879 sacerdo-

2023 923 2150 979 tem,
2184 916 2375 979 solum,
2424 926 2716 979 extorrem,
2764 928 2991 983 corpore
3034 916 3323 979 infirmum,
3373 913 3614 969 exsulem

2023 1003 2210 1059 timent
2239 1014 2292 1060 et
2318 1005 2515 1075 pallent
2557 1005 2861 1059 titubantes.
2902 1004 3035 1059 Cum
3070 1005 3229 1075 igitur
3258 1021 3362 1059 non
3396 1018 3618 1074 possent

2018 1105 2246 1173 amplius
2277 1114 2581 1173 serpentem
2613 1116 2734 1157 casa
2765 1102 3032 1155 conditum
3058 1102 3311 1169 retinere,
3342 1102 3620 1158 mittentes

2018 1194 2083 1249 ad
2111 1194 2451 1259 Comitatum,
2486 1210 2669 1249 rursus
2700 1194 3013 1263 rescriptum
3037 1194 3211 1249 acrius
3228 1194 3472 1249 obtinent
3491 1208 3615 1251 cum

2022 1286 2254 1339 mulcta:
2282 1287 2418 1339 intra
2450 1287 2612 1341 breve
2643 1294 2850 1354 tempus
2894 1294 2949 1338 ut
2979 1284 3357 1339 transferretur
3396 1286 3620 1356 Pityun-

2022 1388 2147 1442 lem,
2195 1380 2368 1434 locum
2416 1380 2648 1449 regionis
2698 1379 2997 1432 Tzanorum
3046 1378 3503 1444 desertissimum,
3548 1385 3614 1434 ad

2020 1470 2143 1524 litus
2171 1471 2373 1525 Pontici
2404 1488 2467 1524 m:
2492 1472 2565 1525 ris
2594 1472 2773 1524 situm.
2808 1470 2998 1523 Milites
3025 1480 3201 1523 autem
3224 1470 3457 1538 praefecti
3478 1486 3616 1540 pra“-

2022 1563 2157 1615 torio
2185 1562 2272 1630 qui
2305 1580 2425 1615 emn
2456 1550 2741 1625 ducebant,
2773 1574 2865 1629 per
2891 1560 3026 1613 viam
3056 1577 3175 1614 eum
3202 1561 3431 1614 maxime
3460 1576 3618 1630 urge-

2021 1654 2165 1714 bant,
2200 1653 2435 1707 dicentes
2470 1653 2517 1706 id
2553 1652 2749 1707 habere
2777 1667 2834 1706 se
2862 1652 2911 1705 in
2938 1652 3230 1717 mandatis;
3257 1662 3549 1723 tamquam,
3569 1654 3612 1706 si

2020 1754 2261 1795 mortuus
2288 1752 2431 1797 eSset
2457 1745 2507 1796 in
2531 1745 2739 1807 itinere,
2770 1743 2833 1794 ad
2863 1736 3089 1811 majores
3113 1744 3307 1811 gradus
3328 1743 3605 1800 erehendi.

2023 1834 2089 1888 Et
2118 1850 2253 1889 unus
2280 1837 2489 1904 quidem
2519 1853 2581 1891 ex
2616 1838 2677 1890 iis
2700 1838 2766 1891 de
2794 1838 3043 1907 prmsenti
3084 1838 3267 1891 militia
3301 1838 3477 1892 minus
3507 1841 3612 1893 sol.

2021 1927 2234 1989 licitns,
2293 1930 2535 1985 nonnihil
2585 1931 2928 1984 humanitatis
2978 1931 3372 1998 quodammodo
3432 1932 3608 1987 furtim

2019 2020 2334 2073 o~tendebat
2357 2039 2369 2073 :
2394 2022 2532 2075 alter
2568 2031 2744 2075 autem
2774 2036 2941 2089 usque
2969 2021 3103 2075 adeo
3130 2022 3361 2076 crudelis
3386 2034 3501 2077 erat
3525 2034 3613 2076 at-

2017 2123 2121 2178 que
2150 2123 2324 2173 atrox,
2356 2120 2411 2163 ut
2444 2111 2722 2164 blanditias
2744 2127 2862 2181 quae
2890 2112 2990 2165 sibi
3014 2111 3080 2163 ab
3098 2112 3505 2167 occurrentibus
3523 2115 3617 2167 liv-

2018 2202 2165 2265 bant,
2191 2213 2243 2254 ut
2262 2212 2445 2255 saneto
2471 2214 2731 2271 parceret,
2755 2204 2975 2271 injurias
2988 2212 3278 2273 reputaret,
3297 2204 3424 2257 illud
3449 2222 3611 2259 unmn

2017 2310 2207 2346 rorans
2232 2292 2288 2348 ut
2313 2295 2446 2348 mala
2481 2306 2650 2348 morte
2671 2295 2903 2350 Joannes
2933 2306 3268 2351 enecaretur.
3298 2296 3430 2351 Cum
3468 2299 3610 2351 enim

2019 2384 2189 2437 imber
2218 2393 2360 2438 esset
2384 2385 2691 2447 vehemens,
2734 2387 2863 2439 nihil
2886 2402 3077 2440 curans
3104 2387 3496 2456 egrediebatur,
3541 2390 3611 2441 ita

2019 2485 2073 2527 ut
2098 2483 2147 2527 et
2183 2492 2276 2543 per
2300 2478 2515 2529 dorsum
2544 2488 2595 2531 et
2628 2493 2723 2545 per
2750 2489 2932 2545 peetus
2972 2493 3229 2545 aquarum
3278 2480 3375 2532 rivi
3422 2480 3613 2537 decur-

2020 2577 2217 2619 rerent.
2254 2567 2529 2636 lugentem
2559 2583 2742 2623 rursus
2768 2569 2897 2622 solis
2923 2580 3109 2623 aestum
3148 2585 3245 2639 pro
3283 2570 3488 2626 deliciis
3515 2572 3562 2625 h:
3587 2603 3611 2611 -

2017 2658 2193 2719 bebat.
2232 2674 2351 2713 cum
2384 2670 2564 2714 nosset
2589 2676 2654 2715 eo
2681 2662 2819 2715 beati
2851 2661 3076 2715 Joannis
3104 2672 3283 2730 caput,
3318 2663 3499 2719 Eliszei
3529 2666 3611 2719 in-

2016 2763 2126 2806 star
2146 2752 2379 2818 calvum,
2410 2754 2613 2808 vexati.
2660 2754 2924 2808 (laterum
2957 2755 3007 2807 in
3055 2756 3185 2809 urbe
3225 2764 3316 2809 aut
3363 2758 3479 2810 vico
3519 2758 3605 2811 ubi

2017 2845 2324 2898 balneorum
2353 2845 2598 2899 solatium
2627 2855 2761 2909 erat,
2788 2860 2856 2899 ne
2878 2856 3151 2899 momento
3182 2847 3395 2914 quidem
3425 2846 3605 2902 infelix

2016 2934 2105 2989 ille
2133 2936 2472 3004 permittebat
2500 2946 2740 2991 sanctum
2783 2937 3001 2991 morari.
3051 2937 3105 2991 lu
3138 2937 3221 2992 his
3261 2940 3509 2995 omnibus
3540 2942 3609 2995 ad

2016 3041 2225 3081 menses
2257 3036 2364 3079 tres
2392 3026 2762 3085 difficillimum
2809 3029 2935 3081 illud
2989 3030 3089 3082 iter
3125 3029 3323 3084 faciens
3366 3039 3603 3094 sanctus,

2016 3117 2176 3170 veluti
2220 3118 2371 3171 sidus
2416 3134 2705 3173 coruscans
2738 3120 3031 3187 perstabat,
3066 3120 3269 3174 habens
3310 3138 3606 3192 corpusett~

2015 3210 2121 3262 lum
2155 3218 2210 3262 ut
2240 3226 2454 3278 pomum
2484 3210 2535 3264 in
2568 3211 2830 3280 supremis
2857 3212 3020 3265 ramis
3040 3227 3067 3263 a
3092 3212 3202 3265 sole
3225 3213 3441 3268 rubens.
3471 3215 3604 3269 Cum

2013 3310 2191 3355 autem
2222 3298 2474 3355 Comauis
2525 3303 3064 3372 appropinquassent,
3113 3305 3291 3372 pontis
3336 3304 3500 3358 instar
3542 3322 3607 3360 ea

2016 3393 2402 3460 pra‘tergressi,
2434 3402 2584 3447 extra
2614 3407 2796 3446 muros
2843 3398 2898 3447 in
2941 3394 3195 3465 martyrio
3238 3395 3471 3466 quinque
3514 3410 3608 3450 aut

2013 3481 2371 3537 sex'miliibus
2389 3480 2577 3535 dissito
2598 3491 2929 3536 manserunt.
2961 3483 3160 3538 Eadem
3193 3484 3303 3554 ipsa
3332 3497 3488 3541 nocte
3512 3502 3609 3558 ap—

2014 3571 2189 3639 paruit
2232 3572 2283 3625 ei
2332 3570 2434 3625 luci
2480 3572 2621 3625 illius
2651 3582 2872 3643 martyr,
2919 3575 3137 3629 nomine
3183 3575 3489 3641 Basiliscus,
3515 3578 3605 3645 qui

2013 3660 2295 3729 episcopus
2323 3658 2682 3715 Cumanorum
2716 3677 2835 3715 cum
2863 3675 3026 3728 esset,
3076 3667 3388 3737 martyrium
3419 3683 3607 3737 passus

2012 3762 2094 3807 est
2122 3752 2441 3808 Nicomedia:
2471 3756 2522 3808 in
2554 3754 2798 3827 Bithynia
2845 3758 2945 3810 sub
2987 3758 3295 3826 Maximino,
3350 3777 3451 3816 una
3482 3779 3606 3818 cum

2014 3845 2247 3901 Lueiano
2273 3849 2588 3919 presbytero
2606 3849 2957 3914 Autioehem,
2979 3850 3162 3906 dicens
3184 3869 3197 3905 :
3215 3852 3382 3908 Macte
3401 3854 3603 3920 animo,

2015 3934 2181 3991 frater
2212 3938 2446 3992 Joannes
2473 3956 2483 3990 :
2515 3940 2745 3994 crastina
2774 3941 2915 3993 enim
2946 3924 3033 3995 die
3067 3958 3170 3995 una
3194 3944 3433 4017 erimus.
3466 3946 3609 4001 Ρη·-

2014 4026 2223 4082 dixerat
2250 4044 2484 4098 quoque,
2519 4037 2575 4083 ut
2604 4035 2771 4095 aiunt,
2803 4038 2857 4085 et
2888 4030 2961 4086 ibi
3010 4035 3343 4100 permanenti
3388 4018 3629 4106 preshy;

2018 4134 2132 4173 tero
2154 4136 2166 4170 ι
2192 4119 2324 4173 l’ara
2353 4121 2525 4175 locum
2571 4120 2720 4175 fratri
2764 4121 2985 4188 Joanni;
3017 4125 3158 4178 venit
3184 4126 3348 4179 enim.
3378 4128 3610 4183 Oraculo

2017 4212 2185 4268 fidens
2211 4213 2472 4278 Joannes,
2496 4214 2736 4286 sequenti
2766 4214 2852 4271 die
2893 4216 3067 4270 oravit
3106 4218 3302 4273 milites
3331 4228 3386 4273 ut
3414 4220 3479 4273 ad
3514 4220 3613 4273 ho-

2015 4320 2128 4358 ram
2156 4305 2394 4373 quintam
2426 4320 2591 4377 usque
2620 4306 2688 4360 ibi
2713 4316 3105 4376 permanerent.
3133 4308 3209 4364 illi
3238 4303 3365 4365 vero
3393 4328 3497 4367 non
3517 4330 3611 4367 au-

2016 4395 2139 4450 ditis
2155 4395 2268 4465 ejus
2295 4396 2563 4465 precibus,
2585 4397 2707 4451 inde
2724 4397 3124 4454 abscesserunt:
3145 4401 3400 4458 confectis
3427 4419 3607 4461 autem

2015 4488 2228 4541 circiter
2276 4486 2485 4555 triginta
2529 4487 2736 4552 stadiis,
2780 4502 2967 4542 rursus
2996 4489 3063 4543 ad
3105 4493 3417 4563 martyrium
3468 4498 3611 4550 unde

2015 4574 2373 4630 discesserant
2394 4576 2685 4642 redierunt,
2710 4593 2829 4631 cum
2853 4580 3086 4648 graviter
3108 4581 3195 4635 ille
3220 4596 3340 4638 sese
3367 4584 3611 4641 haberet.

2018 4665 2109 4722 Sic
2138 4667 2296 4736 igitur
2323 4682 2591 4732 reversus,
2620 4668 2875 4723 candidas
2897 4680 3096 4737 vestes,
3126 4672 3232 4726 vita
3258 4688 3417 4743 quam
3444 4675 3615 4732 tlttXe—

2019 4768 2102 4813 rat
2124 4758 2335 4828 dignas,
2364 4759 2621 4829 requirit;
2652 4768 2949 4830 exutusque
2980 4762 3269 4832 prioribus,
3293 4780 3385 4820 eas
3412 4767 3511 4821 sibi
3529 4768 3613 4837 je-

2013 4849 2176 4920 junus
2202 4849 2394 4917 induit,
2421 4850 2668 4905 omnibus
2692 4850 2759 4903 ad
2790 4851 3150 4907 caleeamenta
3181 4870 3347 4927 usque
3372 4861 3611 4921 mutatis;

2020 4951 2180 5012 atque
2196 4941 2430 5011 reliquas
2454 4941 2811 5012 praesentibus
2838 4941 3129 5000 distribuit.
3162 4946 3476 5019 Etsumptis
3506 4951 3614 5005 Do-

2022 5031 2231 5086 minicis
2263 5031 2542 5102 symbolis,
2570 5045 2747 5086 coram
2778 5032 3114 5091 adstantibus
3142 5036 3387 5094 ultimam
3414 5043 3618 5097 oratio-

2023 5138 2144 5178 nem
2177 5122 2335 5178 facit:
2368 5132 2421 5177 et
2446 5138 2566 5177 cum
2592 5122 2817 5179 dixisset
2838 5139 2988 5181 more
3009 5142 3129 5193 suo,
3164 5126 3342 5184 Gloria
3368 5129 3476 5187 Deo
3497 5149 3619 5204 pro-

2028 5224 2136 5282 pter
2160 5214 2349 5279 omnia,
2381 5209 2714 5269 et'ultimum
2758 5216 2929 5271 Amen
2975 5216 3331 5287 obsiguasset,
3378 5222 3619 5279 extendit

2023 5305 2295 5375 speciosus
2322 5303 2509 5375 pedes,
2542 5305 2630 5374 qui
2659 5315 3009 5361 cucurrerunt
3056 5308 3120 5363 ad
3166 5310 3391 5366 salutem
3432 5326 3618 5369 eorum

2024 5397 2113 5465 qtti
2141 5396 2415 5467 elegerant
2446 5396 2840 5466 paenitentiam,
2871 5407 2927 5454 et.
2951 5399 3016 5455 ad
3047 5400 3521 5472 reprehensionem
3557 5406 3621 5459 iis

2026 5488 2196 5541 lorum
2220 5487 2308 5556 qui
2341 5497 2555 5556 peccata
2584 5488 2800 5558 copiose
2839 5490 3205 5548 excolueraut.
3248 5493 3400 5564 Quod
3430 5496 3473 5550 si
3504 5496 3622 5565 ejus

2028 5577 2474 5647 reprehensiones
2504 5578 2637 5634 nihil
2665 5580 2925 5651 improbis
2953 5582 3290 5653 profuerunt,
3323 5599 3483 5642 causa
3516 5602 3622 5641 non

2028 5680 2109 5724 est
2135 5668 2473 5724 imbecillitas
2498 5668 2737 5726 doctoris
2778 5671 2944 5730 libere
2984 5673 3272 5745 loquentis,
3319 5676 3414 5732 sed
3443 5676 3621 5745 impu-

2031 5760 2208 5816 dentia
2242 5760 2540 5827 hominum,
2569 5759 2657 5830 qui
2688 5775 2780 5817 eas
2811 5776 2914 5820 non
2951 5763 3338 5819 sustinuerunt.
3393 5768 3615 5837 Apposi~
