4264 6306
655 350 717 403 m
1242 326 1247 329 τ
1846 320 2158 378 PALLADH
2201 319 2535 378 DlALOGUS

655 470 733 513 tos
762 459 825 512 ad
856 468 1027 526 jatres
1058 469 1203 516 suos,
1237 460 1286 507 et
1313 450 1513 519 alijecto
1558 440 1895 527 pulvereaad
1938 435 2202 493 Christum

654 547 882 611 transiit,
912 556 967 599 ιιι
989 547 1238 614 scriptum
1267 550 1385 597 est:
1416 537 1591 593 Venies
1631 545 1795 588 autem
1836 530 1905 585 ad
1930 528 2215 598 sepulcrum

653 651 811 703 tuum,
839 647 1087 707 tamquam
1114 635 1417 703 [minantum
1440 636 1709 690 mutarunt,
1737 622 1867 694 quod
1891 631 2108 687 tempore
2124 630 2215 669 suo

656 728 1170 796 mctitur:impiornm
1198 733 1362 776 autem
1404 718 1587 771 animae
1620 717 1899 767 immatura
1948 714 2218 761 morientur

666 821 801 889 (Job.
820 820 872 876 5.
893 819 1009 889 26).
1036 819 1202 871 Tanta
1234 822 1405 867 autem
1433 806 1715 877 multitudo
1732 804 2012 872 virginum,
2037 812 2218 889 mona-

656 886 1074 977 chorum,etqui
1102 896 1762 960 sanctitatistestimonium
1793 892 2071 951 habebant,
2096 886 2220 940 ado-

658 1012 737 1056 rat
766 1018 794 1055 e
814 1000 984 1070 Syria,
1006 997 1207 1061 Cilicia,
1233 994 1399 1048 Ponto
1425 998 1582 1058 atque
1601 984 1870 1048 Armenia,
1901 988 1961 1035 ut
1986 977 2221 1070 plerique

662 1066 903 1161 putarent
920 1088 1068 1158 quasi
1084 1086 1207 1140 dato
1227 1084 1376 1152 signo
1397 1095 1487 1136 eos
1515 1078 1809 1133 advenisse.
1837 1066 2223 1135 Pollinctusigi-

660 1196 744 1238 tur
762 1183 826 1255 ad
858 1180 1204 1250 sepulturam,
1228 1187 1281 1230 et
1301 1173 1432 1229 festa
1455 1169 1762 1225 celebritate
1784 1164 2114 1255 honestatus,
2136 1172 2225 1211 ve—

660 1273 731 1326 lut
763 1250 928 1344 victor
957 1271 1175 1333 athleta,
1205 1280 1304 1320 una
1337 1278 1460 1317 eum
1503 1258 1754 1313 Basilisco
1778 1253 2030 1323 sepelitur
2056 1250 2108 1303 in
2134 1263 2225 1303 eo-

660 1366 781 1420 dem
814 1362 1084 1432 martyrio.

728 1456 855 1510 Car.
898 1472 984 1507 xu.
1014 1481 1083 1492 --
1112 1449 1188 1504 Ad
1220 1448 1334 1502 brec
1361 1444 1675 1500 Theodorus
1714 1441 1954 1504 miratus,
1999 1437 2224 1490 interro-

662 1550 836 1619 gabat,
864 1547 1148 1617 Scriptura:
1178 1542 1351 1597 verbis
1380 1555 1541 1595 usus:
1570 1538 1697 1592 Cum
1726 1535 1979 1602 scriptum
2006 1530 2094 1592 sit,
2122 1529 2231 1581 aie-

667 1646 773 1707 bat,
802 1640 922 1695 Non
951 1637 1201 1692 aberrabis
1224 1651 1258 1689 α
1285 1633 1568 1687 narratione
1590 1630 1880 1690 seniorum;
1920 1639 2034 1676 nam
2063 1631 2106 1675 et
2136 1620 2231 1687 ipsi

665 1751 696 1786 α
725 1734 947 1804 patribus
976 1730 1251 1782 didicerunt
1278 1725 1463 1794 (Eccli.
1491 1724 1545 1785 8,
1578 1719 1633 1791 9)
1664 1738 1676 1772 :
1705 1719 1789 1773 die
1814 1716 1963 1771 nobis
1994 1713 2234 1766 lubenter

668 1838 785 1892 qua:
810 1835 969 1875 causa
1002 1818 1179 1880 fuerit,
1211 1830 1304 1869 cur
1328 1814 1471 1869 solus
1498 1813 1583 1865 ille
1603 1810 1778 1864 cibum
1810 1812 2063 1868 sumeret,
2090 1810 2142 1855 et
2166 1814 2231 1853 an

671 1926 793 1966 vere
819 1910 981 1971 solus,
1024 1917 1079 1961 ut
1106 1907 1274 1971 aiunt,
1302 1904 1500 1958 ederet.
1532 1900 1707 1955 Ense.
1740 1898 1796 1951 In
1837 1896 2079 1951 Confesso
2121 1892 2235 1962 qui—

670 2000 790 2054 dem
818 2007 897 2053 est
934 1994 1075 2065 quod
1118 1995 1261 2047 solus
1286 1992 1503 2047 ederet:
1534 1989 1626 2043 sed
1666 1988 1880 2052 nollem,
1914 1982 2236 2053 lepidissime

669 2088 966 2151 Theodore,
998 2099 1116 2155 qua:
1142 2090 1265 2139 sunt
1295 2083 1599 2152 gulosorutn
1628 2076 1902 2131 infantium
1929 2072 2237 2143 qumsivisse

675 2192 743 2234 te.
771 2180 862 2234 Vir
887 2179 1026 2231 enim
1051 2192 1170 2231 cum
1197 2176 1289 2239 sis,
1331 2173 1562 2226 virorum
1598 2170 1818 2223 virtutes
1846 2165 2121 2234 exquirere
2148 2162 2237 2215 de-

673 2273 768 2325 bes
796 2289 806 2319 :
839 2266 1281 2337 quemadmodum
1310 2273 1452 2319 esset
1480 2260 1792 2329 intrepidus,
1821 2258 1989 2327 qualis
2020 2263 2159 2308 esset
2188 2253 2239 2305 in

674 2361 926 2428 pet-uitiis,
960 2359 1009 2411 in
1045 2354 1412 2425 temperantia,
1440 2352 1489 2405 in
1521 2348 1922 2404 mansuetudine
1952 2344 2239 2414 etjustitia,

674 2453 726 2504 in
769 2452 1125 2518 elccmosyna,
1159 2445 1436 2516 prudentia
1466 2454 1624 2511 atque
1651 2439 1978 2501 fortitudine,
2016 2438 2069 2490 in
2108 2435 2238 2490 obli-

676 2542 828 2593 vione
871 2538 952 2591 vel
996 2538 1267 2591 memoria.
1310 2533 1421 2588 Non
1466 2534 1606 2586 enim
1637 2530 1787 2585 cibus
1825 2530 1933 2581 Deo
1972 2540 2066 2580 nos
2095 2540 2242 2579 com-

677 2629 907 2691 mendat,
941 2643 1108 2696 neque
1152 2628 1193 2678 si
1223 2625 1511 2689 oderimus,
1554 2637 1725 2689 neque
1752 2622 1795 2673 si
1823 2636 1926 2673 non
1955 2617 2242 2679 ederimus,

676 2722 768 2777 sed
811 2721 1041 2790 engnitio
1070 2733 1187 2772 eum
1234 2718 1441 2770 actione
1484 2728 1727 2783 operans.
1779 2711 1895 2779 ipse
1934 2720 2060 2763 vero
2102 2709 2248 2761 solus

678 2811 887 2872 edebat,
913 2818 969 2863 ut
988 2825 1053 2862 ex
1089 2817 1236 2877 parte
1259 2806 1399 2871 novi,
1430 2805 1523 2857 itas
1544 2804 1611 2856 ob
1637 2816 1844 2855 causas.
1874 2799 2105 2854 Primum
2131 2798 2248 2867 qui-

679 2902 799 2955 dem
824 2903 999 2953 vinutn
1028 2915 1128 2951 non
1161 2897 1369 2950 bibebat
1395 2894 1464 2947 ob
1489 2893 1674 2960 capitis
1703 2891 1953 2953 calorem,
1988 2888 2086 2942 nisi
2114 2886 2251 2941 forte

684 3006 776 3059 per
805 3001 988 3044 :estum
1032 3002 1249 3042 rosaceo
1291 2992 1523 3039 uteretur
1549 3002 1561 3036 :
1592 2982 1842 3043 secundo,
1887 2980 2008 3049 quia
2050 2988 2249 3033 stoma-

682 3080 812 3135 chus
838 3080 951 3149 ejus
972 3080 1041 3132 ob
1066 3076 1345 3147 quamdatn
1374 3074 1731 3128 inﬁrmitatem
1764 3069 2091 3124 inordinatus
2117 3078 2251 3130 erat,

690 3176 760 3225 ita
792 3178 849 3223 nt
876 3171 1047 3223 edulia
1089 3169 1220 3221 bene
1248 3174 1537 3234 praiparata
1578 3162 1675 3229 ipsi
1706 3161 1988 3230 injucunda
2016 3160 2258 3213 videren-

687 3274 791 3324 tur,
842 3270 893 3313 et
934 3259 1228 3325 requireret
1277 3255 1378 3308 alia
1426 3268 1543 3322 qua:
1592 3268 1695 3306 non
1740 3254 2006 3305 adessent.
2057 3249 2257 3304 Deinde

693 3346 975 3417 aliquando
1014 3346 1172 3399 edere
1202 3344 1633 3407 obliviscebatur,
1674 3341 1740 3395 ad
1778 3356 2050 3410 vesperam
2091 3354 2259 3409 usque

689 3439 971 3502 dill‘erens;
1006 3438 1192 3505 partim
1222 3436 1363 3488 curis
1397 3433 1769 3487 ecclesiasticis
1798 3441 2101 3500 occupatus,
2139 3446 2258 3498 par-

692 3530 782 3582 tim
812 3527 1013 3581 divinis
1047 3522 1581 3591 contemplationibus
1610 3522 1925 3574 abstractus.
1956 3518 2259 3573 Contende-

696 3623 784 3671 bat
818 3616 959 3671 enim
1003 3624 1058 3668 ut
1102 3613 1231 3667 nihil
1259 3612 1550 3666 divinarum
1580 3610 1969 3679 Scripturarum
2013 3608 2125 3667 sibi,
2160 3609 2258 3660 im-

695 3706 932 3776 pervium
971 3712 1111 3758 esset
1141 3720 1154 3756 :
1184 3700 1304 3753 talia
1350 3709 1524 3753 autem
1559 3708 1649 3752 aut
1687 3698 1935 3763 inediam,
1979 3706 2069 3751 aut
2094 3697 2263 3751 levem

698 3798 872 3851 cibum
919 3802 1115 3848 amant.
1170 3792 1336 3846 Porro
1370 3805 1485 3844 mos
1539 3798 1621 3843 est
1667 3791 1942 3855 convivis,
1996 3790 2095 3842 nisi
2146 3789 2266 3857 quis

702 3904 821 3942 cum
876 3886 1004 3956 ipsis
1048 3884 1239 3949 sudet,
1284 3891 1373 3935 aut
1425 3880 1658 3944 sorbeat,
1707 3888 1797 3933 aut
1844 3879 2109 3933 indecenti
2159 3880 2268 3933 risu

701 3978 1065 4039 cachinnelur,
1124 3973 1343 4027 summis
1388 3971 1565 4042 digitis
1618 3970 1848 4039 tepidum
1896 3970 2139 4039 poculum
2164 3984 2271 4038 ge-

708 4080 885 4133 stans,
938 4082 1137 4121 mensa:
1190 4064 1493 4118 comitatem
1551 4062 1603 4116 in
1652 4060 1987 4115 maledictum
2042 4073 2267 4116 vertere.

712 4159 789 4214 Ad
821 4170 1077 4212 summam
1113 4163 1288 4209 autem
1313 4195 1326 4215 ,
1365 4163 1423 4207 ut
1449 4161 1572 4221 puto
1592 4193 1605 4215 ,
1633 4161 1684 4205 et
1708 4150 1881 4205 verius
1905 4194 1919 4217 ,
1949 4152 2102 4205 valde
2148 4166 2271 4220 par-

704 4268 799 4302 t-us
847 4259 961 4301 erat
998 4260 1120 4315 erga
1153 4246 1401 4298 convivas
1430 4242 1726 4295 luxuriosos
1756 4282 1769 4303 ,
1819 4240 2153 4309 sacrilegium
2187 4256 2272 4292 ra-

708 4350 790 4392 t-ts
833 4326 1191 4404 sumptus-qui
1242 4334 1292 4386 in
1321 4332 1451 4386 tales
1481 4330 1665 4384 tierent
1688 4348 1700 4383 :
1725 4330 1876 4383 simul
1909 4339 1961 4383 et
1989 4332 2278 4385 oeconomia

716 4427 920 4483 furandi
950 4426 1251 4480 occasiones
1292 4420 1599 4491 prmeidens,
1632 4436 1697 4474 ne
1732 4420 2072 4491 decuplarent
2114 4421 2279 4489 pretia

715 4520 1055 4577 obsoniorum
1095 4516 1149 4570 in
1176 4515 1443 4577 brevibus,
1476 4514 1817 4566 necesdtates
1848 4528 2139 4580 pauperum
2179 4512 2279 4565 sibi

717 4609 1064 4664 vindicantes.
1095 4608 1351 4659 l‘rzntcrea
1380 4603 1602 4656 civitatis
1627 4602 2011 4654 multitudinem
2038 4602 2283 4657 conside-

719 4717 863 4765 rans,
911 4697 1141 4763 videbat,
1189 4705 1280 4749 aut
1324 4710 1510 4749 omnes
1538 4694 1824 4745 honoratos
1866 4694 2061 4748 debere
2096 4710 2153 4748 se
2194 4695 2281 4747 tali

724 4798 922 4847 honore
958 4788 1182 4858 dignari,
1226 4797 1277 4841 nt
1309 4785 1503 4840 Christi
1544 4784 1982 4853 dispensatorem,
2027 4794 2118 4839 aut
2157 4788 2283 4840 nulli

723 4899 830 4935 rem
862 4882 1000 4935 illam
1038 4879 1292 4947 pra-here.
1324 4876 1629 4946 Respiciens
1657 4889 1862 4944 quoque
1906 4885 1957 4929 et
1987 4875 2052 4928 ad
2092 4892 2285 4930 mensa:

727 4976 975 5029 tumultus
998 4981 1049 5024 et
1069 4972 1131 5024 ad
1156 4970 1562 5039 magnitudinem
1592 4968 1945 5035 impensarum
1977 4984 2283 5038 pauperum,

728 5064 1001 5120 exhorruit
1047 5077 1157 5115 rem
1213 5062 1376 5125 illam,
1421 5061 1629 5129 longum
1680 5060 1978 5113 vah-dicens
2034 5061 2293 5129 ejusmodi

734 5153 1058 5218 maledictis;
1092 5152 1219 5207 illud
1258 5152 1322 5205 de
1350 5152 1566 5204 Actibus
1591 5150 1960 5219 Apostolorum
1992 5153 2091 5207 sibi
2121 5154 2292 5207 succi-

734 5264 905 5306 tiens:
946 5246 1050 5301 Viri
1079 5252 1277 5315 fratres,
1321 5263 1416 5299 non
1459 5246 1569 5299 licet
1611 5246 1749 5297 nobis
1775 5247 2061 5300 ministrare
2096 5249 2292 5309 mensis,

737 5341 819 5395 sed
846 5340 1203 5393 constituamus
1232 5337 1360 5391 viros
1387 5336 1642 5405 religiosos
1672 5337 1737 5387 ad
1762 5338 1854 5388 hoc
1882 5354 2037 5405 opus;
2069 5354 2157 5390 nos
2188 5354 2300 5390 vero

741 5446 965 5485 racemus
992 5428 1333 5499 prtedicationi
1357 5436 1402 5479 et
1432 5426 1641 5478 orationi
1669 5426 1798 5495 (Act.
1832 5431 1883 5481 6.
1914 5431 1963 5480 Ξ.
2002 5428 2079 5499 4).
2106 5430 2301 5496 Quent-

738 5504 1018 5576 admodum
1058 5522 1197 5575 enim
1229 5533 1394 5587 equus
1422 5518 1692 5577 circensis.
1726 5520 1814 5588 qui
1852 5522 2075 5574 stadium
2105 5520 2302 5574 dcenr-

741 5629 859 5668 rere
886 5613 1106 5681 amplius
1134 5627 1235 5664 non
1270 5619 1460 5679 potest,
1502 5609 1567 5663 ad
1597 5612 1789 5665 molam
1820 5614 2100 5679 relegatur,
2137 5614 2306 5668 inlini-

740 5722 850 5761 ttnn
901 5704 1149 5757 circulum
1200 5716 1391 5771 gyratts
1423 5718 1433 5730 ο
1462 5701 1535 5755 sic
1581 5701 1645 5755 ad
1693 5702 1898 5757 virtutis
1939 5720 2210 5759 sermones
2241 5711 2309 5777 pi-

3829 318 3900 375 ιο

2324 452 2573 506 gresceus
2615 434 2800 491 doctor
2840 451 3075 491 mensam
3121 435 3271 506 quasi
3325 435 3452 489 retia
3495 435 3560 488 ad
3606 436 3899 523 capiundos

2325 525 2565 582 homines
2586 528 2865 597 praetendit
2891 546 2904 581 :
2928 537 3084 597 atque
3110 526 3307 581 utinam
3331 524 3515 579 saltem
3538 525 3897 580 esurientibus

2323 628 2377 671 et
2401 620 2609 689 egenis!
2643 618 2783 673 unde
2813 619 2936 673 licet
2966 617 3388 673 benedictionem
3419 616 3631 671 Domini
3660 616 3853 671 lucrari
3883 635 3895 669 :

2326 706 2557 772 Esnn’vi,
2593 717 2638 762 et
2684 708 2903 763 satiastis
2946 709 3060 778 me(
3098 707 3282 761 Matth.
3310 706 3402 773 25,
3430 706 3545 776 55)
3586 723 3601 760 :
3651 706 3744 761 sed
3771 706 3902 761 solis

2326 800 2595 866 divitibus,
2642 812 2694 854 ut
2726 802 2863 855 bene
2900 801 3115 863 audiat,
3145 809 3246 867 aut
3286 799 3667 854 marcescibilis
3711 799 3901 868 gloria)

2326 905 2505 953 causa,
2550 900 2639 944 aut
2670 899 2725 944 ut
2755 890 2986 944 vicissim
3029 891 3096 944 ab
3137 889 3238 944 illis
3266 889 3530 953 invitetur,
3575 898 3665 943 aut
3696 890 3739 943 si
3768 888 3902 943 nihil

2329 982 2569 1048 istorum,
2601 990 2781 1037 utnon
2804 981 2940 1036 male
2963 981 3176 1046 audiat;
3208 982 3494 1035 immemor“
3515 979 3904 1035 maledictionis

2330 1074 2537 1127 Demini
2587 1073 2854 1128 dicentis:
2897 1072 2981 1127 Var
3022 1073 3177 1137 vobis,
3222 1088 3338 1126 cum
3382 1049 3527 1125 vobi}
3560 1071 3905 1125 benedixerint

2331 1174 2499 1210 omnes
2555 1158 2777 1211 homines
2823 1156 2971 1227 (Luc.
3005 1156 3057 1210 6.
3088 1155 3201 1224 26).
3248 1155 3361 1209 Non
3402 1155 3555 1215 dixit,
3614 1154 3900 1223 Paupercs,

2330 1249 2447 1316 sed,
2484 1248 2742 1303 Homines.
2776 1249 3020 1303 Similiter
3044 1249 3173 1301 enim
3203 1246 3451 1316 faciebant
3481 1248 3625 1320 falsis
3650 1247 3907 1318 prophetis

2333 1352 2498 1412 patres
2523 1357 2714 1394 eorum.
2758 1340 2870 1395 Non
2914 1354 3213 1409 qumramus
3255 1339 3414 1409 igitur
3454 1346 3510 1394 ut
3551 1355 3697 1392 vana:
3722 1339 3907 1408 gloria:

2332 1432 2532 1501 cupidi,
2573 1447 2606 1486 o
2644 1431 2942 1496 Theodore,
2993 1430 3105 1485 falsi
3153 1429 3422 1499 prophetae
3464 1430 3708 1499 gloriam.
3761 1428 3908 1482 Venit

2333 1525 2466 1576 enim
2492 1523 2735 1585 Joannes,
2771 1539 2926 1592 neque
2967 1522 3277 1575 manducans
3320 1538 3475 1591 neque
3512 1523 3699 1583 bibens,
3743 1522 3908 1575 invia

2330 1614 2548 1685 justitia:
2569 1632 2582 1677 ;
2605 1625 2651 1668 et
2681 1615 2871 1679 dicunt,
2907 1613 3221 1668 Dcemonium
3242 1614 3406 1667 habet.
3449 1614 3591 1667 Venit
3620 1615 3785 1668 Filius
3814 1617 3910 1670 ho—

2338 1707 2485 1760 minis
2513 1692 2824 1760 mandamus
2864 1717 2909 1761 et
2939 1708 3127 1770 bibens,
3167 1716 3215 1761 et
3252 1708 3422 1760 dicunt
3446 1724 3464 1758 :
3494 1705 3624 1759 Ecce
3648 1707 3796 1760 homo
3827 1722 3914 1761 vo-

2339 1813 2452 1862 rax,
2498 1806 2544 1849 et
2570 1797 2670 1849 vini
2697 1808 2862 1866 potor,
2896 1797 3274 1867 publicanorum
3304 1799 3494 1851 amicus
3524 1809 3568 1851 et
3595 1809 3914 1868 peccatorum

2340 1888 2553 1957 (Matth.
2582 1889 2668 1943 ll.
2701 1889 2785 1943 18.
2814 1888 2923 1958 19).
2951 1889 3101 1943 Duc.
3132 1888 3244 1941 Non
3273 1899 3327 1941 ιιι
3353 1889 3569 1941 omnino
3599 1891 3913 1956 vituprrem,

2339 1978 2539 2047 optime
2570 1975 2744 2043 Pater,
2784 1987 2877 2032 aut
2915 1979 3148 2033 insector
3191 1979 3345 2033 talem
3392 1980 3510 2032 vita:
3554 1978 3913 2042 severitatem,

2343 2069 2479 2126 hanc
2526 2066 2995 2142 interrogationem
3048 2072 3335 2141 interposui
3381 2082 3580 2125 exacta:
3628 2072 3916 2125 narrationi

2346 2171 2486 2216 ture:
2519 2163 2749 2217 sciebam
2794 2163 2935 2217 enim
2977 2172 3029 2217 et
3063 2180 3129 2217 ex
3169 2164 3279 2232 ipsa
3321 2163 3456 2218 fama
3505 2174 3557 2217 et
3600 2180 3662 2218 ex
3708 2165 3920 2232 scriptis

2345 2252 2461 2321 ejus
2485 2270 2602 2322 qua:
2639 2253 2703 2306 ad
2735 2268 2829 2307 nos
2858 2262 3232 2322 pervenerunt,
3266 2263 3317 2307 et
3343 2269 3404 2307 ex
3438 2253 3667 2307 homiliis
3695 2263 3785 2307 ant
3809 2255 3922 2320 epi-

2346 2343 2517 2405 stolis,
2559 2343 2657 2396 viri
2698 2343 2838 2397 illius
2884 2344 3210 2412 propositum
3241 2360 3252 2395 :
3279 2344 3369 2397 sed
3406 2352 3462 2397 ut
3506 2345 3620 2410 ejus
3653 2344 3922 2412 proposito

2347 2444 2644 2503 comperto,
2670 2450 2780 2488 rem
2804 2432 2944 2489 illam
2973 2439 3272 2490 armularer.
3304 2436 3431 2501 Quis
3454 2436 3592 2489 enim
3622 2437 3754 2488 adeo
3776 2437 3920 2491 omni

2350 2541 2411 2579 ex
2435 2534 2581 2593 parte
2609 2524 2834 2578 stolidus
2854 2534 2954 2590 est,
2986 2536 3042 2579 ut
3073 2526 3275 2594 ignoret
3300 2526 3467 2593 majus
3490 2542 3609 2580 esse
3633 2526 3925 2593 detrimen-

2351 2623 2459 2668 tum
2491 2630 2552 2668 οι
2582 2629 2763 2668 mensa
2786 2630 2942 2684 quam
2966 2615 3193 2682 lucrum,
3227 2617 3324 2669 nisi
3356 2632 3489 2685 opus
3518 2619 3585 2670 sit
3609 2618 3658 2669 in
3693 2618 3926 2670 necessi-

2353 2713 2459 2758 tate
2479 2713 2687 2758 sanctos
2714 2705 2939 2774 hospitio
2960 2706 3243 2776 excipere?
3267 2708 3439 2761 Ense.
3464 2707 3585 2762 lla-c
3602 2719 3653 2763 et
3675 2724 3773 2776 ego
3794 2709 3923 2770 dixi.

2353 2797 2588 2850 veritatis
2616 2797 2978 2851 amantissime
3008 2798 3307 2863 Theodore,
3354 2814 3456 2852 non
3500 2809 3794 2853 extenuans
3821 2800 3927 2853 viro

2357 2894 2518 2940 tutem
2553 2897 2756 2954 patrum
2787 2897 3111 2953 nostrorum,
3154 2890 3381 2943 maxime
3427 2889 3818 2956 hos;-italitatis.
3853 2890 3929 2943 Ex

2358 2978 2639 3031 virtutibus
2672 2978 2814 3031 enim
2846 2980 3053 3033 ca-teris
3074 2996 3190 3047 qua:
3218 2978 3281 3031 ad
3308 2981 3556 3048 pietatem
3598 2980 3838 3045 tendunt,
3869 2996 3931 3034 ea

2358 3083 2459 3120 una
2499 3077 2579 3121 est
2620 3084 2890 3137 perquam
2931 3068 3130 3122 domini
3177 3070 3509 3137 patriarcha;
3557 3072 3694 3125 alius
3718 3072 3932 3140 qualem

2357 3157 2692 3213 Servatorem
2725 3160 2883 3211 Deum
2911 3159 3185 3214 convivam
3213 3170 3393 3213 nactus
3424 3170 3524 3225 est,
3559 3160 3692 3215 alter
3720 3162 3937 3229 angelos

2360 3248 2595 3315 hospites
2636 3248 2848 3314 habuit;
2894 3250 3030 3303 alius
3070 3251 3283 3319 quidem
3325 3252 3486 3302 lilimn
3546 3251 3596 3303 in
3638 3260 3935 3316 senectute.

2363 3341 2498 3395 alter
2523 3356 2648 3393 vero
2677 3342 2897 3395 salutem
2925 3358 2954 3395 e
2977 3342 3223 3395 Sodomis
3250 3356 3369 3395 cum
3401 3342 3605 3395 ﬁliabus
3638 3342 3939 3397 mercedem

2365 3432 2501 3484 nacti
2528 3449 2540 3501 ς
2569 3430 2633 3485 de
2663 3432 2853 3500 quibus
2899 3441 2952 3485 et
2994 3433 3265 3501 apostolus
3308 3434 3398 3495 ait,
3449 3434 3684 3487 excitans
3734 3448 3830 3488 nos
3875 3435 3941 3489 ad

2366 3520 2736 3587 imitationem,
2774 3520 3147 3589 Ilospitelitatis
3178 3540 3239 3577 ne
3275 3523 3636 3576 obliviscamini
3670 3539 3688 3576 :
3712 3541 3801 3593 per
3830 3541 3945 3578 eam

2368 3614 2498 3664 enim
2527 3613 2731 3681 quidam
2762 3613 2964 3681 angelos
3000 3612 3216 3683 hospitio
3244 3623 3535 3681 receperunt
3563 3614 3638 3665 vel
3671 3616 3947 3668 nescientes

2370 3700 2553 3770 (Hebr.
2586 3702 2671 3756 l3.
2703 3703 2776 3773 2).
2808 3704 3026 3773 Oportet
3066 3714 3240 3759 autem
3287 3703 3549 3773 hospitum
3581 3715 3947 3773 susceptorem

2371 3805 2425 3853 et
2450 3795 2779 3865 prudentiam
2822 3812 2939 3850 serv
2963 3798 3083 3849 tntis
3111 3796 3304 3850 habere
3344 3805 3397 3849 et
3437 3796 3826 3864 simplicitatem
3854 3811 3977 3850 eo--

2374 3888 2587 3954 lumine,
2616 3888 2820 3943 duobus
2852 3888 3057 3942 Domini
3094 3888 3245 3941 dictis
3275 3887 3728 3958 obtemperantem
3756 3903 3769 3939 :
3802 3888 3949 3954 huic,

2378 3979 2530 4033 Omni
2572 3979 2754 4047 petenti
2797 3988 2845 4031 te
2886 3978 3042 4031 tribue
3080 3976 3225 4048 (Luc.
3267 3976 3320 4032 6.
3371 3978 3499 4046 30);
3546 3985 3599 4030 et
3633 3976 3775 4040 huic,
3827 3974 3953 4029 Non

2377 4086 2572 4123 onmem
2601 4070 2848 4123 hominem
2876 4066 3106 4121 introduc
3145 4070 3197 4121 in
3239 4068 3441 4123 domum
3472 4079 3609 4122 tuam
3638 4066 3825 4139 (Eccli.
3857 4069 3951 4133 11.

2378 4162 2492 4228 51),
2539 4175 2605 4214 ne
2644 4158 2827 4229 lupum
2871 4174 2966 4226 pro
3007 4174 3103 4213 ove.
3145 4159 3449 4223 admittens,
3501 4169 3591 4213 aut
3633 4172 3815 4213 ursum
3857 4173 3959 4226 pro

2380 4250 2535 4313 bove,
2568 4250 2764 4305 damno
2793 4251 2993 4303 lucrum
3022 4261 3309 4318 permutes.
3353 4250 3529 4304 Primo
3570 4260 3748 4306 autem
3779 4253 3956 4309 locum

2384 4340 2607 4408 probare
2636 4340 2814 4404 debet,
2864 4340 2918 4393 in
2946 4355 3049 4409 quo
3083 4340 3402 4396 constitutus
3433 4352 3535 4405 est,
3578 4357 3644 4395 an
3688 4343 3956 4409 desertus,

2383 4444 2450 4483 an
2474 4430 2753 4500 frequens;
2778 4432 2968 4486 deinde
2994 4432 3260 4501 ingenium
3290 4449 3465 4497 suum,
3494 4448 3559 4486 an
3584 4435 3747 4501 possit
3771 4434 3993 4488 absurn

2384 4521 2482 4575 dos
2530 4537 2705 4576 mores
2753 4524 3011 4587 tolerare;
3054 4532 3180 4578 tunc
3218 4523 3529 4592 dignoscere
3574 4526 3660 4593 qui
3702 4525 3965 4580 beneﬁcio

2386 4613 2525 4667 allici
2554 4614 2731 4676 debet,
2774 4631 2840 4668 an
2868 4615 3014 4669 dives
3040 4616 3108 4668 sit
3133 4630 3197 4669 an
3241 4632 3456 4684 pauper,
3489 4633 3553 4668 an
3589 4632 3748 4671 sanus
3776 4633 3842 4671 an
3876 4618 3965 4670 iu—

2391 4706 2591 4769 lirmus,
2615 4721 2680 4757 an
2704 4706 2822 4759 cibo
2847 4714 2998 4774 egeat
3023 4722 3089 4759 an
3116 4707 3349 4761 vestibus
3373 4725 3385 4760 :
3411 4708 3459 4760 in
3484 4708 3563 4761 his
3584 4708 3724 4761 enim
3749 4718 3967 4764 actuosa

2393 4796 2753 4850 misericordia
2796 4806 3100 4864 occupatur.
3145 4796 3336 4850 Beatus
3369 4798 3508 4851 enim
3550 4799 3818 4852 Abraham
3857 4814 3969 4852 non

2394 4889 2658 4949 consules,
2704 4904 2807 4941 non
2837 4890 3017 4954 duces,
3052 4904 3156 4943 non
3188 4890 3547 4957 praecellentes
3578 4892 3733 4959 hujus
3774 4892 3968 4944 terreni

2396 4979 2573 5031 sa'culi
2606 4979 2745 5031 viros
2780 4980 2983 5045 excepit
3013 4978 3262 5049 hospitio,
3310 4979 3445 5048 apud
3478 4996 3610 5049 quos
3640 4992 3820 5035 essent
3848 4985 3975 5050 equi

2398 5084 2550 5122 camo
2593 5079 2679 5122 aut
2735 5069 2882 5122 freno
2926 5080 3285 5131 coruscantes,
3324 5081 3413 5122 aut
3452 5078 3697 5124 sarabara
3743 5087 3849 5125 tere
3879 5087 3974 5125 5o-

2402 5162 2576 5213 nantia
2612 5160 2871 5230 superbae
2914 5160 3189 5227 strepitum
3232 5161 3297 5215 de
3338 5161 3489 5229 longe
3519 5163 3848 5225 eructantia;
3878 5164 3975 5219 sed

2402 5254 2669 5307 desertum
2716 5253 2952 5306 habitans
2996 5254 3186 5317 loeum,
3220 5269 3284 5308 eo
3323 5255 3699 5313 convenientes
3739 5255 3977 5321 excipio-

2407 5346 2514 5399 bat.
2547 5344 2645 5409 Qui
2673 5353 2845 5398 autem
2877 5344 3140 5396 desertum
3176 5345 3487 5407 transibant,
3516 5354 3603 5397 aut
3630 5354 3840 5412 propter
3867 5346 3979 5397 vir-

2410 5446 2574 5488 tutem
2606 5436 2818 5488 adibant
2846 5434 2909 5487 ad
2949 5434 3318 5502 patriarcham,
3362 5443 3450 5487 aut
3475 5443 3692 5502 propter
3720 5433 3983 5489 mendici.

2410 5528 2648 5591 citatem,
2695 5542 2811 5594 qua:
2851 5525 3032 5579 ultima
3081 5536 3359 5591 paupertas
3389 5536 3491 5578 est.
3524 5524 3811 5593 Paupertas
3840 5526 3984 5579 enim

2417 5619 2647 5672 medium
2692 5625 2773 5671 est
2820 5619 2955 5670 inter
2983 5630 3258 5669 excessum
3288 5626 3341 5669 et
3370 5614 3628 5669 defectum
3665 5634 3677 5669 :
3704 5630 3986 5671 excessum

2417 5709 2627 5777 quidem
2656 5708 2977 5770 divitiarum,
3024 5706 3287 5760 delectum
3317 5721 3442 5761 vero
3486 5708 3857 5763 mendicitatis.
3908 5710 3983 5762 Si-
