4264 6306
300 359 354 415 Η
547 360 557 368 ’
1185 354 1269 408 DE
1311 352 1462 407 VITA
1497 352 1551 408 S.
1596 351 1871 406 JOANNIS
1910 348 2399 405 CllIlYSOSTUMI.
3372 356 3389 373 “
3502 348 3564 401 η

298 472 494 526 utiliter
525 485 654 525 vero
690 478 745 523 et
771 472 869 523 Lot
892 467 1208 521 deteriorem
1236 465 1419 533 quovis
1447 464 1659 518 deserto
1686 467 1874 515 urbem

304 562 570 622 habitans.
598 562 720 628 jure
739 558 1034 626 excipiebat
1058 556 1401 633 adventantes
1426 554 1659 624 hospites
1686 553 1752 606 ob
1778 554 1879 606 im-

306 652 500 720 probos
556 665 735 705 mores
789 648 1104 703 incolarum.
1155 647 1320 702 Porro
1371 647 1414 701 si
1455 648 1572 715 quis
1616 644 1879 698 civitatem

303 744 503 811 optime
525 751 786 795 moratam
810 738 1072 803 habitans,
1103 736 1275 805 qualis
1292 734 1793 813 Constantinopolis.
1830 734 1880 786 in

304 844 406 900 qua
454 843 645 884 omnes
700 836 824 882 sunt
875 826 1141 895 hospitum
1192 835 1560 892 susceptor-es,
1617 821 1883 893 superﬂuo

304 922 443 977 forte
472 922 592 991 quis
633 935 663 975 e
708 919 1051 990 presbyteris,
1094 917 1280 971 relicto
1307 915 1699 985 prardicationis
1731 914 1878 966 mini-

306 1011 489 1073 sterio,
519 1008 885 1063 examinandis
912 1006 1256 1060 obsoniorum
1278 1004 1525 1059 brevibus
1546 1010 1774 1063 vacaret,
1800 1001 1885 1055 hic

304 1103 503 1156 oblitus
553 1102 669 1165 sui,
715 1113 1007 1168 cauponem
1065 1112 1157 1167 pro
1228 1096 1446 1150 doctore
1497 1110 1556 1149 se
1608 1100 1879 1163 reputans.

304 1202 359 1246 et
400 1192 614 1261 aquosis
643 1189 1049 1260 cogitationibus
1084 1202 1270 1256 puram
1298 1192 1352 1240 et
1393 1200 1595 1238 meram
1625 1183 1879 1251 cognitio-

306 1298 429 1338 nem
484 1282 706 1335 abolens
748 1296 867 1334 cum
917 1278 1263 1348 acquisitione
1315 1276 1607 1346 prophetici
1656 1275 1877 1343 probri:

306 1373 573 1439 Caupones
612 1373 683 1425 tui
718 1371 919 1424 miscent
961 1370 1132 1423 rinam
1174 1382 1315 1434 aqua:
1341 1364 1493 1434 (Isai.
1525 1366 1574 1418 l.
1604 1362 1718 1433 ‘22).
1750 1362 1880 1417 Nam

302 1470 503 1530 quanto
544 1461 709 1527 magis
751 1458 971 1512 inllrmis
996 1457 1177 1510 vinum
1219 1470 1353 1525 aqua
1401 1453 1735 1524 prmstantius
1774 1461 1877 1516 est,

304 1560 453 1604 tanto
474 1550 712 1604 doctrina
741 1548 1153 1617 hospitalitatem
1178 1554 1392 1613 superat
1425 1562 1437 1597 :
1470 1542 1583 1597 huic
1609 1542 1749 1597 enim
1783 1542 1879 1595 ho-

303 1646 537 1701 minibus
573 1647 653 1699 sui
694 1644 944 1714 temporis
971 1644 1205 1714 prodest,
1241 1642 1330 1696 illa
1362 1655 1490 1697 vero
1530 1648 1583 1695 et
1608 1640 1876 1710 posteris:

300 1744 358 1792 et
396 1734 529 1790 δευο-
552 1735 763 1801 quidem
796 1743 1087 1803 praesentes
1129 1731 1465 1787 solummodo
1496 1731 1749 1795 lucratur,
1796 1728 1879 1781 illa

305 1838 437 1877 vero
458 1834 511 1878 et
537 1825 816 1878 absentes;
842 1832 1134 1893 prtesentes
1164 1820 1378 1891 quidem
1405 1820 1602 1889 lingua,
1630 1818 1882 1873 absentes

302 1929 431 1967 vero
467 1928 564 1982 per
590 1914 808 1981 scripta.
839 1912 984 1967 Talis
1023 1911 1122 1966 fuit
1171 1913 1222 1966 in
1265 1926 1427 1965 carne
1474 1910 1747 1973 Set-valor,
1791 1908 1880 1977 qui

302 2004 529 2074 panibus
557 2007 788 2073 quinque
827 2004 1095 2058 hominum
1126 2003 1287 2057 millia
1315 2002 1476 2072 pavit,
1521 2017 1627 2055 non
1666 2001 1715 2054 in
1746 1999 1877 2054 civi-

299 2103 431 2157 tite,
473 2093 566 2148 sed
594 2095 646 2147 in
674 2094 885 2149 deserto
913 2112 925 2146 :
953 2095 1040 2165 qui
1072 2094 1245 2162 lingua
1274 2092 1483 2162 quidem
1512 2100 1564 2146 et
1594 2100 1882 2159 prarsentes

297 2182 500 2248 docuit,
554 2183 738 2236 orbem
792 2198 916 2237 vero
967 2191 1225 2238 terrarum
1278 2182 1498 2236 salvavit
1548 2197 1642 2251 per
1687 2182 1877 2249 scripta

300 2266 789 2341 Evangelia.'l'ales
804 2273 945 2327 enim
979 2281 1104 2327 sunt
1132 2286 1407 2327 sermones
1440 2285 1623 2325 eorum
1653 2269 1880 2324 maxime

300 2360 393 2430 qui
420 2360 615 2429 Spiritu
655 2370 839 2415 saneto
869 2362 1007 2429 pleni
1046 2372 1191 2417 sunt.
1217 2362 1397 2431 Neque
1438 2362 1665 2422 mireris,
1707 2359 1873 2414 Theo-

298 2448 453 2515 dore,
483 2452 526 2503 si
557 2450 674 2519 quis
703 2450 1023 2504 esurientem
1049 2452 1183 2506 cibis
1214 2450 1531 2519 impleverit,
1561 2450 1653 2504 sed
1693 2450 1736 2503 si
1763 2449 1879 2517 quis

298 2544 372 2597 ab
422 2541 599 2611 aliqua
662 2542 958 2610 ignorantia
1002 2543 1233 2597 animum
1283 2542 1576 2611 cujuspiam
1627 2541 1876 2595 liberarii.

298 2634 400 2703 Qui
426 2635 569 2688 enim
602 2642 839 2688 ventrem
878 2635 1115 2688 alienum
1140 2644 1321 2704 pascat
1358 2644 1448 2688 aut
1472 2633 1637 2704 gratis
1661 2641 1753 2686 aut
1788 2647 1882 2701 pe-

297 2725 476 2789 cunia,
524 2732 616 2778 aut
657 2738 793 2793 pane
835 2733 923 2777 aut
963 2724 1216 2790 oleribus,
1261 2723 1413 2778 facile
1464 2725 1725 2777 invenitur
1755 2742 1767 2776 :
1792 2723 1878 2790 qui

298 2822 474 2867 autem
506 2815 666 2869 verbo
706 2816 935 2868 animam
980 2816 1194 2881 nutriat,
1242 2815 1284 2868 is
1312 2814 1523 2869 difﬁcile
1552 2814 1762 2883 quidem
1798 2815 1881 2867 in-

301 2904 541 2967 venitur;
586 2905 831 2959 inventus
876 2915 1073 2971 autem,
1119 2915 1209 2959 aut
1239 2920 1343 2960 non
1380 2906 1634 2975 creditur,
1677 2915 1771 2960 aut
1796 2907 1879 2961 vix

298 2993 554 3056 creditur,
610 2994 763 3048 malis
816 2996 1086 3062 spiritibus
1124 3010 1340 3067 seraper
1384 2997 1677 3050 animarum
1722 2997 1879 3050 saluti

297 3083 699 3139 obsistentibus.
742 3085 887 3140 Hanc
916 3088 1063 3140 verbi
1102 3087 1355 3141 doctrina:
1398 3086 1591 3142 famem
1636 3087 1878 3158 supp‘icii

300 3176 419 3230 loco
458 3176 745 3230 immittere
787 3177 1035 3231 minitans
1078 3178 1330 3232 Dominus
1376 3179 1536 3244 Deus,
1588 3178 1722 3232 dixit
1758 3195 1880 3248 pro-

300 3268 480 3337 pheta:
508 3286 521 3322 :
553 3269 802 3321 lnducam
839 3286 989 3338 super
1031 3286 1114 3323 eos
1154 3270 1358 3337 famem,
1392 3286 1490 3324 non
1520 3275 1703 3340 famem
1735 3272 1881 3339 panis

299 3356 379 3410 vel
405 3374 566 3428 aqua,
599 3358 687 3411 sed
712 3362 895 3425 [autem
920 3358 1157 3411 audiendi
1179 3357 1376 3411 verbum
1406 3357 1613 3411 Domini
1634 3358 1805 3428 (Amos
1823 3359 1876 3415 8.

302 3444 413 3517 Η).
445 3447 508 3501 Et
535 3448 586 3499 in
617 3448 851 3501 sensibili
878 3447 1089 3517 quidem
1116 3446 1275 3513 fame,
1308 3448 1430 3502 licet
1461 3448 1641 3502 relicta
1669 3449 1879 3504 civitate

297 3548 388 3590 aut
416 3537 632 3606 regione
661 3552 777 3607 qua:
810 3538 948 3593 fame
976 3553 1227 3608 oppressa
1256 3546 1356 3605 est,
1390 3539 1441 3592 in
1472 3539 1628 3593 aliam
1658 3542 1837 3609 fugere
1862 3558 1876 3594 :

298 3627 438 3681 sicut
495 3628 663 3682 sancti
707 3628 1019 3698 patriarcha:
1077 3644 1106 3683 e
1156 3628 1434 3683 Palaestina
1480 3629 1530 3682 in
1588 3629 1876 3700 Egyplum

298 3717 692 3772 descenderunt
732 3735 747 3771 :
793 3718 858 3772 de
906 3718 1100 3772 mentis
1146 3727 1323 3771 autem
1374 3717 1550 3784 fame,
1602 3734 1718 3789 quae
1772 3736 1876 3772 non

300 3808 511 3865 aliunde
539 3810 792 3865 Ecclesiis
817 3814 1122 3880 supervenit
1149 3828 1305 3883 quam
1339 3814 1555 3884 penuria
1577 3814 1874 3878 doctorum,

302 3914 486 3954 rursus
524 3901 658 3954 alius
704 3901 959 3972 propheta
998 3902 1169 3956 dixit:
1202 3902 1541 3957 Circumibunt
1586 3904 1646 3957 ab
1693 3907 1879 3959 oriente

298 3991 367 4044 ad
392 3992 696 4045 occidentem
725 4002 995 4060 quazrentes
1021 3995 1219 4049 verbum
1254 3992 1478 4060 Domini,
1516 4004 1561 4048 et
1592 3994 1877 4050 nullatenus

300 4081 545 4134 invenient
579 4080 685 4151 (Ib.
712 4096 759 4135 υ.
796 4081 905 4153 12).
933 4082 1083 4149 Quod
1123 4093 1295 4138 autem
1340 4084 1537 4139 bonum
1580 4100 1607 4138 a
1638 4086 1877 4139 doctrina

302 4185 404 4225 non
434 4171 715 4241 provenit?
740 4172 864 4242 quid
896 4189 1021 4228 vero
1061 4190 1165 4227 non
1213 4174 1493 4229 molestum
1525 4178 1591 4230 ab
1618 4177 1877 4247 intempe-

299 4260 432 4315 stivo
460 4262 583 4316 cibo
610 4270 703 4316 aut
736 4263 984 4317 convivio
1028 4278 1131 4319 non
1178 4266 1456 4319 exoritur?
1486 4266 1676 4335 morbi,
1724 4266 1873 4332 rixae,

298 4353 633 4408 contumelia:
699 4353 968 4420 libidinis,
1030 4365 1084 4410 et
1137 4372 1256 4425 quae
1316 4358 1402 4411 illa
1460 4359 1873 4429 subsequuntur.

298 4443 521 4509 Quando
552 4443 659 4497 Eva
686 4444 849 4513 ejecta
895 4445 993 4501 fuit
1036 4463 1105 4502 ex
1136 4448 1419 4517 paradiso?
1463 4464 1639 4503 nonne
1664 4449 1875 4519 quando

297 4535 461 4587 audiit
489 4546 811 4603 serpentem,
857 4547 911 4593 et
935 4539 1165 4594 comedit
1190 4555 1256 4594 ex
1291 4540 1453 4610 ligno,
1482 4556 1589 4595 non
1630 4551 1874 4597 contenta

297 4625 567 4679 ordinario
609 4626 764 4681 cibo?
816 4626 1047 4695 Quando
1091 4627 1221 4684 Cain
1278 4629 1552 4685 fratricidii
1610 4632 1873 4700 piaculum

296 4714 605 4769 commisit?
631 4729 804 4771 nonne
830 4719 1044 4787 quando
1072 4735 1100 4773 e
1129 4720 1373 4789 primitiis
1397 4722 1624 4790 gustavit
1650 4723 1869 4790 primus,

296 4805 431 4874 gulae
457 4820 570 4860 suae
601 4809 861 4878 pracipua
886 4812 1201 4866 reservans?
1230 4810 1451 4880 Quando
1480 4813 1570 4867 filii
1599 4812 1698 4869 Job
1725 4830 1874 4869 men-

296 4910 406 4949 sam
449 4897 811 4965 estemporale
850 4900 1149 4968 sepulcrum
1180 4902 1319 4955 nacti
1362 4903 1517 4957 sunt?
1546 4919 1721 4960 nonne
1753 4921 1872 4959 cum

296 4985 654 5041 comedissent
678 4997 732 5041 et
756 4988 1044 5044 bibissent?
1072 4991 1297 5057 Quando
1334 4992 1476 5047 Esau
1506 4994 1871 5050 benedictione

296 5077 528 5145 privatus
558 5077 879 5133 estinoune
904 5093 1024 5134 cum
1048 5080 1168 5134 cibo
1207 5082 1470 5137 inescatus
1494 5085 1711 5138 servivit
1742 5102 1867 5139 ven-

290 5166 392 5220 ari?
419 5164 643 5233 Quando
663 5166 784 5222 Saul
807 5183 968 5239 regno
995 5170 1184 5224 excidit
1203 5172 1226 5223 't
1243 5186 1420 5227 nonne
1438 5188 1555 5227 cum
1581 5174 1875 5243 pulcherri—

303 5274 403 5313 mas
429 5274 564 5314 oves
592 5269 787 5329 praeter
814 5259 983 5330 legem
1024 5262 1290 5317 comedit?
1320 5264 1542 5329 Quando
1568 5276 1740 5319 autem
1781 5282 1873 5334 po-

298 5351 447 5419 pulus
485 5351 645 5406 Israel
674 5351 839 5407 Deum
881 5353 1143 5407 irritavit?
1184 5370 1365 5411 nonne
1403 5371 1522 5411 cum
1566 5357 1869 5427 Egyptiam

290 5442 699 5513 concupiscebat
729 5458 984 5502 mensam.
1028 5457 1213 5498 carnes
1259 5454 1311 5498 et
1355 5446 1553 5502 lebetes
1595 5465 1623 5501 a
1654 5446 1871 5503 doctore

290 5532 602 5603 requirens?
626 5531 801 5601 Opbni
832 5541 883 5587 et
909 5534 1135 5589 Phineus
1167 5535 1254 5588 filii
1285 5536 1393 5591 lleli
1422 5552 1582 5604 quare
1611 5555 1710 5592 una
1739 5539 1864 5593 bona

286 5625 440 5679 occisi
488 5634 607 5677 sunt
658 5624 713 5687 in
761 5623 939 5693 bello?
975 5640 1149 5679 nonne
1187 5622 1308 5696 quia
1351 5628 1620 5698 rapiebant
1654 5629 1870 5685 fusciuis

280 5723 467 5769 (states
493 5713 740 5768 sacriticii
769 5726 798 5765 e
828 5712 1123 5767 lebetibns?
1149 5713 1309 5771 Jacob
1338 5733 1461 5773 vero
1490 5717 1575 5772 illc
1602 5718 1863 5788 vitnpcia-

1988 460 2108 514 bilis
2137 461 2347 528 quando
2377 460 2759 513 recalcitrat-it?
2789 474 2965 512 nonne
2986 474 3104 512 cum
3137 460 3382 525 impletus
3419 474 3555 517 erat.

1988 550 2363 619 impinguatus,
2396 549 2717 604 incrassatus
2741 558 2793 603 et
2818 548 3069 602 dilatatus
3087 550 3110 601 τ
3131 548 3351 616 Quando
3378 558 3554 603 autem

1986 638 2271 692 Sodomitas
2303 648 2496 708 praater
2537 648 2773 692 naturam
2804 637 3018 692 libidine
3049 638 3207 691 veluti
3250 646 3415 693 (nstro
3444 652 3562 706 per-

1986 728 2075 781 citi
2120 729 2278 781 sunt?
2337 744 2512 783 nonne
2554 744 2671 782 cum
2720 728 2983 783 continuis
3027 730 3279 782 conviviis
3328 738 3559 783 mentem

1986 821 2364 889 corruperant?
2407 822 2494 889 qui
2550 830 2910 873 memorantur
2947 835 3041 889 per
3084 818 3454 874 contumeliam
3496 820 3563 871 ab

1989 909 2262 963 Ezechiele
2314 908 2523 963 dicente
2567 927 2577 960 :
2623 908 2688 962 In
2732 910 3038 962 abundantia
3094 910 3193 961 vini
3240 919 3286 961 et
3338 910 3564 961 satietate

1989 1000 2130 1065 panis
2174 997 2493 1053 lasciviebant
2536 999 2632 1066 ipsi
2672 998 2885 1068 (Ezech.
2920 998 3140 1068 16.49),
3189 998 3239 1052 id
3285 1004 3386 1061 est,
3433 999 3560 1052 civi-

1988 1096 2095 1149 tas;
2128 1097 2173 1139 et
2195 1087 2316 1153 ﬁlia:
2336 1089 2462 1158 ejus,
2498 1087 2547 1141 id
2571 1097 2669 1152 est,
2701 1089 2799 1142 vici
2826 1087 2914 1155 qui
2949 1102 3160 1156 semper
3185 1087 3410 1159 civitatis
3431 1101 3529 1140 con
3548 1117 3561 1125 η

1987 1178 2319 1233 suetudinem
2345 1189 2656 1249 sequuntur.
2690 1178 3077 1247 Temperantia:
3104 1174 3278 1233 autem
3318 1177 3566 1247 cogitatio

1986 1268 2199 1337 quando
2241 1282 2272 1323 a
2316 1271 2510 1338 populo
2537 1271 2626 1323 illo
2657 1278 2835 1324 vetere
2873 1269 3107 1324 defecit?
3151 1285 3327 1323 nonne
3356 1268 3567 1337 quando

1993 1361 2044 1413 in
2101 1360 2358 1414 accubitis
2404 1373 2814 1424 consenuerunt,
2876 1363 3129 1430 propheta
3174 1360 3565 1429 exprobrante:

1992 1447 2091 1515 Qui
2116 1450 2379 1502 comedunt
2409 1450 2580 1504 hmdos
2606 1451 2668 1503 de
2687 1452 2937 1521 gregibus,
2963 1462 3009 1504 et
3035 1452 3213 1504 vitulos
3252 1450 3314 1502 de
3341 1462 3567 1505 armento

1990 1536 2245 1599 lacteolos,
2281 1538 2498 1592 bibentes
2522 1540 2832 1608 percolatum
2861 1541 3049 1604 vinum,
3097 1541 3272 1610 primis
3302 1543 3568 1610 unguentis

1989 1626 2215 1691 delibuti,
2259 1630 2571 1684 Iascivientes
2610 1632 2664 1683 in
2708 1630 2953 1685 cubilibus
2994 1633 3119 1697 suis,
3160 1642 3203 1684 et
3232 1631 3359 1685 nihil
3388 1631 3568 1701 afﬁcie—

1988 1715 2170 1769 bantur
2193 1733 2348 1785 super
2394 1719 2686 1773 contritione
2712 1718 2906 1791 Joseplt
2938 1722 3110 1792 (Amos
3139 1722 3190 1774 6.
3224 1720 3385 1791 i-ti)?
3426 1722 3569 1787 Quits

1988 1806 2224 1862 infelices
2251 1808 2412 1879 Isaias
2440 1811 2827 1878 pronuntiavit?
2859 1826 3034 1865 nonne
3059 1812 3144 1881 qui
3172 1811 3234 1864 ad
3265 1813 3565 1866 convivium

1987 1896 2219 1951 diluculo
2248 1899 2567 1968 surgebant?
2596 1902 2663 1954 ita
2698 1900 2917 1955 dicens:
2952 1900 3038 1955 Vw
3061 1903 3146 1970 qui
3172 1903 3374 1971 surgitis
3400 1919 3566 1962 mane.

1987 1998 2035 2041 et
2060 1990 2274 2041 siceram
2302 1990 2582 2054 sectamini,
2616 1992 2701 2059 qui
2732 1992 2945 2046 manetis
2972 1992 3040 2045 ad
3066 2008 3321 2060 vesperam
3356 2008 3371 2045 :
3400 1994 3569 2046 uiuunt

1987 2080 2118 2132 enim
2144 2081 2395 2135 comburet
2421 2097 2503 2136 eos
2524 2098 2542 2135 :
2568 2098 2686 2136 nam
2713 2099 2828 2136 cum
2856 2083 3049 2136 cithara
3072 2091 3116 2137 et
3144 2083 3379 2153 psalterio
3399 2085 3568 2137 uinum

1987 2169 2199 2234 bibunt;
2238 2187 2391 2237 Opera
2434 2182 2601 2225 autem
2638 2171 2843 2225 Domini
2869 2190 2969 2226 non
3012 2174 3282 2242 respiciunt
3330 2173 3483 2245 (lsai.
3514 2174 3566 2228 5.

1990 2259 2075 2313 ll.
2118 2259 2227 2329 12).
2272 2260 2495 2326 Quando
2539 2261 2839 2316 sacerdotes
2876 2261 2989 2317 Beli
3028 2277 3057 2316 a
3104 2263 3317 2317 Daniele
3357 2261 3565 2319 confusi

1987 2350 2150 2403 sunt?
2193 2364 2369 2404 nonne
2398 2364 2517 2404 cum
2548 2350 2681 2405 cinis
2723 2351 2864 2420 ipsos
2894 2367 2987 2421 per
3023 2352 3167 2407 cibos
3209 2362 3259 2407 et
3290 2362 3444 2422 potus
3474 2352 3569 2409 de-

1988 2438 2282 2507 prehensos
2310 2441 2589 2510 coarguit?
2618 2440 2685 2494 Et
2712 2441 2835 2509 quid
2864 2443 3053 2496 attinet
3078 2458 3162 2497 me
3194 2442 3372 2497 dicere
3410 2443 3476 2498 de
3508 2444 3571 2497 iis

1989 2532 2077 2597 qui
2121 2530 2280 2584 latam
2309 2534 2447 2585 viam
2482 2530 2685 2600 ingredi
2729 2532 3024 2601 elegerunt,
3059 2542 3113 2587 et
3136 2544 3412 2603 angustant
3441 2535 3571 2588 vitu-

1989 2620 2214 2689 perant?
2242 2620 2437 2676 sufiicit
2472 2622 2599 2676 mihi
2621 2620 2917 2677 Servatoris
2936 2637 3110 2676 sermo
3129 2624 3194 2677 ad
3228 2625 3570 2680 revictinuem

1988 2724 2173 2765 eorum
2203 2712 2292 2780 qui
2323 2711 2537 2766 nidores
2565 2721 2870 2767 seetantur:
2902 2713 2992 2781 qui
3022 2713 3569 2776 innoniiuatum;.divi-

1989 2808 2115 2862 tem,
2146 2800 2423 2868 splendide
2448 2800 2684 2870 quotidie
2704 2801 3006 2871 epulantem
3034 2804 3084 2855 in
3119 2803 3220 2857 hac
3246 2806 3375 2869 vita,
3394 2815 3571 2859 esten.

1987 2890 2065 2945 dit
2101 2893 2266 2945 micas
2292 2904 2346 2947 et
2370 2902 2545 2962 guttas
2575 2893 2822 2963 pauperis
2855 2893 3040 2948 Lazari
3084 2896 3570 2965 concupiscentem,

1987 2997 2084 3037 nec
2111 2983 2174 3036 iis
2197 2982 2477 3037 fruentem.
2503 2982 2847 3052 Inspiciamus
2873 2995 3051 3038 autem
3070 2992 3122 3039 et
3156 2995 3338 3039 malum
3365 2996 3571 3042 sancto-

1987 3088 2103 3126 rum
2136 3084 2393 3139 veterum,
2424 3083 2476 3129 et
2507 3075 2717 3129 tandem
2748 3076 3021 3130 discamus
3040 3092 3143 3146 quo
3169 3076 3423 3132 doctrina:
3447 3078 3571 3133 cha-

1986 3174 2193 3219 ractere
2214 3166 2292 3219 usi
2317 3173 2461 3231 sunt,
2484 3180 2551 3219 an
2581 3166 2704 3220 vita:
2732 3167 3099 3221 sanctimoniae
3117 3176 3167 3222 et
3189 3177 3347 3221 rectm.
3371 3168 3572 3223 doetrl-

1988 3256 2091 3324 nae,
2130 3274 2195 3313 an
2234 3259 2598 3314 conviviorum
2624 3270 2677 3314 et
2703 3262 2997 3329 epularum.
3024 3260 3230 3315 Primus
3257 3261 3437 3316 Enocb
3469 3260 3574 3317 (ide

1988 3351 2268 3406 translatus
2297 3360 2399 3417 est,
2433 3368 2498 3407 an
2536 3352 2817 3408 convivio?
2847 3352 3045 3407 Deinde
3081 3353 3192 3407 Noe
3220 3353 3365 3407 orbis
3403 3363 3575 3409 terra-

1987 3458 2101 3497 rum
2131 3458 2297 3512 genus
2326 3444 2430 3499 llde
2455 3445 2761 3499 servavitin
2787 3444 2949 3513 ligno,
2971 3443 3180 3513 quando
3213 3452 3456 3499 terrenus
3485 3446 3570 3499 hic

1987 3534 2215 3589 mundus
2276 3535 2617 3605 purgabatur,
2676 3550 2745 3590 an
2805 3535 2873 3591 ab
2929 3535 3154 3590 assiduis
3215 3536 3476 3590 conviviis
3521 3548 3572 3591 ct

1985 3627 2208 3696 impuris
2260 3628 2528 3697 operibus,
2593 3644 2660 3682 an
2717 3628 2920 3697 jejunio
2975 3637 3029 3683 et
3075 3629 3350 3682 oratione?
3396 3644 3572 3682 nonne

1987 3727 2043 3772 ut
2090 3732 2273 3786 parum
2326 3733 2355 3770 a
2405 3719 2493 3772 tali
2540 3726 2854 3787 tempeState
2892 3720 3199 3788 poculorum
3249 3720 3568 3789 quiesceret.

1986 3807 2328 3876 ignominiam
2357 3808 2498 3862 illius
2522 3818 2575 3863 et
2601 3825 2704 3862 non
2735 3810 2897 3882 (Ιεςμε
2929 3810 3211 3877 praedicant
3244 3810 3573 3881 Scripturae?

1987 3899 2175 3952 Beatus
2200 3898 2461 3951 Abraham
2483 3898 2713 3968 quinque
2735 3914 2887 3969 rcges
2908 3899 3258 3953 Sodomorum
3276 3902 3568 3969 superavit.

1984 4005 2049 4044 an
2080 3991 2198 4045 cibo
2228 3999 2282 4045 et
2297 4000 2421 4059 potu
2442 4033 2456 4055 ,
2481 4001 2793 4061 recuperato
2822 3993 2980 4046 etiam
3008 3992 3143 4046 Lot?
3165 3994 3230 4047 Et
3258 3993 3569 4049 Theodorus

1984 4080 2056 4133 ait
2090 4098 2102 4133 :
2150 4081 2205 4135 Si
2233 4081 2591 4134 Abrahamum
2636 4082 2853 4136 adducis
2890 4084 2940 4136 in
2972 4084 3222 4143 medium.
3257 4084 3439 4139 audias
3470 4085 3539 4155 igi

1986 4182 2070 4226 tur
2098 4182 2152 4226 et
2192 4172 2318 4225 illud
2362 4188 2391 4226 a
2429 4188 2534 4226 me.
2566 4172 2713 4227 Dicet
2740 4174 2881 4228 enim
2924 4174 3015 4228 tibi
3061 4174 3251 4245 quivis,
3297 4175 3436 4246 quod
3468 4176 3571 4233 lido

1982 4262 2195 4332 quidem
2247 4262 2453 4317 hostem
2488 4264 2632 4330 vicit,
2690 4264 2863 4317 Deum
2894 4272 3069 4318 autem
3100 4279 3280 4319 mensa
3311 4266 3472 4335 cepit,
3513 4280 3569 4322 ut

1983 4355 2129 4425 prius
2176 4355 2287 4425 ipse
2326 4354 2635 4422 exposuisti.
2686 4354 2859 4409 Erisc.
2905 4354 3088 4424 Papae:
3135 4357 3272 4412 quod
3302 4356 3567 4413 Abraham

1984 4447 2149 4501 Deum
2178 4461 2359 4499 mensa
2389 4448 2548 4517 cepit,
2579 4461 2753 4500 nonne
2782 4461 2968 4501 omnes
2990 4448 3169 4502 relicta
3192 4444 3297 4503 ﬁde
3318 4458 3369 4504 et
3397 4450 3565 4505 virtu~

1986 4537 2125 4591 tibus
2152 4537 2330 4591 cmteri
2358 4538 2596 4591 cenvivia
2643 4537 2879 4591 studiose
2902 4538 3258 4592 sectabimur?
3289 4539 3419 4593 nihil
3448 4537 3562 4594 dis-

1982 4636 2260 4696 crepantes
2307 4641 2336 4679 a
2378 4626 2705 4695 cauponibus
2755 4636 2846 4680 aut
2900 4628 3234 4691 stabulariis,
3285 4628 3373 4697 qui
3427 4628 3561 4684 lucri

1983 4734 2138 4772 causa
2160 4718 2228 4772 ob
2259 4718 2309 4772 id
2352 4718 2520 4787 ipsum
2550 4717 2811 4787 publicam
2842 4719 2981 4772 viam
3012 4719 3273 4773 obsident.
3308 4718 3377 4774 Et
3404 4720 3562 4790 virgi-

1984 4824 2078 4863 nes
2105 4809 2280 4878 igitur,
2312 4825 2429 4879 qute
2458 4816 2511 4862 et
2539 4823 2763 4878 corpore
2792 4820 2843 4862 et
2866 4808 3052 4877 spiritu
3082 4818 3275 4863 sanctae
3303 4824 3421 4865 esse
3447 4818 3530 4865 stu
3549 4840 3563 4849 -

1982 4899 2108 4954 dent
2131 4898 2195 4953 ad
2216 4900 2438 4969 gloriam
2466 4900 2578 4965 Dei,
2610 4901 2859 4968 quoniam
2884 4900 3044 4954 Maria
3064 4900 3333 4955 Christum
3358 4908 3559 4971 genuit,

1982 5002 2035 5048 et
2057 4993 2184 5063 ipsa:
2214 4992 2416 5061 pariant
2444 5009 2456 5044 :
2490 4993 2533 5046 si
2564 4994 2704 5046 enim
2727 4994 2803 5047 sic
2833 4992 3071 5058 fecerint,
3098 4994 3227 5048 nihil
3251 5010 3280 5047 a
3317 4999 3561 5050 meretri-

1981 5084 2129 5137 cibus
2164 5082 2432 5138 differunt.
2478 5083 2609 5138 Nam
2660 5083 2701 5137 si
2741 5083 2989 5138 doctores
3039 5094 3250 5154 propter
3294 5086 3558 5139 Abraham

1982 5188 2192 5228 mensas
2223 5174 2509 5237 instruunt,
2535 5184 2585 5227 et
2609 5174 2835 5244 virgines
2863 5185 3075 5244 propter
3094 5174 3309 5229 Mariam
3330 5177 3556 5245 pariant.

1981 5267 2160 5333 Apage
2196 5265 2287 5329 sis,
2321 5264 2750 5331 honoratissimo,
2790 5274 2849 5319 ut
2876 5281 2991 5333 qua:
3023 5265 3158 5318 bene
3189 5275 3424 5335 tempore
3465 5282 3560 5318 sun

1980 5364 2070 5408 aut
2097 5365 2209 5409 acta
2237 5365 2357 5409 sunt
2392 5367 2480 5410 aut
2521 5355 2669 5418 llunt,
2715 5356 3032 5410 contumelia
3061 5354 3348 5410 afficiamus
3379 5375 3390 5409 :
3437 5373 3557 5411 nam

1980 5446 2217 5517 profecto
2260 5446 2514 5514 cujusque
2554 5447 2874 5501 conscientia
2915 5447 3051 5516 quod
3093 5446 3324 5515 euellit.
3373 5447 3554 5501 dictat.

1984 5537 2181 5593 Deinde
2220 5537 2379 5592 Jacob
2410 5538 2633 5593 luctator
2671 5539 3006 5601 abstinentia,
3050 5554 3115 5591 an
3144 5540 3385 5592 convivio
3423 5538 3554 5591 Imm

1982 5629 2159 5683 Laban
2191 5629 2306 5683 tulit
2326 5632 2349 5680 ’ἐ
2380 5629 2464 5698 qui
2488 5629 2614 5683 dicit
2643 5644 2655 5680 :
2692 5627 2879 5682 Fartus
2909 5645 3021 5682 sum
3046 5629 3165 5681 solis
3190 5627 3400 5681 adustus
3425 5630 3551 5681 (rsti-

1982 5718 2068 5771 bns
2100 5729 2144 5772 et
2171 5719 2281 5789 gelu
2324 5719 2499 5785 noctis,
2543 5734 2600 5771 ac
2632 5720 2826 5773 recessit
2872 5735 2900 5770 α
2933 5735 3006 5771 mc
3033 5735 3235 5771 somnus
3276 5715 3422 5788 (Cm.
3471 5721 3551 5773 5i.
