4264 6306
690 367 759 422 ιδ
1910 344 2225 403 PALLADll
2254 343 2589 401 DlALOGllS
3868 344 3940 402 tt

688 475 814 545 t0);
861 471 990 528 nihil
1033 470 1173 526 aliud
1216 476 1399 539 petens
1442 467 1494 521 in
1532 463 1768 520 oratione
1797 476 1953 532 quam
1982 474 2172 530 panem
2203 466 2257 512 et

694 572 889 628 vestes,
938 561 1121 617 dicens
1146 576 1159 612 :
1192 559 1255 614 Si
1281 556 1481 611 dederis
1507 553 1827 624 mibiponem
1852 551 1919 604 ad
1944 549 2189 605 edendum
2210 554 2259 602 et

685 653 1029 707 uestimentum
1052 665 1151 718 quo
1175 646 1392 715 operior,
1414 660 1557 699 omne
1582 643 1714 712 quod
1739 642 1861 695 mihi
1882 639 2097 701 dederis,
2122 636 2257 689 deci-

682 758 820 795 mam
846 755 912 795 ea:
935 756 993 793 eo
1018 739 1144 790 dabo
1166 737 1254 789 tibi
1285 734 1445 805 (Gen.
1473 734 1565 787 28.
1596 730 1724 802 20).
1749 730 1863 784 Νυη
1885 729 2035 791 dixit,
2062 725 2255 781 Mensis

683 830 1004 900 impendam.
1037 827 1127 882 Dei
1157 826 1420 893 interpres
1445 832 1499 877 et
1526 822 1695 877 ﬁdelis
1726 820 1813 873 ille
1842 832 2027 873 servus
2050 816 2255 885 Moyses

683 921 824 991 quali
855 920 1104 973 instructa
1127 930 1303 988 mensa
1330 916 1579 984 populum
1596 908 1935 980 congregavit
1960 909 2011 961 in
2039 906 2255 960 monte?

681 1024 815 1078 quos
843 1019 1094 1069 crateres,
1122 1020 1236 1074 qum
1266 1003 1448 1072 pocula
1481 1001 1742 1058 habebat?
1771 1000 1858 1069 qui
1878 996 2252 1069 petramvirga

685 1098 844 1151 veluti
887 1095 1095 1150 emulsit
1135 1094 1204 1147 ob
1245 1092 1421 1161 populi
1462 1091 1844 1152 infidelitatem,
1894 1088 1979 1156 qui
2006 1092 2252 1139 sexcenta

683 1187 845 1239 millia
886 1185 1154 1237 hominum
1205 1182 1435 1249 regebat,
1494 1180 1623 1247 legis
1660 1178 1862 1232 tabulas
1906 1174 2146 1245 portabat
2186 1171 2252 1226 ad

678 1273 1102 1328 emendationem
1123 1271 1338 1340 pOpuli:
1366 1286 1430 1321 an
1456 1269 1657 1337 phialas
1679 1265 1996 1335 perlucidas,
2036 1279 2101 1317 an
2124 1277 2251 1331 por-

680 1379 863 1419 corum
886 1364 1110 1425 sumina,
1141 1377 1204 1413 an
1229 1375 1352 1413 aves
1374 1358 1647 1417 Phasidos.
1673 1371 1739 1409 an
1770 1357 1939 1424 pisces
1964 1370 2025 1407 ex
2048 1354 2251 1421 pelago,

680 1473 748 1509 an
776 1430 949 1507 vinum
993 1453 1310 1522 percolatum
1359 1466 1389 1503 e
1418 1450 1580 1519 Tyro,
1611 1456 1663 1501 et
1694 1449 1860 1500 lautos
1891 1458 2058 1513 panes
2085 1458 2252 1510 appo-

682 1560 814 1597 nens
839 1546 900 1596 iis
925 1542 1014 1610 qui
1046 1541 1472 1597 instituebantur,
1515 1552 1581 1589 an
1607 1536 1900 1587 doctrinam
1922 1534 1945 1585 ’ἒ
1979 1532 2125 1584 Duc.
2148 1528 2251 1583 Sed

680 1631 1020 1701 respondebit
1046 1630 1162 1697 quis
1182 1628 1273 1681 tibi
1299 1626 1363 1681 ad
1390 1626 1494 1687 illa,
1516 1618 1703 1691 Pater;
1728 1624 1790 1676 Ει
1814 1621 1940 1675 mihi
1969 1618 2031 1674 da
2062 1630 2250 1671 manna

682 1730 737 1775 et
781 1736 969 1790 aquam
1019 1720 1181 1781 illam,
1232 1728 1284 1771 et
1337 1716 1464 1770 nihil
1511 1714 1734 1783 amplius
1783 1711 2015 1780 requiro.
2076 1710 2246 1762 Ertsc.

680 1812 873 1879 Ecquis
914 1809 1004 1861 ille
1044 1817 1124 1860 est
1163 1806 1295 1859 adeo
1335 1818 1575 1857 morosus
1604 1801 1691 1871 qui
1735 1799 1953 1868 spiritali
1996 1797 2250 1851 doctrina:

681 1913 874 1952 manna
907 1896 1155 1951 sensibile
1199 1897 1491 1961 ﬁnitamque
1526 1906 1712 1960 aquam
1739 1888 2023 1957 prreferat?
2054 1885 2250 1940 Deinde

679 1989 894 2041 Samuel
924 1986 1099 2055 populi
1126 1985 1331 2048 doctor,
1356 1985 1443 2052 qui
1469 1997 1587 2034 eum
1620 1980 1798 2047 viginti
1824 1980 2054 2046 quinque
2084 1990 2249 2028 annos

679 2081 736 2132 in
764 2076 1069 2130 Armathem
1095 2074 1402 2142 quievissct,
1421 2085 1572 2138 quem
1602 2068 1881 2137 aliquando
1910 2080 2115 2130 mensa,
2145 2078 2247 2117 non

680 2176 854 2220 autem
883 2165 1143 2228 doctrina,
1197 2163 1383 2215 avertit
1428 2161 1494 2211 ab
1534 2158 1723 2211 idolis?
1758 2155 1978 2221 Quando
2003 2168 2132 2208 vero
2159 2166 2243 2206 rex

679 2256 835 2311 simul
885 2264 939 2308 et
1004 2251 1257 2322 propheta
1307 2260 1360 2303 et
1409 2248 1602 2317 psaltes
1654 2246 1930 2300 delicatam
2000 2241 2251 2296 instruxit

679 2343 959 2398 mensam?
999 2342 1083 2410 qui
1113 2340 1240 2392 dixit
1267 2357 1278 2390 :
1306 2338 1528 2391 Ciuerem
1564 2346 1815 2404 tamquam
1845 2349 2026 2402 panem
2043 2332 2252 2383 mandu-

680 2434 873 2497 rabom,
902 2442 945 2486 et
976 2442 1144 2500 potum
1181 2444 1342 2480 meum
1373 2444 1484 2479 cum
1510 2428 1637 2493 'ﬂetu
1665 2421 2115 2488 miscebumU’sal.
2135 2422 2247 2475 illi.

680 2523 792 2593 10).
833 2521 978 2575 Elias
1006 2517 1301 2580 Thcsbites,
1344 2514 1652 2567 universalis
1696 2512 1871 2580 jejunii
1908 2520 2112 2571 auctor,
2161 2508 2248 2577 qui

679 2604 847 2664 annos
893 2618 1001 2661 tres
1038 2618 1091 2660 et
1118 2616 1325 2658 menses
1359 2617 1453 2657 sex
1480 2602 1703 2655 inediam
1737 2600 2041 2654 lurconibus
2063 2609 2251 2665 przeter

679 2714 863 2753 corum
884 2697 1205 2751 voluntatem
1234 2693 1524 2762 appiravit,
1570 2691 1710 2759 quali
1743 2704 1923 2742 mensa
1965 2704 1992 2739 a
2034 2695 2249 2755 peccato

681 2788 959 2846 liberavit?
999 2801 1129 2857 quos
1163 2795 1335 2838 autem
1374 2782 1602 2836 habebat
1623 2780 1858 2849 ecquos?
1896 2793 2070 2833 nonne
2103 2777 2247 2831 corvi

678 2898 839 2952 upch
857 2880 1214 2950 quotidianum
1232 2874 1522 2942 accipiebat
1536 2872 1766 2942 panem?
1795 2870 2017 2939 Sapiens
2046 2868 2247 2931 Daniel,

679 2981 732 3025 ct
750 2970 1045 3022 futurorum
1069 2965 1309 3021 oculatus
1328 2964 1497 3025 testis,
1524 2976 1624 3029 qua
1650 2974 1831 3012 mensa
1859 2958 2103 3027 Assyrios
2124 2971 2247 3009 eru-

679 3058 841 3111 divit?
869 3069 1043 3109 nonne
1082 3051 1284 3120 jejunio
1307 3058 1358 3103 et
1384 3049 1625 3103 oratione
1664 3047 1945 3101 draconem
1984 3046 2251 3099 interemit

680 3159 733 3203 et
760 3147 937 3200 Belem
980 3143 1188 3206 evertit,
1230 3127 1545 3207 leonumque
1574 3152 1669 3189 ora
1710 3136 1994 3200 obturavit,
2040 3144 2093 3187 et
2136 3133 2247 3202 regi

682 3235 943 3306 persuasit
972 3241 1028 3285 ut
1052 3231 1247 3299 patrios
1268 3229 1397 3282 deos
1414 3228 1721 3295 abnegaret,
1748 3236 1801 3279 et
1826 3225 1991 3279 Deum
2018 3224 2105 3293 qui
2129 3237 2250 3277 vere

681 3333 763 3377 est
788 3320 1167 3377 confiteretur?
1196 3317 1397 3383 Quibus
1418 3317 1609 3385 epulis,
1648 3316 1838 3384 quibus
1862 3313 2098 3384 cupediis
2127 3328 2251 3367 usus

684 3424 765 3467 est
784 3410 1155 3481 prophetarum
1182 3418 1495 3462 czeterorum
1526 3406 1719 3459 chorus
1746 3413 1837 3459 aut
1856 3404 2251 3474 apostolorum?

684 3519 860 3559 nonne
883 3512 1033 3557 erant
1060 3499 1346 3553 doctores?
1376 3513 1549 3552 nonne
1580 3498 1704 3565 ipsis
1732 3498 1889 3550 totius
1914 3496 2095 3551 mundi
2124 3510 2250 3549 cura

685 3592 987 3649 concredita
1009 3589 1210 3643 fuerat?
1233 3588 1627 3640 nonneillorum
1664 3602 1844 3639 sumus
1880 3586 2251 3639 successores?

687 3699 859 3739 annon
881 3697 1064 3737 eorum
1100 3680 1391 3733 imitatores
1418 3692 1513 3731 nos
1537 3692 1657 3732 esse
1686 3678 1793 3731 vult
1820 3677 2121 3745 Scriptura?
2150 3692 2243 3730 eo-

688 3791 803 3835 rum
847 3772 1083 3825 moribus
1111 3768 1460 3828 adhaerentes,
1509 3777 1565 3820 ut
1591 3767 1786 3840 Paulus
1813 3766 1985 3830 docet,
2031 3766 2249 3819 dicens;

691 3864 915 3930 Quorum
936 3863 1179 3911 intuentes
1196 3858 1379 3909 exitum
1398 3857 1809 3918 conversationis,
1826 3855 2087 3906 imitamini
2103 3856 2253 3919 ﬁdem

691 3952 873 4023 (Hebr.
905 3951 990 4003 15.
1014 3949 1092 4017 7).
1121 3947 1249 4012 Qua:
1279 3946 1490 3999 bellaria
1520 3945 1743 3998 habebat
1770 3946 1820 3997 in
1842 3945 2054 3998 deserto
2072 3945 2257 4010 :pceni-

691 4044 867 4097 tentia:
897 4054 1067 4110 prxco
1096 4038 1325 4091 Joannes
1356 4036 1583 4104 Baptista
1606 4076 1619 4099 ,
1668 4036 1757 4104 qui
1806 4035 1871 4088 ad
1909 4050 1966 4088 se
2004 4035 2256 4088 venienti-

690 4137 789 4190 lius
820 4149 925 4188 non
962 4131 1119 4185 modo
1146 4146 1248 4182 non
1282 4128 1481 4197 paravit
1509 4127 1745 4196 prandia,
1776 4126 1869 4181 sed
1896 4137 1947 4180 et
1974 4141 2255 4180 occursum

690 4226 861 4293 ipsum
917 4237 1033 4276 cum
1080 4220 1438 4286 increpatione
1486 4232 1725 4271 amarum
1788 4217 2095 4285 praebebat?
2142 4217 2255 4271 Non

692 4315 863 4367 solum
893 4312 1033 4367 enim
1080 4310 1403 4377 inquinatam
1430 4321 1613 4360 eorum
1648 4307 2028 4360 COnScientiam
2072 4323 2259 4362 severo

695 4405 950 4471 adspectu
978 4398 1260 4470 quatiebat,
1283 4396 1373 4450 sed
1404 4406 1458 4451 et
1480 4397 1593 4464 ipso
1622 4396 1822 4462 habitu,
1850 4398 2119 4466 nutltoque
2150 4413 2262 4451 ma-

693 4497 772 4563 gis
798 4492 977 4555 verbo,
1002 4487 1368 4556 velutigladio,
1397 4487 1687 4540 animarum
1709 4485 1983 4541 abscessus
2009 4489 2215 4542 secabat
2244 4506 2256 4541 :

695 4582 960 4635 Genimim
998 4579 1301 4647 viperarum,
1344 4576 1459 4645 quis
1482 4576 1691 4629 ostendit
1722 4577 1853 4629 vobis
1882 4577 2053 4647 fugere
2081 4594 2111 4629 a
2146 4594 2260 4632 ren-

694 4687 809 4728 tura
832 4670 947 4725 ira?
986 4666 1160 4721 Facite
1187 4668 1341 4735 igitur
1367 4666 1560 4733 [ructus
1587 4665 1764 4734 dignos
1785 4667 2086 4733 pauitantia:
2110 4666 2258 4737 (Luc.

694 4765 746 4818 3.
781 4764 834 4817 7.
866 4761 918 4833 8)
968 4774 1138 4828 neque
1173 4756 1272 4811 soli
1322 4756 1582 4825 baptismo
1629 4756 1933 4823 innitimini,
1989 4767 2079 4810 aut
2122 4758 2265 4827 quod

695 4854 824 4908 estis
849 4850 940 4905 lilii
962 4849 1204 4903 Abrahae.
1232 4845 1367 4916 Quid
1386 4847 1525 4899 enim
1543 4846 1776 4915 gentium
1802 4846 2008 4910 doctor,
2032 4846 2262 4901 circum-

694 4943 911 4997 eisionis
937 4941 1250 5003 destructor,
1280 4946 1337 4992 ut
1356 4936 1807 4991 circumcisionem
1837 4937 1957 4991 fidei
1983 4938 2263 5004 stabiliret,

696 5049 791 5090 vas
801 5032 1070 5088 electionis
1082 5028 1307 5084 Paulus?
1332 5029 1662 5083 inveniturne
1678 5042 1895 5096 prorsus
1908 5044 2086 5083 curam
2103 5045 2266 5098 agens

699 5140 917 5190 mensae,
940 5126 1027 5195 qui
1054 5139 1231 5178 rerum
1257 5122 1489 5177 omnium
1512 5122 1678 5192 magis
1701 5137 1857 5191 quam
1882 5121 2033 5192 hujus
2060 5124 2265 5181 debitor

698 5228 835 5286 erat,
863 5227 917 5272 et
943 5216 1169 5273 debebat
1194 5224 1395 5285 gentes,
1439 5223 1619 5282 utpote
1644 5214 1961 5280 incredulas,
1998 5230 2090 5284 per
2115 5232 2263 5272 men-

699 5325 813 5364 sam
837 5309 936 5363 sibi
971 5305 1299 5376 adjungere?
1327 5304 1461 5373 Quid
1502 5305 1589 5359 ille
1617 5303 1800 5358 scribit
1824 5303 2122 5368 Timotheo,
2154 5308 2265 5377 epi-

700 5413 863 5469 sc0po
883 5396 1074 5465 Ephesi
1112 5397 1158 5467 (l
1185 5393 1316 5449 Tim.
1348 5396 1401 5450 ι.
1438 5393 1561 5464 16)?
1593 5392 1730 5448 V'aca
1755 5408 1948 5448 mensa:
1969 5398 2262 5465 appar-mni,

699 5506 767 5546 an
794 5490 1029 5555 lectioni,
1075 5486 1452 5553 adhortationi,
1477 5485 1768 5541 doctrinas?
1794 5486 1983 5554 quibus
2011 5485 2063 5539 in
2108 5488 2266 5543 rebus

701 5583 937 5639 omnium
958 5580 1185 5635 maxime
1203 5579 1426 5650 impiger
1446 5587 1560 5632 erat
1574 5586 1629 5632 et
1655 5578 1885 5631 intentus
1906 5576 2092 5632 beatus
2106 5577 2264 5635 Joan.

704 5686 803 5727 nos
834 5688 847 5721 ι
875 5667 1187 5741 Importune,
1219 5677 1513 5739 Opportune,
1540 5668 1689 5734 insta,
1716 5665 1897 5723 dicens
1927 5682 1940 5721 :
1970 5682 2142 5737 argue,
2185 5668 2260 5722 in-

2363 473 2533 524 crepa,
2550 455 2753 510 obsecro
2780 454 2834 526 (2
2851 451 2985 509 Tini.
3006 453 3060 510 4.
3079 452 3160 526 2),
3189 453 3399 510 nemine
3415 456 3586 524 ipsum
3611 454 3947 525 increpante,

2364 562 2429 604 eo
2455 546 2595 619 quod
2618 545 2729 602 duo
2751 547 2966 617 quidem
2990 561 3178 615 aspera
3209 555 3261 601 et
3286 562 3447 600 unum
3477 546 3624 610 lene,
3650 529 3807 617 idqtie
3829 546 3939 602 for-

2361 653 2457 693 san
2477 653 2635 707 parce
2663 638 2959 693 adhiberet.
2993 637 3124 693 Illud
3151 638 3313 701 enim,
3333 638 3521 707 Argue,
3553 638 3782 708 increpa,
3811 638 3943 694 licet

2360 727 2462 781 sint
2489 728 2640 783 valde
2678 728 2893 793 acerba,
2926 727 2979 781 in
3010 727 3121 793 illo,
3166 726 3399 790 Obsecro,
3433 734 3489 781 et
3517 743 3643 794 non,
3687 729 3941 783 blandire.

2360 819 2414 871 ld
2444 821 2637 888 quippe
2666 820 2796 873 scite
2832 819 3045 885 factum,
3076 818 3319 871 acerbius
3340 826 3423 871 est
3448 817 3754 887 voluptariis
3780 827 3942 887 atque

2358 908 2582 976 alijecue
2634 909 2825 962 mentis
2855 907 3156 962 hominibus
3183 908 3454 976 quibusvis
3484 910 3813 977 gravioribus
3851 910 3933 964 in-

2357 998 2768 1066 crepationibus.
2800 997 2870 1051 lbi
2901 998 3040 1051 enim
3074 997 3298 1052 fortasse
3325 996 3684 1066 indignatione
3708 998 3942 1067 quadam

2357 1088 2622 1141 obsistens
2656 1089 2862 1141 animus
2891 1086 3333 1155 increpationeln,
3353 1102 3471 1157 qua:
3493 1078 3575 1149 ﬁl‘:
3604 1102 3708 1140 non
3738 1087 3939 1142 sentit:

2358 1177 2462 1230 illis
2492 1184 2621 1232 Vero
2653 1179 2850 1233 sensim
2876 1187 2931 1232 et
2964 1177 3217 1246 paulatim
3253 1176 3537 1231 moderatis
3564 1192 3682 1230 eum
3716 1177 3943 1233 veritate

2357 1267 2553 1329 verbis,
2585 1268 2733 1335 quasi
2762 1283 2791 1320 a
2819 1266 2961 1319 lento
2992 1266 3111 1334 igne
3137 1264 3458 1319 sensibiliter
3486 1266 3794 1318 combustus
3817 1265 3943 1319 dis-~

2357 1368 2582 1410 secatur.
2617 1357 2729 1423 Qua
2763 1358 2828 1413 de
2863 1372 2921 1413 re
2942 1366 3118 1411 autem
3145 1357 3316 1425 ipsum
3338 1336 3628 1409 admonei?
3654 1355 3722 1411 de
3750 1357 3937 1410 convi-

2355 1444 2455 1498 viis
2484 1452 2537 1497 et
2566 1445 2762 1511 epulis,
2801 1460 2866 1497 an
2900 1445 2966 1498 de
2996 1444 3392 1499 tribulationum
3424 1446 3624 1498 severis
3667 1445 3935 1509 sermoni-

2356 1533 2492 1587 bus?
2518 1534 2703 1589 dicens
2734 1554 2745 1587 :
2777 1535 2853 1588 Tu
2884 1538 3027 1590 enim
3057 1535 3193 1587 nosti
3217 1548 3387 1588 meam
3413 1533 3623 1587 vivendi
3651 1533 3936 1597 rationem,

2354 1639 2512 1693 quam
2552 1624 2809 1687 ordinavi,
2858 1634 2912 1678 et
2942 1625 3258 1688 institutum,
3317 1633 3371 1675 ut
3401 1623 3579 1676 omnia
3610 1622 3678 1676 ad
3713 1622 3939 1693 gloriam

2355 1698 2446 1767 Dei
2479 1713 2665 1767 faciant
2695 1714 2746 1767 in
2791 1714 3309 1784 persequutioaibus.
3351 1711 3407 1765 In
3452 1712 3819 1778 redarguendo
3850 1726 3940 1766 er—

2356 1819 2507 1867 rore,
2560 1819 2627 1856 an
2677 1805 2867 1859 alicubi
2901 1818 3100 1858 mensa:
3153 1803 3212 1857 fit
3254 1802 3485 1855 mentio?
3544 1800 3742 1855 Rursus
3792 1800 3933 1862 Tito,

2354 1893 2601 1961 episcopo
2630 1891 2824 1955 Crette,
2857 1893 3128 1945 videamus
3152 1891 3277 1960 quid
3324 1890 3546 1943 scribat.
3604 1890 3679 1942 De
3720 1889 3839 1943 cibo
3882 1898 3939 1944 et

2355 1994 2479 2050 potu
2511 2023 2525 2048 ,
2571 1998 2635 2035 an
2680 1983 2748 2037 de
2796 1984 3247 2048 increpationibus
3296 1989 3352 2038 et
3391 1982 3673 2035 doctrina?
3711 1980 3933 2034 dicens:

2358 2070 2523 2142 Hujus
2552 2072 2623 2124 rei
2653 2074 2815 2141 gratio
2858 2073 3035 2141 reliqui
3082 2082 3129 2125 te
3156 2070 3337 2136 Cretes,
3382 2080 3436 2123 ut
3481 2086 3541 2123 ea
3582 2086 3693 2138 qua!
3733 2071 3933 2132 desunt,

2354 2162 2601 2226 emendes,
2622 2173 2666 2214 et
2685 2163 2784 2215 illis
2806 2164 3107 2230 persuadeas
3131 2179 3229 2215 non
3246 2162 3391 2215 aliter
3417 2163 3593 2214 docere
3622 2160 3745 2231 (Tit.
3774 2162 3821 2214 l.
3853 2160 3941 2231 5),

2355 2267 2510 2320 neque
2519 2251 2772 2304 attendere
2787 2250 2972 2321 fabulis
2989 2261 3033 2303 et
3045 2251 3350 2321 genealogiis
3370 2251 3700 2303 interminatis
3718 2249 3763 2316 (l
3778 2248 3931 2301 .Tim.

2362 2340 2542 2409 1.4);
2602 2340 3073 2409 reprehensionum
3118 2355 3325 2409 quoque
3369 2340 3625 2407 adjiciens
3677 2338 3934 2391 modum:

2353 2428 2609 2481 Cretenses
2636 2446 2832 2496 semper
2860 2430 3143 2493 mendaces,
3174 2430 3320 2482 mala:
3346 2428 3533 2490 bestiae,
3567 2437 3759 2480 ventres
3796 2428 3934 2497 pigri

2355 2518 2477 2587 (Tit.
2514 2520 2564 2571 l.
2596 2519 2705 2586 l2).
2740 2519 2924 2572 Dicant
2950 2519 3100 2572 nobis
3126 2518 3325 2571 ventris
3363 2518 3521 2579 servi,
3550 2528 3601 2569 et
3630 2532 3930 2570 mensarum

2353 2609 2608 2676 gigantes,
2660 2617 2709 2659 ct
2761 2607 3186 2659 muliercularum
3236 2607 3535 2673 accipitres,
3579 2607 3667 2673 qui
3716 2606 3935 2661 Joannis

2353 2694 2721 2747 abstinentiam
2750 2695 3163 2763 reprehendunt,
3203 2695 3326 2748 licet
3347 2694 3671 2747 revolverint
3699 2706 3848 2748 vetus
3884 2702 3943 2748 et

2354 2799 2546 2837 novum
2594 2784 3010 2848 Testamentum,
3065 2785 3150 2837 ubi
3200 2783 3499 2837 invenerint
3540 2784 3836 2837 convivium
3882 2785 3938 2837 in

2354 2878 2507 2931 laude
2537 2878 2759 2947 positum
2788 2893 2803 2930 :
2854 2878 2952 2931 nisi
2984 2877 3121 2929 forte
3158 2876 3294 2946 apud
3319 2877 3661 2945 alienigenas,
3690 2875 3843 2943 idque
3868 2875 3937 2930 ad

2354 2969 2670 3023 ﬁrmandum
2702 2968 2889 3031 foedus,
2924 2984 2987 3023 eo
3012 2968 3151 3037 quod
3178 2969 3293 3036 lege
3320 2968 3545 3020 convivii
3582 2966 3703 3020 fera:
3726 2976 3781 3020 et
3810 2967 3939 3020 bar-

2352 3060 2464 3113 bari
2488 3061 2808 3113 cieurantur.
2850 3060 3071 3123 Quando
3098 3074 3223 3111 Vero
3255 3058 3492 3112 convivia
3516 3056 3939 3126 peceatioceasio

2352 3165 2457 3203 non
2487 3149 2846 3203 exstiterunt?
2883 3150 3007 3218 quid
3052 3161 3225 3202 autem
3264 3148 3400 3210 dico,
3439 3150 3681 3217 peccati?
3721 3149 3857 3203 forte
3884 3158 3937 3203 et

2354 3240 2567 3308 majoris
2598 3240 2911 3293 idololatria:
2940 3251 2993 3294 et
3017 3240 3306 3304 lratricidii,
3344 3240 3484 3293 sicut
3519 3240 3772 3307 scriptum
3806 3248 3894 3293 est
3920 3280 3934 3297 .

2357 3329 2498 3383 Sedit
2520 3332 2734 3398 populus
2756 3330 3061 3382 manducare
3080 3341 3124 3381 et
3151 3330 3329 3390 bibere,
3357 3337 3401 3381 et
3424 3339 3744 3380 surrexerunt
3765 3328 3938 3382 ludere

2357 3420 2546 3490 (Exod.
2572 3419 2661 3483 '52,
2713 3419 2790 3490 6).
2820 3420 2945 3474 Erat
2976 3428 3149 3473 autem
3191 3418 3344 3472 ludus
3384 3419 3655 3472 ebrietatis
3683 3418 3895 3472 soboles
3920 3437 3947 3472 .-.

2368 3508 2555 3573 Venite,
2605 3511 2849 3579 faciamus
2888 3509 3009 3561 deos
3048 3508 3132 3577 qui
3175 3524 3265 3561 nos
3308 3509 3593 3577 prarcedant
3640 3508 3746 3576 (Ib.
3772 3524 3815 3560 ι’.
3862 3507 3937 3576 1).

2354 3598 2453 3665 Qui
2480 3601 2621 3653 enim
2652 3600 2775 3652 vino
2802 3598 3050 3651 commoti
3080 3607 3253 3660 erant,
3300 3598 3522 3649 mobiles
3561 3598 3687 3649 deos
3733 3612 3941 3664 qua-re-

2355 3689 2503 3754 baut,
2543 3704 2665 3742 cum
2699 3688 3023 3742 immobilem
3049 3697 3103 3741 et
3130 3688 3305 3739 omnia
3333 3701 3438 3739 non
3467 3686 3758 3739 incedendo
3786 3700 3937 3738 comt~

2361 3780 2590 3847 plentem
2618 3778 2973 3845 reliquissent.
2997 3776 3134 3842 Quid
3155 3786 3331 3829 autem
3365 3776 3493 3829 dicit
3516 3776 3809 3844 propheta?
3834 3774 3941 3828 La-

2358 3868 2443 3921 bia
2473 3867 2761 3920 sacerdotis
2806 3866 3127 3920 meditemur
3156 3865 3426 3919 convivia?
3453 3879 3657 3927 cinnas,
3697 3873 3751 3917 et
3781 3879 3945 3931 pran-

2359 3957 2444 4010 dia
2476 3959 2755 4023 exiluirent
2791 3956 2859 4008 ab
2886 3957 2991 4009 eo?
3029 3970 3115 4019 an,
3162 3954 3320 4007 Lobio
3356 3956 3627 4007 sacerdotis
3666 3956 3946 4009 custodiant

2361 4048 2539 4115 legem,
2570 4056 2718 4113 atque
2740 4062 2802 4098 ea:
2828 4061 2912 4097 ore
2934 4046 3043 4115 ejus
3071 4060 3347 4099 sermonem
3378 4046 3671 4113 “quirent?
3696 4046 3812 4113 quia
3844 4061 3940 4097 on-

2358 4141 2499 4208 gclus
2525 4137 2730 4191 Domini
2777 4148 2847 4190 est
2887 4137 3102 4205 (Malae.
3172 4140 3225 4194 2.
3254 4137 3332 4205 7),
3373 4146 3425 4188 et
3465 4150 3570 4189 non
3603 4151 3830 4204 ecquos.
3871 4135 3948 4189 Et

2364 4228 2520 4281 turris
2542 4226 2629 4280 illa
2661 4227 2710 4279 in
2740 4225 2973 4280 Chalanc
3001 4224 3214 4293 quando
3252 4224 3506 4278 mdilicata
3545 4224 3663 4278 est?
3704 4234 3826 4277 ante
3863 4225 3946 4277 vi-

2365 4332 2511 4380 num,
2553 4331 2618 4369 an
2644 4325 2764 4385 post
2787 4316 3007 4368 vinum?
3046 4329 3222 4369 nonne
3263 4328 3381 4367 cum
3418 4314 3558 4377 vino,
3595 4314 3805 4382 quando
3834 4312 3949 4368 Noe

2365 4406 2602 4474 plantato
2630 4406 2866 4474 palmite,
2909 4406 3108 4474 primus
3146 4404 3395 4474 probntm
3426 4403 3760 4457 demessuit?
3793 4403 3850 4457 Si
3876 4405 3955 4456 ita

2366 4511 2451 4550 res
2490 4510 2547 4549 se
2593 4495 2771 4560 habet,
2816 4510 2923 4549 non
2972 4502 3185 4568 propter
3213 4503 3391 4563 potum
3418 4505 3506 4546 aut
3545 4493 3948 4561 plantationem,

2367 4585 2459 4639 sed
2507 4595 2720 4654 propter
2766 4600 3068 4639 excessum.
3121 4584 3343 4652 Quando
3388 4582 3584 4652 Josc'ph
3630 4584 3871 4637 venditus
3916 4599 3948 4636 ει

2366 4674 2659 4729 fratribus?
2684 4690 2750 4729 an
2778 4674 2989 4744 quando
3018 4677 3067 4729 in
3097 4674 3374 4743 pascendis
3401 4675 3587 4727 ovibus
3616 4673 3947 4739 occupaban-

2368 4766 2489 4819 tur?
2527 4780 2592 4818 an
2620 4781 2738 4819 cum
2768 4767 2971 4834 upimas
2987 4766 3286 4835 jugulantes
3311 4779 3437 4818 oves
3461 4774 3617 4833 atque
3645 4764 3865 4818 edentes
3894 4768 3946 4818 ln

2368 4857 2493 4921 utio,
2523 4856 2769 4910 invidiam
2799 4857 3052 4911 adversus
3090 4858 3259 4925 ipsum
3290 4858 3341 4910 in
3381 4858 3625 4910 convivio
3654 4855 3933 4911 molieban-

2368 4946 2484 4999 tur?
2524 4945 2747 5000 Ubinam
2771 4946 2988 5001 Joannis
3013 4947 3258 5015 Baptista:
3285 4955 3442 5014 caput
3467 4946 3519 4999 in
3559 4945 3706 5000 disco
3739 4945 3947 5000 obtule-

2369 5048 2488 5090 runt
2513 5037 2897 5091 meretriculae?
2929 5038 2979 5090 in
3009 5045 3149 5092 coetu
3192 5036 3483 5105 sapientia),
3520 5051 3587 5090 an
3624 5035 3673 5089 in
3701 5035 3950 5092 convivio

2370 5125 2687 5195 impietatis?
2716 5127 2904 5180 Beatus
2926 5126 3123 5181 Paulus
3146 5126 3331 5181 bibens
3355 5134 3411 5179 et
3435 5124 3721 5180 comedens
3745 5124 3811 5180 ad
3834 5140 3947 5179 me-

2368 5215 2506 5270 diam
2535 5231 2697 5286 usque
2731 5226 2938 5272 noctem
2965 5217 3307 5287 protrahebat
3344 5231 3671 5291 sermonem,
3718 5232 3787 5269 an
3808 5216 3948 5284 jeju—

2370 5322 2469 5362 nus.
2494 5318 2546 5363 et
2569 5307 2785 5375 docens,
2830 5320 2986 5379 atque
3017 5309 3181 5363 Deum
3227 5310 3530 5378 ignorantes
3558 5306 3622 5361 ad
3660 5306 3813 5363 fidem
3852 5307 3948 5361 ad-

2369 5396 2609 5453 ducens?
2664 5398 2780 5468 Ipse
2816 5408 2989 5454 autem
3034 5412 3270 5453 summus
3328 5399 3511 5451 Pastor
3558 5406 3612 5452 et
3662 5396 3853 5451 Ductor
3894 5403 3948 5450 et

2369 5488 2611 5560 Magister
2630 5490 2783 5550 Jesus
2816 5488 3076 5553 Christus,
3119 5488 3331 5542 humani
3377 5486 3688 5545 emendator
3726 5486 3944 5546 erroris.

2370 5579 2582 5635 ubinam
2626 5581 2678 5636 in
2716 5582 2927 5638 civitate
2951 5580 3209 5650 reperitur
3233 5577 3537 5643 comedens,
3575 5578 3675 5633 nisi
3711 5584 3949 5645 tempore

2375 5669 2619 5737 Pascha,
2690 5670 2829 5742 quod
2881 5679 2995 5725 erat
3054 5667 3422 5738 mysteriorum
3466 5664 3949 5736 complementum?
