4264 6306
194 411 252 468 l5
1072 401 1159 458 DE
1205 399 1354 455 ΥΙΤΑ
1396 398 1450 452 S.
1492 390 1765 451 JUANNIS
1805 388 1878 445 Cll

1805 385 2289 445 CllﬂYSOSTOMl.
3396 389 3459 446 ιθ

193 529 314 596 Quid
351 534 533 581 autem
581 532 632 577 et
665 519 902 576 sollicitis
939 514 1212 584 discipulis
1249 510 1511 565 invenitur
1552 502 1767 562 dicere?

195 623 254 675 de
288 617 439 681 cibis,
485 629 559 669 an
587 613 654 668 de
691 604 957 668 lcetione?
1007 605 1321 674 Operamim‘,
1361 599 1623 670 inquiens,
1670 612 1770 649 non

196 716 488 779 pereuntem,
516 705 608 758 sed
630 713 1000 771 permanentem
1021 698 1180 752 cibum
1207 696 1384 766 (Joan.
1411 691 1589 759 6.97).
1622 689 1772 742 Dicat

195 801 339 870 igitur
371 813 496 853 cum
551 796 776 850 Domino
809 793 1095 862 praeclarus
1141 789 1407 844 Joannes:
1453 781 1768 838 Convivium

196 904 357 945 meum
381 898 462 944 est
485 886 636 942 verbi
667 883 905 940 doctrina
932 890 985 936 et
1009 879 1328 942 disnibutio,
1349 876 1400 929 in
1424 889 1581 944 quam
1610 874 1768 925 etiam

194 983 383 1036 electus
409 993 530 1032 sum
563 984 781 1047 prapter
807 973 984 1044 populi
1014 971 1257 1024 salutem.
1289 967 1469 1034 Neque
1499 964 1637 1018 enim
1663 962 1770 1061 Deo

195 1070 331 1125 cibus
358 1083 456 1122 nos
483 1065 846 1130 commendat,
872 1077 1043 1130 neque
1069 1061 1112 1115 si
1139 1058 1499 1117 eomedamus,
1528 1066 1701 1120 neque
1727 1058 1771 1103 si

193 1173 290 1212 non
327 1156 697 1220 comedamns,
743 1170 803 1209 ea
849 1163 930 1208 est
959 1152 1100 1204 enim
1145 1143 1474 1202 consuetudo
1512 1142 1768 1212 gentium,

196 1250 383 1305 mensis
424 1248 678 1315 decipere
719 1260 850 1314 quos
900 1240 1275 1304 inescaverint,
1315 1252 1434 1293 cum
1478 1232 1772 1290 rationibus

200 1340 510 1408 persuadere
532 1338 688 1391 aliter
716 1351 819 1388 non
855 1333 1142 1404 potuerint,
1173 1329 1460 1384 dicentium
1490 1342 1502 1377 :
1543 1323 1773 1377 Edamus

190 1431 234 1476 et
250 1428 526 1485 urbanius;
551 1437 673 1476 cras
705 1424 841 1476 enim
874 1421 1162 1474 moriemur
1186 1417 1245 1488 (1
1285 1417 1409 1472 Cor.
1446 1418 1532 1483 15,
1568 1417 1682 1486 52).
1715 1415 1774 1472 in

193 1527 318 1583 quos
349 1514 652 1584 Apostolus
693 1514 964 1567 acriorem
995 1511 1426 1580 inerepationem
1470 1511 1772 1580 intorquet,

192 1589 367 1658 dicens
391 1623 406 1658 :
437 1603 524 1659 Ne
547 1605 855 1672 decipimini
877 1619 893 1656 :
918 1607 1264 1672 corrumpunt
1289 1619 1458 1656 mores
1489 1601 1652 1656 bonos
1674 1601 1780 1656 col-

193 1693 358 1760 loquia
391 1709 564 1761 prava
596 1693 707 1761 (1b.
741 1712 787 1749 υ.
824 1695 930 1763 55)
955 1711 967 1748 :
995 1693 1268 1761 colloquia
1296 1707 1462 1761 prava
1493 1691 1778 1761 appellans

194 1777 343 1831 verba
367 1796 490 1848 qua:
519 1779 668 1834 circa
696 1782 964 1848 ejusmodi
997 1795 1083 1834 res
1110 1786 1418 1833 versantur.

252 1862 372 1917 Cn.
409 1865 764 1918 sun—Diae.
793 1863 1012 1918 Sincere
1039 1864 1250 1932 quidem
1279 1872 1335 1918 et
1365 1863 1612 1932 perdocte
1642 1863 1769 1918 huc-

193 1968 344 2022 usque
385 1954 600 2008 locutus
649 1970 736 2016 es.
781 1965 831 2010 et
861 1957 929 2008 ita
959 1969 1016 2008 se
1057 1968 1144 2008 res
1186 1952 1363 2008 habet.
1402 1951 1490 2006 Vae
1512 1956 1642 2006 enim
1681 1954 1768 2022 qui

195 2046 305 2099 dicit
330 2045 479 2099 dulce
505 2063 758 2110 amarum,
782 2055 827 2099 ct
848 2063 1079 2099 amarum
1107 2045 1292 2098 dulce!
1319 2062 1393 2099 ea:
1415 2046 1499 2115 qui
1527 2046 1664 2112 ponit
1688 2045 1767 2098 lu-

191 2152 284 2189 cem
304 2137 553 2203 tenebras,
583 2148 629 2190 et
654 2137 880 2190 tenebras
907 2137 1066 2190 lucem
1093 2134 1246 2203 (Isai.
1275 2136 1325 2189 5.
1351 2135 1442 2201 ‘20)
1465 2137 1477 2188 ε
1501 2135 1603 2190 Sed
1627 2136 1767 2189 dicet

189 2226 293 2295 quis
322 2244 335 2281 :
368 2226 478 2281 Nec
508 2241 606 2280 nos
634 2227 860 2282 dicimus
889 2227 1059 2296 ipsum
1089 2225 1347 2294 ejusmodi
1376 2226 1575 2278 mensis
1613 2225 1762 2280 dedi-

192 2329 286 2369 tum
313 2331 432 2371 esse
461 2317 682 2372 debere.
729 2301 1014 2372 lmmodica
1045 2318 1186 2371 enim
1226 2317 1313 2370 illa
1342 2315 1577 2384 profusio
1618 2315 1764 2368 volu-

190 2407 330 2475 ptatis
359 2410 576 2462 occasio
606 2419 707 2472 est,
727 2418 778 2462 et
805 2408 962 2462 nimia
993 2407 1314 2475 parcimonia
1342 2408 1579 2476 segnitiae
1605 2416 1658 2461 et
1689 2417 1765 2462 te-

190 2499 416 2553 nacitatis
438 2499 849 2553 demonstratio.
879 2499 1056 2554 Potuit
1079 2500 1218 2553 enim
1250 2506 1302 2552 et
1323 2499 1465 2552 solos
1486 2500 1763 2566 episeopos

189 2603 385 2654 vocare,
415 2599 470 2643 et
498 2605 566 2644 ex
600 2590 681 2642 his
710 2592 1000 2658 praesertim
1028 2590 1386 2658 religiosiores
1413 2607 1423 2642 :
1447 2597 1500 2643 et
1523 2590 1566 2642 si
1587 2591 1761 2642 minus

189 2678 291 2743 bos,
325 2681 516 2733 saltem
546 2682 818 2749 proprium
845 2681 1044 2734 clerum
1072 2699 1082 2731 :
1114 2681 1325 2733 imitans
1371 2680 1645 2732 Dominum
1674 2696 1764 2733 ve-

187 2779 403 2821 scentem
430 2785 557 2823 cum
599 2768 878 2823 duodecim
905 2770 1176 2837 apostolis.
1211 2770 1381 2822 lirtsc.
1421 2768 1582 2822 Valde
1627 2785 1759 2824 con-

187 2868 419 2912 sentanea
464 2859 820 2927 respondisti,
858 2859 1132 2913 hominum
1165 2860 1544 2913 vcracissime:
1591 2858 1758 2927 siqni-

187 2949 291 3002 dem
323 2953 458 3019 passi
495 2950 725 3006 fuissent
751 2953 928 3007 clerici
973 2968 1092 3006 cum
1121 2951 1323 3006 Joanne
1353 2953 1642 3027 prandere,
1669 2954 1758 3023 qui

188 3050 288 3106 post
314 3039 498 3094 horam
533 3051 585 3094 et
626 3051 745 3110 post
784 3041 922 3094 diem
955 3041 1217 3096 interdum
1251 3043 1471 3105 edebat;
1507 3043 1602 3108 ipsi
1634 3058 1757 3096 vero

187 3129 335 3182 multo
374 3145 495 3184 cum
544 3141 797 3199 apparatu
835 3141 1004 3184 tantas
1052 3133 1234 3201 epulas
1273 3147 1430 3200 quam
1480 3133 1757 3187 celerrime

186 3221 525 3274 sectabantur.
585 3221 886 3275 Absurdum
936 3231 1050 3276 crat
1092 3221 1238 3275 cibos
1291 3221 1619 3275 inﬁrmorum
1668 3233 1757 3277 aut

186 3325 453 3378 pauperum
501 3328 712 3377 eorum,
742 3315 825 3382 qni
858 3315 970 3366 sani
1016 3324 1164 3365 erant
1192 3314 1608 3380 intemperantim
1653 3314 1754 3367 im-

187 3407 414 3468 pendere.
448 3405 710 3470 Qnrenam
757 3420 914 3472 porro
946 3405 1026 3457 lex
1058 3404 1144 3457 illa
1192 3413 1292 3467 est,
1325 3404 1610 3471 discipulos
1640 3419 1753 3456 ma-

185 3492 328 3558 gistro
353 3493 668 3562 prmeipere,
701 3494 767 3545 ab
812 3494 1030 3547 inﬁrmis
1057 3495 1230 3548 curari
1260 3495 1548 3560 medicum,
1593 3504 1683 3548 aut
1722 3511 1752 3549 a

187 3585 464 3638 vectoribus
492 3585 605 3653 regi
637 3587 1078 3654 gubernatorem?
1107 3601 1226 3640 cum
1260 3587 1496 3640 medicus
1541 3601 1754 3655 semper

186 3685 314 3728 curet
358 3677 625 3739 infirmos,
655 3688 706 3730 et
746 3689 1043 3747 pl';f.CCpl0t‘
1070 3681 1299 3748 corrigat
1345 3679 1632 3747 discipulos
1654 3720 1667 3743 ,
1699 3688 1753 3733 ct

188 3767 315 3819 navis
357 3769 687 3837 gubernator
726 3768 864 3836 quod
915 3770 1038 3822 utile
1090 3780 1168 3823 est
1219 3770 1582 3839 navigantibus
1623 3785 1747 3839 pro-

186 3867 327 3912 curet.
357 3861 419 3914 Et
445 3861 661 3914 medico
686 3861 897 3928 quidem
930 3870 1086 3929 atque
1111 3861 1446 3930 gubernatori
1477 3861 1750 3929 obtempe-

186 3957 360 4015 rantes,
386 3954 472 4019 qui
503 3952 607 4003 sub
634 3951 735 4003 illis
765 3959 906 4015 sunt,
936 3952 1057 4003 vita:
1083 3964 1240 4004 eausa
1268 3950 1505 4003 dolorem
1533 3966 1747 4005 omnem

187 4051 236 4088 ac
258 4039 544 4092 molestiam
591 4039 832 4102 luerunt,
862 4055 1084 4108 quorum
1129 4049 1178 4095 et
1209 4055 1484 4094 successus
1516 4041 1747 4095 incertus

184 4135 366 4181 estzat
403 4145 530 4182 vero
581 4131 834 4183 adversus
870 4139 1248 4198 prazceptorein
1289 4145 1466 4183 rerum
1514 4131 1743 4200 optima-

192 4232 330 4284 rum,
384 4221 471 4290 qui
531 4219 751 4273 morbos
803 4232 856 4275 et
917 4220 1250 4274 inﬁrmitates
1308 4221 1519 4288 abigere
1576 4221 1746 4276 solers

185 4318 280 4372 eat,
343 4321 393 4364 et
450 4313 785 4378 voluptatum
851 4313 1175 4366 decmnanos
1242 4313 1431 4367 ﬂuetus
1490 4330 1745 4383 superare

183 4400 492 4467 exercitatus,
545 4401 818 4456 eli'rarnato
869 4402 950 4456 isti
999 4419 1091 4458 ore
1138 4403 1434 4474 insurgunt,
1482 4406 1657 4471 illotis,
1690 4417 1744 4459 ut

183 4489 326 4553 aiunt,
375 4494 600 4559 pedibus
639 4495 813 4548 omnia
861 4495 1169 4550 miscentes.
1225 4497 1333 4549 Etsi
1377 4498 1514 4552 enim
1568 4499 1657 4553 ille
1685 4515 1742 4554 se

185 4584 356 4634 tacnsis
381 4583 718 4646 devovisset,
751 4598 814 4637 an
856 4595 931 4638 tot
959 4587 1351 4653 magistratibus
1389 4599 1441 4642 ct
1471 4588 1741 4644 honoratis

183 4673 397 4730 adlicere
442 4685 674 4746 poterat,
724 4687 828 4731 tam
873 4694 1115 4747 magnam
1159 4680 1425 4735 civitatem
1474 4683 1735 4749 habitans,

185 4762 376 4833 singulis
403 4779 493 4822 aut
541 4779 759 4837 propter
787 4769 1234 4832 benedictionem,
1269 4781 1359 4824 aut
1411 4784 1625 4840 promer
1657 4775 1738 4826 in-

181 4855 348 4923 opiam.
371 4869 457 4911 aut
488 4869 708 4929 prapler
732 4861 928 4930 gulam,
958 4862 1096 4931 apud
1128 4864 1272 4916 illum
1297 4866 1436 4918 vesci
1461 4867 1736 4932 postulan-

179 4940 333 4996 tibus?
376 4946 470 5002 Uhi
523 4956 704 5002 autem
751 4950 922 5004 locum
974 4951 1244 5006 habuisset
1293 4954 1384 5008 Dei
1441 4956 1733 5022 meditatio,

183 5036 334 5101 populi
363 5042 688 5106 procuratio,
738 5043 954 5096 scientia
984 5043 1397 5112 Scripturarum,
1434 5048 1736 5103 sollicitudo

181 5126 447 5196 viduarum,
493 5134 760 5202 virginum
810 5136 1078 5200 solatium,
1141 5137 1468 5194 ialirmorum
1511 5145 1733 5207 curatio,

184 5216 464 5278 :illictorum
499 5227 776 5290 auxilium,
810 5230 1100 5281 errantium
1152 5232 1451 5295 conversio,
1480 5237 1710 5287 contrito

185 5322 279 5363 tum
324 5328 471 5376 cara,
535 5333 751 5372 carcere
778 5319 1112 5373 detentorum
1165 5321 1430 5376 visitatio?
1468 5321 1732 5380 Cancrum

185 5405 416 5465 quomodo
441 5406 709 5476 eﬂirgissct
758 5410 1215 5478 exprobratoriam
1260 5413 1400 5466 illaut
1447 5415 1534 5468 Dei
1571 5417 1734 5470 male-

186 5486 458 5559 dictionem,
485 5513 587 5568 qua
620 5501 907 5566 exprobrat
954 5503 1090 5568 apud
1118 5502 1450 5557 Ezechielem
1479 5521 1490 5556 :
1530 5505 1614 5559 l'a:
1640 5525 1732 5574 pu-

185 5584 401 5651 t'uribus,
445 5593 529 5657 qui
580 5593 774 5660 seipsus
831 5605 1079 5660 pascunt,
1127 5606 1172 5648 et
1217 5613 1328 5648 oves
1375 5614 1473 5651 non
1523 5614 1732 5667 pascunt

187 5671 366 5737 (Eucti.
395 5681 480 5738 5i.
508 5683 606 5753 2)?
645 5690 774 5750 Qua,-
807 5697 1076 5741 erraverat
1124 5705 1225 5742 non
1259 5689 1564 5759 reduxistis,
1615 5710 1730 5764 qua;

189 5767 376 5829 prrirrat
429 5790 529 5829 nun
578 5777 914 5846 rt‘qtt’:'i~tis,
968 5779 1231 5836 infirmum
1287 5799 1390 5838 neu
1446 5787 1695 5842 visitastis

1878 500 2164 554 contritum
2206 514 2310 554 non
2335 498 2639 568 obligastis,
2673 508 2726 555 ct
2771 516 2888 565 qttze
2930 502 3135 572 pinguis
3165 510 3312 562 erat.
3342 519 3459 557 ma-

1878 596 2085 644 ctautes
2113 586 2437 644 comedistis.
2460 589 2533 644 De
2559 588 2750 660 quibus
2776 589 2904 646 dicit
2928 591 3122 647 Paulus
3156 589 3460 650 :Sustinetts

1872 683 2012 734 enim
2027 683 2074 736 si
2089 685 2204 753 quis
2223 701 2311 738 vos
2333 687 2385 739 in
2410 688 2714 741 serritutem
2735 690 2948 761 redigit,
2966 693 3143 762 siquis
3161 695 3399 761 devorat,
3418 701 3466 753 si

1874 774 1992 842 quis
2017 777 2210 839 accipit
2237 776 2289 845 (2
2348 775 2471 833 Cor.
2502 779 2590 841 11,
2619 779 2730 851 20)
2757 800 2768 833 :
2799 791 2852 836 et
2875 784 3014 839 lanis
3040 784 3257 853 quidem
3285 787 3462 842 induti

1876 865 2032 929 estis,
2050 881 2179 922 orces
2198 879 2377 922 autem
2399 886 2505 924 non
2525 873 2770 940 paseltis.
2790 873 2854 926 Et
2872 875 2927 928 in
2942 874 3175 930 Jeremia
3199 878 3265 932 de
3288 879 3460 949 pigris

1866 956 2187 1022 pastoribus
2211 959 2341 1012 dicit
2366 978 2379 1013 :
2407 958 2662 1015 Pastores
2697 963 2849 1015 multi
2875 978 3224 1033 corruperunt
3255 971 3459 1023 vineam

1875 1047 2005 1098 nti/ti
2024 1047 2156 1117 (Jer.
2181 1051 2264 1110 12,
2292 1052 2356 1104 Ιυ
2375 1052 2412 1120 ).
2431 1053 2518 1104 Ait
2541 1051 2693 1106 Duc.
2717 1053 2935 1108 Poterat
2957 1071 3051 1111 eos
3073 1073 3292 1128 quoque
3313 1071 3464 1114 ccrto

1875 1143 2118 1208 tempore
2136 1155 2352 1206 curare,
2374 1153 2426 1196 et
2442 1146 2943 1200 ecclesiasticarum
2963 1162 3144 1200 rerum
3160 1164 3350 1202 curam
3373 1150 3464 1204 ha-

1876 1225 2033 1289 bere,
2062 1243 2130 1281 ne
2158 1229 2210 1281 iu
2231 1244 2295 1283 eo
2320 1232 2458 1284 male
2483 1233 2674 1287 audire
2708 1234 3004 1292 videretur.
3035 1237 3126 1302 qui
3161 1238 3212 1288 in
3244 1239 3458 1294 ca'teris

1875 1330 2106 1386 magnus
2125 1325 2262 1370 erat.
2282 1317 2456 1374 Episc.
2475 1319 2588 1374 lloc
2607 1337 2798 1390 nempe
2816 1331 2920 1387 est,
2936 1324 3077 1392 quod
3102 1325 3154 1377 in
3170 1325 3458 1380 sacerdote

1875 1409 2192 1477 requiritur,
2212 1408 2397 1464 valere
2421 1428 2486 1465 ne
2506 1414 2644 1466 male
2665 1413 2872 1476 audiat,
2894 1429 2986 1468 seu
3005 1416 3185 1484 potius
3208 1424 3265 1468 ut
3285 1415 3458 1486 largi-

1873 1505 1955 1552 ter
1972 1511 2278 1553 sermonem
2295 1503 2550 1568 praebcat,
2571 1507 2904 1570 curam,zelu
2917 1525 2986 1572 ιιι,
3005 1521 3167 1577 atque
3183 1509 3456 1578 reliquum

1875 1590 2257 1648 sacerdotalem
2290 1595 2556 1651 allectum.
2585 1600 2662 1653 An
2697 1602 2926 1670 ignoras,
2959 1609 3259 1662 venerande
3286 1609 3468 1665 Theo--

1875 1678 2024 1745 dore,
2063 1685 2258 1751 injuslo
2298 1689 2577 1743 maledicto
2603 1687 2982 1748 beatitudinem
3015 1712 3041 1748 a
3077 1699 3301 1752 Domino
3325 1701 3457 1756 deli-

1872 1769 2061 1830 ‘nitam.
2089 1776 2177 1844 qui
2202 1792 2319 1830 eum
2349 1781 2464 1833 aliis
2492 1781 2947 1839 benedictionibus
2965 1788 3094 1854 dixit
3117 1788 3291 1844 :Beati
3316 1794 3455 1860 estis,

1875 1878 1987 1915 cum
2016 1867 2149 1918 vobis
2175 1871 2580 1937 exprobraverint
2597 1916 2610 1938 ,
2637 1885 2680 1926 et
2712 1877 2927 1931 dixerint
2956 1895 3103 1952 omne
3130 1883 3452 1938 maledictum

1874 1956 2111 2009 adrersus
2129 1975 2208 2012 vos
2223 1960 2435 2026 (Matth.
2452 1964 2536 2018 5.1
2552 1966 2570 2016 1
2585 1967 2624 2033 ).
2645 1963 2733 2019 Va:
2745 1979 2911 2022 autem
2929 1971 3082 2038 vobis,
3100 1975 3300 2042 quando
3322 1977 3459 2030 vobis

1874 2047 2213 2103 benedixerint
2250 2069 2420 2107 omnes
2447 2054 2670 2110 homines
2696 2074 2713 2111 :
2739 2063 3010 2114 secundum
3051 2065 3180 2116 enim
3212 2083 3270 2119 ea
3295 2069 3454 2137 [acie-

1874 2139 1990 2190 bunt
2020 2143 2277 2209 prophetis
2308 2155 2474 2213 putres
2516 2165 2691 2200 eorum
2736 2149 2886 2218 (Luc.
2920 2152 2968 2206 6.
3007 2153 3122 2224 26).
3167 2155 3450 2220 Qumnodo

1871 2239 2049 2284 autem
2077 2246 2136 2284 os
2169 2234 2218 2287 in
2246 2234 2438 2290 divinis
2470 2239 2696 2306 el0quiis
2721 2243 3088 2306 exercitatum.
3124 2256 3177 2300 et
3203 2249 3347 2304 auris
3377 2250 3456 2306 di-

1871 2320 1990 2374 vina
2021 2323 2234 2378 oracula
2270 2325 2452 2380 audire
2480 2339 2711 2391 assueta,
2741 2347 2940 2388 mensa:
2971 2335 3341 2406 loquacitatem
3374 2353 3455 2396 to-

1872 2411 2112 2479 lerasset,
2151 2416 2375 2469 Domino
2404 2417 2612 2474 dicente
2637 2440 2649 2473 :
2690 2420 2852 2474 Nemo
2878 2435 3039 2492 potest
3071 2428 3265 2483 duobus
3289 2430 3453 2485 domi.

1870 2504 1947 2556 nis
1989 2508 2206 2570 servire;
2232 2508 2460 2572 deinde,
2509 2511 2626 2566 Non
2657 2518 2858 2581 potestis
2898 2517 3004 2571 Dea
3047 2523 3230 2575 servire
3257 2534 3303 2576 et
3343 2541 3454 2579 nmo

1869 2611 2031 2649 monte
2080 2596 2295 2665 (Matth.
2344 2599 2395 2653 6.
2448 2601 2582 2671 ρων
2630 2604 2944 2669 Qua-rutilus
2999 2609 3157 2678 igitur
3203 2615 3327 2681 quid
3383 2617 3457 2669 sit

1869 2700 2112 2738 matnona
2134 2729 2146 2750 ,
2179 2705 2243 2742 ne
2275 2689 2408 2745 forte
2455 2693 2787 2750 inveniamur
2830 2714 2937 2751 non
2971 2701 3178 2756 duobus
3223 2704 3454 2760 dominis

1867 2776 2099 2841 servire,
2157 2777 2250 2831 sed
2294 2782 2390 2833 soli
2439 2798 2719 2838 mamonze.
2774 2787 3072 2845 lllamonam
3126 2797 3267 2848 enim
3315 2813 3455 2854 nunc

1871 2884 1977 2921 non
2007 2868 2275 2924 diabolum
2314 2872 2462 2938 dicit,
2497 2877 2588 2930 sed
2621 2879 2799 2932 mundi
2855 2882 3009 2950 hujus
3054 2886 3262 2942 inanem
3307 2889 3452 2945 labo-

1865 2977 1996 3024 rem,
2031 2978 2059 3016 a
2087 2979 2193 3032 quo
2240 2965 2535 3034 discipulos
2575 2984 2700 3024 suos
2743 2971 2955 3028 divinus
2997 2992 3174 3030 sermo
3207 2981 3445 3038 abduxit.

1865 3056 2015 3109 Duc.
2056 3057 2186 3111 Redi
2208 3101 2222 3123 ,
2252 3075 2284 3112 ο
2311 3063 2667 3116 Sacratissime
2698 3063 2875 3126 Pater.
2907 3069 2971 3121 ad
3014 3073 3307 3127 narrandas
3357 3091 3446 3131 res

1862 3156 2102 3213 earteras,
2133 3149 2256 3203 dum
2285 3167 2583 3207 sermonem
2618 3155 2762 3208 illum
2793 3157 2857 3210 de
2891 3176 3068 3213 mensa
3101 3163 3311 3218 aliunde
3335 3164 3445 3232 jam

1862 3238 2246 3296 demonstratis
2275 3261 2288 3298 :
2323 3231 2492 3313 neque
2539 3245 2677 3300 feras
2729 3251 2992 3316 graviter,
3023 3254 3162 3320 anid
3205 3270 3263 3308 ea
3296 3256 3443 3324 obje-

1861 3330 2059 3395 cerim;
2105 3332 2253 3398 plura
2298 3333 2437 3386 enim
2489 3335 2627 3388 scire
2673 3338 2917 3405 Cupidus,
2953 3342 3295 3410 multiplicem
3351 3344 3449 3398 do-

1863 3422 2107 3488 ctrinam
2137 3432 2276 3476 tuam
2308 3428 2606 3482 accuratius
2656 3430 3065 3494 interrogabam.
3114 3434 3288 3488 Ertsc.
3335 3435 3446 3490 lloc

1863 3511 1951 3563 tibi
1981 3527 2008 3564 a
2037 3529 2121 3566 me
2149 3513 2344 3567 clarius
2368 3517 2566 3570 dictum
2606 3519 2710 3584 sit,
2742 3519 3022 3575 Theodore
3051 3524 3443 3579 studiosissime

1859 3605 1997 3672 (ipse
2027 3607 2166 3659 enim
2217 3623 2350 3661 unus
2384 3609 2452 3661 lui
2507 3611 2665 3664 exiis
2694 3612 2780 3681 qui
2832 3628 3137 3667 mensarum
3186 3627 3444 3684 apparatu

1857 3697 2178 3750 multitudini
2213 3699 2421 3767 placere
2447 3701 2714 3772 student),
2749 3705 2866 3770 quia
2895 3705 3199 3773 episcopus,
3237 3723 3443 3777 magna

1858 3787 2150 3854 przescrtim
2179 3790 2346 3851 urbis,
2371 3792 2459 3856 qui
2487 3791 2742 3845 derelicto
2769 3793 2912 3846 vcrbi
2946 3796 3260 3862 ministerio,
3288 3808 3446 3854 nocte

1857 3875 2047 3942 dieque
2076 3877 2204 3945 legis
2235 3877 2440 3932 tabulas
2471 3880 2520 3932 in
2552 3882 2794 3935 manibus
2838 3898 2941 3935 non
2987 3884 3219 3951 habens,
3257 3903 3440 3941 curam

1856 3981 2147 4034 pauperum
2178 3984 2283 4021 non
2313 3984 2411 4037 per
2448 3985 2524 4033 se,
2553 3971 2647 4025 sed
2690 3988 2782 4040 per
2810 3975 2941 4029 alios
2971 3976 3124 4044 get-it,
3159 3978 3312 4046 longe
3341 3983 3441 4034 erit

1853 4056 2008 4109 abiis
2035 4058 2122 4124 qui
2167 4057 2418 4113 dixerunt
2447 4079 2458 4112 :
2491 4058 2624 4115 Ecce
2667 4063 3021 4134 dereliquintus
3063 4070 3247 4131 ontnia,
3276 4080 3319 4121 et
3357 4087 3437 4124 se-

1852 4150 1996 4218 qunti
2013 4166 2187 4202 sumus
2203 4159 2280 4202 te:
2306 4152 2428 4219 quid
2449 4169 2564 4222 ergo
2591 4155 2682 4206 erit
2701 4155 2749 4206 in
2779 4157 2918 4208 nobis
2941 4158 2955 4214 (
2979 4157 3160 4210 Matth.
3190 4160 3271 4218 19,
3293 4159 3439 4232 ‘27)?

1852 4242 2277 4297 annumeranlus
2321 4243 2382 4296 iis
2425 4246 2509 4311 qui
2553 4245 2837 4300 dixerunt:
2888 4246 3128 4316 Domine,
3176 4269 3340 4306 nonne
3386 4255 3439 4307 in

1853 4332 2051 4385 nomine
2082 4342 2165 4385 tuo
2194 4332 2298 4386 haec
2325 4343 2368 4385 et
2386 4333 2476 4386 illa
2514 4337 2767 4402 fecimus?
2795 4338 3068 4390 auditurus
3100 4355 3216 4393 eunt
3261 4342 3386 4410 ipsis
3418 4361 3436 4395 :

1855 4421 2107 4476 Discedite
2159 4442 2188 4475 a
2244 4442 2353 4489 me;
2400 4427 2701 4480 maledicti:
2753 4431 2916 4482 nescio
2971 4448 3089 4493 ros,
3142 4435 3273 4486 unde
3322 4437 3437 4490 estis

1854 4515 1871 4586 (
1902 4514 2024 4567 Luc.
2060 4517 2143 4570 15.
2175 4516 2243 4569 9.7
2275 4514 2338 4585 )?
2369 4516 2480 4569 Non
2523 4519 2663 4572 enim
2697 4518 2878 4572 Oratio
2921 4524 3162 4590 agnoscit
3211 4525 3430 4580 rationis

1849 4617 2095 4674 expertes
2123 4601 2397 4675 operarios
2429 4630 2440 4663 :
2478 4627 2638 4678 purus
2682 4613 2822 4665 enim
2873 4613 2967 4680 ipsi
3000 4625 3081 4668 cst
3125 4617 3329 4678 oculus,
3366 4634 3432 4672 ne

1850 4697 2020 4750 videat
2050 4699 2208 4751 mala.
2241 4700 2385 4753 Multi
2421 4703 2561 4754 enim
2599 4718 2662 4755 ex
2695 4703 2755 4758 iis
2784 4704 2867 4770 qui
2904 4705 3152 4758 dicuntur
3173 4710 3430 4778 episcopi,

1843 4787 2041 4856 justum
2073 4789 2150 4840 sui
2182 4790 2360 4843 odium
2402 4806 2506 4859 quo
2553 4802 2766 4860 propter
2792 4795 3034 4862 proprios
3083 4812 3257 4849 mores
3290 4799 3434 4851 labo-

1847 4886 1986 4942 rant,
2020 4889 2072 4932 et
2104 4881 2420 4946 Spiritalium
2455 4883 2710 4935 incuriam
2741 4885 3042 4940 rescindere
3070 4888 3194 4941 dum
3225 4889 3429 4957 volunt,

1848 4970 2035 5022 vitium
2082 4973 2208 5023 vitio
2254 4983 2576 5040 permutant,
2623 4975 2896 5028 avaritiam
2929 4980 3178 5030 vanitate.
3239 4980 3425 5034 Etnna

1846 5064 2056 5132 quidem
2087 5081 2242 5116 unum
2271 5066 2411 5134 large
2440 5079 2718 5134 peccantes
2743 5070 2804 5119 ad
2829 5078 2980 5138 turpe
3009 5071 3234 5129 laetum.
3268 5073 3429 5126 altera

1844 5171 1970 5208 vero
1995 5171 2205 5209 mensas
2233 5167 2624 5220 construentes,
2661 5168 2713 5213 ct
2743 5160 3049 5215 sublimium
3085 5164 3427 5217 a-diliciornm

1843 5246 2116 5299 columnas
2147 5249 2411 5314 erigentes
2432 5290 2444 5312 ,
2476 5257 2529 5301 ut
2557 5266 2618 5303 cx
2669 5249 2750 5303 his
2781 5252 2904 5304 boni
2939 5263 2989 5306 et
3032 5254 3271 5307 industrii
3305 5270 3424 5310 esse

1845 5337 2140 5401 vidcantur,
2174 5339 2512 5407 ignmninian't
2567 5359 2660 5409 pro
2694 5343 2894 5398 lionrn'e
2921 5347 3194 5411 eollfgunt,
3241 5348 3426 5401 l-Icclc~

1843 5428 2018 5480 siastar.
2065 5428 2425 5487 inuncmores.
2450 5430 2535 5498 qui
2565 5442 2616 5483 et
2661 5433 2757 5484 ista
2789 5444 3182 5499 construxerat,
3219 5445 3272 5489 et
3300 5436 3422 5488 odio

1845 5518 2048 5581 habuit,
2105 5530 2262 5586 atque
2314 5523 2434 5574 talia
2478 5525 2760 5579 manifeste
2789 5527 2971 5589 vetuit,
3006 5543 3124 5579 eum
3167 5530 3424 5595 scripsit:

1847 5611 1964 5661 Feri
1993 5611 2114 5662 mihi
2149 5612 2323 5665 domos
2349 5624 2391 5665 et
2423 5613 2611 5675 hortos,
2644 5628 2696 5667 et
2744 5628 2936 5671 cattcra
2976 5636 2986 5670 :
3027 5630 3073 5671 et
3101 5635 3212 5671 eere
3257 5620 3424 5672 oumio

1841 5702 2061 5763 vanitas,
2096 5713 2140 5754 et
2168 5703 2250 5755 odi
2284 5720 2477 5756 onmem
2518 5705 2737 5758 laborent
2770 5723 2962 5773 meum,
2992 5726 3087 5774 quo
3117 5727 3207 5772 eoo
3255 5713 3425 5761 latiora

1846 5791 1934 5844 Wl'
1957 5791 2057 5844 δοίίτ
2089 5789 2270 5859 ῘΡΓΓΙΡ-
2299 5791 2350 5842 ἓ.
2379 5793 2426 5842 ἐξ.
2465 5795 2541 5847 li.
2580 5795 2685 5864 l7).
2716 5795 2826 5849 Non
2856 5798 3005 5862 dum,
3036 5803 3208 5870 Super
3231 5803 3418 5855 εινξςηντ,
