4264 6306
798 376 864 431 ιτ
2046 363 2355 424 ιἈιιΑυιι
2396 365 2482 420 0Ιέ

2046 363 2355 424 i‘ALLADIl
2396 365 2503 420 οιΑ
2513 364 2732 423 ιοουδ

798 482 1275 540 neintellcctuales
1322 480 1533 537 labores
1575 478 1763 547 injuria
1810 477 2067 533 afﬁceret.
2100 475 2224 532 Haec
2269 490 2369 531 au-

796 583 903 629 tem
930 570 1071 638 dico,
1096 587 1202 626 non
1226 568 1686 641 comprelteudeus
1706 582 1819 634 eos,
1845 568 1936 638 qui
1956 566 2095 638 iusta
2119 566 2186 622 de
2208 580 2365 621 causa

792 673 851 720 et
894 665 1215 720 necessitate
1258 662 1515 717 ecclesias
1555 660 1792 717 condunt
1831 670 1921 714 aut
1964 660 2235 724 reficiunt;
2272 658 2364 713 Sed

796 755 1006 809 illorum
1052 770 1233 818 causa,
1266 755 1352 823 qui
1390 754 1527 808 bona
1568 768 1855 822 pauperum
1888 753 1940 805 in
1990 751 2210 819 pensilia
2252 765 2368 803 aut-

795 844 1028 909 bulacra,
1044 853 1101 900 et
1122 844 1381 898 aeriarum
1399 858 1653 911 aquarum
1678 840 2005 910 receptacula
2030 841 2081 893 itt
2099 840 2267 893 tertiis
2285 850 2366 891 ta-

795 934 1005 997 bulatis,
1034 946 1088 989 et
1117 934 1360 988 indecora
1388 934 1811 987 effeminatorum
1853 931 2123 985 hominum
2155 932 2362 984 lavacra

796 1026 849 1077 in
897 1024 1028 1079 locis
1074 1023 1295 1078 occultis
1336 1031 1676 1088 consumunt,
1714 1031 1821 1077 tum
1873 1029 1929 1076 ut
1969 1022 2081 1090 plus
2124 1020 2364 1090 pecunia:

793 1113 1095 1175 corradant,
1127 1121 1237 1165 tum
1266 1122 1325 1166 ut
1358 1122 1601 1166 amentur
1650 1126 1678 1165 a
1727 1114 1925 1166 scurris
1952 1120 2005 1164 et
2048 1112 2243 1175 mimis,
2274 1110 2362 1178 qui

791 1215 892 1269 pro
932 1200 1108 1255 studio
1141 1201 1277 1256 hanc
1316 1218 1472 1255 unam
1517 1201 1815 1258 mercedem
1873 1200 2189 1269 rependunt,
2222 1200 2361 1267 quod

794 1294 974 1347 omnia
1020 1293 1086 1347 ad
1133 1296 1455 1362 voluptatem
1498 1292 1769 1361 indulgent
1800 1293 2160 1361 peccantibus.
2210 1291 2364 1345 Absit

790 1392 969 1438 autem
999 1398 1028 1437 a
1056 1400 1161 1446 me,
1192 1385 1271 1436 vir
1298 1385 1470 1453 magni
1498 1384 1726 1437 nominis
1752 1382 2051 1447 Theodore,
2080 1390 2135 1434 ut
2162 1382 2359 1449 impro-

789 1473 871 1528 bis
894 1489 1138 1542 umquam
1164 1473 1397 1542 placeam
1420 1490 1432 1526 :
1458 1491 1561 1527 non
1583 1475 1724 1528 enim
1742 1474 1954 1527 aliunde
1976 1473 2102 1540 ipsis
2120 1472 2360 1540 placebo,

788 1578 946 1631 quam
972 1579 1037 1617 ex
1066 1565 1127 1617 iis
1158 1580 1274 1634 qua:
1309 1563 1523 1618 Christo
1554 1579 1659 1618 non
1692 1565 1921 1633 placent.
1958 1564 2107 1618 Duc.
2138 1563 2214 1616 Ad
2249 1562 2360 1616 ltrec

788 1657 1012 1711 miratus
1058 1656 1371 1711 Theodorus
1416 1656 1776 1726 interrogavit,
1808 1656 2031 1711 dicens:
2070 1656 2198 1709 Cum
2247 1655 2359 1709 hate

791 1748 859 1799 ita
891 1762 954 1799 ex
999 1757 1184 1800 natura
1210 1748 1349 1801 dicta
1378 1749 1520 1811 sint,
1554 1757 1605 1801 et
1652 1748 1825 1800 nullus
1854 1746 2251 1800 contradicendi
2291 1745 2361 1799 sit

788 1836 957 1899 locus,
973 1836 1015 1888 si
1032 1836 1156 1904 quid
1186 1837 1321 1891 nosti
1345 1836 1411 1891 de
1438 1838 1499 1889 iis
1518 1852 1635 1904 qua:
1653 1838 1704 1890 itt
1724 1840 1845 1890 Asia
1863 1852 1892 1889 a
1910 1838 1963 1891 S.
1993 1836 2193 1891 Joanne
2211 1846 2357 1905 gesta

786 1933 930 1989 sunt,
955 1925 1023 1978 de
1049 1941 1152 1993 quo
1198 1942 1336 1979 nunc
1366 1926 1518 1980 nobis
1556 1940 1731 1980 sermo
1768 1936 1869 1991 est,
1911 1926 2186 1979 nobiscum
2215 1937 2359 1977 com-

786 2013 1011 2064 munica.
1040 2013 1211 2065 limsc.
1248 2014 1307 2066 Et
1335 2016 1551 2066 omnino
1578 2014 1811 2080 quidem.
1838 2015 1986 2067 Dtac.
2014 2017 2093 2067 An
2127 2026 2359 2081 praesens

785 2100 1015 2156 novisti?
1039 2116 1104 2154 an
1151 2101 1217 2154 ab
1246 2103 1350 2155 alio
1384 2103 1669 2171 accepisti?
1701 2104 1868 2158 Ertsc.
1900 2100 2015 2157 Sed
2037 2118 2103 2157 ne
2143 2103 2357 2156 minima

782 2190 995 2258 quidem
1024 2200 1171 2260 parte
1194 2190 1278 2245 isti
1304 2192 1505 2260 judicio
1532 2192 1693 2245 defui.
1724 2193 1871 2246 Duc.
1914 2195 2166 2259 Qumnam
2201 2193 2358 2261 igitur

783 2280 1101 2347 subsequuta
1127 2292 1269 2344 sunt,
1303 2281 1527 2349 quemve.
1555 2281 1711 2335 finem
1754 2292 2100 2349 acceperunt,
2142 2292 2193 2335 et
2221 2280 2358 2335 unde

785 2368 1093 2436 principium
1122 2370 1417 2424 habuerunt
1436 2412 1451 2434 ,
1475 2371 1777 2439 singillatim
1809 2372 1935 2423 tttihi
1970 2371 2165 2424 exhibe
2194 2387 2208 2424 :
2234 2371 2355 2440 quia

782 2456 1104 2527 Theophilus
1130 2464 1479 2515 temeritatem
1504 2477 1652 2515 suam
1682 2463 1907 2514 maxime
1940 2461 2219 2516 honestare
2246 2463 2357 2517 sive

784 2549 994 2617 operire
1034 2550 1237 2615 volens,
1287 2553 1337 2605 in
1374 2552 1552 2604 libello
1596 2565 1693 2604 suo
1724 2552 1815 2616 ait,
1844 2552 2055 2605 ltcatutn
2095 2551 2355 2605 Joannem

782 2638 1086 2691 dominandi
1133 2639 1347 2693 libidine
1394 2650 1691 2708 permotum
1716 2640 1799 2693 die
1827 2656 1924 2692 una
1949 2640 2214 2693 sexdecim
2246 2641 2358 2707 epi-

782 2742 973 2797 sc0pos
1010 2729 1337 2797 deposuisse,
1368 2741 1419 2784 et
1462 2745 1607 2794 suos,
1641 2731 1757 2783 loco
1794 2730 2031 2793 illorum,
2059 2731 2353 2785 ordinasse.

784 2820 957 2875 l-Irtsc.
982 2821 1164 2875 Niltila
1192 2822 1299 2875 suis
1322 2822 1557 2875 moribus
1582 2823 1808 2875 alienum
1840 2822 1959 2877 fecit
1977 2823 2227 2876 mirificus
2245 2822 2354 2884 ille.

782 2920 834 2962 et
863 2925 982 2963 cum
1010 2920 1191 2964 contra
1214 2911 1470 2965 lenonem
1495 2912 1723 2979 scripsit,
1755 2920 1807 2967 et
1834 2929 1949 2966 cum
1972 2911 2096 2965 falsa
2126 2911 2353 2979 scripsit.

782 2999 859 3053 Ex
912 3000 1101 3068 quibus
1147 3003 1289 3054 cnint
1335 3001 1714 3054 absconsurum
1760 3018 1817 3055 se
1874 3012 2020 3070 putat
2063 3000 2356 3056 fceditatem

783 3103 955 3151 suam,
984 3105 1049 3143 ex
1082 3090 1265 3143 iisdem
1300 3090 1437 3141 illaut
1466 3091 1631 3157 magis
1662 3090 1908 3153 traducit,
1941 3090 2024 3143 vel
2050 3091 2246 3142 invitus
2270 3088 2354 3141 in-

784 3177 1079 3230 nocentiam
1102 3178 1341 3241 Joannis,
1373 3194 1518 3231 more
1550 3179 1801 3243 Balaauti,
1829 3194 2109 3233 exornans.
2134 3178 2188 3232 Si
2214 3179 2352 3231 enim

784 3284 903 3321 cum
935 3266 1272 3335 deposuerat,
1308 3285 1413 3321 non
1442 3286 1574 3337 opus
1604 3278 1716 3324 erat
1752 3271 1968 3338 scripto,
1999 3286 2102 3324 non
2132 3272 2349 3333 exsilio,

779 3373 896 3409 eum
921 3357 1179 3425 depositio
1206 3359 1315 3424 ipsa
1338 3358 1567 3412 sufficiat
1588 3359 1653 3413 ad
1676 3358 2038 3414 confusionem
2061 3376 2245 3415 eorum
2268 3360 2356 3428 qui

781 3445 1148 3515 deponuntur;
1177 3446 1268 3501 sed
1294 3449 1542 3515 quoniam
1592 3450 1782 3519 deponi
1816 3465 1918 3503 non
1966 3458 2139 3518 potest
2166 3451 2356 3506 virtute

783 3538 1051 3604 prmditus,
1073 3547 1230 3606 atque
1254 3540 1422 3592 victus
1436 3541 1705 3592 victoriam
1726 3539 1887 3593 refert
1904 3582 1916 3603 ,
1936 3552 2113 3595 manet
2135 3542 2349 3609 invidia,

780 3628 983 3681 (ladem
1012 3646 1074 3682 ex
1099 3629 1287 3698 injuSIa
1323 3630 1537 3684 victoria
1560 3642 1855 3699 reportans,
1888 3633 2041 3687 bulla:
2069 3634 2118 3687 in
2152 3649 2351 3687 morem

781 3729 1119 3788 turgescetts;
1153 3729 1206 3773 et
1231 3721 1281 3773 in
1310 3722 1535 3788 seipsant
1560 3723 1806 3784 contrita,
1832 3725 2069 3778 scribens
2094 3733 2147 3777 ct
2170 3724 2356 3779 inscri-

782 3811 911 3863 bens
945 3811 1066 3865 illud
1098 3812 1241 3865 Isaia:
1274 3814 1574 3881 propltettn,
1604 3830 1682 3867 va:
1711 3815 1833 3868 illud
1868 3816 1916 3867 itt
1960 3831 2017 3869 se
2046 3816 2352 3881 attrahens,

780 3900 903 3953 dum
935 3900 1062 3953 falsa
1085 3901 1260 3953 omnia
1279 3911 1332 3954 et
1360 3902 1496 3963 facit,
1531 3912 1579 3955 et
1598 3903 1743 3963 dicit,
1772 3913 1823 3957 et
1844 3904 2059 3978 scribit._
2084 3903 2171 3957 Va:
2190 3908 2351 3970 enim,

780 3991 903 4044 dicit
948 3990 1139 4055 Isaias,
1180 3993 1265 4059 qui
1304 3992 1561 4046 scribunt:
1606 3996 1912 4063 iniquitate»:
1961 3996 2091 4047 enim
2132 3998 2355 4049 scribunt

778 4079 929 4149 (Isai.
965 4081 1049 4136 10.
1082 4083 1155 4151 l).
1187 4083 1259 4136 De
1289 4083 1371 4136 his
1400 4094 1573 4138 autem
1602 4087 1685 4152 qui
1721 4086 1771 4138 itt
1800 4088 1921 4140 Asia
1956 4086 2181 4155 depositi
2207 4096 2346 4152 sunt,

780 4188 883 4225 non
932 4173 1232 4239 sexdecim,
1265 4175 1356 4228 sed
1391 4192 1479 4229 sex
1516 4185 1715 4229 tantum
1763 4178 2045 4245 episcopis,
2093 4186 2149 4230 ut
2174 4193 2351 4232 coram

784 4262 891 4314 lleo
935 4262 1113 4330 judice
1138 4263 1309 4315 dicam
1345 4305 1358 4327 ,
1392 4265 1521 4316 nihil
1559 4265 1627 4318 de
1668 4269 1871 4319 numeri
1899 4269 2190 4334 quantitate
2223 4269 2351 4322 sub-

784 4352 1011 4413 traham,
1044 4352 1169 4406 nihil
1191 4369 1369 4407 rerum
1398 4354 1633 4423 qualitati
1666 4356 1932 4421 adjiciam,
1962 4356 2053 4409 sed
2079 4368 2135 4410 ut
2158 4357 2351 4411 veritas

782 4458 899 4497 sese
934 4442 1111 4507 habet,
1157 4444 1234 4497 sic
1288 4445 1379 4497 tihi
1430 4462 1709 4513 exponam.
1739 4446 1917 4501 Tertia
1960 4448 2164 4502 decima
2211 4448 2349 4503 iudi-

777 4534 954 4585 ctione
974 4542 1232 4586 venerunt
1254 4534 1763 4605 Constantinopolim
1796 4538 1973 4591 Asiani
2002 4539 2232 4608 CpiSCOIli
2259 4555 2352 4594 ne-

776 4623 1079 4674 cessitatum
1112 4624 1455 4691 quarumdam
1488 4627 1650 4693 gratia
1686 4644 1697 4677 :
1731 4628 1762 4679 ii
1811 4629 2081 4681 nobiscum
2108 4644 2345 4683 commo-

778 4710 1044 4775 rabantur,
1069 4714 1414 4782 prazsentihus
1436 4715 1593 4767 etiam
1616 4716 1732 4769 aliis
1748 4732 1809 4770 ex
1828 4717 2039 4787 Scythia
2063 4719 2345 4788 (ιιιὶεροιιὶε,

775 4801 1053 4855 Theotimo
1094 4804 1330 4869 scilicet,
1361 4814 1519 4873 atque
1571 4822 1637 4859 ex
1674 4807 1895 4861 Thracia
1925 4808 2181 4863 Ammone
2212 4811 2348 4880 Egy-

776 4893 906 4959 ptio,
929 4900 981 4946 et
1005 4909 1069 4947 ex
1094 4893 1296 4948 Galatia
1326 4896 1611 4961 Arabiano,
1644 4899 1996 4966 metropolitis
2016 4901 2257 4957 omnibus
2286 4917 2347 4956 ac

776 4982 1011 5049 senibus,
1043 4998 1208 5053 usque
1253 4986 1317 5038 ad
1355 4987 1534 5055 viginti
1585 4989 1807 5043 duorum
1853 4991 2218 5061 episcoporum
2248 5009 2349 5046 nu-

776 5086 999 5125 merum.
1035 5073 1098 5126 Et
1125 5075 1371 5130 omnibus
1394 5061 1743 5145 congregatis,
1769 5090 1925 5147 atque
1954 5083 2351 5135 communican-

775 5162 933 5227 tihus,
969 5163 1226 5220 Eusebius
1265 5168 1477 5236 quidam
1518 5184 1549 5222 e
1582 5166 1833 5223 Cilbianis
1863 5172 2023 5241 jugis,
2070 5173 2349 5241 cpiscopus

772 5253 1351 5325 Valentinopolitauus,
1381 5269 1750 5329 congregatum
1794 5262 2065 5332 Synodum
2106 5281 2224 5318 cum
2255 5265 2351 5318 ob-

772 5359 1057 5411 scrvasset,
1109 5366 1213 5403 uno
1260 5353 1463 5406 sabbati
1513 5354 1837 5418 adveniens,
1886 5355 2089 5410 libellos
2138 5357 2349 5411 tradidit

770 5436 1005 5507 Syttodo,
1031 5445 1315 5510 praeposito
1344 5444 1561 5504 scilicet,
1593 5453 1649 5496 ιιι
1675 5460 2004 5514 consequens
2029 5456 2161 5511 erat,
2189 5448 2349 5503 Joan-

775 5531 856 5584 nis
897 5532 1137 5595 nomine,
1189 5544 1369 5611 cotttra
1405 5536 1751 5599 Antoninum,
1784 5538 2096 5606 episcopum
2121 5539 2342 5609 Ephesi,

774 5632 971 5689 septem
1020 5614 1261 5693 Capitula
1297 5625 1553 5679 inserens.
1616 5625 1849 5680 Primum
1905 5630 2152 5697 quidem,
2207 5631 2343 5699 quod

771 5713 1011 5769 conflatis
1037 5730 1202 5771 sacris
1232 5719 1369 5772 vasis
1395 5729 1670 5787 argentum
1704 5717 1753 5771 in
1786 5736 1934 5773 usum
1965 5721 2055 5775 ﬁlii
2090 5723 2296 5777 fecisset
2327 5739 2343 5789 ;

4002 367 4086 423 ιο

2479 475 2793 541 secundum.
2815 477 2957 548 quod
2982 477 3212 533 ablatunt
3240 476 3307 533 de
3329 477 3567 547 ingressu
3596 479 3883 546 baptisterii
3910 496 4083 533 IlI-tl—

2454 572 2591 622 mor
2621 569 2673 621 in
2717 567 2963 623 balneum
2996 569 3351 623 transtulisset
3379 587 3393 623 :
3424 568 3618 623 deinde
3657 568 3935 624 columnas
3970 586 4083 624 cc-

2471 658 2812 723 clesiasticas,
2854 675 2881 711 a
2930 659 3173 729 pluribus
3202 659 3355 713 annis
3393 658 3657 728 jacentes.
3703 659 3835 713 intra
3893 674 4079 714 suum

2470 746 2743 802 statuisset
2764 748 3048 802 triclinium
3074 766 3086 801 :
3109 758 3375 818 quartunt,
3400 748 3537 814 quod
3567 764 3696 817 puer
3711 750 3826 817 ejus
3847 748 4078 803 cedem

2470 849 2753 907 patrasset,
2780 856 2937 908 quem
2963 841 3133 895 adhuc
3162 841 3384 894 haberet
3406 842 3456 894 in
3490 841 3783 895 ministerio
3814 840 4080 910 irrepre-

2470 928 2735 984 hensum:
2768 935 3031 999 quintum,
3078 930 3217 999 quod
3264 930 3461 998 prmdia
3509 927 3757 984 Ecclesia:
3792 930 3988 985 relicta
4041 944 4079 983 a

2470 1020 2719 1085 Basilina,
2752 1022 2946 1075 Juliani
2990 1021 3333 1093 Imperatoris
3362 1031 3562 1084 matre,
3596 1021 3942 1085 vendidisset,
3988 1022 4077 1074 si-

2468 1110 2626 1179 bique
2654 1111 2973 1165 vindicasset
3004 1128 3016 1165 :
3059 1120 3289 1174 sextum,
3320 1111 3463 1180 quod
3493 1112 3706 1165 dimissa
3734 1126 3899 1165 uxore
3929 1125 4073 1175 sua.

2469 1215 2587 1253 eum
2617 1215 2677 1253 ea
2708 1215 2888 1254 rursus
2914 1215 3234 1271 congressus
3263 1210 3427 1265 esset,
3459 1181 3701 1271 filiosque
3742 1215 3805 1253 ex
3833 1216 3894 1255 ea
3927 1196 4074 1269 pm-

2467 1300 2700 1343 creasset
2728 1309 2740 1343 :
2771 1292 3053 1360 septimum
3077 1332 3089 1354 ,
3122 1291 3263 1360 quod
3290 1305 3389 1361 pro
3417 1291 3531 1361 lege
3559 1301 3612 1345 et
3637 1291 3925 1346 constituto
3950 1292 4070 1344 ha-

2467 1380 2619 1434 beret
2653 1382 3013 1437 ordinationes
3041 1386 3412 1451 episcOporum
3446 1382 3674 1451 vendere
3708 1382 3856 1450 juxta
3887 1382 4070 1436 ratio-

2466 1485 2585 1525 uent
2649 1470 2932 1525 redituum.
2997 1474 3202 1526 Adsunt
3264 1484 3319 1527 et
3380 1471 3471 1540 qui
3534 1470 3797 1526 dederunt
3850 1471 4068 1540 quiquo

2465 1562 2691 1615 ordinati
2740 1572 2898 1627 sunt,
2944 1573 2998 1617 et
3054 1562 3167 1631 ipse
3215 1562 3305 1632 qui
3359 1562 3563 1631 accepit
3610 1580 3627 1615 :
3675 1576 3738 1615 ac
3790 1570 4063 1630 praeterea

2467 1652 2810 1720 probationes
2838 1653 3029 1707 habeo.

2535 1742 2661 1795 Car.
2688 1744 3021 1798 sna—Duc.
3050 1743 3195 1797 lianc
3215 1756 3437 1811 ,quzrso,
3460 1736 3899 1804 Pater,eontrahe
3917 1756 4056 1797 nar-

2464 1834 2746 1887 rationem:
2768 1834 3031 1888 laeduntur
3046 1836 3185 1889 eniut
3208 1846 3514 1903 prmsentes,
3534 1833 3794 1902 episcopis
3813 1832 3911 1886 ista
3928 1848 4060 1888 nar-

2462 1924 2721 1987 rantibus,
2752 1925 2919 1978 multo
2942 1928 3106 1993 magis
3135 1925 3230 1978 ista
3257 1926 3600 1993 patrantihus.
3645 1925 3815 1979 Ertsc.
3848 1925 3929 1979 Me
3945 1925 4057 1979 mi-

2461 2018 2752 2084 serum,qui
2768 2016 2956 2069 diebus
2974 2016 3053 2069 his
3070 2025 3369 2070 reservatus
3384 2014 3716 2085 sum,quibus
3732 2014 3951 2082 pecunia
3964 2027 4056 2067 sa-

2461 2104 2753 2158 cerdotium
2770 2105 3028 2168 venditur,
3046 2106 3088 2159 si
3105 2105 3648 2181 tamensacerdotium
3671 2114 3769 2157 est.
3789 2102 4058 2170 lnsipieu-

2465 2202 2541 2247 ter
2555 2194 2693 2248 enim
2711 2194 2808 2247 feci
2833 2197 2917 2265 qui
2938 2196 3035 2248 ista
3052 2196 3346 2257 retulerim,
3363 2209 3481 2250 cum
3496 2192 4058 2248 obtrectatoresJoan-

2463 2284 2545 2337 nis
2563 2299 2627 2336 eo
2650 2299 2745 2337 nos
2767 2286 3058 2353 adegeriut.
3088 2286 3279 2338 Verum
3316 2286 3577 2354 patienter
3604 2282 3742 2337 feras
3765 2296 3870 2347 me,
3892 2283 4055 2337 obseo

2465 2389 2576 2437 cro,
2608 2382 2665 2427 ut
2693 2375 2815 2427 hinc
2837 2374 3276 2443 quoqueJoannis
3300 2374 3715 2427 moderationem
3741 2371 4050 2437 admireris,
4128 2370 4139 2381 '

2461 2466 2547 2533 qui
2571 2465 2755 2519 sedato
2779 2464 2989 2517 interim
3014 2464 3149 2529 zelo,
3180 2463 3312 2517 dixit
3343 2462 3605 2516 Eusebio:
3633 2462 3822 2515 Eusebi
3858 2460 4051 2525 frater.

2462 2556 2710 2623 quoniatn
2740 2570 2881 2623 satpe
2908 2555 2963 2608 fit
2991 2564 3046 2608 ut
3073 2554 3440 2609 accusationes
3466 2568 3585 2623 qua:
3610 2552 3739 2607 fiunt
3766 2568 3794 2605 a
3833 2561 4054 2619 pertur-

2464 2646 2675 2701 batione
2702 2646 2885 2708 animi,
2913 2644 3092 2700 faciles
3121 2646 3461 2714 probationes
3494 2659 3599 2697 non
3625 2644 3887 2707 habeant,
3923 2644 4051 2697 siue

2464 2745 2513 2790 te
2541 2737 2749 2789 ειμι-πί
2782 2777 2796 2797 ,
2826 2745 2881 2787 ut
2907 2751 3086 2790 cesses
3114 2738 3438 2790 Antoninum
3478 2735 3693 2791 fratrem
3724 2736 3921 2803 scripto
3948 2750 4049 2791 ac-

2460 2838 2667 2887 cusare,
2703 2825 2853 2879 nobis
2879 2840 3063 2877 causas
3088 2827 3345 2880 molestiae
3372 2824 3783 2893 corrigentibus.
3813 2824 3891 2878 Ad
3925 2824 4053 2879 haec

2462 2914 2537 2967 ira
2566 2929 2817 2967 accensus
2845 2956 2857 2977 ,
2909 2915 3214 2969 durioribus
3244 2931 3370 2968 usus
3408 2925 3491 2969 est
3517 2915 3692 2968 verbis
3717 2956 3731 2977 ,
3786 2914 4050 2969 adversus

2462 3005 2787 3057 Antoninum
2827 3014 2966 3058 totus
3008 3021 3067 3059 se
3093 3004 3317 3059 clferens
3350 3046 3362 3069 ,
3390 3015 3443 3059 et
3474 3006 3523 3059 in
3556 3005 3892 3059 accusatione
3917 3019 4049 3073 per-

2460 3096 2675 3151 sistens.
2710 3097 2960 3150 llortatur
2980 3096 3211 3150 Joannes
3235 3096 3452 3150 Paulum
3476 3136 3491 3160 ,
3542 3098 3847 3164 episcopum
3874 3094 4051 3150 Hera-

2459 3189 2589 3241 clea:
2612 3188 2629 3255 (
2656 3204 2777 3241 nam
2806 3190 2850 3241 is
2882 3189 3149 3242 Antonino
3172 3187 3347 3242 favere
3372 3188 3651 3240 videbatur
3679 3187 3696 3256 )
3728 3229 3743 3252 ,
3784 3197 3834 3238 ut
3860 3201 3954 3240 eos
3988 3188 4051 3243 in

2460 3281 2743 3335 amicitiam
2766 3281 3133 3348 compelleret.
3150 3280 3510 3348 Surgcnsqtte,
3533 3280 3816 3333 ecclesiam
3837 3278 4055 3347 ingres-

2460 3384 2551 3424 sus
2567 3379 2668 3435 est,
2688 3385 2788 3422 una
2812 3385 2930 3422 cunt
2953 3370 3236 3438 episcopis;
3260 3368 3525 3423 eratenim
3547 3369 3786 3422 sacrificii
3809 3378 4046 3437 tempus:

2462 3477 2750 3531 pacemque
2781 3462 2977 3531 populo
3000 3476 3063 3516 ex
3098 3476 3246 3516 more
3273 3470 3518 3528 precatus
3544 3501 3558 3522 ,
3605 3460 3742 3513 sedit
3767 3476 3887 3513 eum
3914 3460 4051 3513 reli-

2458 3552 2575 3620 quis
2604 3553 2888 3620 episeOpis.
2935 3552 3079 3606 Clam
3131 3562 3306 3603 autent
3347 3550 3719 3618 subingressus
3762 3560 4051 3604 accusator

2460 3642 2743 3706 Eusebius,
2772 3657 2950 3695 coram
2978 3642 3124 3695 omni
3156 3641 3349 3710 populo
3394 3649 3447 3693 et
3499 3640 3764 3709 episcopis
3804 3640 4044 3695 libellum

2458 3733 2617 3785 alium
2648 3732 2804 3786 offert
2831 3733 3015 3785 cadent
3042 3734 3400 3785 continentem
3444 3748 3457 3782 :
3505 3731 3753 3800 adjuram
3778 3731 4043 3805 Joannem

2460 3822 3073 3891 horrendisjurautentis
3158 3824 3347 3890 quibus
3374 3824 3597 3876 salutem
3625 3838 3834 3891 quoque
3861 3823 4041 3891 Impe-

2459 3924 2694 3968 ratorum
2726 3915 3035 3982 complexus
3065 3926 3147 3970 est
3178 3954 3193 3978 ,
3245 3914 3408 3967 multa
3446 3929 3564 3966 cum
3598 3915 4036 3980 perturbatione:

2460 4012 2517 4055 ut
2538 4004 2973 4071 putarentpottuli
3001 4003 3115 4071 ejus
3144 4002 3498 4071 imprudentia
3528 4004 3813 4070 perterriti,
3865 4019 3984 4057 eum
4010 4020 4039 4056 a

2456 4092 2659 4148 Joanne
2682 4103 2944 4163 petere,ut
2971 4095 3129 4147 vitam
3154 4094 3249 4147 sibi
3276 4094 3339 4146 ah
3366 4094 3685 4161 lmperatore
3710 4095 4037 4163 impetraret.

2455 4184 2690 4239 Joannes
2721 4201 2848 4240 vero
2878 4227 2893 4251 ,
2940 4195 2997 4239 ut
3022 4185 3151 4237 vidit
3177 4186 3481 4237 instantiam
3515 4184 3744 4238 hominis
3774 4227 3786 4247 ,
3817 4185 4040 4238 studens

2458 4274 2898 4342 imperturbatum
2947 4283 3129 4328 tenere
3175 4276 3429 4343 populum
3457 4315 3469 4338 ,
3522 4274 3758 4327 libellum
3788 4275 3988 4342 rcCepil
4018 4317 4033 4338 ,

2458 4364 2713 4432 lectisque
2740 4364 2932 4417 divinis
2979 4364 3203 4432 eloquiis
3239 4364 3635 4429 Pausottltium,
3681 4362 4037 4431 l‘iSsidatepi-

2456 4470 2695 4522 scopum,
2720 4465 2831 4509 orat
2862 4465 2913 4507 ut
2936 4454 3110 4509 divina
3134 4456 3270 4508 dona
3297 4454 3485 4508 offerat
3507 4472 3517 4506 :
3540 4454 3651 4521 ipse
3672 4469 3792 4507 cum
3819 4454 4038 4523 reliquis

2457 4544 2719 4613 episcopis
2750 4542 2994 4613 egressus
3025 4553 3126 4597 est.
3177 4543 3405 4597 Nolehat
3431 4546 3570 4597 enim
3618 4544 3794 4597 animo
3825 4544 4038 4597 turbido

2454 4637 2770 4691 sacriﬁcium
2792 4636 2985 4697 facere,
3004 4636 3086 4690 his
3112 4637 3378 4706 Evangelii
3398 4639 3790 4705 obtemperans:
3820 4637 4037 4702 Quando

2455 4726 2608 4793 offers
2633 4744 2811 4781 munus
2841 4737 2980 4780 tuum
3016 4727 3226 4797 (Matth.
3253 4728 3304 4789 5,
3337 4727 3453 4797 23),
3475 4738 3528 4781 et
3554 4728 3775 4796 reliqua.
3831 4727 3896 4780 Et
3920 4738 4039 4794 post

2456 4817 2820 4870 dimissionem
2845 4817 3022 4885 populi
3044 4818 3391 4873 considerans
3421 4818 3559 4887 apud
3585 4833 3661 4880 se,
3697 4829 3745 4871 ct
3765 4818 3959 4871 sedens
3983 4820 4033 4871 in

2454 4907 2761 4975 baptisterio
2782 4922 2900 4960 cum
2923 4909 3139 4977 reliquis
3156 4910 3416 4977 episeopis
3437 4949 3451 4973 ,
3472 4920 3828 4963 accusatorem
3853 4922 4033 4963 coram

2454 4998 2701 5052 omnibus
2724 4998 2971 5060 advocat,
2996 5000 3179 5053 dicens
3214 5001 3292 5052 ei:
3325 4999 3529 5052 Rursus
3556 5000 3739 5054 eadem
3775 5000 3863 5052 tibi
3884 4999 4029 5062 dico,

2452 5087 2593 5158 quod
2625 5089 2774 5142 multi
2803 5105 3035 5144 maerore
3063 5091 3145 5143 vel
3172 5090 3246 5143 ira
3282 5090 3563 5159 centpulsi,
3587 5090 3746 5143 multa
3776 5098 3828 5144 ct
3848 5090 4026 5144 dicunt

2452 5187 2505 5232 et
2532 5179 2792 5246 scribunt,
2813 5196 2930 5248 qua:
2957 5180 3184 5249 probare
3210 5196 3313 5234 non
3344 5188 3584 5247 possunt.
3634 5180 3691 5233 Si
3720 5180 3878 5247 igitur
3919 5195 4037 5232 ma-

2454 5268 2643 5325 ttifcste
2672 5287 2731 5325 ea
2764 5272 2936 5336 nosti,
2972 5272 3039 5325 de
3059 5274 3251 5341 quibus
3282 5273 3425 5327 illum
3454 5287 3707 5326 accusare
3733 5273 3809 5325 vis
3838 5273 4032 5343 (neque

2454 5360 2595 5413 enim
2627 5361 2670 5413 si
2694 5362 2865 5429 possis
2888 5402 2901 5424 ,
2931 5363 3269 5431 repellimus;
3304 5377 3476 5430 neque
3504 5362 3761 5415 trahimus
3792 5401 3807 5422 ,
3839 5360 3885 5414 si
3925 5376 4029 5415 non

2455 5450 2667 5521 possis),
2691 5463 2970 5522 antequam
3000 5452 3202 5521 legatur
3226 5452 3449 5526 libellus,
3476 5454 3611 5523 elige
3633 5452 3773 5523 quod
3796 5451 4028 5520 expedit:

2455 5551 2730 5609 postquam
2753 5544 2894 5597 enim
2919 5545 3084 5597 lectus
3117 5544 3311 5609 fuerit,
3344 5554 3399 5599 ct
3422 5545 3471 5597 itt
3501 5559 3657 5599 aures
3686 5543 3924 5597 omnium
3952 5559 4033 5595 vc-

2456 5632 2623 5694 tterit,
2652 5633 2903 5688 confectis
2932 5636 3063 5689 actis
3096 5675 3108 5696 ,
3149 5649 3253 5689 non
3296 5635 3523 5705 amplius
3555 5634 3735 5690 licebit
3763 5674 3777 5697 ,
3806 5649 3925 5686 cum
3958 5634 4031 5685 sis

2460 5725 2760 5794 episcottus,
2790 5725 3129 5781 abolitionem
3162 5740 3359 5797 petere.
3397 5725 3519 5781 Post
3568 5727 3679 5781 haec
3720 5738 3902 5780 ruistis
3944 5725 4032 5780 ille
