4264 6306
191 341 255 396 Π
1234 337 1322 394 DE
1359 337 1519 395 VITA
1562 339 1618 394 S.
1657 336 1945 396 JOANNIS
1976 338 2492 396 CHRYSOSTOMI.
3423 346 3488 400 ιιι

189 457 364 524 ἣλιον,
389 454 482 509 ἴνα
529 455 608 526 μὴ
632 455 760 520 τοὺς
786 453 1009 526 νοητοὺς
1039 451 1348 527 καθυϐρίσῃ
1370 453 1583 518 πόνους.
1607 451 1794 507 Ταῦτα

189 541 247 594 δὲ
268 540 432 608 λέγω,
467 540 532 594 οὐ
565 539 1109 612 συμπεριλαμϐάνων
1156 539 1286 612 τοὺς
1327 538 1565 607 εὐλόγως
1597 539 1692 593 καὶ
1725 539 1790 593 δι’

191 623 442 694 ἀνάγκην
471 610 767 690 κτίζοντας
797 626 830 697 ἢ
866 610 1289 696 διορθουμένους
1323 622 1395 677 τά
1430 623 1532 694 τῆς
1566 623 1798 694 Ἐκκλη-

195 704 339 770 σίας,
372 705 515 760 ἀλλά
547 707 640 760 διά
662 710 790 772 τοὺς
818 709 888 762 τά
918 707 1024 764 τῶν
1053 706 1287 778 πτωχῶν
1325 708 1406 770 είς
1447 708 1796 779 κρεμαστοὺς

193 788 524 861 περιϐόλους
547 793 645 845 καὶ
678 793 881 863 άερίων
908 791 1117 846 ὑδάτων
1143 788 1447 861 δεξαμενάς
1473 793 1533 842 ἐν
1561 789 1768 861 τριωρό
1784 819 1798 829 -

192 887 318 940 φοις
350 873 449 925 καὶ
478 874 704 944 ἀπρεπῆ
737 873 1082 946 ἀνδρογύνων
1116 872 1322 945 λουτρὰ
1362 873 1422 926 ἐν
1451 871 1796 944 ἀποκρύφοις

193 956 721 1023 καταναλίσκοντας,
747 957 780 1030 ἢ
811 959 888 1021 είς
921 956 1189 1028 συλλογὴν
1219 956 1465 1021 πλείονος
1504 955 1790 1027 ἀργυρίου,

188 1038 224 1110 ἢ
261 1037 574 1110 τοῦμπαλιν
608 1041 760 1112 παρά
804 1041 914 1094 τῶν
943 1040 1278 1112 ἀθυρμάτων
1317 1041 1695 1111 ἀγαπηθῆναι,
1735 1042 1794 1092 ἐν

191 1121 346 1194 αύτῷ
378 1122 553 1194 τούτῳ
579 1124 680 1194 τῆς
709 1124 942 1196 σπουδῆς
964 1124 1063 1195 τὴν
1101 1124 1262 1195 χάριν
1293 1121 1790 1194 ἀντιπληρούντων,

189 1207 253 1260 16
289 1220 317 1247 ι
359 1209 537 1261 πάντα
567 1210 704 1281 πρὸς
733 1209 927 1281 ἡδονὴν
979 1208 1245 1264 ἐνδιδόναι
1290 1211 1403 1272 τοῖς
1446 1209 1794 1278 ἁμαρτάνου-

192 1306 299 1345 σιν,
325 1290 486 1363 Ἐμοὶ
511 1292 567 1345 δέ
607 1293 682 1365 μὴ
710 1293 946 1362 γένοιτο,
972 1293 1216 1366 Θεόδωρε
1253 1293 1636 1364 μεγαλώνυμε,
1661 1293 1795 1361 φαύ-

188 1371 309 1439 λοις
339 1375 539 1447 ἀρέσαι
579 1377 743 1430 ποτέ·
789 1378 850 1431 οὐ
886 1377 997 1448 γὰρ
1031 1377 1254 1432 ἄλλοθεν
1291 1379 1478 1440 αὐτοῖς
1523 1376 1726 1448 ἀρέσω.
1757 1378 1791 1449 ἢ

188 1459 258 1511 ἐκ
313 1459 426 1512 τῶν
475 1458 699 1531 Χριστῷ
785 1460 861 1532 μὴ
934 1459 1299 1532 ἀρεσκόντων.
1375 1461 1435 1514 'U
1475 1462 1660 1515 MAK.
1701 1461 1793 1514 ἐπὶ

189 1539 408 1602 τούτοις
439 1541 745 1612 θαυμάσας,
783 1544 947 1615 ήρετο
980 1544 1183 1612 λέγων·
1216 1543 1434 1598 Τούτων
1463 1542 1606 1597 οὕτω
1640 1561 1794 1612 φυσι-

191 1624 307 1686 κῶς
339 1625 670 1696 εἰρημένων,
708 1627 804 1679 καὶ
834 1628 908 1698 μὴ
950 1627 1185 1697 ἐχόντων
1229 1629 1583 1700 ἀντίρρησιν,
1623 1627 1679 1680 εί
1706 1629 1790 1691 τίς

190 1723 276 1763 σοι
306 1709 508 1777 γνῶσις
545 1711 673 1780 περὶ
710 1708 817 1763 τῶν
847 1711 991 1763 κατὰ
1024 1711 1124 1781 τὴν
1166 1711 1351 1764 Ἀσίαν
1387 1711 1490 1764 ὑπο
1517 1710 1608 1764 τοῦ
1631 1712 1790 1779 ἀγίου

199 1790 479 1855 Ἰωάννου,
531 1793 661 1864 περὶ
702 1785 763 1845 οὗ
801 1792 898 1848 νῦν
939 1795 1069 1864 ἡμῖν
1103 1796 1130 1846 6
1159 1793 1336 1862 λόγος,
1365 1794 1788 1864 τετυπωμένων,

186 1876 447 1948 μετάδος.
497 1876 556 1929 '0
598 1877 849 1932 ’EﬂlEK.
904 1879 1011 1932 Καὶ
1034 1879 1173 1932 πάνυ
1199 1895 1282 1947 γε.
1330 1878 1388 1930 ὐ
1410 1878 1591 1930 ΔΙΑΚ.
1620 1879 1792 1942 Αὐτὸς

186 1959 384 2033 παρὼν
411 1959 602 2028 έγνως,
629 1961 812 2034 ήπαρ’
842 1961 1031 2033 ἐτέρου
1066 1961 1250 2032 μαθὼν
1267 1978 1281 2027 ;
1300 1962 1357 2014 ’0
1379 1961 1622 2015 ἘΠΙΣΚ.
1647 1961 1789 2015 ’Λλλ’

183 2043 314 2097 οὔτε
346 2046 427 2106 είς
455 2044 516 2096 16
543 2045 705 2115 τυχὸν
732 2045 898 2118 μέρος
928 2046 1077 2116 ήμην
1107 2044 1460 2114 ἀπολειφθεὶς
1485 2044 1583 2114 τῆς
1610 2044 1786 2116 δίκης.

196 2127 258 2182 ⁸0
287 2131 476 2182 ΔΙΑΚ.
525 2129 658 2182 Τίνα
698 2125 791 2182 οὖν
813 2131 930 2183 ἐστι
965 2130 1037 2182 τά
1071 2129 1659 2202 παρακολουθήσαντα,
1696 2132 1790 2184 καὶ

183 2216 346 2285 ποῖον
380 2213 575 2283 εἴληφε
601 2213 774 2278 τέλος,
811 2214 906 2267 καὶ
931 2214 1095 2268 πόθεν
1129 2214 1228 2287 τήν
1280 2216 1456 2288 ἀρχὴν
1492 2217 1786 2284 ἐσχηκότα,

182 2296 550 2367 λεπτομερῶς
583 2313 672 2367 μοι
706 2299 1059 2369 παράστησον
1081 2314 1094 2327 ·
1130 2298 1318 2368 ἐπειδὴ
1345 2300 1579 2370 μάλιστα
1605 2301 1633 2352 6
1659 2298 1791 2352 Θεό-

186 2382 347 2450 φιλος
390 2383 449 2433 ἐν
489 2379 566 2451 τῷ
609 2382 795 2452 οἰκείῳ
844 2385 1240 2454 συγγράμματι
1274 2384 1373 2456 τὴν
1406 2384 1543 2438 ἰδίαν
1578 2385 1788 2455 προπέ-

183 2484 346 2520 τειαν
372 2465 636 2536 σεμνῦναι
668 2465 702 2537 ἢ
739 2468 1077 2538 περιστεῖλαι
1123 2467 1452 2531 σπουδάσας,
1488 2466 1657 2539 ἔφησε
1699 2469 1790 2521 τὸν

187 2549 469 2620 μακάριον
511 2549 765 2621 Ἰωάννην
800 2551 1091 2621 φιλαρχίας
1139 2551 1302 2604 πάθει
1341 2551 1658 2620 κινούμενον
1704 2550 1789 2603 δε-

184 2632 328 2697 καέξ
377 2633 716 2699 ἐπισκόπους
762 2636 1141 2710 καθῃρηκέναι
1175 2638 1234 2689 ἐν
1281 2636 1467 2708 ήμέρᾳ
1511 2638 1630 2706 μιᾷ,
1694 2635 1789 2688 καὶ

187 2719 360 2781 ἰδίους
405 2717 523 2772 ἀντ’
581 2717 761 2773 αὐτῶν
824 2719 1353 2790 κεχειροτονηκέναι.
1417 2720 1474 2772 Ὀ
1535 2719 1784 2771 ἘΠΙΣΚ.

179 2804 361 2858 Ούδέν
393 2804 624 2867 ἀπεικὸς
655 2803 760 2856 τῶν
796 2803 940 2858 ίδίων
963 2804 1182 2874 τρόπων
1205 2803 1505 2872 πεποίηκεν
1527 2805 1554 2856 6
1575 2801 1790 2873 θαυμά⁸

187 2904 329 2950 σιος,
373 2887 469 2939 καὶ
490 2885 710 2956 γράψας
745 2887 885 2940 κατά
927 2887 1198 2950 Ἰωάννου,
1233 2885 1513 2955 καὶψευδῆ
1546 2885 1784 2956 γράψας·

187 2970 251 3035 ἐξ
279 2963 358 3024 ὧν
391 2969 502 3040 γάρ
537 2969 748 3040 νομίζει
791 2969 1088 3023 καλύπτειν
1128 2971 1227 3042 τήν
1281 2969 1416 3023 ίδίαν
1467 2967 1787 3040 ἀσχημοσύ-

181 3072 306 3126 νην,
333 3056 398 3108 ἐκ
423 3054 631 3107 τούτων
676 3055 843 3126 αὐτὴν
887 3055 1086 3125 μᾶλλον
1135 3051 1649 3126 παραδειγματίζει.
1693 3053 1788 3106 καὶ

181 3139 340 3194 ἄκων
377 3137 659 3209 σεμνύνων
683 3138 744 3190 16
777 3138 952 3191 ἀθῶον
999 3137 1246 3192 Ἰωάννου
1283 3137 1426 3191 κατά
1449 3135 1788 3208 τὸνΒαλαάμ

182 3223 417 3275 ἐκεῖνον.
444 3221 507 3274 Et
531 3220 641 3290 γάρ
668 3215 737 3289 ἦν
760 3220 921 3274 αὑτὸν
944 3218 1208 3285 καθελὼν,
1241 3221 1299 3273 ού
1331 3220 1490 3291 χρεία
1513 3221 1791 3292 συγγράμ-

185 3321 363 3375 ματος
426 3305 733 3377 ῆέξορίας,
800 3305 996 3375 ἱκανῆς
1053 3305 1222 3376 οὔσης
1269 3305 1371 3376 τῆς
1416 3305 1790 3376 καθαιρέσεως

184 3389 445 3460 αἰσχῦναι
474 3391 602 3452 τοὺς
629 3388 1126 3461 καθαιρουμένους·
1166 3389 1352 3462 ἐπειδὴ
1396 3389 1452 3444 δὲ
1492 3390 1788 3464 άκαθαίρε-

184 3489 278 3536 τος
301 3474 540 3545 ἕστηκεν
569 3475 598 3528 6
629 3474 903 3544 ἐνάρετος.
934 3477 1000 3545 τῇ
1039 3475 1178 3545 ἥττῃ
1201 3474 1299 3546 τήν
1327 3475 1484 3544 νίκην
1519 3475 1786 3546 κατέχων,

187 3559 343 3628 μένει
369 3562 397 3612 ὁ
428 3558 620 3627 φθόνος
644 3557 743 3628 τήν
766 3556 935 3630 ἧτταν
968 3559 1068 3628 τῆς
1089 3558 1286 3626 ἀλόγου
1317 3559 1473 3629 νίκης
1503 3559 1788 3630 ,ἀποφερόο

191 3659 373 3713 μενος,
401 3643 755 3713 πομφόλυγος
785 3643 942 3714 δίκην
968 3641 1417 3713 ἀναφυσώμενος,
1446 3644 1538 3696 καὶ
1559 3646 1637 3707 εἰς
1662 3644 1790 3697 ἐαυι-

187 3725 283 3778 16v
312 3726 754 3796 συντριϐόμενος,
788 3726 1017 3797 γράφων
1043 3726 1136 3780 καὶ
1170 3726 1562 3797 καταγράφων,
1599 3726 1660 3780 16
1691 3725 1786 3781 τοῦ

189 3810 473 3881 προφήτου
523 3809 772 3862 Ἡσαΐου·
801 3810 934 3862 Οὐαὶ
975 3811 1002 3862 6
1043 3809 1426 3880 ἐπισπώμενος
1467 3811 1528 3863 16
1555 3811 1583 3851 ι)
1608 3810 1788 3866 πάντα

188 3892 361 3962 ψευδῆ
389 3893 486 3946 καὶ
516 3895 690 3961 ποιεῖν
719 3894 812 3946 καὶ
836 3892 1019 3962 λέγειν
1042 3893 1138 3946 καὶ
1168 3894 1422 3965 γράφειν·
1455 3895 1602 3950 Οὐαὶ
1654 3895 1785 3965 γὰρ,

188 3979 378 4048 φησὶν,
420 3980 476 4030 οί
504 3977 868 4046 πράροντες·
911 3979 1209 4043 πονηρίαν
1265 3977 1377 4047 γὰρ
1403 3980 1783 4048 γγγδὰμουσιν.

188 4060 325 4132 Περὶ
358 4059 416 4112 δέ
450 4059 559 4112 τῶν
597 4061 740 4114 κατά
784 4059 968 4112 Ἀσίαν
1000 4059 1438 4130 καθαιρεθέντων
1483 4063 1543 4114 ού
1570 4063 1785 4129 δεκαέξ,

187 4143 325 4196 ἀλλά
347 4143 407 4210 ’ἐξ
432 4142 771 4207 ἐπισκόπων,
803 4142 880 4205 ὡς
910 4141 1003 4195 ἐπὶ
1032 4142 1132 4211 τῆς
1164 4142 1314 4204 θείας
1341 4142 1496 4214 δίκης
1526 4145 1657 4216 ἐρῶ,
1695 4148 1788 4200 καὶ

184 4228 311 4280 οὔτε
344 4238 368 4266 ε
401 4227 501 4296 τῆς
539 4226 840 4297 ποσότητος
877 4224 973 4278 τοῦ
1005 4223 1239 4296 ἀριθμοῦ
1287 4224 1501 4294 ὑφελῶ,
1543 4227 1602 4280 ού
1633 4245 1685 4281 τι
1719 4231 1783 4300 τῇ

187 4312 440 4383 ποιότητι
479 4311 587 4364 τῶν
630 4311 978 4382 πραγμάτων
1023 4309 1321 4381 προσθήσω
1345 4350 1359 4374 ,
1402 4309 1634 4374 ἀλλ’,ὼς
1672 4313 1784 4384 ἔχει

184 4396 426 4465 φύσεως,
452 4395 597 4449 οὕτω
631 4413 712 4448 σοι
740 4394 1080 4464 άπαγγείλω.
1129 4395 1256 4446 Ἐπὶ
1277 4395 1376 4465 τῆς
1403 4397 1786 4466 τρισκαιδεκά-

182 4497 288 4551 της
329 4481 713 4549 ἐπινεμήσεως
747 4479 804 4531 ἐν
824 4480 890 4550 τῇ
928 4479 1502 4533 Κωνσταντινουπόλει
1536 4480 1785 4548 ἐλθόντες

181 4565 233 4615 οἱ
265 4562 378 4615 ἀπὸ
407 4563 505 4631 τῆς
537 4560 725 4624 Ἀσίας
746 4562 908 4614 τινῶν
937 4561 1100 4615 ἕνεκα
1128 4562 1465 4630 ἀναγκαίων,
1515 4564 1784 4637 διέτριϐον

183 4645 285 4699 σὺν
311 4646 467 4714 ἡμῖν,
498 4643 783 4714 παρόντων
824 4644 920 4697 καὶ
967 4645 1170 4716 ἐτέρων
1211 4647 1548 4711 ἐπισκόπων,
1580 4647 1690 4702 τῶν
1721 4667 1782 4702 τε

182 4726 298 4780 ἀπὸ
326 4725 583 4789 Σκυθίας,
607 4726 873 4796 Θεοτίμου
895 4725 1064 4795 λέγω,
1104 4728 1197 4781 καὶ
1237 4728 1346 4781 ἀπὸ
1384 4729 1608 4802 Θρᾴκης
1640 4732 1785 4802 Ἀμ-

183 4827 369 4882 μωνος
392 4808 488 4862 τοῦ
517 4808 838 4877 Αἰγυπτίου,
863 4809 958 4861 καὶ
992 4809 1100 4863 ἀπὸ
1127 4811 1398 4875 Γαλατίας
1430 4811 1778 4884 Ἀραϐιανοῦ,

182 4895 406 4955 πάντων
463 4893 877 4966 μητροπολιτῶν
923 4894 1339 4965 γεγηρακότων,
1395 4898 1780 4952 συντεινόντων

181 4980 265 5041 είς
318 4976 588 5030 εἰκοσιδύο
632 4977 986 5040 ἐπισκόπους.
1028 4979 1256 5032 Πάντων
1284 4979 1341 5032 δέ
1392 4981 1780 5052 συναγομένων

181 5065 281 5118 καὶ
311 5063 714 5117 κοινωνούντων
742 5067 1078 5136 ἐπιτηρήσας
1111 5065 1372 5130 Εὖσέϐιός
1407 5083 1491 5129 τις
1524 5067 1633 5121 ἀπὸ
1670 5068 1781 5122 τῶν

179 5151 502 5206 Κελϐιανῶν
552 5152 863 5223 λεγομένων
900 5154 1081 5207 τόπων
1137 5154 1438 5218 ἐπίσκοπος
1483 5156 1777 5210 Οὐάλεντι-

177 5239 506 5303 νουπόλεως,
538 5238 639 5308 τὴν
670 5240 1015 5311 συνηγμένην
1047 5239 1264 5295 σύνοδον
1304 5241 1532 5306 ἐπιστὰς
1575 5246 1641 5314 τῇ
1680 5247 1780 5317 μιᾷ

178 5325 482 5388 Σαϐϐάτου,
511 5325 790 5389 λιϐέλλους
817 5323 1058 5381 ἐπέδωκε
1079 5331 1145 5400 τῇ
1175 5330 1401 5400 συνόδῳ,
1425 5330 1628 5403 δηλαδὴ
1651 5334 1780 5388 ἀκο-

177 5412 384 5476 λούθως
417 5413 692 5482 προτάξας
726 5414 788 5466 τὸ
814 5413 983 5484 δνομα
1020 5415 1290 5481 Ἰωάννου,
1326 5416 1468 5483 κατά
1525 5419 1775 5485 Ἀντωνί-

179 5519 270 5554 νου
294 5492 389 5554 τοῦ
411 5502 682 5569 Ἐφεσίων
706 5503 1030 5567 ἐπισκόπου,
1065 5503 1204 5557 ἐτι·τά
1227 5503 1498 5567 κεφάλαια
1525 5503 1772 5570 ἐντάξας·

176 5591 236 5640 ἐν
267 5588 386 5658 μὲν,
427 5590 511 5642 δτι
553 5589 813 5659 κειμήλια
852 5589 1150 5659 χωνεύσας,
1206 5590 1470 5663 ἀργύριον
1493 5593 1572 5656 εἰς
1607 5593 1778 5666 όνομα

284 5748 381 5817 sic,
401 5760 629 5810 quamne;
649 5747 869 5817 dativpm
894 5754 1223 5811 grammalicae
1243 5754 1386 5817 leges
1415 5755 1687 5816 pos!ulcnt.

236 5810 266 5852 δ
288 5811 382 5857 ίῖίε.
410 5817 578 5858 notum
607 5810 994 5870 pra‘ccdmném.

234 5877 257 5906 ε
283 5875 434 5924 ιὀτιυ
477 5872 562 5934 ng
605 5871 660 5919 ού
683 5887 744 5920 τι.

1903 451 1996 506 τού
2023 453 2143 507 υίοῦ
2183 451 2620 507 κατεσκεύασεν⁹
2667 451 2918 525 δεύτερον
2963 454 3042 518 δὲ,
3083 455 3168 510 ότι
3208 457 3489 530 ’μάρμαρα

1897 536 1996 607 τῆς
2035 537 2240 590 είσόδου
2269 536 2363 591 τού
2399 535 2768 608 βαπτιστῆρος
2792 535 2971 592 λαϐὼν
3005 539 3063 592 ἐν
3097 538 3174 610 τῷ
3220 537 3491 611 βαλανείῳ

1895 618 1973 688 τῷ
2002 619 2114 688 ίδίῳ
2149 619 2520 690 προσέθηκεν·
2555 618 2748 673 ἔπειτα
2772 618 2960 683 κίονας
2997 620 3490 690 ἐκκλησιαστικοὺς

1897 703 2006 756 ἀπὸ
2043 704 2306 757 πλειόνων
2348 704 2486 760 ἐτῶν
2531 705 2821 775 κειμένους
2840 746 2854 770 ,
2887 705 3036 759 ἔνδον
3063 708 3144 770 εἰς
3170 706 3262 760 τὸν
3293 706 3489 760 ἐαυτοῦ

1893 788 2168 860 τρίκλινον
2190 789 2448 860 ἔστησεν⁹
2474 790 2759 861 τέταρτον,
2796 790 2878 843 ὅτι
2907 792 2938 844 6
2967 793 3098 854 παῖς
3125 790 3292 845 αὐτοῦ
3328 791 3488 861 φόνον

1895 872 2166 942 πεποίηκε
2193 911 2207 935 ,
2246 873 2340 925 καὶ
2370 871 2485 942 ἔχει
2530 872 2692 925 αὑτὸν
2723 874 2782 926 ἐν
2810 875 2874 943 τῇ
2909 874 3187 946 ὑπηρεσίᾳ
3219 875 3490 948 ἀνέγκληο

1893 971 2017 1007 τον·
2085 956 2335 1025 πέμπτον
2361 999 2375 1020 ,
2418 957 2501 1010 ὅτι
2546 957 2724 1027 χωρία
2763 957 2868 1010 ὑπὸ
2909 957 3223 1028 Βασιλίνης,
3253 959 3351 1028 τῆς
3384 976 3492 1032 μηο

1893 1036 2023 1108 τρός
2059 1039 2348 1094 Ἰουλιανοῦ
2372 1040 2467 1093 τοῦ
2497 1040 2783 1110 βασιλέως,
2817 1041 3252 1111 καταλειφθέντα
3282 1046 3349 1115 τῇ
3373 1041 3492 1099 Ἐκ·

1894 1120 2113 1194 κλησία,
2153 1123 2410 1194 πωλήσας
2443 1125 2834 1194 ἐσφετερίσατο
2857 1142 2870 1154 -
2901 1123 3079 1189 ἕκτον,
3108 1125 3191 1184 δτι
3215 1126 3491 1194 ἀποταξά-

1897 1221 2058 1275 μενος
2077 1200 2177 1277 τῆς
2204 1207 2409 1270 οίκείας
2434 1207 2705 1278 γαμετῆς,
2736 1204 2897 1262 πάλιν
2921 1211 3058 1282 αὐτῇ
3086 1211 3369 1281 συνῆλθεν,
3391 1216 3490 1267 καὶ

1893 1289 2312 1362 ἐπαιδοποίησεν
2346 1290 2405 1356 ἐξ
2437 1293 2611 1362 αὐτῆς
2631 1311 2643 1324 ·
2673 1293 2925 1364 ἕϐδομον,
2974 1295 3057 1348 ὅτι
3084 1295 3162 1359 ὡς
3195 1295 3357 1365 νόμον
3393 1298 3489 1353 καὶ

1892 1371 2068 1442 δόγμα
2108 1375 2222 1444 ἔχει
2274 1374 2475 1427 πωλεῖν
2505 1375 2605 1436 τάς
2633 1374 2740 1428 τῶν
2803 1377 3118 1432 ἐπισκόπων
3149 1379 3487 1450 χειροτονίας

1893 1458 2035 1511 κατὰ
2057 1459 2158 1529 τὴν
2187 1459 2295 1512 τῶν
2327 1460 2606 1529 προσόδων
2635 1459 2947 1528 ἀναλογίαν.
2990 1462 3099 1514 Καὶ
3129 1463 3382 1534 πάρεισιν
3435 1467 3487 1518 cl

1891 1537 2074 1604 δόντες
2129 1544 2226 1596 καὶ
2269 1542 2763 1612 χειροτονηθέντες,
2807 1544 2902 1596 καὶ
2956 1545 2983 1596 6
3009 1543 3222 1598 λαϐὼν·
3264 1548 3358 1600 καὶ
3393 1549 3486 1601 ἐπὶ

1890 1622 2100 1687 τούτοις
2131 1625 2239 1695 ἔχω
2265 1624 2361 1689 τὰς
2385 1623 2708 1690 ἀποδείξεις.

1963 1709 2118 1762 ΚΕΦ.
2156 1709 2254 1763 IA'.
2273 1739 2338 1750 -—
2363 1709 2421 1762 '0
2448 1709 2632 1762 ΔΙΑΚ.
2667 1708 3001 1780 Παρακαλῶ,
3029 1711 3232 1784 Πάτερ,
3271 1713 3488 1769 σύστει-

1890 1791 1980 1845 λον
2006 1793 2066 1846 16
2097 1793 2342 1865 διήγημα
2373 1794 2534 1847 τοῦτο
2555 1811 2568 1823 ·
2601 1793 2930 1864 βλάπτονται
2956 1796 3066 1866 γάρ
3105 1797 3154 1850 οἱ
3181 1798 3483 1868 παρόντες,

1892 1877 2210 1931 ἐπισκόπων
2252 1878 2426 1931 ταῦτα
2462 1878 2837 1948 διηγουμένων
2861 1920 2875 1944 ,
2921 1879 3052 1950 μήτι
3088 1898 3150 1949 γε
3176 1883 3273 1936 καὶ
3312 1901 3485 1956 πρατ-

1891 1961 2113 2014 τόντων.
2151 1962 2208 2013 '0
2257 1959 2507 2015 ‘EIIISK.
2536 1962 2699 2031 υίμοι
2734 1960 2901 2026 τάλας
2931 1961 3043 2030 ἐγὼ
3074 1963 3338 2036 τηρηθεὶς
3367 1970 3487 2032 ταῖς

1890 2044 2128 2115 ἡμέραις
2146 2044 2393 2109 ταύταις,
2422 2047 2478 2097 ἐν
2500 2039 2585 2110 αἷς
2603 2046 2854 2117 ἀργυρίῳ
2889 2048 3157 2120 ἱερωσύνη
3185 2053 3488 2122 πιπράσκει

1892 2145 2002 2191 ται,
2023 2128 2150 2198 εἴγε
2174 2129 2268 2182 καὶ
2293 2129 2580 2202 ἱερωσύνη.
2605 2129 2808 2197 Γέγονα
2824 2131 2882 2184 δέ
2909 2133 3000 2184 καὶ
3025 2133 3214 2205 ἄφρων
3266 2136 3508 2207 διηγούο·

1894 2229 2054 2282 μενος
2105 2212 2212 2265 τῶν
2247 2212 2500 2283 Ἰωάννην
2530 2213 3012 2282 συκοφαντούντων
3037 2217 3119 2280 είς
3147 2217 3318 2274 ταῦτα
3336 2221 3483 2291 ἡμᾶς

1891 2295 2363 2366 περιστησάντων.
2386 2297 2530 2369 Πλὴν
2557 2296 2924 2369 μακροθύμως
2944 2299 3184 2370 ἀνάσχου
3219 2319 3309 2371 μοι
3327 2303 3376 2365 ἀ,
3397 2303 3484 2358 ἵνα

1889 2381 1984 2434 καὶ
2037 2382 2100 2433 ἐκ
2147 2381 2350 2434 τούτων
2404 2381 2696 2454 θαυμάσῃς
2738 2383 2834 2454 τὴν
2878 2384 3123 2437 Ἰωάννου
3159 2385 3483 2456 ἐπιείκειαν,

1888 2464 2232 2534 κοιμήσαντα
2280 2465 2419 2527 τέως
2448 2465 2538 2517 τὸν
2585 2465 2768 2535 ζῆλον,
2825 2466 3050 2520 εἰπόντα
3097 2467 3154 2520 δὲ
3195 2467 3273 2538 τῷ
3312 2469 3495 2525 Εύσε-·

1887 2545 1990 2615 ϐίῳ
2014 2563 2026 2576 ·
2077 2547 2298 2618 Ἀδελφὲ
2317 2547 2566 2613 Εὑσέϐιε,
2601 2548 2790 2620 ἐπειδὴ
2823 2548 3082 2614 πολλάκις
3113 2554 3169 2605 αἱ
3204 2553 3348 2607 κατὰ
3392 2555 3486 2608 λύ-

1889 2650 1998 2704 πην
2055 2632 2381 2702 κατηγορίαι
2437 2633 2537 2685 ούκ
2584 2633 2830 2703 εὐχερεῖς
2867 2634 3051 2704 ἔχουσι
3104 2637 3217 2700 τὰς.
3263 2639 3484 2692 ἀποδεί-

1889 2714 2018 2780 ξεις,
2053 2716 2443 2788 παρακέκλησο
2477 2716 2789 2770 παύσασθαι
2825 2718 2919 2771 τοῦ
2973 2719 3268 2790 ἐγγράφως
3295 2739 3484 2778 κατει-

1889 2806 2011 2853 πεῖν
2045 2801 2141 2853 τοῦ
2185 2801 2418 2868 ἀδελφοῦ
2468 2801 2821 2864 Ἀντωνῖνου,
2868 2801 3027 2872 ήμῶν
3079 2805 3145 2858 τά
3195 2807 3343 2860 αῐτια
3383 2809 3482 2879 τῆς

1888 2884 2065 2954 λύπης
2121 2885 2541 2956 διορθουμένων.
2609 2886 2755 2956 Πρὸς
2814 2887 3025 2950 τούτοις
3065 2888 3484 2961 διαθερμανθεὶς

1888 2970 2147 3040 τραχέσιν
2181 2970 2452 3040 ἐκέχρητο
2480 2969 2686 3037 λόγοις,
2732 2969 3022 3040 σφαδάζων
3062 2973 3182 3037 ὅλος
3216 2975 3360 3030 κατὰ
3387 2976 3481 3031 τοῦ

1900 3053 2254 3117 Ἀντωνίνου,
2291 3055 2565 3125 ἐπιμένων
2617 3057 2683 3126 τῇ
2730 3056 3057 3127 κατηγορία.
3105 3057 3423 3129 Παρακαλεῖ
3453 3062 3484 3114 ό

1901 3137 2155 3209 Ἰωάννης
2185 3136 2397 3190 Παῦλον
2436 3137 2527 3190 τὸν
2571 3137 2899 3209 Ἡρακλείας
2929 3139 3127 3201 (ἐδόκει
3167 3142 3276 3212 γάρ
3312 3160 3480 3196 σπου-

1887 3222 2070 3288 δάζειν
2103 3221 2182 3293 τῷ
2232 3218 2590 3293 Ἀντωνίνῳ),
2641 3222 2709 3275 ἵν’
2754 3223 2834 3286 είς
2873 3221 3054 3291 φιλίαν
3106 3225 3304 3290 αὐτοὺς
3356 3245 3482 3282 συντ

1887 3307 2077 3378 ελάση.
2115 3306 2224 3360 Καὶ
2258 3307 2495 3370 ἀναστάς
2528 3305 2777 3377 εἰσῆλθεν
2815 3308 2894 3371 είς
2919 3306 3018 3379 τῆν
3053 3308 3348 3379 ἐκκλησίαν
3385 3313 3484 3366 σὺν

1886 3395 2000 3457 τοῖς
2033 3391 2388 3455 ἐπισκόποις·
2421 3387 2488 3463 ἦν
2519 3391 2627 3464 γὰρ
2665 3392 2857 3464 καιρὸς
2891 3393 2992 3462 τῆς
3023 3394 3295 3464 ίερατείας
3316 3411 3328 3424 ·
3361 3396 3484 3461 δοὺς

1887 3478 1943 3531 δι
1988 3477 2066 3547 τῷ
2104 3477 2218 3548 λαῷ
2266 3476 2366 3547 τὴν
2415 3476 2623 3546 συνήθη
2682 3477 2781 3547 τῆς
2824 3477 3050 3549 εἰρήνης
3084 3480 3480 3552 προσηγορίαν,

1889 3557 2109 3616 ἐκάθισε
2149 3561 2244 3614 σὺν
2273 3561 2388 3622 τοῖς
2415 3558 2622 3622 λοιποῖς
2653 3562 2994 3624 ἐπισκόποις.
3038 3562 3397 3618 Ἐπεισελθὼν
3424 3567 3482 3620 δέ

1887 3643 2192 3715 λεληθότως
2212 3646 2240 3698 6
2262 3644 2569 3718 κατήγορος
2600 3643 2672 3696 Εύ
2685 3643 2862 3708 σέϐιος
2885 3645 2979 3697 ἐπὶ
3002 3647 3204 3710 παντὸς
3232 3647 3326 3700 τοῦ
3351 3648 3504 3708 λαοῦ,

1887 3728 1985 3782 καὶ
2029 3727 2135 3780 τῶν
2189 3727 2505 3781 ἐπισκόπων
2555 3726 2864 3780 ἐπιδίδωσιν
2905 3727 3089 3798 ἕτερον
3129 3729 3370 3784 λίϐελλον
3413 3735 3484 3787 τά

1888 3811 2027 3865 αύτά
2060 3811 2403 3882 περιέχοντα,
2435 3811 2669 3882 ὁρκίζων
2704 3811 2794 3864 τὸν
2844 3812 3096 3882 Ἰωάννην
3129 3813 3326 3884 ὅρκους
3359 3833 3486 3886 φρι-

1889 3897 2074 3960 κτους,
2107 3895 2422 3967 συμπλέξας
2455 3897 2639 3960 αὐτοῖς
2675 3897 2768 3950 καὶ
2797 3896 2897 3965 τὴν
2937 3898 3214 3969 σωτηρίαν
3247 3899 3356 3951 τῶν
3389 3899 3488 3970 βα-

1889 3980 2102 4046 σιλέων,
2133 3979 2270 4050 μετὰ
2293 3979 2495 4050 πολλῆς
2524 3981 2769 4050 ταραχῆς
2788 3997 2804 4013 ·
2830 3981 2904 4044 ὡς
2929 3982 3148 4052 νομίσαι
3174 3984 3300 4046 τοὺς
3317 3983 3483 4050 λαοὺς

1887 4063 2316 4133 διαπτοηθέντας
2342 4063 2435 4116 ἐπὶ
2468 4061 2546 4132 τῷ
2588 4063 2785 4133 ίταμῷ,
2817 4064 2899 4116 ὅτι
2931 4063 3164 4118 θανάτου
3195 4067 3483 4140 συγχώρη-

1890 4163 1973 4200 σιν
2004 4145 2311 4216 παρακαλεῖ
2334 4146 2557 4215 αἰτῆσαι
2587 4146 2676 4199 τὸν
2713 4146 2940 4216 βασιλέα
2974 4147 3068 4200 τὸν
3109 4148 3382 4218 Ἰωάννην.
3423 4150 3482 4204 '0

1885 4231 1943 4284 δὲ
1993 4231 2248 4302 Ἰωάννης
2272 4229 2610 4301 θεασάμενος
2639 4230 2738 4300 τὴν
2773 4229 3025 4284 ἔνστασιν
3054 4231 3150 4285 τοῦ
3175 4232 3388 4304 ἀνδρὸς,
3420 4235 3483 4289 16

1886 4315 2160 4387 ἀτάραχον
2189 4314 2472 4386 μνώμενος
2507 4316 2588 4385 τῷ
2619 4315 2755 4386 λαῷ,
2790 4316 3006 4380 ἐδέξατο
3035 4315 3098 4370 16
3129 4315 3353 4387 βιϐλίον,
3387 4320 3484 4374 καὶ

1889 4398 2028 4470 μετά
2048 4399 2116 4452 τὰ
2133 4395 2536 4468 ἀναγνώσματα
2555 4398 2662 4450 τῶν
2686 4398 2848 4451 θείων
2868 4398 3065 4467 λογίων
3091 4401 3484 4470 παρακαλέσας

1885 4483 2189 4551 Πανσόφιον
2220 4482 2311 4535 τόν
2335 4482 2598 4551 Πισσίδης
2627 4485 2965 4554 προαγαγεῖν
2997 4485 3067 4538 τὰ
3097 4485 3247 4556 δῶρα
3269 4526 3283 4549 ,
3315 4489 3483 4553 αὐτὸς

1887 4565 2209 4637 συνεξῆλθεν
2248 4568 2361 4628 τοῖς
2390 4564 2600 4628 λοιποῖς
2634 4565 2986 4630 ἐπισκόποις·
3024 4573 3322 4640 παρῃτεῖτο
3373 4572 3483 4644 γάρ

1884 4650 2152 4714 ἐπιθόλως
2173 4648 2496 4722 ἱερατεύειν,
2527 4649 2671 4703 κατά
2697 4650 2760 4704 16
2788 4652 3141 4719 Εὑαγγέλιον,
3175 4653 3256 4716 τὸ,
3293 4655 3484 4710 ’Ὅταν

1884 4735 2234 4805 προσφέρῃς
2255 4735 2317 4788 τὸ
2346 4731 2541 4802 δῶρόν
2564 4747 2704 4798 σου,
2738 4735 2832 4786 καὶ
2858 4733 2926 4786 τὰ
2954 4734 3100 4805 ἑξῆς.
3136 4735 3241 4790 Καὶ
3267 4739 3481 4793 διασκε·

1880 4819 2124 4890 ψάμενος
2167 4817 2305 4889 μετά
2332 4816 2431 4889 τὴν
2455 4816 2588 4871 λαοῦ
2623 4817 2920 4882 ἀπόλυσιν,
2966 4819 3256 4886 καθεσθείς
3306 4825 3364 4878 ὲν
3404 4825 3483 4897 τῷ

1883 4903 2238 4974 φωτιστηρίῳ
2265 4902 2366 4956 σὺν
2388 4905 2498 4966 τοῖς
2520 4903 2730 4965 λοιποῖς
2758 4904 3099 4977 ἐπισκόποις,
3125 4908 3217 4960 16v
3241 4911 3481 4978 κατήγο-

1883 5004 1977 5058 ρον
1999 4986 2413 5059 προσκαλεῖται,
2438 4987 2618 5056 φήσας
2643 4987 2793 5057 αὐτῷ
2815 4988 2907 5040 ἐπὶ
2923 4989 3161 5043 πάντων·
3184 4991 3295 5046 Καὶ
3318 4992 3482 5048 πάλιν

1882 5087 1964 5126 σοι
1991 5069 2059 5124 τά
2079 5070 2222 5124 αὐτὰ
2236 5070 2401 5138 λέγω,
2427 5070 2511 5124 ὅτι
2534 5069 2720 5123 πολλοὶ
2738 5071 2846 5124 ἀπὸ
2866 5071 3045 5145 λύπης
3067 5073 3099 5145 ἢ
3117 5076 3288 5147 ὀργῆς
3311 5077 3482 5134 πολλὰ

1881 5156 1976 5208 καί.
2002 5154 2221 5224 λέγουσι
2244 5155 2339 5208 καὶ
2363 5155 2688 5227 γράφουσιν,
2717 5157 3036 5222 άτονοῦντες
3068 5162 3197 5233 περὶ
3223 5162 3322 5227 τὰς
3342 5165 3481 5218 άπο‹

1877 5237 2094 5305 δείξεις.
2131 5239 2193 5291 El
2228 5239 2403 5292 τοίνυν
2434 5240 2620 5309 σαφῶς
2652 5242 2980 5306 ἐπίστασαι,
3011 5245 3142 5317 περὶ
3179 5239 3255 5299 ὧν
3300 5245 3481 5316 βούλει

1879 5325 2208 5396 κατηγορεῖν
2245 5321 2406 5394 (οὕτε
2439 5324 2548 5396 γάρ
2582 5325 2881 5398 δυνάμενον
2916 5329 3284 5401 ἀπωθούμεθα
3305 5371 3318 5394 ,
3356 5330 3480 5386 οὔτε

1885 5406 1959 5478 μὴ
1993 5407 2293 5478 δυνάμενον
2327 5408 2559 5480 ἕλκομεν
2586 5413 2626 5479 ),
2663 5413 2794 5484 πρὶν
2828 5414 3243 5487 ἀναγνωσθῆναι
3281 5417 3373 5470 τὸν
3408 5417 3483 5470 λί-

1883 5491 2093 5552 ϐελλον,
2127 5490 2345 5555 ἕκλεξαι
2377 5493 2438 5546 16
2469 5495 2748 5565 συμφέρον
2770 5513 2782 5526 ·
2819 5496 2957 5565 μετά
2987 5498 3095 5570 γάρ
3133 5498 3193 5551 16
3230 5502 3480 5568 ἀναγνωο

1881 5573 2074 5645 σθῆναι
2111 5574 2206 5628 καὶ
2239 5577 2318 5638 είς
2357 5576 2527 5640 ἀκοάς
2563 5579 2784 5632 πάντων
2833 5579 3045 5644 ἐλθεῖν,
3085 5583 3482 5654 πραττομένων

1881 5657 2334 5728 ὑπομνημάτων,
2375 5659 2562 5713 οὐκέτι
2598 5678 2682 5714 σοι
2729 5663 2939 5727 ἔξεστιν
2963 5705 2976 5726 ,
3021 5667 3306 5737 ἐπισκόπῳ
3335 5667 3471 5728 όντι.

1882 5743 2070 5814 ζητεῖν
2106 5745 2488 5817 ἁϐουλητίονα.
2524 5751 2648 5803 Ἑπὶ
2682 5751 2895 5816 τούτοις
2930 5753 3093 5809 πάλιν
3125 5755 3377 5825 ἐνέμεινε
3412 5761 3479 5830 τῇ

1943 5877 1969 5918 ἀ
1993 5879 2283 5945 1.ρςρηι1ιιῐη
2307 5901 2415 5947 μου,
2437 5892 2484 5935 el
2511 5901 2618 5936 mox
2649 5889 2954 5952 κοιμίσαντος
2981 5897 3032 5940 cl
3059 5873 3282 5947 εἰπόντος.
