4264 6306
228 334 291 392 Cll
1200 330 1287 384 DE
1333 328 1482 382 \’l'l'.\
1528 327 1563 382 S
1625 324 1788 381 JOAN

1897 326 1907 375 l
1946 322 2439 378 ιῖιιῐιϊδυδτῡιιι.

224 456 275 505 in
306 452 583 521 praeposito
629 450 883 519 persistit.
915 448 1049 504 Tum
1074 445 1257 513 jubent
1305 444 1404 512 legi
1434 440 1701 495 libellum:
1732 440 1807 492 le-

220 554 406 610 ctaque
422 551 547 595 sunt
567 539 868 607 supradicta
894 539 1085 606 capita.
1109 535 1295 589 Dicunt
1314 534 1552 587 seniores
1575 531 1808 602 episcopi

226 633 412 686 Joanui
445 672 460 697 ,
499 630 690 684 audito
737 639 920 683 tenore
966 628 1124 681 libelii
1176 644 1188 679 :
1232 625 1340 679 Etsi
1396 622 1810 692 unumquodque

221 722 642 790 uniuscujusque
676 720 867 788 capitis
915 720 1143 773 maxime
1175 718 1392 786 impium
1423 724 1505 769 est
1551 725 1603 767 et
1643 714 1808 767 unde-

219 828 430 883 quaqne
473 815 643 867 sacris
685 813 889 881 legibus
931 811 1269 864 interdictum
1299 850 1313 873 ,
1358 823 1427 863 ne
1453 807 1729 860 videamur
1757 805 1806 856 in

220 902 307 956 his
346 919 466 973 qua:
512 904 714 957 leviora
776 910 901 956 sunt
971 911 1181 968 tempus
1248 915 1409 953 omne
1486 899 1803 958 insumere,

216 992 285 1045 ab
352 1008 418 1045 eo
473 992 613 1061 quod
685 1002 768 1046 est
850 991 1156 1045 horribilius
1233 989 1322 1043 iiut
1391 988 1683 1058 inquisitio.
1750 988 1804 1038 Si

215 1082 361 1134 enim
441 1082 565 1134 illud
633 1082 903 1136 inventum
978 1080 1137 1133 fuerit
1205 1094 1387 1131 verum
1432 1118 1447 1139 ,
1516 1077 1689 1131 nullus
1738 1076 1805 1129 de

214 1170 483 1237 capitibus
540 1171 757 1239 reliquis
808 1171 911 1223 erit
978 1167 1379 1223 contradicendi
1431 1167 1616 1219 locus:
1682 1180 1800 1217 cum

216 1258 359 1313 illius
385 1260 575 1328 capitis
626 1260 774 1313 radix
820 1275 1033 1313 onmem
1083 1258 1375 1327 iniquitatis
1415 1256 1647 1323 Spf‘Clcm
1677 1268 1801 1323 pro-

213 1350 501 1414 germinet,
532 1349 681 1417 juxta
713 1350 880 1411 illum,
909 1349 995 1417 qui
1030 1347 1103 1401 ait
1134 1366 1145 1400 :
1190 1346 1361 1399 Radix
1384 1346 1607 1398 omnium
1637 1342 1801 1395 mulo-

211 1458 329 1493 rum
368 1454 443 1495 est
496 1442 710 1493 avaritia
751 1441 819 1513 (l
883 1440 1051 1494 Tim.6
1081 1480 1094 1503 ,
1125 1440 1256 1508 10).
1301 1438 1399 1505 Qui
1451 1436 1592 1491 enim
1644 1450 1802 1503 Sttpel‘

211 1531 531 1585 innocentes
558 1547 777 1585 munera
804 1531 1043 1599 accepit,
1081 1540 1137 1583 et
1172 1529 1400 1597 Spiritus
1426 1528 1593 1581 Sancti
1620 1527 1800 1579 distri-

210 1621 487 1675 butionem
517 1632 741 1691 argento
770 1625 1000 1675 vendere
1050 1637 1154 1673 non
1201 1621 1461 1673 dubitavit
1483 1636 1495 1672 :
1516 1635 1621 1687 quo
1648 1628 1802 1687 pacto

206 1712 317 1781 jam
346 1724 533 1780 pareret
557 1713 723 1765 sacris
754 1713 893 1766 vasis
922 1721 1012 1765 aut
1043 1711 1304 1779 lapidibus
1334 1720 1424 1762 aut
1468 1709 1679 1778 pra-diis
1707 1723 1799 1761 ec-

214 1803 441 1857 dc-sim?
479 1803 631 1859 Tunc
670 1804 905 1857 Joannes
936 1806 1288 1873 quaestionem
1315 1804 1523 1855 inclinat
1550 1843 1564 1865 ,
1615 1801 1801 1853 dicens

208 1895 479 1948 Antonino
505 1913 517 1947 :
550 1896 684 1963 Quid
717 1897 780 1948 ad
808 1897 917 1949 ha-c
936 1897 1087 1961 dicis,
1108 1897 1271 1950 frater
1301 1895 1603 1949 Antonino?
1627 1894 1797 1962 Nega-

208 1985 285 2036 vit
315 1985 400 2037 ille
429 1985 754 2038 necessario.
787 1986 1066 2050 Quomodo
1115 1986 1258 2039 enim
1292 1996 1469 2052 posset
1499 1985 1600 2037 sub
1633 1999 1796 2037 exor-

206 2072 355 2126 dium
389 2074 562 2140 ipsum
592 2074 961 2131 eanfosionem
991 2090 1139 2130 Suam
1165 2076 1447 2129 confiteri?
1484 2076 1796 2143 Interrogati

203 2172 332 2215 sunt
361 2164 449 2231 qui
478 2164 773 2229 dederunt;
827 2177 1085 2234 negarunt
1127 2177 1179 2220 et
1228 2166 1345 2233 ipsi.
1385 2167 1509 2219 Post
1538 2166 1651 2219 tunc
1676 2182 1796 2219 eum

207 2250 483 2320 inquisitio
508 2252 572 2305 ad
604 2255 786 2307 horam
809 2270 973 2324 usque
1019 2268 1259 2309 oetavam
1292 2256 1574 2324 diligenter
1614 2271 1799 2325 agere—

203 2350 293 2393 tur
319 2381 334 2403 ,
375 2356 441 2395 cx
485 2342 697 2396 iudiciis
740 2344 1056 2412 quibusdam
1084 2343 1342 2412 judicium
1385 2344 1664 2397 formatum
1692 2355 1793 2399 est.

205 2430 519 2495 Postremo,
545 2443 600 2485 ut
628 2449 721 2501 par
752 2443 895 2499 erat,
928 2443 1143 2487 ventum
1176 2442 1259 2486 est
1285 2433 1348 2485 ad
1380 2440 1544 2487 testes
1572 2474 1586 2499 ,
1614 2448 1795 2487 coram

199 2522 399 2588 quibus
428 2532 482 2574 et
513 2520 565 2575 hi
593 2523 869 2585 dederant,
889 2532 941 2576 et
972 2524 1083 2592 ipse
1104 2533 1400 2591 acceperat.
1434 2521 1548 2576 Non
1576 2522 1796 2576 aderant

199 2622 371 2665 testes
404 2626 577 2679 :Opus
605 2623 721 2667 erat
750 2628 933 2667 earum
967 2613 1267 2682 pratscmia.
1302 2613 1675 2667 Difﬁcultatem
1721 2614 1793 2667 si-

198 2700 517 2754 stendorum
564 2703 778 2755 testium
827 2703 1120 2771 reSpicicns
1166 2701 1421 2767 Joannes,
1458 2714 1512 2755 ut
1542 2710 1797 2771 purgaret

200 2792 497 2845 lirelesiam
519 2834 535 2857 ,
566 2803 619 2846 et
651 2795 871 2847 testibus
904 2804 1144 2863 parceret
1173 2836 1186 2860 ,
1218 2810 1312 2862 per
1346 2798 1404 2847 Se
1431 2795 1484 2847 in
1513 2795 1692 2846 Asiam
1721 2796 1795 2849 ire

194 2897 321 2936 sese
356 2884 495 2935 ultro
545 2884 702 2937 oll'ert
736 2924 751 2948 ,
784 2895 837 2938 et
880 2900 1104 2937 examen
1162 2900 1438 2953 peragere.
1494 2886 1794 2939 Antooinus

196 2975 311 3027 visa
343 2973 571 3031 Joannis
600 2977 915 3031 strenuitate
945 2987 1103 3046 atque
1129 2978 1436 3045 incorrupta
1466 2978 1790 3045 integritate,

195 3072 387 3130 utpote
415 3064 521 3117 sibi
545 3064 792 3115 conscius
825 3102 840 3127 ,
894 3063 1023 3114 adiit
1068 3064 1351 3130 quemdam
1376 3078 1407 3115 e
1437 3062 1749 3130 proceribus
1776 3105 1789 3126 ,

192 3154 355 3221 Cujus
386 3153 605 3221 pratdia,
632 3168 753 3220 qua:
783 3152 834 3205 in
864 3152 988 3205 Asia
1028 3160 1182 3205 erant
1211 3192 1225 3215 ,
1250 3153 1362 3221 ipse
1389 3153 1607 3206 curabat
1632 3170 1644 3206 :
1676 3162 1793 3206 orat

195 3254 253 3295 ut
280 3244 635 3298 inhibendum
653 3242 911 3297 Joannem
935 3256 1202 3310 procuret,
1236 3260 1300 3297 ne
1319 3244 1370 3297 in
1401 3244 1578 3298 Asiam
1597 3245 1790 3310 abiret,

193 3320 523 3401 promittens
547 3342 711 3385 testes
740 3332 1198 3385 seexhiliiturum.
1220 3333 1317 3400 Qui
1346 3334 1525 3386 statim
1554 3335 1788 3395 molitur.

192 3432 255 3476 ut
283 3422 465 3476 luecce
497 3422 563 3474 ad
594 3421 854 3476 Joannem
888 3425 1193 3492 episc0pmn
1222 3440 1251 3477 e
1288 3426 1481 3493 palatio
1504 3426 1790 3479 denuntia-

194 3522 415 3566 rantur:
449 3512 754 3565 Absurdum
780 3525 860 3567 est
887 3523 938 3567 te
965 3555 978 3577 ,
1021 3516 1108 3584 qui
1137 3516 1209 3568 sis
1236 3517 1548 3584 episcopos,
1598 3526 1653 3571 et
1678 3520 1792 3572 ani-

192 3618 408 3656 marum
438 3614 742 3656 nostrarum
774 3604 1041 3672 inspector
1074 3646 1089 3671 ,
1139 3606 1192 3659 in
1239 3615 1381 3659 tanta
1415 3609 1670 3661 tumultus
1699 3625 1791 3663 cx-

192 3692 548 3759 spectatione,
580 3694 881 3763 relinquere
898 3695 1165 3749 civitatem
1193 3738 1207 3761 ,
1240 3707 1290 3750 et
1310 3700 1788 3766 peregrinationem

193 3781 247 3833 iu
295 3783 479 3834 Asiam
522 3781 675 3835 obire
706 3824 719 3845 ,
769 3798 888 3835 enm
936 3784 1089 3838 facile
1135 3795 1299 3839 testes
1337 3788 1527 3841 deduci
1559 3791 1783 3857 possint.

193 3870 324 3924 Erat
343 3883 525 3925 autem
551 3874 845 3941 exspectati
871 3874 1124 3928 tumultus
1146 3890 1302 3929 causa
1318 3876 1484 3932 Caioa
1506 3879 1785 3940 barbarus.

193 3962 507 4030 Enimvero,
535 3980 601 4017 ne
625 3965 832 4034 longior
854 3967 974 4031 sim,
997 3970 1344 4035 perSuadetur
1367 3970 1441 4023 illi
1474 3982 1529 4024 ut
1552 3985 1784 4042 maneat,

187 4066 376 4107 curam
416 4054 576 4108 simul
612 4055 813 4110 habens
842 4066 896 4111 et
929 4059 1112 4127 judicii
1152 4068 1206 4112 et
1240 4062 1499 4115 moleStire
1548 4066 1784 4119 testium.

190 4142 411 4197 Interim
425 4145 629 4198 lucrum
645 4147 966 4215 inSperatum
982 4162 1072 4202 reo
1085 4147 1179 4202 fuit
1192 4150 1256 4203 ad
1271 4150 1552 4205 adventum
1572 4156 1785 4208 testium

188 4226 399 4291 dilatio,
424 4245 562 4295 quos
585 4232 938 4299 autpecunia,
957 4242 1046 4287 aut
1076 4238 1313 4302 potentia
1338 4238 1517 4306 fugare
1551 4250 1688 4307 pote:
1706 4250 1781 4294 at.

186 4316 503 4372 Pra-videns
521 4320 619 4374 ista
644 4320 897 4387 Joannes,
920 4340 1042 4378 cum
1064 4335 1326 4393 prmseute
1347 4327 1564 4397 Synodo
1585 4329 1787 4384 delibe-

189 4415 275 4459 rat
301 4408 563 4477 quosdam
590 4427 621 4464 e
651 4415 1002 4479 prtescntibus
1034 4416 1299 4485 episcOpis
1344 4420 1395 4470 in
1442 4420 1621 4473 Asiam
1658 4420 1781 4473 mit-

189 4510 307 4553 tere
346 4500 415 4552 ad
464 4501 869 4572 interrogandus
900 4515 1083 4561 testes.
1138 4509 1436 4577 Derepente
1480 4511 1639 4580 igitur
1672 4522 1781 4568 tres

183 4590 429 4658 episcopi
460 4590 617 4646 electi
647 4596 893 4662 sunt,qui
925 4596 1299 4653 mitterentur:
1330 4600 1631 4670 Syuelctius
1664 4620 1779 4658 me-

184 4679 552 4747 u-opolitanus
578 4681 965 4751 TrajanOpolis,
987 4686 1289 4757 Hesychius
1307 4691 1591 4761 episcopus
1613 4694 1773 4761 Parii,

180 4775 237 4819 et
256 4766 529 4823 Palladius
553 4769 892 4840 llelenopolis
910 4816 922 4835 ,
947 4790 1067 4829 cum
1086 4778 1137 4829 in
1155 4781 1287 4832 actis
1307 4778 1617 4835 interlocuta
1637 4794 1780 4847 esset

166 4855 457 4927 Synodus.
486 4869 542 4913 ut
567 4861 655 4930 qui
684 4862 817 4916 intra
846 4864 979 4918 duos
1006 4881 1220 4922 menses
1244 4885 1350 4923 non
1375 4874 1697 4929 occurrisset
1723 4886 1777 4929 et

183 4946 308 5013 jura
338 4962 436 5001 sua
468 4963 819 5019 persequutus
844 4969 949 5008 non
975 4954 1183 5022 fuisset,
1214 4957 1462 5030 llypazpis
1482 5002 1498 5027 ,
1530 4962 1670 5017 Asia:
1701 4965 1774 5017 ci-

180 5036 369 5102 vitate,
390 5038 518 5107 quia
544 5040 701 5094 vicini
730 5052 911 5097 essent
928 5053 983 5100 et
1010 5046 1098 5115 qui
1121 5051 1481 5117 arguebantur
1506 5060 1562 5107 et
1586 5054 1774 5124 reliqui

180 5126 444 5195 episcOpi,
470 5128 560 5198 qui
584 5144 708 5184 cum
732 5129 1005 5203 Syncletio
1023 5134 1264 5204 judicare
1290 5137 1574 5205 debebant,
1608 5143 1655 5198 is
1682 5161 1773 5199 ex—

178 5219 607 5274 communicalus
622 5232 786 5287 esset.
810 5222 933 5278 Post
956 5224 1068 5281 haec
1084 5226 1476 5286 descenderunt
1489 5231 1771 5303 Smyrnam

175 5306 639 5379 dicti’Syncletius
663 5322 717 5367 et
744 5312 1039 5369 Palladius:
1089 5316 1385 5389 Hesychius
1411 5332 1590 5376 autem
1620 5365 1635 5390 ,
1683 5326 1771 5393 qui

181 5397 385 5451 amicus
410 5410 524 5453 erat
551 5402 809 5457 Antonini
836 5443 850 5467 ,
902 5407 1169 5463 simulavit
1200 5412 1443 5466 morbum
1468 5431 1480 5467 :
1508 5422 1562 5469 et
1586 5430 1681 5484 per
1708 5416 1770 5470 li-

179 5496 322 5541 teras
362 5490 500 5544 illico
527 5493 899 5562 signiﬁcarunt
944 5499 1180 5569 utri6que
1222 5503 1459 5571 partibus
1483 5505 1767 5561 adventum

176 5595 350 5643 situm,
379 5595 431 5636 ut
468 5596 862 5640 concurrentes
892 5588 942 5641 in
972 5588 1167 5644 dictam
1191 5592 1459 5648 civitatem
1486 5596 1771 5666 implerent

178 5683 237 5738 pr
260 5674 445 5729 imissa.
498 5674 580 5729 llli
623 5685 804 5730 autem
850 5692 969 5732 cum
1015 5694 1072 5735 se
1120 5692 1302 5739 mutuo
1351 5689 1764 5759 corrupissent,

3451 320 3519 371 5.0

1924 436 2114 507 partim
2146 450 2276 488 auro
2306 477 2318 494 ,
2352 433 2539 501 partim
2566 430 2910 499 jurejurando
2938 474 2950 496 ,
3006 432 3163 486 amicl
3202 430 3323 486 facti
3355 442 3510 487 eram

1918 534 2040 577 ante
2067 523 2352 578 adventum
2392 523 2651 591 judieum.‘
2696 521 2827 574 Cum
2880 528 3054 575 autem
3098 521 3230 575 dit-is
3260 534 3417 575 causa
3446 524 3509 573 ad

1929 615 2197 669 civitatem
2223 612 2635 685 llyprcpinornm
2666 612 2956 677 venissent,
2991 612 3275 681 sperabant
3300 626 3508 665 rursum

1917 704 2134 759 eludere
2156 706 2366 768 iudices
2392 704 2647 757 dilatione
2677 703 2889 757 te5tium
2914 743 2927 765 ,
2955 702 3103 772 quasi
3135 717 3354 773 peregre
3382 717 3507 771 pro-

1916 796 2041 853 fecti
2069 808 2249 851 essent
2287 796 2355 849 ob
2384 797 2555 848 varias
2581 810 2787 849 causas.
2819 794 2944 848 Post
2973 794 3086 848 lucc
3105 795 3316 863 judices
3353 810 3509 849 accu—

1915 898 2146 941 smorcm
2181 896 2394 957 regant:
2429 887 2568 940 Intra
2595 896 2720 955 quot
2752 886 2910 955 igitur
2952 886 3067 939 dies
3092 885 3420 940 adducturus
3450 900 3510 941 es

1918 986 2080 1031 teSIcs
2105 978 2128 1031 ?
2154 987 2209 1031 ct
2238 979 2687 1045 exspectabimus.
2738 977 2903 1029 llatns
2931 977 3018 1031 ille
3049 992 3141 1029 eos
3173 977 3314 1030 aeris
3345 975 3509 1031 incle-

1912 1069 2165 1123 mentiam
2195 1085 2337 1139 argre
2362 1069 2612 1132 ferentes,
2644 1069 2974 1123 discessuros
3005 1070 3145 1137 (erat
3172 1069 3314 1122 enim
3346 1080 3504 1123 testa-

1914 1159 1980 1213 tis
2014 1162 2125 1230 ipse
2172 1158 2380 1232 ardor)
2413 1201 2428 1227 ,
2475 1161 2675 1231 scripto
2703 1162 2961 1230 promittit
2992 1161 3125 1213 intra
3157 1160 3505 1230 quadraginta

1912 1252 2028 1307 dies
2073 1253 2453 1322 producturum
2489 1260 2651 1308 testes
2675 1295 2691 1317 ,
2734 1263 2824 1306 aut
2864 1268 3050 1323 pinnas
3074 1269 3339 1307 canonum
3373 1253 3505 1309 sub-

1914 1344 2135 1397 iturum.
2159 1344 2415 1398 Dimissus
2439 1344 2599 1414 igitur
2615 1344 2679 1397 ad
2710 1343 3053 1412 inquirendos
3084 1354 3269 1408 testes,
3300 1344 3501 1397 omissa

1911 1433 2276 1501 inquisitione,
2310 1432 2828 1503 Constantinopolim
2860 1434 3026 1494 venit.
3060 1434 3129 1487 ibi
3153 1435 3500 1488 delitescens.

1912 1526 2303 1593 Exspectabam
2321 1526 2551 1595 judices,
2578 1534 2635 1577 ut
2662 1542 2755 1592 par
2790 1536 2924 1591 erat,
2949 1524 3013 1577 ad
3042 1523 3503 1594 quadragesiuiam

1908 1616 2087 1670 diem:
2120 1626 2172 1669 ct
2202 1632 2322 1669 cum
2354 1616 2538 1670 nullibi
2570 1616 2656 1669 ille
2681 1624 3017 1683 compareret
3051 1656 3066 1679 ,
3114 1614 3353 1668 scribunt
3382 1630 3502 1668 om-

1910 1707 2065 1761 nibus
2089 1709 2227 1761 Asiae
2256 1708 2541 1777 cpisc0pis,
2571 1724 2690 1760 cum
2721 1708 3100 1761 denuntiantes
3129 1705 3501 1761 excommunl-
3542 1732 3545 1735 ν

1908 1810 2085 1853 Catum
2120 1840 2133 1863 ,
2188 1799 2299 1853 sive
2323 1810 2379 1853 ut
2401 1800 2730 1853 desertorem
2762 1841 2775 1863 ,
2820 1800 2931 1853 sive
2960 1810 3015 1850 ut
3040 1800 3500 1853 calumniatorem.

1908 1886 2171 1941 Caeterum
2203 1897 2319 1956 post
2358 1888 2459 1941 hoc
2490 1888 2623 1940 alios
2653 1888 2811 1941 etiam
2859 1887 3071 1954 triginta
3099 1888 3214 1940 dies
3248 1888 3500 1955 perstite-

1908 1989 2034 2032 runt
2063 1998 2075 2032 :
2107 1988 2158 2034 et
2185 1995 2304 2033 cum
2333 1994 2435 2033 non
2464 1988 2818 2046 compareret,
2842 1978 3237 2042 discesserunt,
3282 1988 3337 2031 et
3361 1976 3501 2031 Con-

1906 2071 2308 2139 stantinopolim
2334 2071 2625 2126 redierunt.
2652 2070 2761 2123 Illic
2790 2086 2908 2123 cum
2930 2072 3101 2138 ipsum
3126 2069 3497 2133 offendissent,

1908 2161 2111 2215 facinus
2158 2161 2231 2214 illi
2279 2163 2689 2229 exprobrarunt.
2744 2162 2947 2215 [im-sus
3001 2162 3090 2215 ille
3131 2161 3497 2216 infirmitatem

1905 2251 2149 2318 carparis
2182 2260 2479 2319 praetexens
2505 2293 2519 2317 ,
2569 2252 2917 2319 pollicebatur
2940 2260 3102 2307 testes
3128 2268 3189 2306 se
3233 2253 3493 2307 adductu-

1906 2355 2042 2393 rum.
2075 2340 2202 2404 Qu.e
2219 2357 2337 2394 cum
2366 2342 2416 2395 in
2440 2343 2653 2411 longum
2686 2351 2893 2409 tempus
2912 2346 2987 2395 sic
3011 2342 3242 2407 abirent,
3272 2345 3501 2397 moritur

1904 2430 2240 2491 Antoninus,
2271 2444 2389 2483 cum
2414 2446 2519 2499 quo
2544 2431 2688 2484 litem
2722 2431 2951 2485 habebat
2980 2431 3262 2486 Eusebius.
3293 2432 3498 2486 Rursus

1904 2517 1971 2571 ab
2015 2519 2139 2572 Asia
2174 2518 2317 2571 venit
2338 2519 2613 2573 decretum
2642 2521 2706 2571 ad
2735 2520 2992 2575 Joannem
3022 2562 3036 2586 ,
3071 2523 3261 2590 partim
3292 2540 3320 2574 a
3344 2523 3497 2578 clero

1902 2606 2133 2660 civitatis
2170 2607 2521 2675 Ephesiorum
2550 2649 2565 2673 ,
2601 2611 2791 2677 partim
2821 2610 2889 2663 ab
2909 2611 3177 2680 episcopis
3208 2652 3224 2678 ,
3257 2614 3495 2677 postula-

1904 2698 2101 2752 tionem
2130 2714 2249 2755 cum
2274 2698 2509 2755 horribili
2535 2701 2883 2770 jurejurando
2897 2705 3198 2759 continens.
3231 2705 3494 2773 Quoniam

1903 2791 2273 2859 superioribus
2315 2794 2642 2861 temporibus
2691 2794 2994 2849 inordinate
3047 2805 3103 2850 et
3148 2796 3291 2863 leges
3319 2806 3373 2849 et
3400 2810 3498 2851 nos

1899 2883 2181 2951 gnbcrnati
2212 2899 2395 2938 sumus
2422 2926 2437 2949 ,
2491 2900 2708 2940 oramus
2738 2886 3148 2941 Venerationem
3196 2896 3339 2941 tuam
3367 2929 3383 2952 ,
3441 2900 3499 2941 ut

1901 2970 2217 3035 descendas,
2247 2982 2301 3027 et
2330 2974 2556 3027 formam
2585 2976 2691 3028 Deo
2724 2976 2935 3042 dignam
2968 2977 3209 3044 imponas
3243 2978 3496 3031 Ecclesia

1900 3060 2273 3130 Ephesiorum,
2298 3078 2327 3115 a
2356 3064 2514 3133 longo
2538 3073 2779 3131 tempore
2806 3065 3037 3127 afﬂicta),
3067 3069 3254 3135 partim
3276 3067 3493 3136 quidem

1900 3154 1967 3207 ab
1992 3154 2101 3206 Arii
2132 3156 2501 3213 sectatoribus,
2529 3156 2719 3223 partim
2748 3157 2813 3209 ab
2842 3158 2906 3211 iis
2929 3158 3016 3227 qui
3050 3174 3171 3212 cum
3195 3159 3412 3213 avaritia
3442 3168 3496 3213 et

1900 3241 2206 3296 dominandi
2258 3244 2478 3297 libidine
2508 3246 2805 3299 eatholicos
2856 3261 2914 3301 se
2972 3263 3091 3301 esse
3142 3249 3487 3317 gloriantur:

1899 3334 2020 3402 quia
2053 3335 2301 3403 permulti
2344 3336 2666 3389 insidiantur
2693 3378 2707 3401 ,
2741 3347 2799 3391 ul
2827 3337 2932 3405 lupi
2962 3354 3149 3408 graves
3173 3381 3186 3401 ,
3219 3342 3495 3410 cpiscopao

1900 3424 2002 3477 lem
2048 3424 2229 3489 sedem
2273 3427 2513 3492 pecuniis
2556 3442 2746 3496 rapere
2799 3429 3131 3484 festinantes.
3179 3429 3413 3486 Joannes
3440 3432 3493 3485 in

1899 3524 2042 3569 tanta
2091 3517 2334 3584 corporis
2376 3518 2681 3572 infirmitate
2710 3558 2725 3583 ,
2758 3520 2915 3573 etiam
2954 3530 3191 3589 tempore
3221 3521 3445 3577 hiberno
3472 3564 3486 3586 ,

1900 3607 2027 3659 nihil
2058 3607 2267 3661 molesti
2299 3609 2397 3661 sibi
2427 3608 2495 3661 ob
2520 3611 2705 3663 oculos
2743 3626 3051 3679 proponens
3084 3655 3098 3678 ,
3134 3623 3192 3667 ut
3218 3615 3380 3668 rebus
3404 3626 3487 3669 to-

1901 3697 2003 3749 tius
2033 3699 2244 3751 Asiaoze
2266 3699 2565 3753 dicereseos
2591 3702 2747 3769 aegris
2774 3701 3078 3755 mederetur
3106 3743 3119 3766 ,
3157 3705 3235 3758 vel
3266 3713 3490 3777 propter

1898 3787 2256 3856 imperitiam,
2291 3791 2373 3842 vel
2405 3799 2624 3857 propter
2645 3791 2985 3844 solitudinem
3016 3804 3289 3860 pastormn
3326 3836 3339 3858 ,
3372 3796 3488 3849 ala.

1896 3879 2087 3932 eritate
2117 3880 2281 3931 animi
2310 3882 2593 3933 roboratus
2621 3921 2636 3945 ,
2671 3881 2944 3950 ingressus
2968 3883 3179 3947 navim,
3210 3884 3341 3938 urbe
3369 3884 3485 3939 dis-

1896 3970 2077 4024 cessit.
2131 3970 2369 4025 lrruente
2411 3972 2622 4026 interim
2654 3987 2797 4025 szcvo
2839 3974 3092 4042 aquilone
3120 4016 3133 4037 ,
3178 3986 3487 4029 mutuentes

1898 4072 2074 4115 nauta:
2103 4102 2119 4128 ,
2151 4078 2219 4116 ne
2250 4062 2303 4115 in
2336 4062 2738 4117 Proconncsum
2771 4064 3091 4131 ejicercntur
3113 4107 3129 4131 ,
3156 4062 3330 4135 poSito
3360 4070 3481 4123 velo

1895 4148 1949 4203 in
1977 4160 2180 4219 partem
2224 4150 2375 4205 navis
2414 4168 2533 4222 qua:
2561 4164 2720 4206 vento
2772 4155 3156 4210 verberabatur
3184 4196 3198 4220 ,
3248 4157 3486 4214 Tritonis

1900 4242 2327 4308 promontorium
2354 4246 2853 4312 praitervebuntur:
2905 4253 2957 4298 et
2990 4246 3058 4299 ibi
3088 4249 3245 4314 jactis
3273 4251 3487 4304 ancoris

1892 4342 2205 4387 manserunt
2240 4375 2256 4395 ,
2286 4343 2525 4388 austrum
2554 4345 2926 4403 exspectantes
2960 4379 2974 4403 ,
3024 4347 3078 4392 ut
3112 4341 3362 4407 Apamea:
3392 4358 3482 4409 ap.

1892 4422 2172 4492 plicarent.
2215 4422 2347 4477 Cmn
2382 4424 2543 4494 igitur
2573 4426 2790 4480 biduum
2814 4426 2980 4496 jejuni
3012 4431 3392 4496 perstitissent,
3427 4433 3480 4487 in

1891 4514 2133 4568 navicula
2165 4516 2346 4584 agitati
2378 4556 2393 4579 ,
2426 4516 2581 4570 tertia
2602 4517 2690 4571 die
2721 4521 3011 4588 Apameam
3038 4520 3306 4576 devenere
3326 4563 3343 4589 ,
3393 4523 3483 4579 ubi

1889 4616 2011 4657 cum
2039 4605 2424 4672 exspectabant
2453 4605 2671 4673 Paulus,
2700 4606 2931 4677 Cyrinus
2957 4618 3009 4663 et
3039 4609 3307 4664 Palladius
3337 4628 3350 4664 :
3381 4611 3482 4666 has

1888 4697 2029 4751 enim
2062 4699 2162 4750 vire
2190 4698 2414 4752 comites
2442 4710 2803 4768 assumpscrat
2834 4700 3072 4756 Joannes
3097 4718 3111 4757 :
3148 4703 3484 4776 pedibusque

1886 4787 2131 4845 confecto
2160 4790 2348 4845 itinere
2368 4789 2638 4860 Ephesum
2668 4792 3006 4859 perveniunt.
3040 4793 3107 4847 Et
3144 4797 3483 4865 congregatis

1887 4878 2067 4951 Lydia:
2098 4880 2387 4949 episcOpis,
2419 4880 2560 4935 Asia:
2592 4890 2751 4951 atque
2772 4879 2944 4936 Caria:
2967 4922 2983 4946 ,
3012 4897 3241 4939 numero
3264 4899 3483 4955 septua-

1886 4972 2027 5038 ginta
2055 5010 2071 5036 ,
2103 4969 2495 5025 ordinationem
2542 4970 2764 5037 faciunt,
2809 4985 2930 5027 cum
2964 4972 3145 5042 plures
3180 4984 3479 5044 spontanea

1883 5058 2160 5113 alacritate
2185 5060 2563 5125 occurrissent,
2594 5062 2825 5117 maxime
2858 5077 2888 5115 e
2917 5062 3215 5134 Phrygibus
3235 5105 3252 5133 ,
3284 5075 3341 5120 ut
3369 5066 3483 5121 oris

1882 5150 2143 5217 sapientia
2176 5150 2496 5214 fruerentur,
2516 5153 2665 5220 juxta
2699 5152 2838 5221 quod
2867 5153 3069 5209 dictum
3101 5165 3183 5210 est
3208 5156 3478 5225 Sapientia

1880 5238 1931 5293 t'n
1948 5238 2161 5293 exitibus
2182 5241 2423 5294 laudatur
2439 5240 2616 5312 (Prov.
2631 5244 2651 5297 l
2668 5242 2801 5314 .20);
2824 5243 2923 5298 hoc
2943 5254 3025 5299 est
3047 5246 3099 5300 in
3116 5238 3477 5316 loquentibust

1879 5331 1931 5383 in
1961 5330 2141 5399 plateis
2170 5345 2347 5386 autem
2374 5350 2487 5387 cum
2508 5335 2697 5401 ﬁducia
2719 5336 2980 5406 loquitur:
3026 5337 3130 5392 hoc
3176 5349 3257 5393 est
3298 5341 3477 5393 cordi-

1883 5421 2017 5486 bus,
2077 5438 2196 5493 qure
2228 5424 2390 5478 variis
2440 5423 2822 5481 afﬂictionibus
2852 5428 3067 5482 dilatata
3111 5438 3276 5495 sunt,
3318 5432 3470 5501 juxta

1883 5511 2008 5565 illud
2036 5530 2048 5566 :
2085 5513 2145 5565 In
2175 5514 2498 5591 tributalione
2512 5515 2736 5570 dilatasti
2765 5520 2883 5589 me(
2914 5519 3060 5574 Psal.
3086 5521 3139 5586 4,
3168 5520 3205 5576 2
3297 5524 3473 5575 Ceau-

1877 5614 2121 5672 gustatur
2150 5605 2293 5658 enim
2322 5607 2582 5674 sapientia
2632 5610 2683 5663 in
2718 5610 2780 5663 iis
2809 5609 2899 5679 qui
2930 5612 3129 5666 zizania
3161 5616 3431 5670 seminaut
3458 5654 3475 5679 ι

1882 5705 1933 5748 ct
1962 5694 2225 5751 sufferant
2258 5695 2501 5753 verbum.
