4264 6306
771 301 829 357 ει
2020 294 2107 353 ea
2118 297 2340 354 ιωωι
2382 298 2455 357 Dl

2382 293 2721 357 DIALOGUS
3971 296 4044 355 δε

841 413 968 467 Cn.
1002 426 1093 465 xv.
1133 443 1201 453 —-
1230 413 1359 467 Dum
1397 411 1513 467 lucc
1553 419 1829 482 geruntur,
1876 411 2098 464 accessit
2139 408 2205 464 ad
2252 425 2356 466 nos

768 503 1069 571 episcopos,
1100 503 1286 572 prolixi
1310 505 1572 556 sermonis
1594 517 1773 566 causa,
1803 500 2061 556 Eusebius
2078 508 2357 556 accusator

773 608 867 647 sex
899 593 1223 662 reliquorum
1266 593 1639 662 episcoporum
1661 634 1677 658 ,
1711 606 1901 662 rogans
1937 600 1994 644 ut
2020 590 2085 645 ad
2109 606 2357 644 commu-

771 683 987 737 nionem
1018 683 1409 738 admitteretur.
1442 684 1825 738 Contradicunt
1856 682 2068 752 quidam
2095 682 2350 754 epiSct-pi,

771 772 1108 842 adduntque,
1152 774 1503 827 calumniator
1554 790 1673 828 cum
1726 782 1898 837 esset,
1952 788 2054 827 non
2106 784 2355 845 oportere

771 862 943 933 ipsum
970 862 1196 916 admitti.
1228 863 1352 916 Post
1375 863 1487 918 hare
1506 864 1822 934 supplicavit
1845 864 2028 919 dicens
2059 882 2069 915 :
2095 866 2353 930 Quoniam
2414 860 2417 861 ⁷

770 966 928 1006 causa
964 954 1059 1005 ista
1093 953 1306 1008 biennio
1337 955 1564 1008 maxima
1594 972 1657 1010 ex
1692 967 1839 1024 parte
1862 957 2157 1011 examinata
2180 966 2277 1019 est,
2304 967 2357 1011 et

769 1042 835 1096 ad
870 1042 1079 1096 testium
1101 1044 1387 1099 adventum
1422 1046 1555 1101 facta
1586 1059 1666 1101 est
1690 1048 1906 1112 dilatio,
1940 1064 2068 1117 rogo
2102 1050 2358 1104 Pietatem

770 1142 1025 1198 vestram,
1058 1144 1113 1187 ut
1138 1134 1529 1206 hodicjamjam
1556 1148 1715 1193 testes
1744 1137 2050 1206 producam.
2080 1140 2186 1192 Etsi
2214 1140 2355 1193 enim

774 1224 1071 1277 Antoninus
1097 1235 1336 1279 mortuus
1361 1240 1460 1292 est,
1494 1228 1583 1295 qui
1624 1243 1868 1282 nummos
1904 1231 2106 1298 necopit
2136 1240 2187 1283 et
2216 1230 2359 1283 ordi.

772 1314 936 1376 navit,
962 1311 1192 1368 attamen
1218 1328 1503 1383 supersunt
1524 1327 1576 1369 ct
1604 1320 1689 1386 qui
1719 1317 1997 1379 dederunt,
2024 1328 2076 1372 et
2100 1320 2190 1387 qui
2216 1320 2360 1373 ordi-

772 1402 878 1453 nati
925 1413 1069 1456 Sttnl.
1103 1403 1310 1458 Justum
1356 1406 1528 1459 visum
1578 1416 1657 1460 est
1702 1408 1948 1475 prteseuti
1991 1407 2204 1477 Synodo
2247 1424 2357 1462 rem

773 1493 1030 1561 perquiri.
1064 1492 1250 1561 Incipit
1277 1510 1435 1549 causa
1468 1512 1494 1548 a
1526 1497 1750 1551 lectione
1780 1508 2037 1559 actorum,
2071 1515 2187 1566 qua:
2215 1500 2359 1567 prius

773 1580 907 1636 facta
948 1582 1174 1637 fuerant.
1208 1585 1433 1654 Ingressi
1464 1597 1584 1641 sunt
1613 1597 1793 1649 testes,
1827 1588 2046 1656 ingressi
2078 1600 2127 1643 et
2160 1605 2251 1644 sex
2288 1590 2360 1644 illi

775 1675 862 1742 qui
896 1678 1171 1742 pecuniam
1200 1678 1478 1740 dederant,
1509 1691 1561 1733 et
1590 1680 1815 1732 ordinati
1850 1680 2072 1734 fuerant.
2106 1681 2171 1734 Et
2212 1682 2360 1735 initio

774 1766 986 1833 quidem
1019 1768 1300 1835 negabant.
1349 1769 1668 1823 lustantibus
1716 1780 1890 1824 autem
1919 1773 2142 1827 testibus
2168 1774 2357 1840 partim

778 1857 945 1923 laicis,
986 1864 1173 1928 partim
1216 1863 1556 1933 presbyteris,
1589 1866 1778 1934 quibus
1804 1865 2072 1920 ennfidere
2102 1866 2360 1919 videban-

775 1957 880 2011 tur,
906 1965 1109 2003 necnon
1155 1953 1463 2006 mulieribus
1496 1957 1829 2022 quibusdam,
1863 1960 1949 2026 qui
1986 1959 2142 2011 etiam
2178 1959 2361 2028 pigno-

777 2054 891 2092 rum
920 2057 1011 2094 seu
1045 2058 1321 2096 munerum
1350 2046 1557 2113 Species
1586 2048 1848 2109 ἀίριεΙιςιιιι,
1880 2057 1932 2101 et
1967 2050 2077 2103 loca
2097 2090 2110 2113 ,
2147 2058 2199 2102 ct
2224 2059 2359 2102 tem-

778 2143 925 2196 pora,
965 2143 1017 2185 et
1047 2134 1415 2199 quantitatem.
1455 2136 1584 2189 Cum
1636 2152 1766 2190 vero
1806 2153 1989 2191 eorum
2036 2140 2360 2192 conscientia

775 2227 915 2271 recta
946 2235 1049 2273 non
1081 2232 1244 2287 esset,
1272 2224 1409 2276 ultro
1432 2226 1769 2285 conﬁtentur,
1796 2226 1892 2279 levi
1917 2228 2152 2279 adhibita
2182 2243 2363 2281 neces-

776 2308 931 2362 sitate
968 2328 979 2363 :
1009 2311 1278 2377 Dedimus,
1312 2313 1613 2367 confessum
1650 2326 1749 2376 est,
1794 2326 1847 2370 et
1877 2317 2103 2370 ordinati
2133 2332 2314 2370 sumus
2346 2335 2359 2369 :

778 2398 931 2451 talem
982 2411 1228 2468 putantes
1272 2419 1389 2457 es<e
1436 2406 1905 2466 consuetmlinem,
1962 2418 2016 2459 ut
2060 2408 2364 2460 videremur

777 2505 803 2539 a
833 2488 986 2543 Curia
1015 2491 1246 2544 libi-rari.
1284 2494 1344 2546 lit
1376 2509 1513 2547 nunc
1536 2511 1772 2561 oramus,
1804 2496 1845 2549 si
1878 2496 1953 2549 fas
1980 2508 2083 2562 est,
2113 2498 2279 2551 simus
2311 2498 2361 2549 in

778 2584 1071 2636 ministerio
1106 2585 1357 2639 Ecclesia:
1394 2605 1405 2638 :
1446 2589 1523 2639 sin
1565 2589 1756 2652 minus,
1789 2605 1993 2643 aurum.
2033 2589 2171 2657 quod
2212 2590 2361 2641 dedi-

782 2688 919 2737 mus,
945 2675 1265 2743 recipiamus
1298 2695 1309 2730 :
1342 2678 1553 2746 quidam
1584 2681 1723 2732 enim
1765 2696 1793 2733 e
1836 2681 1987 2733 nobis
2016 2695 2237 2733 uxorum
2268 2696 2361 2734 su-

781 2763 1096 2831 pellectilem
1127 2768 1387 2822 dedimus.
1430 2770 1505 2821 Ad
1553 2773 1662 2824 lure
1704 2770 1935 2825 Joannes
1960 2771 2175 2842 Synodo
2204 2772 2360 2840 polli-

777 2854 916 2908 citus
954 2866 1035 2909 est
1067 2875 1078 2910 :
1112 2856 1261 2924 Quod
1295 2861 1359 2912 ad
1403 2862 1601 2913 curiam
1633 2862 1843 2929 quidem
1876 2864 2082 2925 attinet,
2113 2879 2210 2931 ego
2248 2878 2362 2928 eos,

779 2946 889 3000 Deo
926 2946 1165 3015 juvante,
1200 2950 1455 3016 liberabo,
1493 2960 1712 3006 exorato
1743 2952 2065 3020 lntperatore
2099 2971 2111 3007 :
2143 2969 2232 3005 vos
2272 2969 2365 3006 au-

777 3045 885 3088 tem
911 3041 1178 3103 mandate,
1198 3051 1254 3092 ut
1281 3042 1347 3094 ab
1365 3041 1650 3096 heredibus
1672 3044 1921 3096 Antonini
1954 3044 2049 3112 ipsi
2080 3044 2360 3113 accipiant,

779 3142 899 3196 qua:
925 3128 1205 3183 dederunt.
1247 3131 1504 3199 Prmeepit
1547 3133 1816 3203 Synodus,
1852 3145 1906 3188 ut
1936 3151 2121 3189 aurum
2154 3138 2363 3205 accipe-

780 3229 896 3271 rent
928 3221 993 3273 ab
1025 3220 1309 3276 heredibus
1340 3225 1621 3286 Antonini,
1652 3237 1703 3279 et
1743 3228 2197 3283 communicarent
2229 3231 2363 3282 intra

779 3309 943 3362 altare
977 3328 989 3361 :
1022 3322 1198 3365 essent
1227 3324 1402 3367 autem
1431 3315 1536 3380 jam
1571 3330 1672 3369 non
1703 3319 2024 3383 sacerdotes,
2056 3336 2147 3374 sex
2179 3338 2241 3375 ex
2275 3336 2363 3374 sa-

780 3399 1103 3465 cerdotibus,
1145 3419 1229 3462 ne.
1260 3406 1300 3456 si
1333 3406 1427 3457 iSIa
1460 3406 1903 3472 concederentur,
1945 3425 2059 3461 mos
2089 3410 2231 3463 fieret
2272 3410 2364 3464 Ju-

782 3490 965 3545 daicus
994 3504 1083 3547 aut
1113 3494 1411 3566 .‘Egyptitis,
1446 3499 1703 3552 vendendi
1734 3510 1889 3566 atque.
1930 3500 2139 3554 emendi
2182 3517 2361 3554 sacer-

781 3580 1006 3636 dotittm.
1034 3584 1221 3638 Dicunt
1242 3592 1379 3641 enim
1405 3593 1757 3657 pestilentem,
1779 3602 1829 3646 ct
1852 3593 2036 3645 falsum
2060 3593 2363 3647 Judmorunt

781 3672 1157 3742 patria'rcham,
1186 3679 1404 3747 singulis
1434 3684 1587 3735 annis
1608 3724 1619 3745 ,
1653 3693 1751 3752 aut
1774 3698 1913 3736 anno
1950 3685 2245 3751 interjeeto,
2278 3702 2364 3755 sy-

787 3780 1002 3835 nagogm
1035 3769 1299 3836 principes
1328 3781 1528 3825 mutare
1555 3773 1617 3823 ad
1651 3774 2031 3825 eorradendam
2062 3776 2363 3841 pecu-tiam,

789 3856 984 3911 similiti
1010 3876 1033 3911 r
1056 3870 1103 3912 et
1128 3860 1281 3930 hujus
1304 3863 1571 3927 a-mulum,
1597 3862 1962 3933 [Egyptiorutn
1988 3864 2362 3932 patriarcham,

786 3958 843 4002 ut
887 3950 1167 4018 impleatur
1214 3953 1338 4005 illud
1388 3954 1655 4022 prophetae
1700 3973 1711 4007 :
1762 3954 2061 4009 Sacerdotes
2103 3956 2209 4024 ejus
2254 3970 2368 4008 cum

787 4041 1072 4093 muneribus
1102 4042 1462 4110 respondebant
1483 4084 1495 4106 ,
1524 4054 1569 4096 et
1597 4044 1853 4111 prop/tem:
1878 4045 1983 4110 eius
2010 4060 2120 4095 cum
2155 4045 2366 4112 pecunia

786 4132 1183 4184 vaticinabantur
1208 4133 1393 4200 (.llich.
1427 4135 1480 4187 5.
1510 4136 1618 4201 li).
1655 4136 1852 4188 llortun
1893 4136 2130 4190 onmium
2158 4143 2366 4188 exstant

784 4232 900 4277 acta
953 4234 1004 4277 et
1044 4225 1281 4292 judicum
1332 4226 1563 4279 nomina.
1617 4225 1795 4295 Neque
1840 4240 1945 4279 uno
1988 4226 2073 4279 die
2114 4227 2243 4279 facta
2286 4236 2367 4279 est

787 4314 1106 4384 disquisitio,
1141 4326 1193 4368 ut
1215 4317 1463 4369 mentitus
1491 4325 1572 4369 est
1598 4316 1945 4385 Theophilus,
1971 4317 2061 4370 sed
2096 4333 2188 4385 per
2216 4317 2365 4370 bien-

790 4408 954 4459 nium.
997 4408 1168 4476 Atque
1198 4410 1574 4477 acquicverunt
1604 4408 1690 4477 qui
1723 4407 1931 4462 fuerant
1969 4407 2215 4471 depositi,
2252 4419 2304 4461 ut
2336 4423 2363 4461 a

789 4496 965 4552 futuro
990 4498 1188 4565 judicio
1227 4498 1596 4561 liberarentur,
1632 4500 1703 4552 ita
1736 4509 1791 4551 ut
1828 4513 1963 4552 unus
1994 4515 2057 4552 ex
2090 4500 2151 4551 iis
2197 4498 2365 4553 factus

788 4590 855 4639 sit
902 4587 1228 4655 publicorum
1274 4588 1602 4657 negotiorum
1658 4586 1909 4641 defensor
1951 4597 2044 4641 :et
2089 4588 2139 4641 in
2180 4604 2363 4643 eorum

789 4678 961 4731 locum
1002 4677 1205 4731 suffecti
1252 4685 1375 4731 sunt
1418 4678 1525 4741 alii,
1562 4694 1663 4732 non
1711 4678 1997 4755 conjugati,
2031 4679 2134 4732 vita
2176 4688 2229 4733 et
2272 4681 2367 4733 do-

788 4771 953 4823 ctrina
998 4771 1190 4824 ornati.
1222 4770 1416 4824 Verum
1447 4769 1689 4840 generosi
1736 4770 1809 4823 illi
1855 4778 1907 4824 et
1955 4769 2203 4839 litigiosi,
2245 4780 2366 4841 post

790 4863 1008 4919 Joannis
1031 4864 1298 4928 exsilium,
1331 4873 1550 4931 accepto
1577 4878 1641 4917 eo
1662 4862 1800 4933 quod
1824 4872 2141 4933 acceperant
2169 4866 2365 4933 (neque

790 4954 932 5012 enim
964 4956 1121 5010 habet
1150 4956 1456 5025 improbitas
1490 4971 1712 5022 nomen,
1742 4958 1877 5011 sicut
1912 4972 2081 5025 neque
2122 4957 2365 5011 substan-

793 5045 966 5117 tiam),
999 5062 1091 5102 eos
1118 5049 1202 5117 qui
1226 5058 1346 5102 ante
1373 5048 1774 5118 quadriennium
1808 5048 1960 5119 ejecti
1994 5047 2222 5113 fuerant,
2252 5065 2367 5101 rure

791 5155 881 5195 sus
920 5142 970 5194 in
1018 5141 1281 5197 Ecclesias
1322 5140 1651 5203 invexerunt,
1695 5151 1748 5196 et
1792 5140 2023 5211 legitime
2059 5142 2109 5193 in
2156 5139 2365 5194 sedibus

790 5231 1079 5286 collocatos
1119 5232 1437 5301 expulerunt
1477 5233 1540 5287 ad
1573 5232 1955 5303 dispergendas
1993 5230 2188 5286 Christi
2216 5246 2360 5283 oves.

794 5321 924 5375 lllud
971 5333 1141 5377 autem
1182 5325 1417 5377 omnium
1467 5324 1693 5378 maxime
1726 5324 2032 5389 ridiculum,
2079 5323 2157 5376 vel
2192 5324 2365 5392 potius

794 5416 1023 5469 latnento
1045 5416 1280 5485 dignum,
1312 5415 1353 5469 si
1378 5414 1627 5480 audieris,
1656 5414 2041 5468 studiosissime
2064 5414 2362 5478 Theodore,

789 5506 1045 5575 Tinnirnt,
1078 5516 1135 5561 ut
1175 5509 1246 5561 ait
1290 5507 1565 5577 propheta,
1598 5507 1757 5558 ambit:
1800 5522 1942 5559 aures
1974 5515 2071 5558 tua:
2101 5504 2243 5575 (λεν.
2279 5505 2362 5559 i9.

793 5602 846 5669 5)
872 5620 885 5665 -,
916 5601 1117 5673 lugebis
1147 5618 1291 5666 vero,
1319 5601 1409 5657 Dei
1437 5617 1620 5657 amans
1662 5602 1746 5673 qui
1774 5602 1866 5669 sis,
1902 5600 2135 5659 furentes
2164 5601 2368 5676 cpisco-

795 5708 889 5761 pus
916 5696 1235 5750 clandestina
1269 5709 1427 5749 manu
1457 5695 1547 5750 Dei
1587 5694 1723 5750 dona
1770 5706 2190 5763 cerrumpcntes.
2226 5694 2366 5760 Quas

2464 412 2605 467 enim
2630 411 2991 466 ordinationes
3019 425 3137 465 cum
3173 410 3373 482 jejunio
3413 421 3465 468 et
3496 412 3734 467 oratione
3770 422 3834 467 es
3848 414 4050 483 proba-

2465 503 2607 557 tione
2633 503 2762 556 cleri
2792 516 2854 557 ac
2881 504 3071 556 timore
3100 502 3287 557 Petrus
3314 511 3368 557 et
3390 501 3624 557 Joannes
3652 502 3934 565 faciebant,
3967 503 4048 557 illi

2463 606 2644 649 contra
2677 611 2772 664 per
2795 594 3063 662 crapulam
3106 603 3159 648 et
3196 594 3507 649 ebrietatem
3539 604 3699 661 atque
3744 594 4049 648 miseranda

2464 688 2623 751 dona,
2652 688 2870 740 abortus
2906 686 3199 748 hominum,
3234 686 3323 753 qui
3355 701 3525 753 neque
3552 685 3731 754 porcis
3768 685 4054 739 irrationa-

2468 777 2679 837 bilibus,
2708 792 2880 844 neque
2910 776 3129 829 canibus
3156 774 3295 844 digni
3324 782 3498 836 erant,
3526 775 3675 843 juxta
3704 774 3805 828 Job
3824 814 3837 837 ,
3861 774 3951 843 qui
3979 774 4052 827 de

2464 865 2530 921 iis
2554 867 2887 936 prophetavit
2914 883 2979 919 ex
3017 881 3243 935 persona
3273 864 3617 925 Servatoris,:
3656 863 3793 928 Quos
3825 880 3924 916 non
3963 864 4052 915 di-

2462 957 2659 1028 gnabor
2696 974 2876 1027 ponere
2915 974 3027 1010 cum
3071 956 3277 1010 canibus
3319 955 3483 1025 gregis
3522 955 3649 1014 mai,
3692 954 3778 1024 qui
3813 954 3903 1006 sub
3936 970 4053 1007 sar-

2464 1050 2644 1102 utentis
2688 1048 2909 1102 vivebant
2949 1047 3090 1118 (Job
3143 1048 3230 1102 '50.
3269 1048 3359 1116 ί).
3407 1047 3499 1101 llis
3544 1057 3721 1100 autem
3771 1046 3860 1115 qui
3906 1045 4052 1101 inter

2464 1139 2657 1192 mimos
2680 1149 2732 1191 et
2756 1138 2969 1193 Judaros
2998 1139 3200 1200 vivunt,
3239 1147 3297 1191 ut
3328 1138 3513 1190 amicis
3548 1135 3864 1200 Servatoris,
3896 1149 3926 1190 ι
3959 1150 4050 1189 sa-

2465 1231 2732 1297 pientibus
2778 1230 3057 1283 sacerdotii
3099 1244 3287 1283 arcana
3328 1227 3724 1283 coucreduntur
3764 1243 3777 1278 :
3830 1235 4053 1296 propter

2464 1334 2600 1389 quos
2641 1321 2801 1374 etiam
2846 1321 3023 1389 populi
3054 1320 3335 1375 orthodoxi
3385 1320 3613 1373 oratoria
3647 1318 3869 1388 fugiunt.
3919 1319 4049 1374 Per-

2466 1411 2611 1466 venit
2649 1411 2789 1464 enim
2831 1410 2895 1463 ad
2928 1426 3026 1463 nos
3054 1426 3248 1463 novum
3278 1410 3405 1464 illud
3440 1419 3494 1464 et
3533 1409 3761 1463 levitatis
3800 1409 4048 1479 plenissi-

2464 1516 2609 1553 mum
2645 1500 2847 1555 facinus
2875 1501 3127 1556 Ecclesize
3159 1502 3442 1570 Ephesium
3471 1517 3483 1551 :
3514 1500 3699 1569 quidni
3728 1502 3891 1564 enim,
3921 1515 4047 1555 cum

2468 1589 2710 1655 Ephesus
2752 1592 3014 1644 maritima
3051 1593 3138 1653 sit,
3184 1600 3238 1645 et
3276 1591 3428 1645 facile
3468 1592 3657 1645 famam
3700 1590 4048 1645 transvehat?

2466 1677 2595 1731 Nam
2648 1680 2697 1732 iu
2739 1680 2910 1733 locum
2956 1682 3124 1743 illum,
3166 1681 3247 1735 vel
3288 1682 3462 1749 potius
3508 1681 3561 1734 in
3605 1682 3776 1735 locum
3824 1679 4057 1734 Joannis“

2465 1769 2552 1835 qui
2589 1768 2929 1836 Evangelium
2966 1772 3206 1839 scripsit,
3250 1781 3303 1825 et
3348 1786 3509 1839 super
3550 1771 3831 1840 Sapientia:
3862 1779 4050 1840 pectus

2472 1860 2703 1915 fideliter
2727 1862 2985 1941 recubuit,
3017 1864 3083 1917 de
3112 1878 3219 1931 quo
3251 1864 3503 1932 scriptum
3532 1870 3614 1915 est
3640 1880 3652 1917 :
3685 1861 3842 1925 Quem
3869 1862 4049 1931 dilige-

2466 1950 2548 2003 but
2592 1950 2745 2005 Iesus
2788 1952 2964 2019 (Joan.
3010 1952 3100 2008 2|.
3144 1953 3257 2023 20),
3304 1956 3387 2008 cui
3432 1955 3689 2009 successit
3716 1952 4047 2019 Timotheus,

2468 2042 2614 2095 Pauli
2642 2043 2950 2112 discipulus,
2983 2043 3049 2097 ad
3075 2060 3231 2113 quem
3259 2044 3376 2097 dua:
3412 2042 3656 2097 feruntur
3678 2044 3899 2111 apostoli
3926 2043 4049 2111 Lpi—

2467 2132 2656 2193 stolm;
2720 2134 2955 2187 succedit
3006 2134 3329 2188 abominatio
3381 2134 3743 2188 desolationis.
3792 2132 4049 2187 Ordinato

2466 2224 2607 2277 enim
2632 2225 2697 2274 ah
2724 2225 2785 2277 iis
2820 2225 3047 2278 Victoris
3078 2225 3271 2278 tribuni
3305 2226 3567 2289 eunucho,
3594 2226 3643 2277 in
3667 2224 3790 2279 sede
3810 2225 4047 2293 episcopi

2466 2329 2588 2367 cum
2616 2314 2945 2367 collocarunt
2977 2332 2991 2366 :
3023 2324 3075 2368 ct
3104 2316 3187 2383 qui
3217 2330 3244 2366 a
3277 2315 3607 2383 septuaginta
3631 2315 3894 2382 episcopis
3917 2328 4047 2367 eon-

2468 2406 2682 2458 stitutus
2712 2404 2905 2469 fuerat,
2933 2406 2982 2458 in
3007 2420 3219 2459 carcere
3244 2420 3407 2473 usque
3440 2404 3502 2457 ad
3535 2404 3673 2457 hunc
3699 2404 3836 2457 diem
3869 2418 4045 2457 mace-

2468 2507 2587 2551 rant
2618 2499 2804 2561 virum,
2831 2498 3082 2568 encycliis
3104 2496 3397 2563 disClpillliS
3425 2496 3625 2563 optime
3651 2494 3968 2558 institutum,
3990 2503 4047 2547 et

2467 2586 2765 2639 divinarum
2791 2587 3184 2654 Scripturarum
3218 2587 3441 2653 peritum
3472 2602 3483 2637 :
3518 2584 3606 2654 qui
3635 2585 3686 2637 in
3719 2598 3897 2637 eremo
3929 2598 4045 2637 mo-

2469 2682 2722 2733 nasticam
2746 2683 2907 2734 vitam
2931 2690 3129 2749 egerat,
3158 2689 3207 2732 et
3231 2680 3316 2746 qui
3350 2694 3440 2746 per
3464 2688 3572 2732 tres
3598 2691 3764 2729 annos
3791 2676 4049 2730 diaconus

2468 2772 2655 2824 fuerat.
2688 2772 2858 2839 Atque
2882 2772 3080 2823 utinam
3114 2770 3390 2823 eunuchus
3418 2770 3503 2822 ille
3535 2769 3621 2837 qui
3644 2768 3916 2821 ordinatus
3939 2776 4043 2829 est,

2470 2860 2746 2913 honestam
2769 2862 2928 2913 vitam
2956 2860 3172 2929 egisset,
3204 2870 3253 2913 et
3284 2860 3385 2913 hoc
3411 2860 3606 2913 malum
3636 2859 3784 2927 quasi
3808 2856 4051 2911 dimidia-

2471 2960 2579 3003 tum
2608 2951 2776 3003 esset!
2807 2953 2873 3003 At
2895 2965 3054 3014 nunc,
3082 2959 3235 3003 terra:
3258 2949 3471 3010 vermis,
3504 2950 3701 3002 ventris
3725 2947 4047 3016 mancipium

2468 3042 2782 3095 feminarum
2830 3054 3012 3093 amore
3055 3040 3328 3101 insanum,
3383 3037 3696 3105 impudens,
3754 3034 4045 3099 ebriosum,

2468 3130 2847 3189 meretricium,
2882 3128 3089 3189 venale,
3126 3128 3401 3190 illiberale,
3432 3142 3670 3191 avarum,
3702 3125 3768 3178 ab
3797 3126 3906 3193 ipsa
3938 3134 4050 3178 sta-

2472 3221 2563 3274 tim
2606 3221 2877 3273 nativitate
2919 3218 3060 3272 ferro
3090 3218 3411 3280 obnoxiam;
3446 3231 3543 3270 nec
3577 3217 3657 3268 vir
3685 3229 3783 3269 nec
3811 3214 4045 3277 femina;

2472 3312 2750 3377 furiosum,
2780 3321 2831 3363 et
2861 3311 2969 3379 qui,
3002 3319 3055 3363 ut
3088 3324 3229 3378 sape
3260 3308 3457 3372 audivi,
3490 3308 3629 3359 inter
3654 3306 3882 3374 satyrica
3912 3319 4049 3358 con-

2468 3408 2603 3460 vivia
2645 3404 2929 3459 theatrales
2959 3402 3159 3471 puellas
3192 3399 3427 3454 humeris
3459 3398 3705 3468 portavit,
3735 3396 3907 3462 capite
3947 3394 4047 3449 he-

2469 3497 2596 3552 dera
2647 3506 2935 3559 coronato,
2991 3504 3250 3547 craterem
3303 3494 3476 3545 ferens
3522 3506 3720 3552 manu,
3767 3496 3821 3542 et
3866 3488 4052 3543 vinum

2471 3587 2695 3641 fundens
2721 3587 2768 3639 in
2794 3586 3026 3655 speciem
3058 3583 3276 3655 fabulosi
3298 3580 3507 3634 Bacchi.
3532 3579 3654 3632 llzec
3676 3586 3848 3631 autem
3872 3578 4053 3631 omnia

2471 3680 2611 3745 fecit,
2641 3695 2741 3729 non
2771 3654 3050 3743 antequam
3065 3654 3287 3727 .Christo
3320 3672 3632 3731 initiaretur,
3661 3669 3750 3723 sed
3798 3677 3918 3736 post
3956 3668 4054 3720 ba-

2473 3770 2719 3837 ptismum
2748 3785 2761 3818 :
2789 3767 2875 3834 qui
2902 3780 2993 3833 per
3013 3765 3125 3816 ha'c
3148 3763 3380 3815 ostendit
3402 3760 3841 3814 resurrectionem
3861 3773 3918 3812 se
3942 3772 4053 3811 non

2471 3859 2708 3912 credere.
2743 3857 2839 3923 Qui
2872 3858 3014 3910 enim
3048 3853 3453 3907 resurrectionis
3487 3850 3886 3903 fundamentum
3915 3848 4053 3901 sub~

2474 3949 2662 4009 Yt'rllt,
2696 3946 2965 4016 quomodo
2997 3960 3112 3999 eam
3145 3944 3356 3997 credit?
3391 3941 3479 4011 qui
3527 3951 3705 3993 autem
3745 3952 3848 3991 non
3880 3937 4055 3991 credit

2468 4040 2937 4096 resurrectionem.
2971 4051 3075 4103 quo
3104 4045 3259 4103 pacto
3292 4030 3698 4086 resurrectionis
3729 4042 3899 4098 prccco
3920 4028 4049 4093 erit,

2464 4132 2613 4201 juxta
2654 4145 2773 4183 eum
2818 4128 2905 4196 qui
2939 4127 3069 4179 dixit
3114 4143 3126 4177 :
3165 4124 3430 4187 Quomodo
3474 4133 3639 4176 autem
3682 4122 4052 4191 pra‘dicabunl,

2472 4222 2567 4273 nisi
2606 4220 2908 4273 crediderint
2936 4216 3108 4285 (Rom.
3136 4214 3220 4268 l0.
3248 4214 3359 4282 14).
3384 4212 3478 4266 Hic
3501 4212 3711 4280 quidem
3742 4209 3884 4262 nulla
3905 4223 4053 4263 mer-

2471 4312 2600 4366 cede
2630 4319 2807 4363 eastus
2850 4318 2950 4369 est,
2984 4307 3125 4361 ferro
3165 4316 3371 4367 sectus;
3412 4312 3663 4357 casterum
3698 4300 3892 4354 insanit
3930 4297 4055 4352 sine

2473 4403 2644 4457 fructu
2677 4416 2769 4471 per
2793 4416 2941 4456 suam
2975 4397 3301 4466 spurcitiem.
3336 4394 3458 4448 llaec
3484 4402 3659 4446 autem
3689 4399 3813 4444 sunt
3842 4403 3959 4458 quae
3993 4390 4052 4443 in

2473 4495 2595 4549 Asia
2650 4504 2795 4563 gesta
2847 4501 2991 4555 sunt,
3038 4489 3104 4544 de
3144 4488 3333 4557 quibus
3381 4484 3750 4551 interrogasti,
3802 4496 3864 4535 eo
3904 4480 4054 4548 quod

2473 4584 2798 4653 Theophilus
2838 4580 3129 4649 scripserit,
3167 4578 3437 4632 sexdecim
3472 4574 3749 4643 episcopos
3783 4586 3812 4625 a
3843 4570 4055 4625 Joanne

2474 4676 2742 4744 depositas
2772 4674 2948 4727 fuisse.
2975 4674 3135 4726 Certo
3162 4670 3297 4723 scias
3320 4667 3459 4736 quod
3482 4682 3574 4720 sex
3600 4664 3815 4718 fuerint.
3852 4663 4068 4717 Horum

2473 4768 2631 4821 etiam
2676 4775 2791 4817 acta
2836 4769 3067 4826 exstant,
3115 4775 3229 4830 qua:
3275 4767 3557 4813 servantur
3600 4753 3737 4824 apud
3783 4768 3879 4807 nos
3925 4766 4052 4805 cum

2474 4854 2948 4924 subscriptionibus
2969 4853 3151 4923 viginti
3185 4850 3406 4904 duorum
3430 4848 3823 4917 episcoporum,
3856 4841 3944 4912 qui
3978 4841 4054 4894 ab

2474 4950 2625 5004 initio
2649 4961 2860 5001 causam
2886 4945 3186 5008 audierunt,
3215 4952 3266 4995 et
3288 4940 3617 5010 septuaginta
3641 4949 3823 4991 eorum
3846 4933 3932 5004 qui
3955 4931 4055 4985 de-

2477 5050 2784 5113 posuerunt,
2820 5049 2872 5093 et
2897 5052 3112 5092 cauSam
3146 5035 3513 5089 terminaruut.

2543 5135 2668 5189 Car.
2722 5149 2830 5188 xvi.
2877 5157 2945 5172 -α
2994 5130 3140 5182 Duc.
3192 5128 3407 5195 Ignosce
3453 5122 3619 5187 mihi,
3656 5121 3816 5174 Pater
3862 5137 3876 5173 :
3923 5117 4051 5172 talia

2473 5240 2685 5281 omnem
2710 5223 3039 5283 ebrietatem,
3068 5220 3295 5271 furorem
3317 5230 3378 5268 ac
3399 5211 3680 5267 ludibrium
3701 5217 4047 5277 exsuperant.

2477 5318 2733 5373 Furentes
2763 5314 2902 5367 enim
2930 5312 3019 5381 qui
3051 5318 3172 5363 sunt
3198 5314 3251 5361 et
3276 5304 3406 5360 ebrii
3440 5312 3596 5376 atque
3624 5300 3793 5374 pueri,
3821 5298 3895 5356 illi
3926 5297 4053 5371 qui-

2474 5410 2593 5464 dem
2624 5409 2707 5462 ubi
2737 5408 3069 5479 resipuerunt
3091 5447 3104 5469 ,
3134 5402 3186 5457 hi
3213 5402 3300 5455 ubi
3331 5405 3690 5455 concoxerunt
3710 5436 3725 5460 ,
3756 5393 3842 5447 alii
3872 5399 4056 5447 autem

2476 5504 2563 5560 ubi
2610 5506 2673 5559 ad
2713 5504 2905 5573 justam
2936 5508 3141 5553 aetatem
3172 5501 3529 5567 pervenerunt
3552 5532 3564 5553 ,
3597 5495 3828 5558 negant,
3855 5484 4057 5540 erube-

2477 5608 2686 5653 scentes
2706 5610 2867 5667 prave
2888 5601 2942 5646 et
2962 5590 3259 5646 inordinate
3284 5587 3420 5644 faeta
3442 5593 3599 5655 atque
3622 5583 3761 5638 dicta
3789 5597 3801 5632 :
3828 5577 3903 5633 illi
3928 5593 4061 5633 vero

2480 5694 2531 5747 in
2560 5701 2713 5746 aetate
2746 5687 2995 5752 oerfct‘ta,
3023 5693 3077 5739 et
3102 5685 3151 5737 in
3184 5689 3471 5753 apparentc
3501 5674 3788 5731 sobrietate
3816 5686 3937 5727 cum
3968 5688 4067 5743 pa-
