  <div class='ocr_page' id='page_1' title='image "/cluster/home/n/w/nwhite01/storage/ocr_20150623/47/pst.000005712441/110.png"; bbox 0 0 4264 6306; ppageno 0'>
   <div class='ocr_carea' id='block_1_1' title="bbox 280 266 343 320">
    <p class='ocr_par' dir='ltr' id='par_1_1' title="bbox 280 266 343 320">
     <span class='ocr_line' id='line_1_1' title="bbox 280 266 343 320; baseline 0 0"><span class='ocrx_word' id='word_1_1' title='bbox 280 266 343 320; x_wconf 70' lang='grc'><strong>53</strong></span> 
     </span>
    </p>
   </div>
   <div class='ocr_carea' id='block_1_2' title="bbox 283 390 1870 463">
    <p class='ocr_par' dir='ltr' id='par_1_2' title="bbox 283 390 1870 463">
     <span class='ocr_line' id='line_1_2' title="bbox 283 390 1870 463; baseline 0.002 -20"><span class='ocrx_word' id='word_1_2' title='bbox 283 390 508 453; x_wconf 77' lang='lat' dir='ltr'><strong>trarint,</strong></span> <span class='ocrx_word' id='word_1_3' title='bbox 554 407 664 445; x_wconf 86' lang='lat' dir='ltr'><strong>non</strong></span> <span class='ocrx_word' id='word_1_4' title='bbox 706 391 878 447; x_wconf 82' lang='lat' dir='ltr'><strong>solum</strong></span> <span class='ocrx_word' id='word_1_5' title='bbox 920 407 1025 447; x_wconf 88' lang='lat' dir='ltr'><strong>non</strong></span> <span class='ocrx_word' id='word_1_6' title='bbox 1068 392 1377 463; x_wconf 64' lang='lat' dir='ltr'><strong>paenitentia</strong></span> <span class='ocrx_word' id='word_1_7' title='bbox 1421 403 1729 458; x_wconf 80' lang='lat' dir='ltr'><strong>moventur,</strong></span> <span class='ocrx_word' id='word_1_8' title='bbox 1777 390 1870 447; x_wconf 84' lang='lat' dir='ltr'><strong>sed</strong></span> 
     </span>
    </p>
   </div>
   <div class='ocr_carea' id='block_1_3' title="bbox 283 478 1870 554">
    <p class='ocr_par' dir='ltr' id='par_1_3' title="bbox 283 478 1870 554">
     <span class='ocr_line' id='line_1_3' title="bbox 283 478 1870 554; baseline 0.003 -23"><span class='ocrx_word' id='word_1_9' title='bbox 283 478 452 533; x_wconf 80' lang='lat' dir='ltr'><strong>adhuc</strong></span> <span class='ocrx_word' id='word_1_10' title='bbox 472 480 808 546; x_wconf 85' lang='lat' dir='ltr'><strong>desiderant,</strong></span> <span class='ocrx_word' id='word_1_11' title='bbox 837 491 891 537; x_wconf 90' lang='lat' dir='ltr'><strong>ut</strong></span> <span class='ocrx_word' id='word_1_12' title='bbox 920 482 1067 537; x_wconf 84' lang='lat' dir='ltr'><strong>firma</strong></span> <span class='ocrx_word' id='word_1_13' title='bbox 1100 492 1153 537; x_wconf 90' lang='lat' dir='ltr'><strong>et</strong></span> <span class='ocrx_word' id='word_1_14' title='bbox 1184 483 1469 538; x_wconf 85' lang='lat' dir='ltr'><strong>immobilis</strong></span> <span class='ocrx_word' id='word_1_15' title='bbox 1496 482 1745 554; x_wconf 87' lang='lat' dir='ltr'><strong>perduret</strong></span> <span class='ocrx_word' id='word_1_16' title='bbox 1772 497 1870 538; x_wconf 83' lang='lat' dir='ltr'><strong>sua</strong></span> 
     </span>
    </p>
   </div>
   <div class='ocr_carea' id='block_1_4' title="bbox 284 570 1869 644">
    <p class='ocr_par' dir='ltr' id='par_1_4' title="bbox 284 570 1869 644">
     <span class='ocr_line' id='line_1_4' title="bbox 284 570 1869 644; baseline 0.003 -21"><span class='ocrx_word' id='word_1_17' title='bbox 284 570 620 638; x_wconf 90' lang='lat' dir='ltr'><strong>improbitas.</strong></span> <span class='ocrx_word' id='word_1_18' title='bbox 673 572 773 637; x_wconf 87' lang='lat' dir='ltr'><strong>Qui</strong></span> <span class='ocrx_word' id='word_1_19' title='bbox 818 573 959 627; x_wconf 90' lang='lat' dir='ltr'><strong>enim</strong></span> <span class='ocrx_word' id='word_1_20' title='bbox 1006 589 1109 627; x_wconf 91' lang='lat' dir='ltr'><strong>non</strong></span> <span class='ocrx_word' id='word_1_21' title='bbox 1158 573 1479 629; x_wconf 89' lang='lat' dir='ltr'><strong>horruerunt</strong></span> <span class='ocrx_word' id='word_1_22' title='bbox 1527 574 1869 644; x_wconf 85' lang='lat' dir='ltr'><strong>Evangelium</strong></span> 
     </span>
    </p>
   </div>
   <div class='ocr_carea' id='block_1_5' title="bbox 282 660 1869 730">
    <p class='ocr_par' dir='ltr' id='par_1_5' title="bbox 282 660 1869 730">
     <span class='ocr_line' id='line_1_5' title="bbox 282 660 1869 730; baseline 0.004 -19"><span class='ocrx_word' id='word_1_23' title='bbox 282 660 510 712; x_wconf 85' lang='lat' dir='ltr'><strong>scelesto</strong></span> <span class='ocrx_word' id='word_1_24' title='bbox 535 661 696 729; x_wconf 91' lang='lat' dir='ltr'><strong>capiti</strong></span> <span class='ocrx_word' id='word_1_25' title='bbox 730 662 1001 730; x_wconf 92' lang='lat' dir='ltr'><strong>imponere</strong></span> <span class='ocrx_word' id='word_1_26' title='bbox 1023 703 1038 729; x_wconf 93' lang='lat'><strong>,</strong></span> <span class='ocrx_word' id='word_1_27' title='bbox 1067 664 1152 717; x_wconf 91' lang='lat' dir='ltr'><strong>cui</strong></span> <span class='ocrx_word' id='word_1_28' title='bbox 1182 664 1411 719; x_wconf 86' lang='lat' dir='ltr'><strong>immites</strong></span> <span class='ocrx_word' id='word_1_29' title='bbox 1440 665 1761 719; x_wconf 65' lang='lat' dir='ltr'><strong>muliercula:</strong></span> <span class='ocrx_word' id='word_1_30' title='bbox 1789 666 1869 717; x_wconf 89' lang='lat' dir='ltr'><strong>in-</strong></span> 
     </span>
    </p>
   </div>
   <div class='ocr_carea' id='block_1_6' title="bbox 281 752 1868 825">
    <p class='ocr_par' dir='ltr' id='par_1_6' title="bbox 281 752 1868 825">
     <span class='ocr_line' id='line_1_6' title="bbox 281 752 1868 825; baseline 0.004 -24"><span class='ocrx_word' id='word_1_31' title='bbox 281 752 586 816; x_wconf 83' lang='lat' dir='ltr'><strong>sultavere;</strong></span> <span class='ocrx_word' id='word_1_32' title='bbox 618 769 743 806; x_wconf 90' lang='lat' dir='ltr'><strong>num</strong></span> <span class='ocrx_word' id='word_1_33' title='bbox 775 754 893 807; x_wconf 89' lang='lat' dir='ltr'><strong>aliis</strong></span> <span class='ocrx_word' id='word_1_34' title='bbox 920 754 1431 821; x_wconf 88' lang='lat' dir='ltr'><strong>annumerabuntur,</strong></span> <span class='ocrx_word' id='word_1_35' title='bbox 1462 770 1619 825; x_wconf 91' lang='lat' dir='ltr'><strong>quam</strong></span> <span class='ocrx_word' id='word_1_36' title='bbox 1649 756 1735 825; x_wconf 87' lang='lat' dir='ltr'><strong>qui</strong></span> <span class='ocrx_word' id='word_1_37' title='bbox 1766 756 1868 824; x_wconf 86' lang='lat' dir='ltr'><strong>spi-</strong></span> 
     </span>
    </p>
   </div>
   <div class='ocr_carea' id='block_1_7' title="bbox 282 844 1869 917">
    <p class='ocr_par' dir='ltr' id='par_1_7' title="bbox 282 844 1869 917">
     <span class='ocr_line' id='line_1_7' title="bbox 282 844 1869 917; baseline 0.003 -23"><span class='ocrx_word' id='word_1_38' title='bbox 282 856 437 896; x_wconf 83' lang='lat' dir='ltr'><strong>neatn</strong></span> <span class='ocrx_word' id='word_1_39' title='bbox 479 857 735 898; x_wconf 87' lang='lat' dir='ltr'><strong>coronam</strong></span> <span class='ocrx_word' id='word_1_40' title='bbox 782 844 873 898; x_wconf 87' lang='lat' dir='ltr'><strong>Dei</strong></span> <span class='ocrx_word' id='word_1_41' title='bbox 922 844 1055 899; x_wconf 82' lang='lat' dir='ltr'><strong>Filio</strong></span> <span class='ocrx_word' id='word_1_42' title='bbox 1102 845 1795 917; x_wconf 70' lang='lat' dir='ltr'><strong>imposuerunt?C:cterum</strong></span> <span class='ocrx_word' id='word_1_43' title='bbox 1826 846 1869 899; x_wconf 87' lang='lat' dir='ltr'><strong>si</strong></span> 
     </span>
    </p>
   </div>
   <div class='ocr_carea' id='block_1_8' title="bbox 283 933 1870 1008">
    <p class='ocr_par' dir='ltr' id='par_1_8' title="bbox 283 933 1870 1008">
     <span class='ocr_line' id='line_1_8' title="bbox 283 933 1870 1008; baseline 0.003 -22"><span class='ocrx_word' id='word_1_44' title='bbox 283 933 424 987; x_wconf 81' lang='lat' dir='ltr'><strong>nosti</strong></span> <span class='ocrx_word' id='word_1_45' title='bbox 470 934 689 988; x_wconf 86' lang='lat' dir='ltr'><strong>modum</strong></span> <span class='ocrx_word' id='word_1_46' title='bbox 740 935 1089 991; x_wconf 81' lang='lat' dir='ltr'><strong>ordinationis</strong></span> <span class='ocrx_word' id='word_1_47' title='bbox 1134 937 1447 1008; x_wconf 77' lang='lat' dir='ltr'><strong>Porphyrii.</strong></span> <span class='ocrx_word' id='word_1_48' title='bbox 1496 937 1870 992; x_wconf 69' lang='lat' dir='ltr'><strong>Antiochensis</strong></span> 
     </span>
    </p>
   </div>
   <div class='ocr_carea' id='block_1_9' title="bbox 280 1024 1868 1095">
    <p class='ocr_par' dir='ltr' id='par_1_9' title="bbox 280 1024 1868 1095">
     <span class='ocr_line' id='line_1_9' title="bbox 280 1024 1868 1095; baseline 0.004 -22"><span class='ocrx_word' id='word_1_49' title='bbox 280 1024 541 1091; x_wconf 74' lang='lat' dir='ltr'><strong>episcopi,</strong></span> <span class='ocrx_word' id='word_1_50' title='bbox 569 1033 663 1079; x_wconf 85' lang='lat' dir='ltr'><strong>aut</strong></span> <span class='ocrx_word' id='word_1_51' title='bbox 687 1024 831 1093; x_wconf 85' lang='lat' dir='ltr'><strong>ipsos</strong></span> <span class='ocrx_word' id='word_1_52' title='bbox 856 1026 945 1095; x_wconf 82' lang='lat' dir='ltr'><strong>qui</strong></span> <span class='ocrx_word' id='word_1_53' title='bbox 972 1040 1091 1082; x_wconf 88' lang='lat' dir='ltr'><strong>eum</strong></span> <span class='ocrx_word' id='word_1_54' title='bbox 1132 1028 1479 1092; x_wconf 84' lang='lat' dir='ltr'><strong>ordinarunt,</strong></span> <span class='ocrx_word' id='word_1_55' title='bbox 1515 1036 1605 1080; x_wconf 89' lang='lat' dir='ltr'><strong>aut</strong></span> <span class='ocrx_word' id='word_1_56' title='bbox 1633 1027 1868 1082; x_wconf 86' lang='lat' dir='ltr'><strong>anticam</strong></span> 
     </span>
    </p>
   </div>
   <div class='ocr_carea' id='block_1_10' title="bbox 285 1112 1867 1187">
    <p class='ocr_par' dir='ltr' id='par_1_10' title="bbox 285 1112 1867 1187">
     <span class='ocr_line' id='line_1_10' title="bbox 285 1112 1867 1187; baseline 0.004 -23"><span class='ocrx_word' id='word_1_57' title='bbox 285 1112 522 1168; x_wconf 83' lang='lat' dir='ltr'><strong>hominis</strong></span> <span class='ocrx_word' id='word_1_58' title='bbox 547 1115 735 1181; x_wconf 86' lang='lat' dir='ltr'><strong>vitam,</strong></span> <span class='ocrx_word' id='word_1_59' title='bbox 765 1114 1044 1170; x_wconf 83' lang='lat' dir='ltr'><strong>obscuram</strong></span> <span class='ocrx_word' id='word_1_60' title='bbox 1072 1131 1138 1170; x_wconf 88' lang='lat' dir='ltr'><strong>an</strong></span> <span class='ocrx_word' id='word_1_61' title='bbox 1169 1118 1447 1187; x_wconf 86' lang='lat' dir='ltr'><strong>insignem,</strong></span> <span class='ocrx_word' id='word_1_62' title='bbox 1470 1127 1524 1172; x_wconf 90' lang='lat' dir='ltr'><strong>et</strong></span> <span class='ocrx_word' id='word_1_63' title='bbox 1549 1116 1867 1183; x_wconf 84' lang='lat' dir='ltr'><strong>doctrinam,</strong></span> 
     </span>
    </p>
   </div>
   <div class='ocr_carea' id='block_1_11' title="bbox 281 1204 1868 1276">
    <p class='ocr_par' dir='ltr' id='par_1_11' title="bbox 281 1204 1868 1276">
     <span class='ocr_line' id='line_1_11' title="bbox 281 1204 1868 1276; baseline 0.003 -20"><span class='ocrx_word' id='word_1_64' title='bbox 281 1218 466 1258; x_wconf 87' lang='lat' dir='ltr'><strong>verant</strong></span> <span class='ocrx_word' id='word_1_65' title='bbox 496 1219 563 1258; x_wconf 90' lang='lat' dir='ltr'><strong>an</strong></span> <span class='ocrx_word' id='word_1_66' title='bbox 594 1204 781 1259; x_wconf 77' lang='lat' dir='ltr'><strong>falsam</strong></span> <span class='ocrx_word' id='word_1_67' title='bbox 808 1247 821 1270; x_wconf 91' lang='lat'><strong>,</strong></span> <span class='ocrx_word' id='word_1_68' title='bbox 853 1207 966 1276; x_wconf 87' lang='lat' dir='ltr'><strong>ipse</strong></span> <span class='ocrx_word' id='word_1_69' title='bbox 997 1208 1147 1261; x_wconf 90' lang='lat' dir='ltr'><strong>nobis</strong></span> <span class='ocrx_word' id='word_1_70' title='bbox 1177 1208 1411 1263; x_wconf 87' lang='lat' dir='ltr'><strong>edissere</strong></span> <span class='ocrx_word' id='word_1_71' title='bbox 1440 1226 1453 1261; x_wconf 89' lang='lat'><strong>:</strong></span> <span class='ocrx_word' id='word_1_72' title='bbox 1485 1210 1715 1262; x_wconf 78' lang='lat' dir='ltr'><strong>maxime</strong></span> <span class='ocrx_word' id='word_1_73' title='bbox 1746 1209 1868 1274; x_wconf 83' lang='lat' dir='ltr'><strong>quia</strong></span> 
     </span>
    </p>
   </div>
   <div class='ocr_carea' id='block_1_12' title="bbox 280 1296 1868 1368">
    <p class='ocr_par' dir='ltr' id='par_1_12' title="bbox 280 1296 1868 1368">
     <span class='ocr_line' id='line_1_12' title="bbox 280 1296 1868 1368; baseline 0.003 -19"><span class='ocrx_word' id='word_1_74' title='bbox 280 1296 349 1349; x_wconf 84' lang='lat' dir='ltr'><strong>ad</strong></span> <span class='ocrx_word' id='word_1_75' title='bbox 381 1297 671 1351; x_wconf 77' lang='lat' dir='ltr'><strong>Ecelesiarn</strong></span> <span class='ocrx_word' id='word_1_76' title='bbox 716 1298 1006 1352; x_wconf 83' lang='lat' dir='ltr'><strong>Romanam</strong></span> <span class='ocrx_word' id='word_1_77' title='bbox 1034 1299 1243 1368; x_wconf 80' lang='lat' dir='ltr'><strong>scripsit</strong></span> <span class='ocrx_word' id='word_1_78' title='bbox 1268 1340 1281 1365; x_wconf 90' lang='lat'><strong>,</strong></span> <span class='ocrx_word' id='word_1_79' title='bbox 1312 1308 1367 1353; x_wconf 89' lang='lat' dir='ltr'><strong>et</strong></span> <span class='ocrx_word' id='word_1_80' title='bbox 1397 1314 1653 1368; x_wconf 89' lang='lat' dir='ltr'><strong>responso</strong></span> <span class='ocrx_word' id='word_1_81' title='bbox 1679 1299 1868 1367; x_wconf 83' lang='lat' dir='ltr'><strong>dignus</strong></span> 
     </span>
    </p>
   </div>
   <div class='ocr_carea' id='block_1_13' title="bbox 284 1388 1871 1460">
    <p class='ocr_par' dir='ltr' id='par_1_13' title="bbox 284 1388 1871 1460">
     <span class='ocr_line' id='line_1_13' title="bbox 284 1388 1871 1460; baseline 0.001 -20"><span class='ocrx_word' id='word_1_82' title='bbox 284 1388 503 1442; x_wconf 86' lang='lat' dir='ltr'><strong>habitus</strong></span> <span class='ocrx_word' id='word_1_83' title='bbox 529 1403 637 1442; x_wconf 90' lang='lat' dir='ltr'><strong>non</strong></span> <span class='ocrx_word' id='word_1_84' title='bbox 666 1388 783 1442; x_wconf 87' lang='lat' dir='ltr'><strong>fuit.</strong></span> <span class='ocrx_word' id='word_1_85' title='bbox 808 1389 987 1446; x_wconf 72' lang='lat' dir='ltr'><strong>Eersc.</strong></span> <span class='ocrx_word' id='word_1_86' title='bbox 1021 1390 1217 1444; x_wconf 79' lang='lat' dir='ltr'><strong>Eadem</strong></span> <span class='ocrx_word' id='word_1_87' title='bbox 1246 1391 1372 1444; x_wconf 92' lang='lat' dir='ltr'><strong>mihi</strong></span> <span class='ocrx_word' id='word_1_88' title='bbox 1401 1406 1462 1444; x_wconf 89' lang='lat' dir='ltr'><strong>ac</strong></span> <span class='ocrx_word' id='word_1_89' title='bbox 1494 1390 1639 1460; x_wconf 82' lang='lat' dir='ltr'><strong>prius</strong></span> <span class='ocrx_word' id='word_1_90' title='bbox 1660 1390 1760 1443; x_wconf 91' lang='lat' dir='ltr'><strong>erit</strong></span> <span class='ocrx_word' id='word_1_91' title='bbox 1788 1404 1871 1442; x_wconf 91' lang='lat' dir='ltr'><strong>ra-</strong></span> 
     </span>
    </p>
   </div>
   <div class='ocr_carea' id='block_1_14' title="bbox 280 1479 1869 1535">
    <p class='ocr_par' dir='ltr' id='par_1_14' title="bbox 280 1479 1869 1535">
     <span class='ocr_line' id='line_1_14' title="bbox 280 1479 1869 1535; baseline 0 -2"><span class='ocrx_word' id='word_1_92' title='bbox 280 1479 361 1533; x_wconf 85' lang='lat' dir='ltr'><strong>tio</strong></span> <span class='ocrx_word' id='word_1_93' title='bbox 392 1479 635 1533; x_wconf 83' lang='lat' dir='ltr'><strong>veritatis</strong></span> <span class='ocrx_word' id='word_1_94' title='bbox 670 1498 681 1530; x_wconf 94' lang='lat'>:</span> <span class='ocrx_word' id='word_1_95' title='bbox 710 1495 817 1533; x_wconf 90' lang='lat' dir='ltr'><strong>non</strong></span> <span class='ocrx_word' id='word_1_96' title='bbox 857 1480 1002 1535; x_wconf 87' lang='lat' dir='ltr'><strong>enim</strong></span> <span class='ocrx_word' id='word_1_97' title='bbox 1026 1480 1315 1535; x_wconf 77' lang='lat' dir='ltr'><strong>obliviscar</strong></span> <span class='ocrx_word' id='word_1_98' title='bbox 1342 1496 1525 1535; x_wconf 87' lang='lat' dir='ltr'><strong>vocem</strong></span> <span class='ocrx_word' id='word_1_99' title='bbox 1555 1480 1760 1534; x_wconf 75' lang='lat' dir='ltr'><strong>Domini</strong></span> <span class='ocrx_word' id='word_1_100' title='bbox 1787 1480 1869 1533; x_wconf 88' lang='lat' dir='ltr'><strong>di-</strong></span> 
     </span>
    </p>
   </div>
   <div class='ocr_carea' id='block_1_15' title="bbox 278 1568 1872 1626">
    <p class='ocr_par' dir='ltr' id='par_1_15' title="bbox 278 1568 1872 1626">
     <span class='ocr_line' id='line_1_15' title="bbox 278 1568 1872 1626; baseline 0.001 -3"><span class='ocrx_word' id='word_1_101' title='bbox 278 1568 459 1623; x_wconf 80' lang='lat' dir='ltr'><strong>centis</strong></span> <span class='ocrx_word' id='word_1_102' title='bbox 490 1588 503 1624; x_wconf 90' lang='lat'><strong>:</strong></span> <span class='ocrx_word' id='word_1_103' title='bbox 535 1569 610 1623; x_wconf 87' lang='lat' dir='ltr'><strong>De</strong></span> <span class='ocrx_word' id='word_1_104' title='bbox 635 1571 773 1623; x_wconf 83' lang='grc' dir='ltr'><strong>οηιηί</strong></span> <span class='ocrx_word' id='word_1_105' title='bbox 792 1571 941 1624; x_wconf 79' lang='lat' dir='ltr'><strong>verbo</strong></span> <span class='ocrx_word' id='word_1_106' title='bbox 965 1572 1120 1626; x_wconf 80' lang='lat' dir='ltr'><strong>otioso</strong></span> <span class='ocrx_word' id='word_1_107' title='bbox 1146 1572 1355 1625; x_wconf 82' lang='lat' dir='ltr'><strong>reddent</strong></span> <span class='ocrx_word' id='word_1_108' title='bbox 1380 1573 1623 1625; x_wconf 85' lang='lat' dir='ltr'><strong>rationem</strong></span> <span class='ocrx_word' id='word_1_109' title='bbox 1646 1574 1872 1625; x_wconf 79' lang='lat' dir='ltr'><strong>homines</strong></span> 
     </span>
    </p>
   </div>
   <div class='ocr_carea' id='block_1_16' title="bbox 282 1659 1873 1733">
    <p class='ocr_par' dir='ltr' id='par_1_16' title="bbox 282 1659 1873 1733">
     <span class='ocr_line' id='line_1_16' title="bbox 282 1659 1873 1733; baseline 0.003 -18"><span class='ocrx_word' id='word_1_110' title='bbox 282 1663 338 1715; x_wconf 85' lang='lat' dir='ltr'><strong>in</strong></span> <span class='ocrx_word' id='word_1_111' title='bbox 386 1662 468 1714; x_wconf 82' lang='lat' dir='ltr'><strong>die</strong></span> <span class='ocrx_word' id='word_1_112' title='bbox 497 1662 683 1731; x_wconf 83' lang='lat' dir='ltr'><strong>judicii</strong></span> <span class='ocrx_word' id='word_1_113' title='bbox 716 1659 942 1731; x_wconf 80' lang='lat' dir='ltr'><strong>(Matth.</strong></span> <span class='ocrx_word' id='word_1_114' title='bbox 974 1662 1060 1717; x_wconf 74' lang='lat' dir='ltr'><strong>l2.</strong></span> <span class='ocrx_word' id='word_1_115' title='bbox 1110 1663 1177 1717; x_wconf 80' lang='lat'><strong>56</strong></span> <span class='ocrx_word' id='word_1_116' title='bbox 1203 1664 1242 1731; x_wconf 88' lang='lat'><strong>).</strong></span> <span class='ocrx_word' id='word_1_117' title='bbox 1277 1664 1387 1733; x_wconf 85' lang='lat' dir='ltr'><strong>Ego</strong></span> <span class='ocrx_word' id='word_1_118' title='bbox 1417 1674 1593 1719; x_wconf 90' lang='lat' dir='ltr'><strong>autem</strong></span> <span class='ocrx_word' id='word_1_119' title='bbox 1622 1663 1873 1720; x_wconf 82' lang='lat' dir='ltr'><strong>audacter</strong></span> 
     </span>
    </p>
   </div>
   <div class='ocr_carea' id='block_1_17' title="bbox 283 1751 1871 1825">
    <p class='ocr_par' dir='ltr' id='par_1_17' title="bbox 283 1751 1871 1825">
     <span class='ocr_line' id='line_1_17' title="bbox 283 1751 1871 1825; baseline 0.003 -20"><span class='ocrx_word' id='word_1_120' title='bbox 283 1752 563 1817; x_wconf 82' lang='lat' dir='ltr'><strong>addidero,</strong></span> <span class='ocrx_word' id='word_1_121' title='bbox 592 1751 658 1806; x_wconf 85' lang='lat' dir='ltr'><strong>Et</strong></span> <span class='ocrx_word' id='word_1_122' title='bbox 677 1751 745 1806; x_wconf 88' lang='lat' dir='ltr'><strong>de</strong></span> <span class='ocrx_word' id='word_1_123' title='bbox 769 1753 909 1806; x_wconf 89' lang='lat' dir='ltr'><strong>ornni</strong></span> <span class='ocrx_word' id='word_1_124' title='bbox 937 1754 1107 1808; x_wconf 90' lang='lat' dir='ltr'><strong>otioso</strong></span> <span class='ocrx_word' id='word_1_125' title='bbox 1134 1756 1335 1807; x_wconf 88' lang='lat' dir='ltr'><strong>arrditu.</strong></span> <span class='ocrx_word' id='word_1_126' title='bbox 1362 1756 1539 1824; x_wconf 87' lang='lat' dir='ltr'><strong>Itaque</strong></span> <span class='ocrx_word' id='word_1_127' title='bbox 1568 1765 1622 1809; x_wconf 92' lang='lat' dir='ltr'><strong>et</strong></span> <span class='ocrx_word' id='word_1_128' title='bbox 1648 1756 1871 1825; x_wconf 88' lang='lat' dir='ltr'><strong>teipsum</strong></span> 
     </span>
    </p>
   </div>
   <div class='ocr_carea' id='block_1_18' title="bbox 286 1842 1872 1916">
    <p class='ocr_par' dir='ltr' id='par_1_18' title="bbox 286 1842 1872 1916">
     <span class='ocr_line' id='line_1_18' title="bbox 286 1842 1872 1916; baseline 0.003 -21"><span class='ocrx_word' id='word_1_129' title='bbox 286 1854 443 1897; x_wconf 89' lang='lat' dir='ltr'><strong>tuere</strong></span> <span class='ocrx_word' id='word_1_130' title='bbox 469 1844 707 1907; x_wconf 86' lang='lat' dir='ltr'><strong>cautius,</strong></span> <span class='ocrx_word' id='word_1_131' title='bbox 742 1857 809 1897; x_wconf 88' lang='lat' dir='ltr'><strong>ne</strong></span> <span class='ocrx_word' id='word_1_132' title='bbox 839 1842 883 1897; x_wconf 94' lang='lat' dir='ltr'><strong>si</strong></span> <span class='ocrx_word' id='word_1_133' title='bbox 912 1845 1037 1913; x_wconf 90' lang='lat' dir='ltr'><strong>quid</strong></span> <span class='ocrx_word' id='word_1_134' title='bbox 1067 1861 1151 1899; x_wconf 80' lang='lat' dir='ltr'><strong>me.</strong></span> <span class='ocrx_word' id='word_1_135' title='bbox 1183 1861 1285 1899; x_wconf 89' lang='lat' dir='ltr'><strong>non</strong></span> <span class='ocrx_word' id='word_1_136' title='bbox 1314 1863 1437 1900; x_wconf 78' lang='lat' dir='ltr'><strong>vere</strong></span> <span class='ocrx_word' id='word_1_137' title='bbox 1465 1847 1604 1916; x_wconf 81' lang='lat' dir='ltr'><strong>loqui</strong></span> <span class='ocrx_word' id='word_1_138' title='bbox 1634 1847 1872 1899; x_wconf 86' lang='lat' dir='ltr'><strong>animad-</strong></span> 
     </span>
    </p>
   </div>
   <div class='ocr_carea' id='block_1_19' title="bbox 286 1932 1870 2005">
    <p class='ocr_par' dir='ltr' id='par_1_19' title="bbox 286 1932 1870 2005">
     <span class='ocr_line' id='line_1_19' title="bbox 286 1932 1870 2005; baseline 0.003 -23"><span class='ocrx_word' id='word_1_139' title='bbox 286 1942 488 1998; x_wconf 85' lang='lat' dir='ltr'><strong>vertas,</strong></span> <span class='ocrx_word' id='word_1_140' title='bbox 512 1947 619 1985; x_wconf 89' lang='lat' dir='ltr'><strong>non</strong></span> <span class='ocrx_word' id='word_1_141' title='bbox 651 1932 799 1985; x_wconf 91' lang='lat' dir='ltr'><strong>canis</strong></span> <span class='ocrx_word' id='word_1_142' title='bbox 824 1934 957 1987; x_wconf 89' lang='lat' dir='ltr'><strong>meis</strong></span> <span class='ocrx_word' id='word_1_143' title='bbox 986 1933 1163 1998; x_wconf 76' lang='lat' dir='ltr'><strong>cedas,</strong></span> <span class='ocrx_word' id='word_1_144' title='bbox 1194 1935 1285 1987; x_wconf 85' lang='lat' dir='ltr'><strong>sed</strong></span> <span class='ocrx_word' id='word_1_145' title='bbox 1315 1936 1409 2005; x_wconf 84' lang='lat' dir='ltr'><strong>ipsi</strong></span> <span class='ocrx_word' id='word_1_146' title='bbox 1439 1952 1613 1989; x_wconf 90' lang='lat' dir='ltr'><strong>rerum</strong></span> <span class='ocrx_word' id='word_1_147' title='bbox 1644 1936 1870 1989; x_wconf 84' lang='lat' dir='ltr'><strong>veritati.</strong></span> 
     </span>
    </p>
   </div>
   <div class='ocr_carea' id='block_1_20' title="bbox 283 2020 1869 2093">
    <p class='ocr_par' dir='ltr' id='par_1_20' title="bbox 283 2020 1869 2093">
     <span class='ocr_line' id='line_1_20' title="bbox 283 2020 1869 2093; baseline 0.005 -22"><span class='ocrx_word' id='word_1_148' title='bbox 283 2020 429 2086; x_wconf 74' lang='lat' dir='ltr'><strong>Quid</strong></span> <span class='ocrx_word' id='word_1_149' title='bbox 455 2020 597 2074; x_wconf 91' lang='lat' dir='ltr'><strong>enim</strong></span> <span class='ocrx_word' id='word_1_150' title='bbox 629 2022 758 2075; x_wconf 90' lang='lat' dir='ltr'><strong>mihi</strong></span> <span class='ocrx_word' id='word_1_151' title='bbox 784 2036 850 2076; x_wconf 77' lang='lat' dir='ltr'><strong>es</strong></span> <span class='ocrx_word' id='word_1_152' title='bbox 881 2022 961 2085; x_wconf 86' lang='lat' dir='ltr'><strong>iis,</strong></span> <span class='ocrx_word' id='word_1_153' title='bbox 988 2040 1104 2093; x_wconf 74' lang='lat' dir='ltr'><strong>qua:</strong></span> <span class='ocrx_word' id='word_1_154' title='bbox 1130 2024 1283 2079; x_wconf 91' lang='lat' dir='ltr'><strong>hodie</strong></span> <span class='ocrx_word' id='word_1_155' title='bbox 1304 2035 1400 2079; x_wconf 89' lang='lat' dir='ltr'><strong>aut</strong></span> <span class='ocrx_word' id='word_1_156' title='bbox 1428 2026 1538 2079; x_wconf 85' lang='lat' dir='ltr'><strong>heri</strong></span> <span class='ocrx_word' id='word_1_157' title='bbox 1563 2025 1704 2081; x_wconf 89' lang='lat' dir='ltr'><strong>dicta</strong></span> <span class='ocrx_word' id='word_1_158' title='bbox 1729 2034 1869 2091; x_wconf 89' lang='lat' dir='ltr'><strong>sunt,</strong></span> 
     </span>
    </p>
   </div>
   <div class='ocr_carea' id='block_1_21' title="bbox 280 2108 1873 2184">
    <p class='ocr_par' dir='ltr' id='par_1_21' title="bbox 280 2108 1873 2184">
     <span class='ocr_line' id='line_1_21' title="bbox 280 2108 1873 2184; baseline 0.004 -22"><span class='ocrx_word' id='word_1_159' title='bbox 280 2108 531 2163; x_wconf 72' lang='lat' dir='ltr'><strong>utilitatis</strong></span> <span class='ocrx_word' id='word_1_160' title='bbox 559 2110 815 2175; x_wconf 83' lang='lat' dir='ltr'><strong>accedat,</strong></span> <span class='ocrx_word' id='word_1_161' title='bbox 848 2112 893 2164; x_wconf 90' lang='lat' dir='ltr'><strong>si</strong></span> <span class='ocrx_word' id='word_1_162' title='bbox 922 2113 1179 2180; x_wconf 77' lang='lat' dir='ltr'><strong>mentiar,</strong></span> <span class='ocrx_word' id='word_1_163' title='bbox 1209 2130 1327 2183; x_wconf 76' lang='lat' dir='ltr'><strong>qua:</strong></span> <span class='ocrx_word' id='word_1_164' title='bbox 1356 2114 1408 2168; x_wconf 86' lang='lat' dir='ltr'><strong>in</strong></span> <span class='ocrx_word' id='word_1_165' title='bbox 1443 2124 1753 2184; x_wconf 81' lang='lat' dir='ltr'><strong>perpetuum</strong></span> <span class='ocrx_word' id='word_1_166' title='bbox 1780 2130 1873 2169; x_wconf 83' lang='lat' dir='ltr'><strong>co-</strong></span> 
     </span>
    </p>
   </div>
   <div class='ocr_carea' id='block_1_22' title="bbox 288 2199 1875 2274">
    <p class='ocr_par' dir='ltr' id='par_1_22' title="bbox 288 2199 1875 2274">
     <span class='ocr_line' id='line_1_22' title="bbox 288 2199 1875 2274; baseline 0.005 -23"><span class='ocrx_word' id='word_1_167' title='bbox 288 2213 407 2251; x_wconf 85' lang='lat' dir='ltr'><strong>ram</strong></span> <span class='ocrx_word' id='word_1_168' title='bbox 442 2211 632 2253; x_wconf 77' lang='lat' dir='ltr'><strong>exaeto</strong></span> <span class='ocrx_word' id='word_1_169' title='bbox 655 2199 855 2269; x_wconf 87' lang='lat' dir='ltr'><strong>judicio</strong></span> <span class='ocrx_word' id='word_1_170' title='bbox 882 2200 1178 2256; x_wconf 80' lang='lat' dir='ltr'><strong>confusioni</strong></span> <span class='ocrx_word' id='word_1_171' title='bbox 1212 2204 1337 2257; x_wconf 88' lang='lat' dir='ltr'><strong>nrilri</strong></span> <span class='ocrx_word' id='word_1_172' title='bbox 1366 2203 1580 2258; x_wconf 81' lang='lat' dir='ltr'><strong>forent?</strong></span> <span class='ocrx_word' id='word_1_173' title='bbox 1610 2204 1875 2274; x_wconf 91' lang='lat' dir='ltr'><strong>quomodo</strong></span> 
     </span>
    </p>
   </div>
   <div class='ocr_carea' id='block_1_23' title="bbox 287 2288 1876 2362">
    <p class='ocr_par' dir='ltr' id='par_1_23' title="bbox 287 2288 1876 2362">
     <span class='ocr_line' id='line_1_23' title="bbox 287 2288 1876 2362; baseline 0.006 -22"><span class='ocrx_word' id='word_1_174' title='bbox 287 2298 473 2342; x_wconf 86' lang='lat' dir='ltr'><strong>autem</strong></span> <span class='ocrx_word' id='word_1_175' title='bbox 501 2288 667 2344; x_wconf 83' lang='lat' dir='ltr'><strong>feram</strong></span> <span class='ocrx_word' id='word_1_176' title='bbox 702 2290 955 2345; x_wconf 82' lang='lat' dir='ltr'><strong>molarem</strong></span> <span class='ocrx_word' id='word_1_177' title='bbox 980 2293 1323 2348; x_wconf 87' lang='lat' dir='ltr'><strong>detractionis</strong></span> <span class='ocrx_word' id='word_1_178' title='bbox 1356 2294 1584 2362; x_wconf 89' lang='lat' dir='ltr'><strong>lapidem</strong></span> <span class='ocrx_word' id='word_1_179' title='bbox 1607 2295 1659 2348; x_wconf 93' lang='lat' dir='ltr'><strong>in</strong></span> <span class='ocrx_word' id='word_1_180' title='bbox 1680 2296 1876 2350; x_wconf 83' lang='lat' dir='ltr'><strong>vertice</strong></span> 
     </span>
    </p>
   </div>
   <div class='ocr_carea' id='block_1_24' title="bbox 288 2376 1875 2455">
    <p class='ocr_par' dir='ltr' id='par_1_24' title="bbox 288 2376 1875 2455">
     <span class='ocr_line' id='line_1_24' title="bbox 288 2376 1875 2455; baseline 0.006 -25"><span class='ocrx_word' id='word_1_181' title='bbox 288 2376 509 2443; x_wconf 86' lang='lat' dir='ltr'><strong>mentis,</strong></span> <span class='ocrx_word' id='word_1_182' title='bbox 534 2378 586 2431; x_wconf 91' lang='lat' dir='ltr'><strong>in</strong></span> <span class='ocrx_word' id='word_1_183' title='bbox 610 2378 926 2448; x_wconf 82' lang='lat' dir='ltr'><strong>profundunt</strong></span> <span class='ocrx_word' id='word_1_184' title='bbox 944 2381 1203 2450; x_wconf 64' lang='lat' dir='ltr'><strong>gehennae</strong></span> <span class='ocrx_word' id='word_1_185' title='bbox 1232 2383 1518 2448; x_wconf 88' lang='lat' dir='ltr'><strong>detractus,</strong></span> <span class='ocrx_word' id='word_1_186' title='bbox 1545 2395 1759 2455; x_wconf 85' lang='lat' dir='ltr'><strong>propter</strong></span> <span class='ocrx_word' id='word_1_187' title='bbox 1784 2401 1875 2441; x_wconf 89' lang='lat' dir='ltr'><strong>eos</strong></span> 
     </span>
    </p>
   </div>
   <div class='ocr_carea' id='block_1_25' title="bbox 284 2466 1878 2545">
    <p class='ocr_par' dir='ltr' id='par_1_25' title="bbox 284 2466 1878 2545">
     <span class='ocr_line' id='line_1_25' title="bbox 284 2466 1878 2545; baseline 0.009 -31"><span class='ocrx_word' id='word_1_188' title='bbox 284 2466 381 2535; x_wconf 79' lang='lat' dir='ltr'><strong>qui</strong></span> <span class='ocrx_word' id='word_1_189' title='bbox 410 2481 438 2518; x_wconf 93' lang='lat' dir='ltr'><strong>a</strong></span> <span class='ocrx_word' id='word_1_190' title='bbox 459 2467 749 2522; x_wconf 88' lang='lat' dir='ltr'><strong>mendaciis</strong></span> <span class='ocrx_word' id='word_1_191' title='bbox 779 2472 1083 2525; x_wconf 81' lang='lat' dir='ltr'><strong>scandalum</strong></span> <span class='ocrx_word' id='word_1_192' title='bbox 1104 2474 1401 2540; x_wconf 88' lang='lat' dir='ltr'><strong>passisunt.</strong></span> <span class='ocrx_word' id='word_1_193' title='bbox 1429 2474 1751 2545; x_wconf 85' lang='lat' dir='ltr'><strong>Porphyrius</strong></span> <span class='ocrx_word' id='word_1_194' title='bbox 1770 2476 1878 2545; x_wconf 82' lang='lat' dir='ltr'><strong>qui-</strong></span> 
     </span>
    </p>
   </div>
   <div class='ocr_carea' id='block_1_26' title="bbox 282 2556 1877 2628">
    <p class='ocr_par' dir='ltr' id='par_1_26' title="bbox 282 2556 1877 2628">
     <span class='ocr_line' id='line_1_26' title="bbox 282 2556 1877 2628; baseline 0.006 -19"><span class='ocrx_word' id='word_1_195' title='bbox 282 2556 415 2609; x_wconf 72' lang='lat' dir='ltr'><strong>dem</strong></span> <span class='ocrx_word' id='word_1_196' title='bbox 436 2556 534 2609; x_wconf 59' lang='lat' dir='ltr'><strong>iste</strong></span> <span class='ocrx_word' id='word_1_197' title='bbox 552 2558 601 2610; x_wconf 89' lang='lat' dir='ltr'><strong>in</strong></span> <span class='ocrx_word' id='word_1_198' title='bbox 623 2557 856 2612; x_wconf 85' lang='lat' dir='ltr'><strong>Ecclesia</strong></span> <span class='ocrx_word' id='word_1_199' title='bbox 875 2559 961 2613; x_wconf 90' lang='lat' dir='ltr'><strong>diu</strong></span> <span class='ocrx_word' id='word_1_200' title='bbox 976 2570 1211 2614; x_wconf 88' lang='lat' dir='ltr'><strong>versatus</strong></span> <span class='ocrx_word' id='word_1_201' title='bbox 1229 2573 1329 2628; x_wconf 89' lang='lat' dir='ltr'><strong>est,</strong></span> <span class='ocrx_word' id='word_1_202' title='bbox 1345 2572 1397 2615; x_wconf 92' lang='lat' dir='ltr'><strong>et</strong></span> <span class='ocrx_word' id='word_1_203' title='bbox 1415 2563 1620 2617; x_wconf 89' lang='lat' dir='ltr'><strong>diaconi</strong></span> <span class='ocrx_word' id='word_1_204' title='bbox 1634 2572 1688 2617; x_wconf 92' lang='lat' dir='ltr'><strong>et</strong></span> <span class='ocrx_word' id='word_1_205' title='bbox 1703 2579 1877 2618; x_wconf 84' lang='lat' dir='ltr'><strong>sacer-</strong></span> 
     </span>
    </p>
   </div>
   <div class='ocr_carea' id='block_1_27' title="bbox 281 2645 1871 2725">
    <p class='ocr_par' dir='ltr' id='par_1_27' title="bbox 281 2645 1871 2725">
     <span class='ocr_line' id='line_1_27' title="bbox 281 2645 1871 2725; baseline 0.006 -26"><span class='ocrx_word' id='word_1_206' title='bbox 281 2645 435 2700; x_wconf 75' lang='lat' dir='ltr'><strong>dotis</strong></span> <span class='ocrx_word' id='word_1_207' title='bbox 455 2646 668 2702; x_wconf 83' lang='lat' dir='ltr'><strong>functus</strong></span> <span class='ocrx_word' id='word_1_208' title='bbox 689 2650 863 2704; x_wconf 88' lang='lat' dir='ltr'><strong>oflieio</strong></span> <span class='ocrx_word' id='word_1_209' title='bbox 891 2649 941 2704; x_wconf 86' lang='lat' dir='ltr'><strong>in</strong></span> <span class='ocrx_word' id='word_1_210' title='bbox 973 2653 1320 2723; x_wconf 82' lang='lat' dir='ltr'><strong>presbyterio,</strong></span> <span class='ocrx_word' id='word_1_211' title='bbox 1356 2655 1470 2709; x_wconf 81' lang='lat' dir='ltr'><strong>istis</strong></span> <span class='ocrx_word' id='word_1_212' title='bbox 1495 2655 1707 2725; x_wconf 83' lang='lat' dir='ltr'><strong>quidem</strong></span> <span class='ocrx_word' id='word_1_213' title='bbox 1740 2665 1871 2711; x_wconf 91' lang='lat' dir='ltr'><strong>tem-</strong></span> 
     </span>
    </p>
   </div>
   <div class='ocr_carea' id='block_1_28' title="bbox 287 2738 1873 2815">
    <p class='ocr_par' dir='ltr' id='par_1_28' title="bbox 287 2738 1873 2815">
     <span class='ocr_line' id='line_1_28' title="bbox 287 2738 1873 2815; baseline 0.006 -24"><span class='ocrx_word' id='word_1_214' title='bbox 287 2738 512 2807; x_wconf 70' lang='lat' dir='ltr'><strong>poribus</strong></span> <span class='ocrx_word' id='word_1_215' title='bbox 546 2739 751 2793; x_wconf 89' lang='lat' dir='ltr'><strong>alienos</strong></span> <span class='ocrx_word' id='word_1_216' title='bbox 781 2756 957 2795; x_wconf 89' lang='lat' dir='ltr'><strong>mores</strong></span> <span class='ocrx_word' id='word_1_217' title='bbox 997 2758 1187 2811; x_wconf 79' lang='lat' dir='ltr'><strong>gerens</strong></span> <span class='ocrx_word' id='word_1_218' title='bbox 1214 2785 1228 2807; x_wconf 92' lang='lat'><strong>,</strong></span> <span class='ocrx_word' id='word_1_219' title='bbox 1262 2745 1313 2798; x_wconf 91' lang='lat' dir='ltr'><strong>in</strong></span> <span class='ocrx_word' id='word_1_220' title='bbox 1354 2746 1495 2799; x_wconf 93' lang='lat' dir='ltr'><strong>nulla</strong></span> <span class='ocrx_word' id='word_1_221' title='bbox 1534 2760 1783 2815; x_wconf 88' lang='lat' dir='ltr'><strong>umquam</strong></span> <span class='ocrx_word' id='word_1_222' title='bbox 1816 2762 1873 2801; x_wconf 87' lang='lat' dir='ltr'><strong>re</strong></span> 
     </span>
    </p>
   </div>
   <div class='ocr_carea' id='block_1_29' title="bbox 286 2827 1879 2905">
    <p class='ocr_par' dir='ltr' id='par_1_29' title="bbox 286 2827 1879 2905">
     <span class='ocr_line' id='line_1_29' title="bbox 286 2827 1879 2905; baseline 0.006 -25"><span class='ocrx_word' id='word_1_223' title='bbox 286 2827 519 2898; x_wconf 75' lang='lat' dir='ltr'><strong>spiritali</strong></span> <span class='ocrx_word' id='word_1_224' title='bbox 544 2829 794 2883; x_wconf 70' lang='lat' dir='ltr'><strong>Ecclesia:</strong></span> <span class='ocrx_word' id='word_1_225' title='bbox 819 2831 1028 2899; x_wconf 90' lang='lat' dir='ltr'><strong>profuit.</strong></span> <span class='ocrx_word' id='word_1_226' title='bbox 1053 2831 1317 2887; x_wconf 69' lang='lat' dir='ltr'><strong>Casterum</strong></span> <span class='ocrx_word' id='word_1_227' title='bbox 1342 2834 1526 2887; x_wconf 88' lang='lat' dir='ltr'><strong>vicinis</strong></span> <span class='ocrx_word' id='word_1_228' title='bbox 1545 2845 1599 2889; x_wconf 91' lang='lat' dir='ltr'><strong>et</strong></span> <span class='ocrx_word' id='word_1_229' title='bbox 1621 2837 1879 2905; x_wconf 85' lang='lat' dir='ltr'><strong>religiosis</strong></span> 
     </span>
    </p>
   </div>
   <div class='ocr_carea' id='block_1_30' title="bbox 280 2918 1881 2995">
    <p class='ocr_par' dir='ltr' id='par_1_30' title="bbox 280 2918 1881 2995">
     <span class='ocr_line' id='line_1_30' title="bbox 280 2918 1881 2995; baseline 0.004 -21"><span class='ocrx_word' id='word_1_230' title='bbox 280 2918 560 2990; x_wconf 83' lang='lat' dir='ltr'><strong>episcopis</strong></span> <span class='ocrx_word' id='word_1_231' title='bbox 590 2934 802 2991; x_wconf 90' lang='lat' dir='ltr'><strong>semper</strong></span> <span class='ocrx_word' id='word_1_232' title='bbox 827 2920 1138 2989; x_wconf 87' lang='lat' dir='ltr'><strong>adversans,</strong></span> <span class='ocrx_word' id='word_1_233' title='bbox 1167 2934 1350 2993; x_wconf 89' lang='lat' dir='ltr'><strong>utpote</strong></span> <span class='ocrx_word' id='word_1_234' title='bbox 1378 2927 1466 2995; x_wconf 85' lang='lat' dir='ltr'><strong>qui</strong></span> <span class='ocrx_word' id='word_1_235' title='bbox 1494 2936 1635 2981; x_wconf 86' lang='lat' dir='ltr'><strong>esset</strong></span> <span class='ocrx_word' id='word_1_236' title='bbox 1656 2943 1687 2981; x_wconf 92' lang='lat' dir='ltr'><strong>e</strong></span> <span class='ocrx_word' id='word_1_237' title='bbox 1714 2928 1881 2981; x_wconf 81' lang='lat' dir='ltr'><strong>maxi-</strong></span> 
     </span>
    </p>
   </div>
   <div class='ocr_carea' id='block_1_31' title="bbox 287 3012 1877 3085">
    <p class='ocr_par' dir='ltr' id='par_1_31' title="bbox 287 3012 1877 3085">
     <span class='ocr_line' id='line_1_31' title="bbox 287 3012 1877 3085; baseline 0.003 -20"><span class='ocrx_word' id='word_1_238' title='bbox 287 3025 380 3065; x_wconf 85' lang='lat' dir='ltr'><strong>ma</strong></span> <span class='ocrx_word' id='word_1_239' title='bbox 406 3012 650 3076; x_wconf 89' lang='lat' dir='ltr'><strong>civitate,</strong></span> <span class='ocrx_word' id='word_1_240' title='bbox 682 3020 739 3066; x_wconf 93' lang='lat' dir='ltr'><strong>et</strong></span> <span class='ocrx_word' id='word_1_241' title='bbox 762 3012 1102 3081; x_wconf 81' lang='lat' dir='ltr'><strong>magistratus</strong></span> <span class='ocrx_word' id='word_1_242' title='bbox 1126 3013 1350 3069; x_wconf 85' lang='lat' dir='ltr'><strong>haberet</strong></span> <span class='ocrx_word' id='word_1_243' title='bbox 1377 3016 1426 3068; x_wconf 90' lang='lat' dir='ltr'><strong>in</strong></span> <span class='ocrx_word' id='word_1_244' title='bbox 1457 3026 1737 3085; x_wconf 86' lang='lat' dir='ltr'><strong>potestate,</strong></span> <span class='ocrx_word' id='word_1_245' title='bbox 1766 3034 1877 3072; x_wconf 88' lang='lat' dir='ltr'><strong>rem</strong></span> 
     </span>
    </p>
   </div>
   <div class='ocr_carea' id='block_1_32' title="bbox 284 3088 1877 3175">
    <p class='ocr_par' dir='ltr' id='par_1_32' title="bbox 284 3088 1877 3175">
     <span class='ocr_line' id='line_1_32' title="bbox 284 3088 1877 3175; baseline 0.003 -19"><span class='ocrx_word' id='word_1_246' title='bbox 284 3110 621 3170; x_wconf 79' lang='lat' dir='ltr'><strong>cauponatus</strong></span> <span class='ocrx_word' id='word_1_247' title='bbox 642 3110 725 3156; x_wconf 89' lang='lat' dir='ltr'><strong>est</strong></span> <span class='ocrx_word' id='word_1_248' title='bbox 742 3119 761 3153; x_wconf 67' lang='grc' dir='ltr'><strong>ς</strong></span> <span class='ocrx_word' id='word_1_249' title='bbox 782 3104 978 3157; x_wconf 88' lang='lat' dir='ltr'><strong>sanctis</strong></span> <span class='ocrx_word' id='word_1_250' title='bbox 997 3103 1137 3157; x_wconf 85' lang='lat' dir='ltr'><strong>enim</strong></span> <span class='ocrx_word' id='word_1_251' title='bbox 1154 3104 1584 3161; x_wconf 75' lang='lat' dir='ltr'><strong>ordinationibus</strong></span> <span class='ocrx_word' id='word_1_252' title='bbox 1602 3088 1877 3175; x_wconf 74' lang='lat' dir='ltr'><strong>insidians,</strong></span> 
     </span>
    </p>
   </div>
   <div class='ocr_carea' id='block_1_33' title="bbox 283 3194 1878 3269">
    <p class='ocr_par' dir='ltr' id='par_1_33' title="bbox 283 3194 1878 3269">
     <span class='ocr_line' id='line_1_33' title="bbox 283 3194 1878 3269; baseline 0.006 -23"><span class='ocrx_word' id='word_1_253' title='bbox 283 3206 506 3247; x_wconf 80' lang='lat' dir='ltr'><strong>morum</strong></span> <span class='ocrx_word' id='word_1_254' title='bbox 533 3194 764 3266; x_wconf 76' lang='lat' dir='ltr'><strong>versutia</strong></span> <span class='ocrx_word' id='word_1_255' title='bbox 791 3208 909 3249; x_wconf 85' lang='lat' dir='ltr'><strong>sese</strong></span> <span class='ocrx_word' id='word_1_256' title='bbox 932 3205 1227 3264; x_wconf 82' lang='lat' dir='ltr'><strong>Opportune</strong></span> <span class='ocrx_word' id='word_1_257' title='bbox 1254 3196 1552 3252; x_wconf 85' lang='lat' dir='ltr'><strong>insinuabat</strong></span> <span class='ocrx_word' id='word_1_258' title='bbox 1576 3198 1630 3253; x_wconf 88' lang='lat' dir='ltr'><strong>in</strong></span> <span class='ocrx_word' id='word_1_259' title='bbox 1655 3202 1878 3269; x_wconf 77' lang='lat' dir='ltr'><strong>gratiam</strong></span> 
     </span>
    </p>
   </div>
   <div class='ocr_carea' id='block_1_34' title="bbox 281 3283 1884 3359">
    <p class='ocr_par' dir='ltr' id='par_1_34' title="bbox 281 3283 1884 3359">
     <span class='ocr_line' id='line_1_34' title="bbox 281 3283 1884 3359; baseline 0.005 -22"><span class='ocrx_word' id='word_1_260' title='bbox 281 3283 699 3352; x_wconf 80' lang='lat' dir='ltr'><strong>episcoporum,</strong></span> <span class='ocrx_word' id='word_1_261' title='bbox 733 3284 1075 3357; x_wconf 81' lang='lat' dir='ltr'><strong>iuvitosque(</strong></span> <span class='ocrx_word' id='word_1_262' title='bbox 1102 3296 1157 3355; x_wconf 79' lang='lat' dir='ltr'><strong>ut</strong></span> <span class='ocrx_word' id='word_1_263' title='bbox 1181 3287 1371 3341; x_wconf 76' lang='lat' dir='ltr'><strong>dixerit</strong></span> <span class='ocrx_word' id='word_1_264' title='bbox 1400 3288 1515 3357; x_wconf 91' lang='lat' dir='ltr'><strong>quis</strong></span> <span class='ocrx_word' id='word_1_265' title='bbox 1542 3288 1560 3359; x_wconf 80' lang='lat'>)</span> <span class='ocrx_word' id='word_1_266' title='bbox 1587 3290 1884 3345; x_wconf 77' lang='lat' dir='ltr'><strong>attrahebat</strong></span> 
     </span>
    </p>
   </div>
   <div class='ocr_carea' id='block_1_35' title="bbox 288 3372 1885 3434">
    <p class='ocr_par' dir='ltr' id='par_1_35' title="bbox 288 3372 1885 3434">
     <span class='ocr_line' id='line_1_35' title="bbox 288 3372 1885 3434; baseline 0.006 -9"><span class='ocrx_word' id='word_1_267' title='bbox 288 3372 364 3426; x_wconf 85' lang='lat' dir='ltr'><strong>ad</strong></span> <span class='ocrx_word' id='word_1_268' title='bbox 410 3373 553 3426; x_wconf 71' lang='lat' dir='ltr'><strong>letes</strong></span> <span class='ocrx_word' id='word_1_269' title='bbox 592 3383 647 3427; x_wconf 90' lang='lat' dir='ltr'><strong>et</strong></span> <span class='ocrx_word' id='word_1_270' title='bbox 687 3374 872 3429; x_wconf 80' lang='lat' dir='ltr'><strong>noxias</strong></span> <span class='ocrx_word' id='word_1_271' title='bbox 910 3374 1288 3430; x_wconf 89' lang='lat' dir='ltr'><strong>ordinationes.</strong></span> <span class='ocrx_word' id='word_1_272' title='bbox 1330 3376 1462 3431; x_wconf 79' lang='lat' dir='ltr'><strong>Mala</strong></span> <span class='ocrx_word' id='word_1_273' title='bbox 1499 3380 1642 3433; x_wconf 87' lang='lat' dir='ltr'><strong>enim</strong></span> <span class='ocrx_word' id='word_1_274' title='bbox 1683 3394 1769 3434; x_wconf 91' lang='lat' dir='ltr'><strong>res</strong></span> <span class='ocrx_word' id='word_1_275' title='bbox 1803 3389 1885 3434; x_wconf 83' lang='lat' dir='ltr'><strong>est</strong></span> 
     </span>
    </p>
   </div>
   <div class='ocr_carea' id='block_1_36' title="bbox 290 3463 1881 3537">
    <p class='ocr_par' dir='ltr' id='par_1_36' title="bbox 290 3463 1881 3537">
     <span class='ocr_line' id='line_1_36' title="bbox 290 3463 1881 3537; baseline 0.003 -18"><span class='ocrx_word' id='word_1_276' title='bbox 290 3463 531 3519; x_wconf 81' lang='lat' dir='ltr'><strong>adulatio</strong></span> <span class='ocrx_word' id='word_1_277' title='bbox 553 3479 675 3519; x_wconf 86' lang='lat' dir='ltr'><strong>cum</strong></span> <span class='ocrx_word' id='word_1_278' title='bbox 703 3467 968 3533; x_wconf 81' lang='lat' dir='ltr'><strong>perversis</strong></span> <span class='ocrx_word' id='word_1_279' title='bbox 994 3467 1231 3521; x_wconf 90' lang='lat' dir='ltr'><strong>moribus</strong></span> <span class='ocrx_word' id='word_1_280' title='bbox 1256 3483 1514 3533; x_wconf 74' lang='lat' dir='ltr'><strong>connexa,</strong></span> <span class='ocrx_word' id='word_1_281' title='bbox 1541 3469 1687 3537; x_wconf 80' lang='lat' dir='ltr'><strong>juxta</strong></span> <span class='ocrx_word' id='word_1_282' title='bbox 1710 3471 1881 3524; x_wconf 85' lang='lat' dir='ltr'><strong>couri-</strong></span> 
     </span>
    </p>
   </div>
   <div class='ocr_carea' id='block_1_37' title="bbox 287 3557 1886 3633">
    <p class='ocr_par' dir='ltr' id='par_1_37' title="bbox 287 3557 1886 3633">
     <span class='ocr_line' id='line_1_37' title="bbox 287 3557 1886 3633; baseline 0.002 -21"><span class='ocrx_word' id='word_1_283' title='bbox 287 3572 421 3612; x_wconf 77' lang='lat' dir='ltr'><strong>cum</strong></span> <span class='ocrx_word' id='word_1_284' title='bbox 444 3557 809 3625; x_wconf 75' lang='lat' dir='ltr'><strong>Menandrum,</strong></span> <span class='ocrx_word' id='word_1_285' title='bbox 831 3560 918 3628; x_wconf 86' lang='lat' dir='ltr'><strong>qui</strong></span> <span class='ocrx_word' id='word_1_286' title='bbox 944 3560 1015 3612; x_wconf 87' lang='lat' dir='ltr'><strong>ait</strong></span> <span class='ocrx_word' id='word_1_287' title='bbox 1045 3578 1056 3613; x_wconf 91' lang='lat'>:</span> <span class='ocrx_word' id='word_1_288' title='bbox 1084 3558 1267 3627; x_wconf 80' lang='lat' dir='ltr'><strong>Grave,</strong></span> <span class='ocrx_word' id='word_1_289' title='bbox 1290 3577 1319 3613; x_wconf 91' lang='grc' dir='ltr'><strong><em>ο</em></strong></span> <span class='ocrx_word' id='word_1_290' title='bbox 1340 3560 1637 3630; x_wconf 82' lang='lat' dir='ltr'><strong>Pamphila,</strong></span> <span class='ocrx_word' id='word_1_291' title='bbox 1657 3562 1886 3633; x_wconf 78' lang='lat' dir='ltr'><strong>ingenua:</strong></span> 
     </span>
    </p>
   </div>
   <div class='ocr_carea' id='block_1_38' title="bbox 293 3653 1879 3727">
    <p class='ocr_par' dir='ltr' id='par_1_38' title="bbox 293 3653 1879 3727">
     <span class='ocr_line' id='line_1_38' title="bbox 293 3653 1879 3727; baseline 0.004 -22"><span class='ocrx_word' id='word_1_292' title='bbox 293 3653 497 3707; x_wconf 79' lang='lat' dir='ltr'><strong>mulieri</strong></span> <span class='ocrx_word' id='word_1_293' title='bbox 512 3669 632 3706; x_wconf 78' lang='lat' dir='ltr'><strong>cum</strong></span> <span class='ocrx_word' id='word_1_294' title='bbox 648 3654 903 3706; x_wconf 76' lang='lat' dir='ltr'><strong>meretrice</strong></span> <span class='ocrx_word' id='word_1_295' title='bbox 924 3665 1148 3708; x_wconf 74' lang='lat' dir='ltr'><strong>certare:</strong></span> <span class='ocrx_word' id='word_1_296' title='bbox 1166 3657 1309 3723; x_wconf 89' lang='lat' dir='ltr'><strong>plura</strong></span> <span class='ocrx_word' id='word_1_297' title='bbox 1334 3656 1497 3721; x_wconf 86' lang='lat' dir='ltr'><strong>novit,</strong></span> <span class='ocrx_word' id='word_1_298' title='bbox 1519 3659 1666 3726; x_wconf 87' lang='lat' dir='ltr'><strong>plura</strong></span> <span class='ocrx_word' id='word_1_299' title='bbox 1687 3669 1879 3727; x_wconf 85' lang='lat' dir='ltr'><strong>patrat,</strong></span> 
     </span>
    </p>
   </div>
   <div class='ocr_carea' id='block_1_39' title="bbox 295 3744 1885 3815">
    <p class='ocr_par' dir='ltr' id='par_1_39' title="bbox 295 3744 1885 3815">
     <span class='ocr_line' id='line_1_39' title="bbox 295 3744 1885 3815; baseline 0.003 -18"><span class='ocrx_word' id='word_1_300' title='bbox 295 3744 573 3799; x_wconf 86' lang='lat' dir='ltr'><strong>erubescit</strong></span> <span class='ocrx_word' id='word_1_301' title='bbox 602 3744 890 3807; x_wconf 88' lang='lat' dir='ltr'><strong>rrenriuem,</strong></span> <span class='ocrx_word' id='word_1_302' title='bbox 922 3745 1267 3815; x_wconf 88' lang='lat' dir='ltr'><strong>adulaturque</strong></span> <span class='ocrx_word' id='word_1_303' title='bbox 1296 3747 1467 3815; x_wconf 86' lang='lat' dir='ltr'><strong>potius</strong></span> <span class='ocrx_word' id='word_1_304' title='bbox 1498 3764 1510 3800; x_wconf 94' lang='lat'>:</span> <span class='ocrx_word' id='word_1_305' title='bbox 1541 3757 1594 3801; x_wconf 91' lang='lat' dir='ltr'><strong>et</strong></span> <span class='ocrx_word' id='word_1_306' title='bbox 1620 3756 1677 3801; x_wconf 92' lang='lat' dir='ltr'><strong>ut</strong></span> <span class='ocrx_word' id='word_1_307' title='bbox 1701 3748 1773 3801; x_wconf 90' lang='lat' dir='ltr'><strong>ait</strong></span> <span class='ocrx_word' id='word_1_308' title='bbox 1799 3764 1885 3805; x_wconf 87' lang='lat' dir='ltr'><strong>sa-</strong></span> 
     </span>
    </p>
   </div>
   <div class='ocr_carea' id='block_1_40' title="bbox 295 3832 1887 3908">
    <p class='ocr_par' dir='ltr' id='par_1_40' title="bbox 295 3832 1887 3908">
     <span class='ocr_line' id='line_1_40' title="bbox 295 3832 1887 3908; baseline 0.004 -21"><span class='ocrx_word' id='word_1_309' title='bbox 295 3834 454 3903; x_wconf 81' lang='lat' dir='ltr'><strong>piens</strong></span> <span class='ocrx_word' id='word_1_310' title='bbox 481 3833 759 3900; x_wconf 88' lang='lat' dir='ltr'><strong>Salomon,</strong></span> <span class='ocrx_word' id='word_1_311' title='bbox 797 3832 959 3888; x_wconf 80' lang='lat' dir='ltr'><strong>Verba</strong></span> <span class='ocrx_word' id='word_1_312' title='bbox 988 3837 1309 3892; x_wconf 77' lang='lat' dir='ltr'><strong>adulatorum</strong></span> <span class='ocrx_word' id='word_1_313' title='bbox 1336 3840 1550 3902; x_wconf 77' lang='lat' dir='ltr'><strong>matlr&#39;a;</strong></span> <span class='ocrx_word' id='word_1_314' title='bbox 1582 3840 1767 3908; x_wconf 79' lang='lat' dir='ltr'><strong>feriunt</strong></span> <span class='ocrx_word' id='word_1_315' title='bbox 1792 3858 1887 3893; x_wconf 83' lang='lat' dir='ltr'><strong>au-</strong></span> 
     </span>
    </p>
   </div>
   <div class='ocr_carea' id='block_1_41' title="bbox 297 3924 1887 4001">
    <p class='ocr_par' dir='ltr' id='par_1_41' title="bbox 297 3924 1887 4001">
     <span class='ocr_line' id='line_1_41' title="bbox 297 3924 1887 4001; baseline 0.006 -25"><span class='ocrx_word' id='word_1_316' title='bbox 297 3935 404 3977; x_wconf 76' lang='lat' dir='ltr'><strong>tem</strong></span> <span class='ocrx_word' id='word_1_317' title='bbox 430 3924 498 3977; x_wconf 83' lang='lat' dir='ltr'><strong>ad</strong></span> <span class='ocrx_word' id='word_1_318' title='bbox 527 3924 710 3979; x_wconf 78' lang='lat' dir='ltr'><strong>ventris</strong></span> <span class='ocrx_word' id='word_1_319' title='bbox 732 3941 885 3993; x_wconf 80' lang='lat' dir='ltr'><strong>usque</strong></span> <span class='ocrx_word' id='word_1_320' title='bbox 909 3927 1182 3994; x_wconf 76' lang='lat' dir='ltr'><strong>penetralia</strong></span> <span class='ocrx_word' id='word_1_321' title='bbox 1204 3928 1222 3999; x_wconf 96' lang='lat'>(</span> <span class='ocrx_word' id='word_1_322' title='bbox 1246 3927 1398 3983; x_wconf 84' lang='lat' dir='ltr'><strong>Prov.</strong></span> <span class='ocrx_word' id='word_1_323' title='bbox 1440 3930 1529 3983; x_wconf 66' lang='lat'><strong>96.</strong></span> <span class='ocrx_word' id='word_1_324' title='bbox 1562 3929 1690 4001; x_wconf 75' lang='lat'><strong>‘22).</strong></span> <span class='ocrx_word' id='word_1_325' title='bbox 1725 3933 1763 3985; x_wconf 83' lang='lat' dir='ltr'><strong>A</strong></span> <span class='ocrx_word' id='word_1_326' title='bbox 1798 3948 1887 3986; x_wconf 90' lang='lat' dir='ltr'><strong>ca-</strong></span> 
     </span>
    </p>
   </div>
   <div class='ocr_carea' id='block_1_42' title="bbox 298 4015 1887 4076">
    <p class='ocr_par' dir='ltr' id='par_1_42' title="bbox 298 4015 1887 4076">
     <span class='ocr_line' id='line_1_42' title="bbox 298 4015 1887 4076; baseline 0.004 -8"><span class='ocrx_word' id='word_1_327' title='bbox 298 4015 552 4069; x_wconf 81' lang='lat' dir='ltr'><strong>stimonia</strong></span> <span class='ocrx_word' id='word_1_328' title='bbox 583 4016 726 4069; x_wconf 88' lang='lat' dir='ltr'><strong>enim</strong></span> <span class='ocrx_word' id='word_1_329' title='bbox 754 4025 803 4069; x_wconf 91' lang='lat' dir='ltr'><strong>et</strong></span> <span class='ocrx_word' id='word_1_330' title='bbox 824 4017 1152 4071; x_wconf 86' lang='lat' dir='ltr'><strong>continentia</strong></span> <span class='ocrx_word' id='word_1_331' title='bbox 1178 4018 1433 4074; x_wconf 88' lang='lat' dir='ltr'><strong>adversus</strong></span> <span class='ocrx_word' id='word_1_332' title='bbox 1464 4022 1706 4076; x_wconf 80' lang='lat' dir='ltr'><strong>carnales</strong></span> <span class='ocrx_word' id='word_1_333' title='bbox 1736 4023 1887 4075; x_wconf 81' lang='lat' dir='ltr'><strong>volu-</strong></span> 
     </span>
    </p>
   </div>
   <div class='ocr_carea' id='block_1_43' title="bbox 302 4106 1893 4176">
    <p class='ocr_par' dir='ltr' id='par_1_43' title="bbox 302 4106 1893 4176">
     <span class='ocr_line' id='line_1_43' title="bbox 302 4106 1893 4176; baseline 0.006 -19"><span class='ocrx_word' id='word_1_334' title='bbox 302 4114 484 4175; x_wconf 84' lang='lat' dir='ltr'><strong>ptates</strong></span> <span class='ocrx_word' id='word_1_335' title='bbox 511 4120 620 4158; x_wconf 91' lang='lat' dir='ltr'><strong>non</strong></span> <span class='ocrx_word' id='word_1_336' title='bbox 647 4106 817 4159; x_wconf 85' lang='lat' dir='ltr'><strong>solum</strong></span> <span class='ocrx_word' id='word_1_337' title='bbox 841 4106 1011 4170; x_wconf 88' lang='lat' dir='ltr'><strong>abest,</strong></span> <span class='ocrx_word' id='word_1_338' title='bbox 1037 4108 1129 4161; x_wconf 90' lang='lat' dir='ltr'><strong>sed</strong></span> <span class='ocrx_word' id='word_1_339' title='bbox 1152 4117 1204 4162; x_wconf 92' lang='lat' dir='ltr'><strong>et</strong></span> <span class='ocrx_word' id='word_1_340' title='bbox 1227 4108 1400 4163; x_wconf 83' lang='lat' dir='ltr'><strong>hostis</strong></span> <span class='ocrx_word' id='word_1_341' title='bbox 1424 4119 1525 4176; x_wconf 88' lang='lat' dir='ltr'><strong>est,</strong></span> <span class='ocrx_word' id='word_1_342' title='bbox 1548 4111 1691 4165; x_wconf 88' lang='lat' dir='ltr'><strong>velut</strong></span> <span class='ocrx_word' id='word_1_343' title='bbox 1720 4112 1893 4166; x_wconf 86' lang='lat' dir='ltr'><strong>vultur</strong></span> 
     </span>
    </p>
   </div>
   <div class='ocr_carea' id='block_1_44' title="bbox 302 4194 1890 4263">
    <p class='ocr_par' dir='ltr' id='par_1_44' title="bbox 302 4194 1890 4263">
     <span class='ocr_line' id='line_1_44' title="bbox 302 4194 1890 4263; baseline 0.004 -15"><span class='ocrx_word' id='word_1_344' title='bbox 302 4195 565 4263; x_wconf 84' lang='lat' dir='ltr'><strong>unguenti</strong></span> <span class='ocrx_word' id='word_1_345' title='bbox 593 4209 610 4247; x_wconf 90' lang='lat'><strong>:</strong></span> <span class='ocrx_word' id='word_1_346' title='bbox 635 4195 769 4250; x_wconf 85' lang='lat' dir='ltr'><strong>adeo</strong></span> <span class='ocrx_word' id='word_1_347' title='bbox 792 4205 849 4249; x_wconf 87' lang='lat' dir='ltr'><strong>ut</strong></span> <span class='ocrx_word' id='word_1_348' title='bbox 869 4194 1194 4251; x_wconf 87' lang='lat' dir='ltr'><strong>Sodomitico</strong></span> <span class='ocrx_word' id='word_1_349' title='bbox 1212 4199 1419 4252; x_wconf 91' lang='lat' dir='ltr'><strong>crimini</strong></span> <span class='ocrx_word' id='word_1_350' title='bbox 1442 4200 1727 4254; x_wconf 78' lang='lat' dir='ltr'><strong>obnoxium</strong></span> <span class='ocrx_word' id='word_1_351' title='bbox 1756 4201 1890 4254; x_wconf 90' lang='lat' dir='ltr'><strong>fama</strong></span> 
     </span>
    </p>
   </div>
   <div class='ocr_carea' id='block_1_45' title="bbox 306 4281 1892 4356">
    <p class='ocr_par' dir='ltr' id='par_1_45' title="bbox 306 4281 1892 4356">
     <span class='ocr_line' id='line_1_45' title="bbox 306 4281 1892 4356; baseline 0.005 -20"><span class='ocrx_word' id='word_1_352' title='bbox 306 4284 559 4353; x_wconf 75' lang='lat' dir='ltr'><strong>volgarit.</strong></span> <span class='ocrx_word' id='word_1_353' title='bbox 586 4281 721 4337; x_wconf 87' lang='lat' dir='ltr'><strong>Cum</strong></span> <span class='ocrx_word' id='word_1_354' title='bbox 752 4285 893 4338; x_wconf 88' lang='lat' dir='ltr'><strong>enim</strong></span> <span class='ocrx_word' id='word_1_355' title='bbox 922 4293 978 4339; x_wconf 88' lang='lat' dir='ltr'><strong>et</strong></span> <span class='ocrx_word' id='word_1_356' title='bbox 1004 4284 1150 4356; x_wconf 84' lang='lat' dir='ltr'><strong>leges</strong></span> <span class='ocrx_word' id='word_1_357' title='bbox 1175 4294 1229 4340; x_wconf 85' lang='lat' dir='ltr'><strong>et</strong></span> <span class='ocrx_word' id='word_1_358' title='bbox 1258 4301 1521 4342; x_wconf 71' lang='lat' dir='ltr'><strong>mensura:</strong></span> <span class='ocrx_word' id='word_1_359' title='bbox 1550 4297 1604 4342; x_wconf 91' lang='lat' dir='ltr'><strong>et</strong></span> <span class='ocrx_word' id='word_1_360' title='bbox 1634 4290 1769 4343; x_wconf 90' lang='lat' dir='ltr'><strong>muri</strong></span> <span class='ocrx_word' id='word_1_361' title='bbox 1798 4305 1892 4344; x_wconf 86' lang='lat' dir='ltr'><strong>vo-</strong></span> 
     </span>
    </p>
   </div>
   <div class='ocr_carea' id='block_1_46' title="bbox 306 4372 1891 4448">
    <p class='ocr_par' dir='ltr' id='par_1_46' title="bbox 306 4372 1891 4448">
     <span class='ocr_line' id='line_1_46' title="bbox 306 4372 1891 4448; baseline 0.004 -21"><span class='ocrx_word' id='word_1_362' title='bbox 306 4372 601 4443; x_wconf 73' lang='lat' dir='ltr'><strong>luptatibus</strong></span> <span class='ocrx_word' id='word_1_363' title='bbox 630 4374 738 4427; x_wconf 90' lang='lat' dir='ltr'><strong>sint</strong></span> <span class='ocrx_word' id='word_1_364' title='bbox 771 4387 798 4426; x_wconf 89' lang='lat' dir='ltr'><strong>a</strong></span> <span class='ocrx_word' id='word_1_365' title='bbox 830 4385 1013 4428; x_wconf 90' lang='lat' dir='ltr'><strong>natura</strong></span> <span class='ocrx_word' id='word_1_366' title='bbox 1040 4376 1311 4430; x_wconf 84' lang='lat' dir='ltr'><strong>constituti</strong></span> <span class='ocrx_word' id='word_1_367' title='bbox 1337 4418 1350 4443; x_wconf 91' lang='lat'><strong>,</strong></span> <span class='ocrx_word' id='word_1_368' title='bbox 1384 4386 1439 4431; x_wconf 91' lang='lat' dir='ltr'><strong>ut</strong></span> <span class='ocrx_word' id='word_1_369' title='bbox 1474 4378 1630 4448; x_wconf 88' lang='lat' dir='ltr'><strong>vulgo</strong></span> <span class='ocrx_word' id='word_1_370' title='bbox 1654 4378 1845 4433; x_wconf 88' lang='lat' dir='ltr'><strong>dicitur</strong></span> <span class='ocrx_word' id='word_1_371' title='bbox 1877 4397 1891 4433; x_wconf 89' lang='lat'><strong>:</strong></span> 
     </span>
    </p>
   </div>
   <div class='ocr_carea' id='block_1_47' title="bbox 306 4464 1896 4543">
    <p class='ocr_par' dir='ltr' id='par_1_47' title="bbox 306 4464 1896 4543">
     <span class='ocr_line' id='line_1_47' title="bbox 306 4464 1896 4543; baseline 0.007 -25"><span class='ocrx_word' id='word_1_372' title='bbox 306 4464 623 4535; x_wconf 79' lang='lat' dir='ltr'><strong>proculcato</strong></span> <span class='ocrx_word' id='word_1_373' title='bbox 643 4464 857 4534; x_wconf 85' lang='lat' dir='ltr'><strong>quidem</strong></span> <span class='ocrx_word' id='word_1_374' title='bbox 880 4481 1032 4520; x_wconf 87' lang='lat' dir='ltr'><strong>muro</strong></span> <span class='ocrx_word' id='word_1_375' title='bbox 1060 4475 1113 4521; x_wconf 93' lang='lat' dir='ltr'><strong>et</strong></span> <span class='ocrx_word' id='word_1_376' title='bbox 1136 4469 1401 4524; x_wconf 84' lang='lat' dir='ltr'><strong>confracta</strong></span> <span class='ocrx_word' id='word_1_377' title='bbox 1430 4486 1678 4526; x_wconf 82' lang='lat' dir='ltr'><strong>mensura</strong></span> <span class='ocrx_word' id='word_1_378' title='bbox 1703 4482 1755 4527; x_wconf 88' lang='lat' dir='ltr'><strong>et</strong></span> <span class='ocrx_word' id='word_1_379' title='bbox 1782 4473 1896 4543; x_wconf 81' lang='lat' dir='ltr'><strong>lege</strong></span> 
     </span>
    </p>
   </div>
   <div class='ocr_carea' id='block_1_48' title="bbox 306 4556 1895 4635">
    <p class='ocr_par' dir='ltr' id='par_1_48' title="bbox 306 4556 1895 4635">
     <span class='ocr_line' id='line_1_48' title="bbox 306 4556 1895 4635; baseline 0.008 -28"><span class='ocrx_word' id='word_1_380' title='bbox 306 4556 531 4621; x_wconf 77' lang='lat' dir='ltr'><strong>violata,</strong></span> <span class='ocrx_word' id='word_1_381' title='bbox 563 4556 701 4610; x_wconf 88' lang='lat' dir='ltr'><strong>hanc</strong></span> <span class='ocrx_word' id='word_1_382' title='bbox 731 4557 798 4611; x_wconf 89' lang='lat' dir='ltr'><strong>de</strong></span> <span class='ocrx_word' id='word_1_383' title='bbox 825 4572 883 4612; x_wconf 89' lang='lat' dir='ltr'><strong>se</strong></span> <span class='ocrx_word' id='word_1_384' title='bbox 906 4560 1264 4628; x_wconf 86' lang='lat' dir='ltr'><strong>su5picionem</strong></span> <span class='ocrx_word' id='word_1_385' title='bbox 1296 4563 1511 4631; x_wconf 89' lang='lat' dir='ltr'><strong>genuit,</strong></span> <span class='ocrx_word' id='word_1_386' title='bbox 1543 4564 1895 4635; x_wconf 73' lang='lat' dir='ltr'><strong>prmstigiato-</strong></span> 
     </span>
    </p>
   </div>
   <div class='ocr_carea' id='block_1_49' title="bbox 309 4644 1897 4717">
    <p class='ocr_par' dir='ltr' id='par_1_49' title="bbox 309 4644 1897 4717">
     <span class='ocr_line' id='line_1_49' title="bbox 309 4644 1897 4717; baseline 0.006 -18"><span class='ocrx_word' id='word_1_387' title='bbox 309 4644 465 4699; x_wconf 89' lang='lat' dir='ltr'><strong>ribus</strong></span> <span class='ocrx_word' id='word_1_388' title='bbox 492 4653 544 4699; x_wconf 89' lang='lat' dir='ltr'><strong>et</strong></span> <span class='ocrx_word' id='word_1_389' title='bbox 564 4645 762 4715; x_wconf 85' lang='lat' dir='ltr'><strong>aurigis</strong></span> <span class='ocrx_word' id='word_1_390' title='bbox 784 4655 943 4716; x_wconf 87' lang='lat' dir='ltr'><strong>atque</strong></span> <span class='ocrx_word' id='word_1_391' title='bbox 969 4648 1032 4701; x_wconf 89' lang='lat' dir='ltr'><strong>iis</strong></span> <span class='ocrx_word' id='word_1_392' title='bbox 1047 4649 1133 4717; x_wconf 86' lang='lat' dir='ltr'><strong>qui</strong></span> <span class='ocrx_word' id='word_1_393' title='bbox 1163 4649 1445 4704; x_wconf 81' lang='lat' dir='ltr'><strong>inhonesto</strong></span> <span class='ocrx_word' id='word_1_394' title='bbox 1475 4662 1617 4716; x_wconf 84' lang='lat' dir='ltr'><strong>motu</strong></span> <span class='ocrx_word' id='word_1_395' title='bbox 1640 4668 1762 4708; x_wconf 88' lang='lat' dir='ltr'><strong>cum</strong></span> <span class='ocrx_word' id='word_1_396' title='bbox 1785 4654 1897 4709; x_wconf 86' lang='lat' dir='ltr'><strong>dis-</strong></span> 
     </span>
    </p>
   </div>
   <div class='ocr_carea' id='block_1_50' title="bbox 312 4735 1899 4811">
    <p class='ocr_par' dir='ltr' id='par_1_50' title="bbox 312 4735 1899 4811">
     <span class='ocr_line' id='line_1_50' title="bbox 312 4735 1899 4811; baseline 0.006 -22"><span class='ocrx_word' id='word_1_397' title='bbox 312 4743 461 4789; x_wconf 82' lang='lat' dir='ltr'><strong>torto</strong></span> <span class='ocrx_word' id='word_1_398' title='bbox 514 4749 670 4789; x_wconf 86' lang='lat' dir='ltr'><strong>crure</strong></span> <span class='ocrx_word' id='word_1_399' title='bbox 720 4745 930 4790; x_wconf 76' lang='lat' dir='ltr'><strong>veteres</strong></span> <span class='ocrx_word' id='word_1_400' title='bbox 973 4735 1179 4792; x_wconf 89' lang='lat' dir='ltr'><strong>fabulas</strong></span> <span class='ocrx_word' id='word_1_401' title='bbox 1223 4739 1513 4805; x_wconf 77' lang='lat' dir='ltr'><strong>exhibent,</strong></span> <span class='ocrx_word' id='word_1_402' title='bbox 1573 4757 1803 4811; x_wconf 57' lang='lat' dir='ltr'><strong>praeesse</strong></span> <span class='ocrx_word' id='word_1_403' title='bbox 1847 4744 1899 4799; x_wconf 80' lang='lat' dir='ltr'><strong>et</strong></span> 
     </span>
    </p>
   </div>
   <div class='ocr_carea' id='block_1_51' title="bbox 312 4825 1903 4896">
    <p class='ocr_par' dir='ltr' id='par_1_51' title="bbox 312 4825 1903 4896">
     <span class='ocr_line' id='line_1_51' title="bbox 312 4825 1903 4896; baseline 0.005 -17"><span class='ocrx_word' id='word_1_404' title='bbox 312 4826 611 4879; x_wconf 86' lang='lat' dir='ltr'><strong>convivari.</strong></span> <span class='ocrx_word' id='word_1_405' title='bbox 641 4825 1114 4896; x_wconf 73' lang='lat' dir='ltr'><strong>Prmstigiatoribus</strong></span> <span class='ocrx_word' id='word_1_406' title='bbox 1140 4829 1279 4882; x_wconf 87' lang='lat' dir='ltr'><strong>enim</strong></span> <span class='ocrx_word' id='word_1_407' title='bbox 1301 4829 1477 4885; x_wconf 83' lang='lat' dir='ltr'><strong>favere</strong></span> <span class='ocrx_word' id='word_1_408' title='bbox 1499 4840 1554 4886; x_wconf 91' lang='lat' dir='ltr'><strong>et</strong></span> <span class='ocrx_word' id='word_1_409' title='bbox 1580 4833 1749 4887; x_wconf 86' lang='lat' dir='ltr'><strong>amice</strong></span> <span class='ocrx_word' id='word_1_410' title='bbox 1774 4850 1903 4887; x_wconf 86' lang='lat' dir='ltr'><strong>cou-</strong></span> 
     </span>
    </p>
   </div>
   <div class='ocr_carea' id='block_1_52' title="bbox 316 4915 1901 4992">
    <p class='ocr_par' dir='ltr' id='par_1_52' title="bbox 316 4915 1901 4992">
     <span class='ocr_line' id='line_1_52' title="bbox 316 4915 1901 4992; baseline 0.005 -22"><span class='ocrx_word' id='word_1_411' title='bbox 316 4915 471 4987; x_wconf 86' lang='lat' dir='ltr'><strong>gredi</strong></span> <span class='ocrx_word' id='word_1_412' title='bbox 492 4930 598 4969; x_wconf 91' lang='lat' dir='ltr'><strong>non</strong></span> <span class='ocrx_word' id='word_1_413' title='bbox 616 4916 846 4983; x_wconf 85' lang='lat' dir='ltr'><strong>erubuit,</strong></span> <span class='ocrx_word' id='word_1_414' title='bbox 866 4917 936 4970; x_wconf 87' lang='lat' dir='ltr'><strong>ita</strong></span> <span class='ocrx_word' id='word_1_415' title='bbox 954 4916 1084 4972; x_wconf 88' lang='lat' dir='ltr'><strong>utin</strong></span> <span class='ocrx_word' id='word_1_416' title='bbox 1104 4920 1235 4973; x_wconf 87' lang='lat' dir='ltr'><strong>actis</strong></span> <span class='ocrx_word' id='word_1_417' title='bbox 1258 4919 1483 4988; x_wconf 91' lang='lat' dir='ltr'><strong>plurium</strong></span> <span class='ocrx_word' id='word_1_418' title='bbox 1504 4922 1901 4992; x_wconf 71' lang='lat' dir='ltr'><strong>magistratuum</strong></span> 
     </span>
    </p>
   </div>
   <div class='ocr_carea' id='block_1_53' title="bbox 318 5007 1898 5079">
    <p class='ocr_par' dir='ltr' id='par_1_53' title="bbox 318 5007 1898 5079">
     <span class='ocr_line' id='line_1_53' title="bbox 318 5007 1898 5079; baseline 0.004 -18"><span class='ocrx_word' id='word_1_419' title='bbox 318 5008 427 5061; x_wconf 87' lang='lat' dir='ltr'><strong>hoc</strong></span> <span class='ocrx_word' id='word_1_420' title='bbox 464 5007 667 5070; x_wconf 84' lang='lat' dir='ltr'><strong>crimen</strong></span> <span class='ocrx_word' id='word_1_421' title='bbox 704 5008 1036 5061; x_wconf 89' lang='lat' dir='ltr'><strong>contineatur</strong></span> <span class='ocrx_word' id='word_1_422' title='bbox 1069 5027 1082 5063; x_wconf 86' lang='lat'><strong>:</strong></span> <span class='ocrx_word' id='word_1_423' title='bbox 1110 5010 1199 5079; x_wconf 88' lang='lat' dir='ltr'><strong>qui</strong></span> <span class='ocrx_word' id='word_1_424' title='bbox 1230 5023 1335 5064; x_wconf 89' lang='lat' dir='ltr'><strong>non</strong></span> <span class='ocrx_word' id='word_1_425' title='bbox 1380 5010 1581 5078; x_wconf 82' lang='lat' dir='ltr'><strong>legerat</strong></span> <span class='ocrx_word' id='word_1_426' title='bbox 1609 5012 1744 5066; x_wconf 88' lang='lat' dir='ltr'><strong>hanc</strong></span> <span class='ocrx_word' id='word_1_427' title='bbox 1772 5028 1898 5067; x_wconf 87' lang='lat' dir='ltr'><strong>sen-</strong></span> 
     </span>
    </p>
   </div>
   <div class='ocr_carea' id='block_1_54' title="bbox 317 5094 1902 5168">
    <p class='ocr_par' dir='ltr' id='par_1_54' title="bbox 317 5094 1902 5168">
     <span class='ocr_line' id='line_1_54' title="bbox 317 5094 1902 5168; baseline 0.003 -15"><span class='ocrx_word' id='word_1_428' title='bbox 317 5097 582 5153; x_wconf 85' lang='lat' dir='ltr'><strong>tentiam:</strong></span> <span class='ocrx_word' id='word_1_429' title='bbox 609 5096 739 5163; x_wconf 65' lang='lat' dir='ltr'><strong>Quae</strong></span> <span class='ocrx_word' id='word_1_430' title='bbox 784 5094 959 5152; x_wconf 90' lang='lat' dir='ltr'><strong>facere</strong></span> <span class='ocrx_word' id='word_1_431' title='bbox 997 5112 1103 5152; x_wconf 92' lang='lat' dir='ltr'><strong>non</strong></span> <span class='ocrx_word' id='word_1_432' title='bbox 1138 5108 1373 5168; x_wconf 87' lang='lat' dir='ltr'><strong>oportet,</strong></span> <span class='ocrx_word' id='word_1_433' title='bbox 1407 5116 1467 5155; x_wconf 90' lang='lat' dir='ltr'><strong>ea</strong></span> <span class='ocrx_word' id='word_1_434' title='bbox 1518 5100 1693 5157; x_wconf 88' lang='lat' dir='ltr'><strong>facere</strong></span> <span class='ocrx_word' id='word_1_435' title='bbox 1736 5118 1803 5157; x_wconf 91' lang='lat' dir='ltr'><strong>ue</strong></span> <span class='ocrx_word' id='word_1_436' title='bbox 1852 5104 1902 5157; x_wconf 87' lang='lat' dir='ltr'><strong>in</strong></span> 
     </span>
    </p>
   </div>
   <div class='ocr_carea' id='block_1_55' title="bbox 320 5188 1905 5261">
    <p class='ocr_par' dir='ltr' id='par_1_55' title="bbox 320 5188 1905 5261">
     <span class='ocr_line' id='line_1_55' title="bbox 320 5188 1905 5261; baseline 0.002 -14"><span class='ocrx_word' id='word_1_437' title='bbox 320 5190 681 5260; x_wconf 76' lang='lat' dir='ltr'><strong>suspicionem</strong></span> <span class='ocrx_word' id='word_1_438' title='bbox 726 5190 929 5245; x_wconf 89' lang='lat' dir='ltr'><strong>venias.</strong></span> <span class='ocrx_word' id='word_1_439' title='bbox 957 5194 975 5214; x_wconf 80' lang='lat'><strong><em>‘</em></strong></span> <span class='ocrx_word' id='word_1_440' title='bbox 1017 5190 1242 5260; x_wconf 84' lang='lat' dir='ltr'><strong>Propter</strong></span> <span class='ocrx_word' id='word_1_441' title='bbox 1270 5208 1426 5261; x_wconf 89' lang='lat' dir='ltr'><strong>quem</strong></span> <span class='ocrx_word' id='word_1_442' title='bbox 1461 5192 1620 5247; x_wconf 89' lang='lat' dir='ltr'><strong>etiam</strong></span> <span class='ocrx_word' id='word_1_443' title='bbox 1647 5188 1905 5250; x_wconf 81' lang='lat' dir='ltr'><strong>Mediator</strong></span> 
     </span>
    </p>
   </div>
   <div class='ocr_carea' id='block_1_56' title="bbox 322 5281 1905 5357">
    <p class='ocr_par' dir='ltr' id='par_1_56' title="bbox 322 5281 1905 5357">
     <span class='ocr_line' id='line_1_56' title="bbox 322 5281 1905 5357; baseline 0.004 -22"><span class='ocrx_word' id='word_1_444' title='bbox 322 5281 640 5335; x_wconf 83' lang='lat' dir='ltr'><strong>verberibus</strong></span> <span class='ocrx_word' id='word_1_445' title='bbox 680 5290 899 5334; x_wconf 89' lang='lat' dir='ltr'><strong>necatus</strong></span> <span class='ocrx_word' id='word_1_446' title='bbox 938 5290 1037 5335; x_wconf 88' lang='lat' dir='ltr'><strong>est.</strong></span> <span class='ocrx_word' id='word_1_447' title='bbox 1071 5281 1137 5336; x_wconf 78' lang='lat' dir='ltr'><strong>Et</strong></span> <span class='ocrx_word' id='word_1_448' title='bbox 1178 5283 1266 5351; x_wconf 89' lang='lat' dir='ltr'><strong>qui</strong></span> <span class='ocrx_word' id='word_1_449' title='bbox 1309 5283 1543 5351; x_wconf 84' lang='lat' dir='ltr'><strong>invenit,</strong></span> <span class='ocrx_word' id='word_1_450' title='bbox 1571 5285 1624 5339; x_wconf 90' lang='lat' dir='ltr'><strong>in</strong></span> <span class='ocrx_word' id='word_1_451' title='bbox 1659 5287 1905 5357; x_wconf 80' lang='lat' dir='ltr'><strong>exsilium</strong></span> 
     </span>
    </p>
   </div>
   <div class='ocr_carea' id='block_1_57' title="bbox 327 5370 1909 5442">
    <p class='ocr_par' dir='ltr' id='par_1_57' title="bbox 327 5370 1909 5442">
     <span class='ocr_line' id='line_1_57' title="bbox 327 5370 1909 5442; baseline 0.006 -19"><span class='ocrx_word' id='word_1_452' title='bbox 327 5371 517 5440; x_wconf 83' lang='lat' dir='ltr'><strong>pulsus</strong></span> <span class='ocrx_word' id='word_1_453' title='bbox 536 5379 639 5433; x_wconf 90' lang='lat' dir='ltr'><strong>est,</strong></span> <span class='ocrx_word' id='word_1_454' title='bbox 658 5370 1007 5439; x_wconf 74' lang='lat' dir='ltr'><strong>pnestigiator</strong></span> <span class='ocrx_word' id='word_1_455' title='bbox 1025 5386 1151 5425; x_wconf 87' lang='lat' dir='ltr'><strong>vero</strong></span> <span class='ocrx_word' id='word_1_456' title='bbox 1173 5371 1224 5426; x_wconf 80' lang='lat' dir='ltr'><strong>iu</strong></span> <span class='ocrx_word' id='word_1_457' title='bbox 1248 5370 1421 5442; x_wconf 85' lang='lat' dir='ltr'><strong>fugam</strong></span> <span class='ocrx_word' id='word_1_458' title='bbox 1442 5383 1591 5428; x_wconf 86' lang='lat' dir='ltr'><strong>actus</strong></span> <span class='ocrx_word' id='word_1_459' title='bbox 1611 5374 1727 5431; x_wconf 90' lang='lat' dir='ltr'><strong>fuit.</strong></span> <span class='ocrx_word' id='word_1_460' title='bbox 1750 5377 1909 5433; x_wconf 86' lang='lat' dir='ltr'><strong>Aiunt</strong></span> 
     </span>
    </p>
   </div>
   <div class='ocr_carea' id='block_1_58' title="bbox 326 5460 1906 5533">
    <p class='ocr_par' dir='ltr' id='par_1_58' title="bbox 326 5460 1906 5533">
     <span class='ocr_line' id='line_1_58' title="bbox 326 5460 1906 5533; baseline 0.003 -18"><span class='ocrx_word' id='word_1_461' title='bbox 326 5463 477 5515; x_wconf 74' lang='lat' dir='ltr'><strong>illum</strong></span> <span class='ocrx_word' id='word_1_462' title='bbox 499 5470 695 5530; x_wconf 72' lang='lat' dir='ltr'><strong>prartcr</strong></span> <span class='ocrx_word' id='word_1_463' title='bbox 719 5461 991 5529; x_wconf 78' lang='lat' dir='ltr'><strong>superiora</strong></span> <span class='ocrx_word' id='word_1_464' title='bbox 1017 5460 1237 5524; x_wconf 88' lang='lat' dir='ltr'><strong>scelera,</strong></span> <span class='ocrx_word' id='word_1_465' title='bbox 1260 5471 1383 5533; x_wconf 83' lang='lat' dir='ltr'><strong>post</strong></span> <span class='ocrx_word' id='word_1_466' title='bbox 1406 5463 1790 5519; x_wconf 88' lang='lat' dir='ltr'><strong>ordinationem</strong></span> <span class='ocrx_word' id='word_1_467' title='bbox 1819 5481 1906 5520; x_wconf 56' lang='lat' dir='ltr'><strong>sa.</strong></span> 
     </span>
    </p>
   </div>
   <div class='ocr_carea' id='block_1_59' title="bbox 326 5548 1911 5623">
    <p class='ocr_par' dir='ltr' id='par_1_59' title="bbox 326 5548 1911 5623">
     <span class='ocr_line' id='line_1_59' title="bbox 326 5548 1911 5623; baseline 0.003 -18"><span class='ocrx_word' id='word_1_468' title='bbox 326 5566 422 5605; x_wconf 85' lang='lat' dir='ltr'><strong>cra</strong></span> <span class='ocrx_word' id='word_1_469' title='bbox 460 5564 584 5604; x_wconf 84' lang='lat' dir='ltr'><strong>vasa</strong></span> <span class='ocrx_word' id='word_1_470' title='bbox 622 5548 886 5605; x_wconf 71' lang='lat' dir='ltr'><strong>conﬂasse</strong></span> <span class='ocrx_word' id='word_1_471' title='bbox 914 5558 969 5604; x_wconf 89' lang='lat' dir='ltr'><strong>et</strong></span> <span class='ocrx_word' id='word_1_472' title='bbox 1005 5549 1058 5605; x_wconf 90' lang='lat' dir='ltr'><strong>in</strong></span> <span class='ocrx_word' id='word_1_473' title='bbox 1102 5550 1437 5621; x_wconf 80' lang='lat' dir='ltr'><strong>magistratus</strong></span> <span class='ocrx_word' id='word_1_474' title='bbox 1469 5554 1788 5623; x_wconf 86' lang='lat' dir='ltr'><strong>impendisse</strong></span> <span class='ocrx_word' id='word_1_475' title='bbox 1813 5597 1827 5618; x_wconf 93' lang='lat'><strong>,</strong></span> <span class='ocrx_word' id='word_1_476' title='bbox 1856 5566 1911 5611; x_wconf 91' lang='lat' dir='ltr'><strong>ut</strong></span> 
     </span>
    </p>
   </div>
   <div class='ocr_carea' id='block_1_60' title="bbox 329 5641 1907 5717">
    <p class='ocr_par' dir='ltr' id='par_1_60' title="bbox 329 5641 1907 5717">
     <span class='ocr_line' id='line_1_60' title="bbox 329 5641 1907 5717; baseline 0.003 -21"><span class='ocrx_word' id='word_1_477' title='bbox 329 5641 600 5698; x_wconf 73' lang='lat' dir='ltr'><strong>videretur</strong></span> <span class='ocrx_word' id='word_1_478' title='bbox 626 5657 733 5696; x_wconf 91' lang='lat' dir='ltr'><strong>non</strong></span> <span class='ocrx_word' id='word_1_479' title='bbox 764 5643 989 5708; x_wconf 82' lang='lat' dir='ltr'><strong>ratione,</strong></span> <span class='ocrx_word' id='word_1_480' title='bbox 1016 5642 1108 5697; x_wconf 90' lang='lat' dir='ltr'><strong>sed</strong></span> <span class='ocrx_word' id='word_1_481' title='bbox 1138 5644 1412 5714; x_wconf 83' lang='lat' dir='ltr'><strong>tyrannide</strong></span> <span class='ocrx_word' id='word_1_482' title='bbox 1441 5644 1503 5697; x_wconf 92' lang='lat' dir='ltr'><strong>iis</strong></span> <span class='ocrx_word' id='word_1_483' title='bbox 1534 5660 1785 5715; x_wconf 65' lang='lat' dir='ltr'><strong>pra-csse,</strong></span> <span class='ocrx_word' id='word_1_484' title='bbox 1819 5647 1907 5717; x_wconf 73' lang='lat' dir='ltr'><strong>qui</strong></span> 
     </span>
    </p>
   </div>
   <div class='ocr_carea' id='block_1_61' title="bbox 1268 270 2492 334">
    <p class='ocr_par' dir='ltr' id='par_1_61' title="bbox 1268 270 2492 334">
     <span class='ocr_line' id='line_1_61' title="bbox 1268 270 2492 334; baseline 0.007 -8"><span class='ocrx_word' id='word_1_485' title='bbox 1268 270 1355 327; x_wconf 72' lang='lat' dir='ltr'><strong>PF.</strong></span> <span class='ocrx_word' id='word_1_486' title='bbox 1398 273 1554 330; x_wconf 74' lang='lat' dir='ltr'><strong>V&#39;l&#39;l&#39;A</strong></span> <span class='ocrx_word' id='word_1_487' title='bbox 1585 271 1641 328; x_wconf 88' lang='lat' dir='ltr'><strong>S.</strong></span> <span class='ocrx_word' id='word_1_488' title='bbox 1682 273 1961 332; x_wconf 78' lang='lat' dir='ltr'><strong>JOANNIS</strong></span> <span class='ocrx_word' id='word_1_489' title='bbox 1998 275 2492 334; x_wconf 71' lang='lat' dir='ltr'><strong>CHRYSOSTOMI.</strong></span> 
     </span>
    </p>
   </div>
   <div class='ocr_carea' id='block_1_62' title="bbox 3487 284 3553 340">
    <p class='ocr_par' dir='ltr' id='par_1_62' title="bbox 3487 284 3553 340">
     <span class='ocr_line' id='line_1_62' title="bbox 3487 284 3553 340; baseline 0 -9"><span class='ocrx_word' id='word_1_490' title='bbox 3487 284 3553 340; x_wconf 65' lang='lat' dir='ltr'>M</span> 
     </span>
    </p>
   </div>
   <div class='ocr_carea' id='block_1_63' title="bbox 1979 393 3554 466">
    <p class='ocr_par' dir='ltr' id='par_1_63' title="bbox 1979 393 3554 466">
     <span class='ocr_line' id='line_1_63' title="bbox 1979 393 3554 466; baseline 0.003 -19"><span class='ocrx_word' id='word_1_491' title='bbox 1979 393 2252 449; x_wconf 84' lang='lat' dir='ltr'><strong>infeliciter</strong></span> <span class='ocrx_word' id='word_1_492' title='bbox 2280 395 2331 448; x_wconf 91' lang='lat' dir='ltr'><strong>in</strong></span> <span class='ocrx_word' id='word_1_493' title='bbox 2372 394 2535 464; x_wconf 80' lang='lat' dir='ltr'><strong>ipsius</strong></span> <span class='ocrx_word' id='word_1_494' title='bbox 2569 404 2880 466; x_wconf 70' lang='lat' dir='ltr'><strong>potestatem</strong></span> <span class='ocrx_word' id='word_1_495' title='bbox 2908 396 3249 451; x_wconf 86' lang='lat' dir='ltr'><strong>devenerant.</strong></span> <span class='ocrx_word' id='word_1_496' title='bbox 3282 396 3409 450; x_wconf 80' lang='lat' dir='ltr'><strong>Nam</strong></span> <span class='ocrx_word' id='word_1_497' title='bbox 3434 412 3554 452; x_wconf 80' lang='lat' dir='ltr'><strong>cum</strong></span> 
     </span>
    </p>
   </div>
   <div class='ocr_carea' id='block_1_64' title="bbox 1975 483 3550 546">
    <p class='ocr_par' dir='ltr' id='par_1_64' title="bbox 1975 483 3550 546">
     <span class='ocr_line' id='line_1_64' title="bbox 1975 483 3550 546; baseline 0 -8"><span class='ocrx_word' id='word_1_498' title='bbox 1975 485 2165 538; x_wconf 79' lang='lat' dir='ltr'><strong>exsilio</strong></span> <span class='ocrx_word' id='word_1_499' title='bbox 2187 484 2403 539; x_wconf 86' lang='lat' dir='ltr'><strong>Joannis</strong></span> <span class='ocrx_word' id='word_1_500' title='bbox 2426 486 2477 539; x_wconf 90' lang='lat' dir='ltr'><strong>in</strong></span> <span class='ocrx_word' id='word_1_501' title='bbox 2502 487 2748 540; x_wconf 85' lang='lat' dir='ltr'><strong>Armenia</strong></span> <span class='ocrx_word' id='word_1_502' title='bbox 2766 495 3108 541; x_wconf 85' lang='lat' dir='ltr'><strong>concurrerat</strong></span> <span class='ocrx_word' id='word_1_503' title='bbox 3127 500 3271 540; x_wconf 91' lang='lat' dir='ltr'><strong>mors</strong></span> <span class='ocrx_word' id='word_1_504' title='bbox 3293 483 3550 546; x_wconf 82' lang='lat' dir='ltr'><strong>Flaviani.</strong></span> 
     </span>
    </p>
   </div>
   <div class='ocr_carea' id='block_1_65' title="bbox 1976 574 3554 645">
    <p class='ocr_par' dir='ltr' id='par_1_65' title="bbox 1976 574 3554 645">
     <span class='ocr_line' id='line_1_65' title="bbox 1976 574 3554 645; baseline 0.001 -18"><span class='ocrx_word' id='word_1_505' title='bbox 1976 574 2351 629; x_wconf 82' lang='lat' dir='ltr'><strong>Antiochensis</strong></span> <span class='ocrx_word' id='word_1_506' title='bbox 2377 577 2633 645; x_wconf 88' lang='lat' dir='ltr'><strong>episcopi.</strong></span> <span class='ocrx_word' id='word_1_507' title='bbox 2664 576 2795 630; x_wconf 89' lang='lat' dir='ltr'><strong>Cum</strong></span> <span class='ocrx_word' id='word_1_508' title='bbox 2826 575 3027 630; x_wconf 90' lang='lat' dir='ltr'><strong>videret</strong></span> <span class='ocrx_word' id='word_1_509' title='bbox 3058 574 3382 645; x_wconf 85' lang='lat' dir='ltr'><strong>Porphyrius</strong></span> <span class='ocrx_word' id='word_1_510' title='bbox 3413 576 3554 630; x_wconf 80' lang='lat' dir='ltr'><strong>viros</strong></span> 
     </span>
    </p>
   </div>
   <div class='ocr_carea' id='block_1_66' title="bbox 1974 663 3551 737">
    <p class='ocr_par' dir='ltr' id='par_1_66' title="bbox 1974 663 3551 737">
     <span class='ocr_line' id='line_1_66' title="bbox 1974 663 3551 737; baseline 0 -18"><span class='ocrx_word' id='word_1_511' title='bbox 1974 673 2027 719; x_wconf 92' lang='lat' dir='ltr'><strong>et</strong></span> <span class='ocrx_word' id='word_1_512' title='bbox 2055 663 2279 718; x_wconf 85' lang='lat' dir='ltr'><strong>feminas</strong></span> <span class='ocrx_word' id='word_1_513' title='bbox 2303 665 2479 719; x_wconf 87' lang='lat' dir='ltr'><strong>studio</strong></span> <span class='ocrx_word' id='word_1_514' title='bbox 2502 665 2731 735; x_wconf 90' lang='lat' dir='ltr'><strong>pendere</strong></span> <span class='ocrx_word' id='word_1_515' title='bbox 2765 679 2793 719; x_wconf 91' lang='lat' dir='ltr'><strong>a</strong></span> <span class='ocrx_word' id='word_1_516' title='bbox 2822 665 2960 719; x_wconf 90' lang='lat' dir='ltr'><strong>collo</strong></span> <span class='ocrx_word' id='word_1_517' title='bbox 2998 674 3051 719; x_wconf 93' lang='lat' dir='ltr'><strong>et</strong></span> <span class='ocrx_word' id='word_1_518' title='bbox 3086 665 3381 719; x_wconf 83' lang='lat' dir='ltr'><strong>cervicibus</strong></span> <span class='ocrx_word' id='word_1_519' title='bbox 3409 666 3551 737; x_wconf 52' lang='lat' dir='ltr'><strong>Cone</strong></span> 
     </span>
    </p>
   </div>
   <div class='ocr_carea' id='block_1_67' title="bbox 1974 753 3557 825">
    <p class='ocr_par' dir='ltr' id='par_1_67' title="bbox 1974 753 3557 825">
     <span class='ocr_line' id='line_1_67' title="bbox 1974 753 3557 825; baseline 0.001 -20"><span class='ocrx_word' id='word_1_520' title='bbox 1974 754 2151 807; x_wconf 85' lang='lat' dir='ltr'><strong>stantii</strong></span> <span class='ocrx_word' id='word_1_521' title='bbox 2179 753 2492 825; x_wconf 80' lang='lat' dir='ltr'><strong>presbyteri,</strong></span> <span class='ocrx_word' id='word_1_522' title='bbox 2520 754 2607 825; x_wconf 88' lang='lat' dir='ltr'><strong>qui</strong></span> <span class='ocrx_word' id='word_1_523' title='bbox 2636 770 2664 808; x_wconf 91' lang='lat' dir='ltr'><strong>a</strong></span> <span class='ocrx_word' id='word_1_524' title='bbox 2697 754 2893 809; x_wconf 91' lang='lat' dir='ltr'><strong>teneris</strong></span> <span class='ocrx_word' id='word_1_525' title='bbox 2913 795 2925 817; x_wconf 94' lang='lat'><strong>,</strong></span> <span class='ocrx_word' id='word_1_526' title='bbox 2957 761 3014 807; x_wconf 84' lang='lat' dir='ltr'><strong>ut</strong></span> <span class='ocrx_word' id='word_1_527' title='bbox 3040 754 3185 807; x_wconf 88' lang='lat' dir='ltr'><strong>aiunt</strong></span> <span class='ocrx_word' id='word_1_528' title='bbox 3211 795 3225 817; x_wconf 92' lang='lat'><strong>,</strong></span> <span class='ocrx_word' id='word_1_529' title='bbox 3256 754 3557 824; x_wconf 70' lang='lat' dir='ltr'><strong>unguiculis</strong></span> 
     </span>
    </p>
   </div>
   <div class='ocr_carea' id='block_1_68' title="bbox 1977 843 3553 913">
    <p class='ocr_par' dir='ltr' id='par_1_68' title="bbox 1977 843 3553 913">
     <span class='ocr_line' id='line_1_68' title="bbox 1977 843 3553 913; baseline -0.002 -15"><span class='ocrx_word' id='word_1_530' title='bbox 1977 844 2229 899; x_wconf 68' lang='lat' dir='ltr'><strong>Ecclesia‘</strong></span> <span class='ocrx_word' id='word_1_531' title='bbox 2266 846 2561 912; x_wconf 86' lang='lat' dir='ltr'><strong>servierat,</strong></span> <span class='ocrx_word' id='word_1_532' title='bbox 2593 845 2731 913; x_wconf 90' lang='lat' dir='ltr'><strong>viri,</strong></span> <span class='ocrx_word' id='word_1_533' title='bbox 2764 854 2820 899; x_wconf 89' lang='lat' dir='ltr'><strong>ut</strong></span> <span class='ocrx_word' id='word_1_534' title='bbox 2849 845 2899 898; x_wconf 92' lang='lat' dir='ltr'><strong>in</strong></span> <span class='ocrx_word' id='word_1_535' title='bbox 2932 845 3067 898; x_wconf 92' lang='lat' dir='ltr'><strong>libro</strong></span> <span class='ocrx_word' id='word_1_536' title='bbox 3109 843 3349 900; x_wconf 68' lang='lat' dir='ltr'><strong>iudicum</strong></span> <span class='ocrx_word' id='word_1_537' title='bbox 3390 846 3553 898; x_wconf 83' lang='lat' dir='ltr'><strong>ambi-</strong></span> 
     </span>
    </p>
   </div>
   <div class='ocr_carea' id='block_1_69' title="bbox 1974 934 3555 1005">
    <p class='ocr_par' dir='ltr' id='par_1_69' title="bbox 1974 934 3555 1005">
     <span class='ocr_line' id='line_1_69' title="bbox 1974 934 3555 1005; baseline 0 -18"><span class='ocrx_word' id='word_1_538' title='bbox 1974 935 2136 987; x_wconf 75' lang='lat' dir='ltr'><strong>dea‘tri</strong></span> <span class='ocrx_word' id='word_1_539' title='bbox 2172 937 2196 1004; x_wconf 75' lang='grc'><strong>(</strong></span> <span class='ocrx_word' id='word_1_540' title='bbox 2226 934 2399 989; x_wconf 81' lang='lat' dir='ltr'><strong>Judic.</strong></span> <span class='ocrx_word' id='word_1_541' title='bbox 2446 937 2497 990; x_wconf 78' lang='grc'><strong>3.</strong></span> <span class='ocrx_word' id='word_1_542' title='bbox 2563 934 2670 1005; x_wconf 74' lang='grc'><strong>15)</strong></span> <span class='ocrx_word' id='word_1_543' title='bbox 2726 952 2738 987; x_wconf 93' lang='lat'><strong>:</strong></span> <span class='ocrx_word' id='word_1_544' title='bbox 2786 934 2982 989; x_wconf 82' lang='lat' dir='ltr'><strong>etenim</strong></span> <span class='ocrx_word' id='word_1_545' title='bbox 3028 949 3145 1003; x_wconf 71' lang='lat' dir='ltr'><strong>qua:</strong></span> <span class='ocrx_word' id='word_1_546' title='bbox 3188 935 3303 1004; x_wconf 88' lang='lat' dir='ltr'><strong>ejus</strong></span> <span class='ocrx_word' id='word_1_547' title='bbox 3342 934 3555 987; x_wconf 71' lang='lat' dir='ltr'><strong>sinistra</strong></span> 
     </span>
    </p>
   </div>
   <div class='ocr_carea' id='block_1_70' title="bbox 1977 1025 3557 1095">
    <p class='ocr_par' dir='ltr' id='par_1_70' title="bbox 1977 1025 3557 1095">
     <span class='ocr_line' id='line_1_70' title="bbox 1977 1025 3557 1095; baseline -0.004 -16"><span class='ocrx_word' id='word_1_548' title='bbox 1977 1026 2294 1095; x_wconf 87' lang='lat' dir='ltr'><strong>putabatur,</strong></span> <span class='ocrx_word' id='word_1_549' title='bbox 2345 1026 2534 1081; x_wconf 78' lang='lat' dir='ltr'><strong>dextra</strong></span> <span class='ocrx_word' id='word_1_550' title='bbox 2578 1027 2800 1080; x_wconf 90' lang='lat' dir='ltr'><strong>aliorum</strong></span> <span class='ocrx_word' id='word_1_551' title='bbox 2844 1025 3020 1095; x_wconf 89' lang='lat' dir='ltr'><strong>potior</strong></span> <span class='ocrx_word' id='word_1_552' title='bbox 3058 1034 3192 1080; x_wconf 89' lang='lat' dir='ltr'><strong>erat.</strong></span> <span class='ocrx_word' id='word_1_553' title='bbox 3236 1025 3335 1091; x_wconf 89' lang='lat' dir='ltr'><strong>Qui</strong></span> <span class='ocrx_word' id='word_1_554' title='bbox 3385 1025 3557 1093; x_wconf 86' lang='lat' dir='ltr'><strong>primo</strong></span> 
     </span>
    </p>
   </div>
   <div class='ocr_carea' id='block_1_71' title="bbox 1974 1117 3558 1189">
    <p class='ocr_par' dir='ltr' id='par_1_71' title="bbox 1974 1117 3558 1189">
     <span class='ocr_line' id='line_1_71' title="bbox 1974 1117 3558 1189; baseline -0.001 -19"><span class='ocrx_word' id='word_1_555' title='bbox 1974 1119 2205 1189; x_wconf 84' lang='lat' dir='ltr'><strong>quidem,</strong></span> <span class='ocrx_word' id='word_1_556' title='bbox 2239 1134 2357 1173; x_wconf 86' lang='lat' dir='ltr'><strong>cum</strong></span> <span class='ocrx_word' id='word_1_557' title='bbox 2388 1119 2455 1173; x_wconf 90' lang='lat' dir='ltr'><strong>ab</strong></span> <span class='ocrx_word' id='word_1_558' title='bbox 2481 1119 2718 1188; x_wconf 90' lang='lat' dir='ltr'><strong>epistolis</strong></span> <span class='ocrx_word' id='word_1_559' title='bbox 2747 1126 2925 1183; x_wconf 88' lang='lat' dir='ltr'><strong>esset,</strong></span> <span class='ocrx_word' id='word_1_560' title='bbox 2958 1118 3212 1185; x_wconf 86' lang='lat' dir='ltr'><strong>integera</strong></span> <span class='ocrx_word' id='word_1_561' title='bbox 3242 1117 3383 1185; x_wconf 84' lang='lat' dir='ltr'><strong>turpi</strong></span> <span class='ocrx_word' id='word_1_562' title='bbox 3413 1117 3558 1169; x_wconf 83' lang='lat' dir='ltr'><strong>luero</strong></span> 
     </span>
    </p>
   </div>
   <div class='ocr_carea' id='block_1_72' title="bbox 1975 1207 3558 1280">
    <p class='ocr_par' dir='ltr' id='par_1_72' title="bbox 1975 1207 3558 1280">
     <span class='ocr_line' id='line_1_72' title="bbox 1975 1207 3558 1280; baseline -0.004 -15"><span class='ocrx_word' id='word_1_563' title='bbox 1975 1221 2025 1265; x_wconf 89' lang='lat' dir='ltr'><strong>et</strong></span> <span class='ocrx_word' id='word_1_564' title='bbox 2053 1211 2207 1265; x_wconf 77' lang='lat' dir='ltr'><strong>doois</strong></span> <span class='ocrx_word' id='word_1_565' title='bbox 2248 1212 2493 1266; x_wconf 90' lang='lat' dir='ltr'><strong>inventus</strong></span> <span class='ocrx_word' id='word_1_566' title='bbox 2522 1219 2603 1266; x_wconf 88' lang='lat' dir='ltr'><strong>est</strong></span> <span class='ocrx_word' id='word_1_567' title='bbox 2632 1228 2644 1264; x_wconf 90' lang='lat'><strong>:</strong></span> <span class='ocrx_word' id='word_1_568' title='bbox 2677 1219 2855 1280; x_wconf 90' lang='lat' dir='ltr'><strong>postea</strong></span> <span class='ocrx_word' id='word_1_569' title='bbox 2885 1218 3060 1263; x_wconf 89' lang='lat' dir='ltr'><strong>autem</strong></span> <span class='ocrx_word' id='word_1_570' title='bbox 3104 1207 3273 1262; x_wconf 83' lang='lat' dir='ltr'><strong>factus</strong></span> <span class='ocrx_word' id='word_1_571' title='bbox 3302 1209 3471 1262; x_wconf 79' lang='lat' dir='ltr'><strong>lector</strong></span> <span class='ocrx_word' id='word_1_572' title='bbox 3505 1216 3558 1261; x_wconf 84' lang='lat' dir='ltr'><strong>et</strong></span> 
     </span>
    </p>
   </div>
   <div class='ocr_carea' id='block_1_73' title="bbox 1976 1296 3559 1371">
    <p class='ocr_par' dir='ltr' id='par_1_73' title="bbox 1976 1296 3559 1371">
     <span class='ocr_line' id='line_1_73' title="bbox 1976 1296 3559 1371; baseline -0.003 -18"><span class='ocrx_word' id='word_1_573' title='bbox 1976 1301 2227 1355; x_wconf 86' lang='lat' dir='ltr'><strong>diaconus</strong></span> <span class='ocrx_word' id='word_1_574' title='bbox 2253 1342 2268 1367; x_wconf 93' lang='lat'><strong>,</strong></span> <span class='ocrx_word' id='word_1_575' title='bbox 2299 1310 2603 1371; x_wconf 79' lang='lat' dir='ltr'><strong>regnantem</strong></span> <span class='ocrx_word' id='word_1_576' title='bbox 2649 1301 2785 1354; x_wconf 89' lang='lat' dir='ltr'><strong>inter</strong></span> <span class='ocrx_word' id='word_1_577' title='bbox 2823 1298 3065 1352; x_wconf 64' lang='lat' dir='ltr'><strong>lzrmines</strong></span> <span class='ocrx_word' id='word_1_578' title='bbox 3098 1298 3376 1351; x_wconf 89' lang='lat' dir='ltr'><strong>mulierum</strong></span> <span class='ocrx_word' id='word_1_579' title='bbox 3408 1296 3559 1351; x_wconf 82' lang='lat' dir='ltr'><strong>voln-</strong></span> 
     </span>
    </p>
   </div>
   <div class='ocr_carea' id='block_1_74' title="bbox 1961 1369 3557 1461">
    <p class='ocr_par' dir='ltr' id='par_1_74' title="bbox 1961 1369 3557 1461">
     <span class='ocr_line' id='line_1_74' title="bbox 1961 1369 3557 1461; baseline -0.003 -16"><span class='ocrx_word' id='word_1_580' title='bbox 1961 1369 2178 1461; x_wconf 51' lang='lat' dir='ltr'><strong>&#39;ptatem</strong></span> <span class='ocrx_word' id='word_1_581' title='bbox 2217 1393 2333 1445; x_wconf 89' lang='lat' dir='ltr'><strong>sine</strong></span> <span class='ocrx_word' id='word_1_582' title='bbox 2366 1369 2556 1446; x_wconf 81' lang='lat' dir='ltr'><strong>labore</strong></span> <span class='ocrx_word' id='word_1_583' title='bbox 2596 1390 2898 1460; x_wconf 77' lang='lat' dir='ltr'><strong>superavit,</strong></span> <span class='ocrx_word' id='word_1_584' title='bbox 2944 1399 2998 1443; x_wconf 86' lang='lat' dir='ltr'><strong>ut</strong></span> <span class='ocrx_word' id='word_1_585' title='bbox 3037 1390 3109 1441; x_wconf 92' lang='lat' dir='ltr'><strong>ait</strong></span> <span class='ocrx_word' id='word_1_586' title='bbox 3149 1388 3557 1441; x_wconf 74' lang='lat' dir='ltr'><strong>Proverbiorurt</strong></span> 
     </span>
    </p>
   </div>
   <div class='ocr_carea' id='block_1_75' title="bbox 1978 1477 3557 1550">
    <p class='ocr_par' dir='ltr' id='par_1_75' title="bbox 1978 1477 3557 1550">
     <span class='ocr_line' id='line_1_75' title="bbox 1978 1477 3557 1550; baseline -0.001 -18"><span class='ocrx_word' id='word_1_587' title='bbox 1978 1490 2163 1535; x_wconf 84' lang='lat' dir='ltr'><strong>auctor</strong></span> <span class='ocrx_word' id='word_1_588' title='bbox 2198 1500 2209 1535; x_wconf 88' lang='lat'>:</span> <span class='ocrx_word' id='word_1_589' title='bbox 2247 1482 2532 1535; x_wconf 74' lang='lat' dir='ltr'><strong>Electorunt</strong></span> <span class='ocrx_word' id='word_1_590' title='bbox 2574 1496 2752 1533; x_wconf 74' lang='lat' dir='ltr'><strong>manus</strong></span> <span class='ocrx_word' id='word_1_591' title='bbox 2795 1480 2945 1550; x_wconf 57' lang='lat' dir='ltr'><strong>far&#39;ile</strong></span> <span class='ocrx_word' id='word_1_592' title='bbox 2988 1478 3328 1531; x_wconf 82' lang='lat' dir='ltr'><strong>dominabitur</strong></span> <span class='ocrx_word' id='word_1_593' title='bbox 3357 1478 3373 1543; x_wconf 92' lang='lat'>(</span> <span class='ocrx_word' id='word_1_594' title='bbox 3404 1477 3557 1531; x_wconf 79' lang='lat' dir='ltr'><strong>Prov.</strong></span> 
     </span>
    </p>
   </div>
   <div class='ocr_carea' id='block_1_76' title="bbox 1980 1566 3561 1639">
    <p class='ocr_par' dir='ltr' id='par_1_76' title="bbox 1980 1566 3561 1639">
     <span class='ocr_line' id='line_1_76' title="bbox 1980 1566 3561 1639; baseline -0.003 -14"><span class='ocrx_word' id='word_1_595' title='bbox 1980 1571 2067 1625; x_wconf 70' lang='lat'><strong>12.</strong></span> <span class='ocrx_word' id='word_1_596' title='bbox 2110 1571 2221 1639; x_wconf 68' lang='lat' dir='ltr'><strong>2t)</strong></span> <span class='ocrx_word' id='word_1_597' title='bbox 2276 1572 2405 1625; x_wconf 82' lang='lat' dir='ltr'><strong>Nam</strong></span> <span class='ocrx_word' id='word_1_598' title='bbox 2448 1572 2745 1639; x_wconf 84' lang='lat' dir='ltr'><strong>voluptates</strong></span> <span class='ocrx_word' id='word_1_599' title='bbox 2786 1584 3041 1638; x_wconf 71' lang='lat' dir='ltr'><strong>su;crare</strong></span> <span class='ocrx_word' id='word_1_600' title='bbox 3067 1610 3081 1634; x_wconf 94' lang='lat'><strong>,</strong></span> <span class='ocrx_word' id='word_1_601' title='bbox 3121 1578 3170 1623; x_wconf 92' lang='lat' dir='ltr'><strong>et</strong></span> <span class='ocrx_word' id='word_1_602' title='bbox 3211 1569 3285 1621; x_wconf 93' lang='lat' dir='ltr'><strong>illi</strong></span> <span class='ocrx_word' id='word_1_603' title='bbox 3330 1566 3561 1622; x_wconf 72' lang='lat' dir='ltr'><strong>fortasse</strong></span> 
     </span>
    </p>
   </div>
   <div class='ocr_carea' id='block_1_77' title="bbox 1979 1658 3562 1730">
    <p class='ocr_par' dir='ltr' id='par_1_77' title="bbox 1979 1658 3562 1730">
     <span class='ocr_line' id='line_1_77' title="bbox 1979 1658 3562 1730; baseline 0 -19"><span class='ocrx_word' id='word_1_604' title='bbox 1979 1671 2231 1729; x_wconf 87' lang='lat' dir='ltr'><strong>possmrt,</strong></span> <span class='ocrx_word' id='word_1_605' title='bbox 2278 1660 2365 1730; x_wconf 88' lang='lat' dir='ltr'><strong>qui</strong></span> <span class='ocrx_word' id='word_1_606' title='bbox 2410 1660 2692 1714; x_wconf 86' lang='lat' dir='ltr'><strong>admodum</strong></span> <span class='ocrx_word' id='word_1_607' title='bbox 2734 1659 2855 1712; x_wconf 88' lang='lat' dir='ltr'><strong>mali</strong></span> <span class='ocrx_word' id='word_1_608' title='bbox 2896 1668 3047 1722; x_wconf 88' lang='lat' dir='ltr'><strong>sunt,</strong></span> <span class='ocrx_word' id='word_1_609' title='bbox 3092 1667 3182 1712; x_wconf 91' lang='lat' dir='ltr'><strong>aut</strong></span> <span class='ocrx_word' id='word_1_610' title='bbox 3222 1658 3431 1722; x_wconf 86' lang='lat' dir='ltr'><strong>timore,</strong></span> <span class='ocrx_word' id='word_1_611' title='bbox 3469 1668 3562 1711; x_wconf 85' lang='lat' dir='ltr'><strong>aut</strong></span> 
     </span>
    </p>
   </div>
   <div class='ocr_carea' id='block_1_78' title="bbox 1980 1752 3559 1823">
    <p class='ocr_par' dir='ltr' id='par_1_78' title="bbox 1980 1752 3559 1823">
     <span class='ocr_line' id='line_1_78' title="bbox 1980 1752 3559 1823; baseline -0.002 -19"><span class='ocrx_word' id='word_1_612' title='bbox 1980 1754 2291 1808; x_wconf 83' lang='lat' dir='ltr'><strong>verecundia</strong></span> <span class='ocrx_word' id='word_1_613' title='bbox 2328 1754 2568 1823; x_wconf 90' lang='lat' dir='ltr'><strong>corporis</strong></span> <span class='ocrx_word' id='word_1_614' title='bbox 2602 1754 2863 1808; x_wconf 89' lang='lat' dir='ltr'><strong>actionem</strong></span> <span class='ocrx_word' id='word_1_615' title='bbox 2904 1752 3217 1807; x_wconf 89' lang='lat' dir='ltr'><strong>cohibentes</strong></span> <span class='ocrx_word' id='word_1_616' title='bbox 3247 1752 3409 1805; x_wconf 68' lang='lat' dir='ltr'><strong>multa</strong></span> <span class='ocrx_word' id='word_1_617' title='bbox 3434 1765 3559 1803; x_wconf 87' lang='lat' dir='ltr'><strong>cum</strong></span> 
     </span>
    </p>
   </div>
   <div class='ocr_carea' id='block_1_79' title="bbox 1980 1842 3560 1899">
    <p class='ocr_par' dir='ltr' id='par_1_79' title="bbox 1980 1842 3560 1899">
     <span class='ocr_line' id='line_1_79' title="bbox 1980 1842 3560 1899; baseline -0.003 -2"><span class='ocrx_word' id='word_1_618' title='bbox 1980 1846 2228 1899; x_wconf 86' lang='lat' dir='ltr'><strong>violentia</strong></span> <span class='ocrx_word' id='word_1_619' title='bbox 2281 1863 2293 1897; x_wconf 88' lang='lat'><strong>:</strong></span> <span class='ocrx_word' id='word_1_620' title='bbox 2344 1856 2394 1897; x_wconf 88' lang='lat' dir='ltr'><strong>at</strong></span> <span class='ocrx_word' id='word_1_621' title='bbox 2442 1861 2568 1899; x_wconf 85' lang='lat' dir='ltr'><strong>vero</strong></span> <span class='ocrx_word' id='word_1_622' title='bbox 2615 1846 2902 1898; x_wconf 68' lang='lat' dir='ltr'><strong>cwlestium</strong></span> <span class='ocrx_word' id='word_1_623' title='bbox 2949 1859 3131 1896; x_wconf 89' lang='lat' dir='ltr'><strong>amore</strong></span> <span class='ocrx_word' id='word_1_624' title='bbox 3180 1842 3404 1895; x_wconf 87' lang='lat' dir='ltr'><strong>terrenis</strong></span> <span class='ocrx_word' id='word_1_625' title='bbox 3456 1857 3560 1893; x_wconf 88' lang='lat' dir='ltr'><strong>non</strong></span> 
     </span>
    </p>
   </div>
   <div class='ocr_carea' id='block_1_80' title="bbox 1979 1932 3562 2002">
    <p class='ocr_par' dir='ltr' id='par_1_80' title="bbox 1979 1932 3562 2002">
     <span class='ocr_line' id='line_1_80' title="bbox 1979 1932 3562 2002; baseline -0.005 -12"><span class='ocrx_word' id='word_1_626' title='bbox 1979 1936 2201 2001; x_wconf 77' lang='lat' dir='ltr'><strong>cedere,</strong></span> <span class='ocrx_word' id='word_1_627' title='bbox 2252 1936 2344 1990; x_wconf 90' lang='lat' dir='ltr'><strong>Dei</strong></span> <span class='ocrx_word' id='word_1_628' title='bbox 2392 1937 2679 1989; x_wconf 87' lang='lat' dir='ltr'><strong>amantium</strong></span> <span class='ocrx_word' id='word_1_629' title='bbox 2718 1936 2889 1989; x_wconf 89' lang='lat' dir='ltr'><strong>solum</strong></span> <span class='ocrx_word' id='word_1_630' title='bbox 2937 1943 3047 1998; x_wconf 91' lang='lat' dir='ltr'><strong>est,</strong></span> <span class='ocrx_word' id='word_1_631' title='bbox 3094 1948 3225 2002; x_wconf 88' lang='lat' dir='ltr'><strong>quos</strong></span> <span class='ocrx_word' id='word_1_632' title='bbox 3266 1940 3325 1986; x_wconf 89' lang='lat' dir='ltr'><strong>ct</strong></span> <span class='ocrx_word' id='word_1_633' title='bbox 3363 1932 3562 1985; x_wconf 81' lang='lat' dir='ltr'><strong>electus</strong></span> 
     </span>
    </p>
   </div>
   <div class='ocr_carea' id='block_1_81' title="bbox 1981 2024 3563 2096">
    <p class='ocr_par' dir='ltr' id='par_1_81' title="bbox 1981 2024 3563 2096">
     <span class='ocr_line' id='line_1_81' title="bbox 1981 2024 3563 2096; baseline -0.006 -15"><span class='ocrx_word' id='word_1_634' title='bbox 1981 2029 2186 2081; x_wconf 85' lang='lat' dir='ltr'><strong>vocavit</strong></span> <span class='ocrx_word' id='word_1_635' title='bbox 2212 2026 2509 2096; x_wconf 89' lang='lat' dir='ltr'><strong>Scriptura,</strong></span> <span class='ocrx_word' id='word_1_636' title='bbox 2543 2029 2724 2081; x_wconf 86' lang='lat' dir='ltr'><strong>dicens</strong></span> <span class='ocrx_word' id='word_1_637' title='bbox 2757 2046 2769 2081; x_wconf 91' lang='lat'>:</span> <span class='ocrx_word' id='word_1_638' title='bbox 2798 2025 2981 2078; x_wconf 79' lang='lat' dir='ltr'><strong>Manus</strong></span> <span class='ocrx_word' id='word_1_639' title='bbox 3008 2026 3275 2077; x_wconf 81' lang='lat' dir='ltr'><strong>electorum</strong></span> <span class='ocrx_word' id='word_1_640' title='bbox 3301 2024 3451 2091; x_wconf 73' lang='lat' dir='ltr'><strong>facile</strong></span> <span class='ocrx_word' id='word_1_641' title='bbox 3472 2025 3563 2073; x_wconf 78' lang='lat' dir='ltr'><strong>tto-</strong></span> 
     </span>
    </p>
   </div>
   <div class='ocr_carea' id='block_1_82' title="bbox 1982 2111 3561 2183">
    <p class='ocr_par' dir='ltr' id='par_1_82' title="bbox 1982 2111 3561 2183">
     <span class='ocr_line' id='line_1_82' title="bbox 1982 2111 3561 2183; baseline -0.005 -15"><span class='ocrx_word' id='word_1_642' title='bbox 1982 2116 2269 2169; x_wconf 75' lang='lat' dir='ltr'><strong>minabitur.</strong></span> <span class='ocrx_word' id='word_1_643' title='bbox 2294 2117 2554 2170; x_wconf 63' lang='lat' dir='ltr'><strong>Caeterum</strong></span> <span class='ocrx_word' id='word_1_644' title='bbox 2579 2117 2719 2169; x_wconf 89' lang='lat' dir='ltr'><strong>mitis</strong></span> <span class='ocrx_word' id='word_1_645' title='bbox 2742 2115 2953 2183; x_wconf 88' lang='lat' dir='ltr'><strong>quidem</strong></span> <span class='ocrx_word' id='word_1_646' title='bbox 2978 2115 3064 2167; x_wconf 88' lang='lat' dir='ltr'><strong>ille</strong></span> <span class='ocrx_word' id='word_1_647' title='bbox 3086 2122 3185 2175; x_wconf 89' lang='lat' dir='ltr'><strong>est,</strong></span> <span class='ocrx_word' id='word_1_648' title='bbox 3206 2114 3247 2165; x_wconf 91' lang='lat' dir='ltr'><strong>si</strong></span> <span class='ocrx_word' id='word_1_649' title='bbox 3271 2112 3389 2181; x_wconf 88' lang='lat' dir='ltr'><strong>quis</strong></span> <span class='ocrx_word' id='word_1_650' title='bbox 3407 2111 3561 2174; x_wconf 84' lang='lat' dir='ltr'><strong>alius,</strong></span> 
     </span>
    </p>
   </div>
   <div class='ocr_carea' id='block_1_83' title="bbox 1980 2200 3563 2275">
    <p class='ocr_par' dir='ltr' id='par_1_83' title="bbox 1980 2200 3563 2275">
     <span class='ocr_line' id='line_1_83' title="bbox 1980 2200 3563 2275; baseline -0.005 -16"><span class='ocrx_word' id='word_1_651' title='bbox 1980 2217 2187 2269; x_wconf 73' lang='lat' dir='ltr'><strong>asceta,</strong></span> <span class='ocrx_word' id='word_1_652' title='bbox 2222 2206 2497 2275; x_wconf 82' lang='lat' dir='ltr'><strong>perspicax</strong></span> <span class='ocrx_word' id='word_1_653' title='bbox 2522 2247 2536 2271; x_wconf 95' lang='lat'><strong>,</strong></span> <span class='ocrx_word' id='word_1_654' title='bbox 2569 2220 2691 2260; x_wconf 87' lang='lat' dir='ltr'><strong>acer</strong></span> <span class='ocrx_word' id='word_1_655' title='bbox 2722 2204 2784 2258; x_wconf 88' lang='lat' dir='ltr'><strong>ad</strong></span> <span class='ocrx_word' id='word_1_656' title='bbox 2817 2202 3212 2273; x_wconf 82' lang='lat' dir='ltr'><strong>intelligendum</strong></span> <span class='ocrx_word' id='word_1_657' title='bbox 3234 2242 3249 2268; x_wconf 96' lang='lat'><strong>,</strong></span> <span class='ocrx_word' id='word_1_658' title='bbox 3285 2200 3464 2255; x_wconf 88' lang='lat' dir='ltr'><strong>tardus</strong></span> <span class='ocrx_word' id='word_1_659' title='bbox 3497 2200 3563 2252; x_wconf 82' lang='lat' dir='ltr'><strong>ad</strong></span> 
     </span>
    </p>
   </div>
   <div class='ocr_carea' id='block_1_84' title="bbox 1980 2291 3563 2367">
    <p class='ocr_par' dir='ltr' id='par_1_84' title="bbox 1980 2291 3563 2367">
     <span class='ocr_line' id='line_1_84' title="bbox 1980 2291 3563 2367; baseline -0.006 -16"><span class='ocrx_word' id='word_1_660' title='bbox 1980 2299 2392 2367; x_wconf 67' lang='lat' dir='ltr'><strong>correptione&quot;),</strong></span> <span class='ocrx_word' id='word_1_661' title='bbox 2412 2297 2821 2367; x_wconf 83' lang='lat' dir='ltr'><strong>cogitabundus,</strong></span> <span class='ocrx_word' id='word_1_662' title='bbox 2850 2310 3062 2362; x_wconf 81' lang='lat' dir='ltr'><strong>Semper</strong></span> <span class='ocrx_word' id='word_1_663' title='bbox 3083 2291 3563 2347; x_wconf 75' lang='lat' dir='ltr'><strong>considerationem</strong></span> 
     </span>
    </p>
   </div>
   <div class='ocr_carea' id='block_1_85' title="bbox 1983 2379 3566 2454">
    <p class='ocr_par' dir='ltr' id='par_1_85' title="bbox 1983 2379 3566 2454">
     <span class='ocr_line' id='line_1_85' title="bbox 1983 2379 3566 2454; baseline -0.004 -16"><span class='ocrx_word' id='word_1_664' title='bbox 1983 2387 2227 2449; x_wconf 87' lang='lat' dir='ltr'><strong>inrrrrens,</strong></span> <span class='ocrx_word' id='word_1_665' title='bbox 2260 2387 2565 2439; x_wconf 83' lang='lat' dir='ltr'><strong>misericors</strong></span> <span class='ocrx_word' id='word_1_666' title='bbox 2586 2427 2599 2448; x_wconf 94' lang='lat'><strong>,</strong></span> <span class='ocrx_word' id='word_1_667' title='bbox 2623 2386 2861 2454; x_wconf 69' lang='lat' dir='ltr'><strong>pecunia:</strong></span> <span class='ocrx_word' id='word_1_668' title='bbox 2887 2384 3103 2436; x_wconf 90' lang='lat' dir='ltr'><strong>minime</strong></span> <span class='ocrx_word' id='word_1_669' title='bbox 3129 2381 3371 2449; x_wconf 88' lang='lat' dir='ltr'><strong>cupidus,</strong></span> <span class='ocrx_word' id='word_1_670' title='bbox 3401 2382 3449 2432; x_wconf 90' lang='lat' dir='ltr'><strong>in</strong></span> <span class='ocrx_word' id='word_1_671' title='bbox 3476 2379 3566 2448; x_wconf 86' lang='lat' dir='ltr'><strong>ju-</strong></span> 
     </span>
    </p>
   </div>
   <div class='ocr_carea' id='block_1_86' title="bbox 1981 2470 3563 2546">
    <p class='ocr_par' dir='ltr' id='par_1_86' title="bbox 1981 2470 3563 2546">
     <span class='ocr_line' id='line_1_86' title="bbox 1981 2470 3563 2546; baseline -0.007 -15"><span class='ocrx_word' id='word_1_672' title='bbox 1981 2478 2131 2531; x_wconf 92' lang='lat' dir='ltr'><strong>diciis</strong></span> <span class='ocrx_word' id='word_1_673' title='bbox 2150 2480 2342 2546; x_wconf 85' lang='lat' dir='ltr'><strong>justus,</strong></span> <span class='ocrx_word' id='word_1_674' title='bbox 2359 2476 2676 2545; x_wconf 72' lang='lat' dir='ltr'><strong>long-animis</strong></span> <span class='ocrx_word' id='word_1_675' title='bbox 2699 2476 2762 2529; x_wconf 86' lang='lat' dir='ltr'><strong>ad</strong></span> <span class='ocrx_word' id='word_1_676' title='bbox 2786 2476 3026 2543; x_wconf 89' lang='lat' dir='ltr'><strong>injurias,</strong></span> <span class='ocrx_word' id='word_1_677' title='bbox 3052 2473 3115 2525; x_wconf 91' lang='lat' dir='ltr'><strong>ad</strong></span> <span class='ocrx_word' id='word_1_678' title='bbox 3137 2470 3563 2541; x_wconf 83' lang='lat' dir='ltr'><strong>persuadendum</strong></span> 
     </span>
    </p>
   </div>
   <div class='ocr_carea' id='block_1_87' title="bbox 1982 2560 3569 2634">
    <p class='ocr_par' dir='ltr' id='par_1_87' title="bbox 1982 2560 3569 2634">
     <span class='ocr_line' id='line_1_87' title="bbox 1982 2560 3569 2634; baseline -0.006 -13"><span class='ocrx_word' id='word_1_679' title='bbox 1982 2568 2299 2631; x_wconf 82' lang='lat' dir='ltr'><strong>vehemens,</strong></span> <span class='ocrx_word' id='word_1_680' title='bbox 2335 2566 2542 2633; x_wconf 80' lang='lat' dir='ltr'><strong>jejunus</strong></span> <span class='ocrx_word' id='word_1_681' title='bbox 2572 2580 2712 2634; x_wconf 69' lang='lat' dir='ltr'><strong>smpe</strong></span> <span class='ocrx_word' id='word_1_682' title='bbox 2752 2565 3040 2633; x_wconf 86' lang='lat' dir='ltr'><strong>persistens</strong></span> <span class='ocrx_word' id='word_1_683' title='bbox 3078 2576 3247 2630; x_wconf 87' lang='lat' dir='ltr'><strong>usque</strong></span> <span class='ocrx_word' id='word_1_684' title='bbox 3286 2560 3349 2614; x_wconf 87' lang='lat' dir='ltr'><strong>ad</strong></span> <span class='ocrx_word' id='word_1_685' title='bbox 3382 2573 3569 2629; x_wconf 79' lang='lat' dir='ltr'><strong>vespe-</strong></span> 
     </span>
    </p>
   </div>
   <div class='ocr_carea' id='block_1_88' title="bbox 1987 2650 3569 2723">
    <p class='ocr_par' dir='ltr' id='par_1_88' title="bbox 1987 2650 3569 2723">
     <span class='ocr_line' id='line_1_88' title="bbox 1987 2650 3569 2723; baseline -0.006 -13"><span class='ocrx_word' id='word_1_686' title='bbox 1987 2674 2118 2720; x_wconf 86' lang='lat' dir='ltr'><strong>ram,</strong></span> <span class='ocrx_word' id='word_1_687' title='bbox 2146 2666 2201 2709; x_wconf 93' lang='lat' dir='ltr'><strong>ut</strong></span> <span class='ocrx_word' id='word_1_688' title='bbox 2230 2656 2454 2709; x_wconf 77' lang='lat' dir='ltr'><strong>afﬂictos</strong></span> <span class='ocrx_word' id='word_1_689' title='bbox 2479 2656 2748 2717; x_wconf 86' lang='lat' dir='ltr'><strong>liberaret,</strong></span> <span class='ocrx_word' id='word_1_690' title='bbox 2775 2654 3026 2723; x_wconf 79' lang='lat' dir='ltr'><strong>adSpeetu</strong></span> <span class='ocrx_word' id='word_1_691' title='bbox 3052 2651 3387 2715; x_wconf 89' lang='lat' dir='ltr'><strong>venerabilis,</strong></span> <span class='ocrx_word' id='word_1_692' title='bbox 3410 2650 3569 2702; x_wconf 86' lang='lat' dir='ltr'><strong>oculo</strong></span> 
     </span>
    </p>
   </div>
   <div class='ocr_carea' id='block_1_89' title="bbox 1980 2738 3565 2811">
    <p class='ocr_par' dir='ltr' id='par_1_89' title="bbox 1980 2738 3565 2811">
     <span class='ocr_line' id='line_1_89' title="bbox 1980 2738 3565 2811; baseline -0.007 -11"><span class='ocrx_word' id='word_1_693' title='bbox 1980 2761 2219 2807; x_wconf 85' lang='lat' dir='ltr'><strong>severus.</strong></span> <span class='ocrx_word' id='word_1_694' title='bbox 2241 2745 2394 2800; x_wconf 82' lang='lat' dir='ltr'><strong>velox</strong></span> <span class='ocrx_word' id='word_1_695' title='bbox 2416 2745 2622 2798; x_wconf 88' lang='lat' dir='ltr'><strong>incessu</strong></span> <span class='ocrx_word' id='word_1_696' title='bbox 2638 2785 2653 2809; x_wconf 95' lang='lat'><strong>,</strong></span> <span class='ocrx_word' id='word_1_697' title='bbox 2682 2742 2893 2806; x_wconf 66' lang='lat' dir='ltr'><strong>cadebs,</strong></span> <span class='ocrx_word' id='word_1_698' title='bbox 2914 2752 2967 2796; x_wconf 88' lang='lat' dir='ltr'><strong>ut</strong></span> <span class='ocrx_word' id='word_1_699' title='bbox 2996 2756 3091 2811; x_wconf 89' lang='lat' dir='ltr'><strong>par</strong></span> <span class='ocrx_word' id='word_1_700' title='bbox 3108 2750 3186 2794; x_wconf 89' lang='lat' dir='ltr'><strong>est</strong></span> <span class='ocrx_word' id='word_1_701' title='bbox 3204 2782 3217 2804; x_wconf 94' lang='lat'><strong>,</strong></span> <span class='ocrx_word' id='word_1_702' title='bbox 3236 2738 3565 2794; x_wconf 84' lang='lat' dir='ltr'><strong>renidentem</strong></span> 
     </span>
    </p>
   </div>
   <div class='ocr_carea' id='block_1_90' title="bbox 1985 2829 3564 2902">
    <p class='ocr_par' dir='ltr' id='par_1_90' title="bbox 1985 2829 3564 2902">
     <span class='ocr_line' id='line_1_90' title="bbox 1985 2829 3564 2902; baseline -0.006 -13"><span class='ocrx_word' id='word_1_703' title='bbox 1985 2837 2169 2891; x_wconf 89' lang='lat' dir='ltr'><strong>llorcrn</strong></span> <span class='ocrx_word' id='word_1_704' title='bbox 2202 2838 2253 2890; x_wconf 91' lang='lat' dir='ltr'><strong>in</strong></span> <span class='ocrx_word' id='word_1_705' title='bbox 2283 2835 2427 2889; x_wconf 68' lang='lat' dir='ltr'><strong>vultu</strong></span> <span class='ocrx_word' id='word_1_706' title='bbox 2470 2850 2793 2889; x_wconf 84' lang='lat' dir='ltr'><strong>conservans</strong></span> <span class='ocrx_word' id='word_1_707' title='bbox 2833 2835 2883 2887; x_wconf 91' lang='lat' dir='ltr'><strong>in</strong></span> <span class='ocrx_word' id='word_1_708' title='bbox 2925 2834 3052 2902; x_wconf 90' lang='lat' dir='ltr'><strong>ipsis</strong></span> <span class='ocrx_word' id='word_1_709' title='bbox 3091 2846 3302 2902; x_wconf 85' lang='lat' dir='ltr'><strong>quoque</strong></span> <span class='ocrx_word' id='word_1_710' title='bbox 3347 2829 3564 2883; x_wconf 79' lang='lat' dir='ltr'><strong>morbis.</strong></span> 
     </span>
    </p>
   </div>
   <div class='ocr_carea' id='block_1_91' title="bbox 1987 2922 3566 2997">
    <p class='ocr_par' dir='ltr' id='par_1_91' title="bbox 1987 2922 3566 2997">
     <span class='ocr_line' id='line_1_91' title="bbox 1987 2922 3566 2997; baseline -0.006 -15"><span class='ocrx_word' id='word_1_711' title='bbox 1987 2930 2135 2982; x_wconf 90' lang='lat' dir='ltr'><strong>llunc</strong></span> <span class='ocrx_word' id='word_1_712' title='bbox 2166 2928 2323 2997; x_wconf 71' lang='lat' dir='ltr'><strong>igitur</strong></span> <span class='ocrx_word' id='word_1_713' title='bbox 2359 2929 2517 2980; x_wconf 88' lang='lat' dir='ltr'><strong>talem</strong></span> <span class='ocrx_word' id='word_1_714' title='bbox 2549 2928 2717 2980; x_wconf 88' lang='lat' dir='ltr'><strong>virmn</strong></span> <span class='ocrx_word' id='word_1_715' title='bbox 2765 2927 3001 2995; x_wconf 89' lang='lat' dir='ltr'><strong>pecuniis</strong></span> <span class='ocrx_word' id='word_1_716' title='bbox 3049 2924 3149 2977; x_wconf 90' lang='lat' dir='ltr'><strong>hoc</strong></span> <span class='ocrx_word' id='word_1_717' title='bbox 3195 2922 3353 2976; x_wconf 89' lang='lat' dir='ltr'><strong>modo</strong></span> <span class='ocrx_word' id='word_1_718' title='bbox 3382 2922 3566 2989; x_wconf 71' lang='lat' dir='ltr'><strong>fugato</strong></span> 
     </span>
    </p>
   </div>
   <div class='ocr_carea' id='block_1_92' title="bbox 1988 3012 3569 3081">
    <p class='ocr_par' dir='ltr' id='par_1_92' title="bbox 1988 3012 3569 3081">
     <span class='ocr_line' id='line_1_92' title="bbox 1988 3012 3569 3081; baseline -0.009 -10"><span class='ocrx_word' id='word_1_719' title='bbox 1988 3018 2221 3071; x_wconf 87' lang='lat' dir='ltr'><strong>molitur.</strong></span> <span class='ocrx_word' id='word_1_720' title='bbox 2253 3016 2388 3070; x_wconf 81' lang='lat' dir='ltr'><strong>Misit</strong></span> <span class='ocrx_word' id='word_1_721' title='bbox 2407 3017 2477 3070; x_wconf 84' lang='lat' dir='ltr'><strong>ad</strong></span> <span class='ocrx_word' id='word_1_722' title='bbox 2500 3015 2820 3070; x_wconf 89' lang='lat' dir='ltr'><strong>Comitatum</strong></span> <span class='ocrx_word' id='word_1_723' title='bbox 2844 3025 2897 3068; x_wconf 90' lang='lat' dir='ltr'><strong>et</strong></span> <span class='ocrx_word' id='word_1_724' title='bbox 2922 3014 2986 3067; x_wconf 91' lang='lat' dir='ltr'><strong>ad</strong></span> <span class='ocrx_word' id='word_1_725' title='bbox 3018 3012 3342 3081; x_wconf 80' lang='lat' dir='ltr'><strong>patentiores</strong></span> <span class='ocrx_word' id='word_1_726' title='bbox 3360 3013 3569 3079; x_wconf 77' lang='lat' dir='ltr'><strong>episco-</strong></span> 
     </span>
    </p>
   </div>
   <div class='ocr_carea' id='block_1_93' title="bbox 1988 3101 3571 3178">
    <p class='ocr_par' dir='ltr' id='par_1_93' title="bbox 1988 3101 3571 3178">
     <span class='ocr_line' id='line_1_93' title="bbox 1988 3101 3571 3178; baseline -0.007 -17"><span class='ocrx_word' id='word_1_727' title='bbox 1988 3124 2101 3178; x_wconf 89' lang='lat' dir='ltr'><strong>pos,</strong></span> <span class='ocrx_word' id='word_1_728' title='bbox 2118 3117 2273 3177; x_wconf 85' lang='lat' dir='ltr'><strong>at-que</strong></span> <span class='ocrx_word' id='word_1_729' title='bbox 2286 3106 2425 3162; x_wconf 85' lang='lat' dir='ltr'><strong>hunc</strong></span> <span class='ocrx_word' id='word_1_730' title='bbox 2439 3108 2606 3161; x_wconf 87' lang='lat' dir='ltr'><strong>literis</strong></span> <span class='ocrx_word' id='word_1_731' title='bbox 2623 3104 2979 3175; x_wconf 86' lang='lat' dir='ltr'><strong>lmpcratoriis</strong></span> <span class='ocrx_word' id='word_1_732' title='bbox 2997 3104 3047 3158; x_wconf 91' lang='lat' dir='ltr'><strong>in</strong></span> <span class='ocrx_word' id='word_1_733' title='bbox 3060 3102 3219 3157; x_wconf 89' lang='lat' dir='ltr'><strong>Oasiu</strong></span> <span class='ocrx_word' id='word_1_734' title='bbox 3242 3101 3571 3171; x_wconf 67' lang='lat' dir='ltr'><strong>relegaricu-</strong></span> 
     </span>
    </p>
   </div>
   <div class='ocr_carea' id='block_1_94' title="bbox 1986 3192 3573 3267">
    <p class='ocr_par' dir='ltr' id='par_1_94' title="bbox 1986 3192 3573 3267">
     <span class='ocr_line' id='line_1_94' title="bbox 1986 3192 3573 3267; baseline -0.006 -15"><span class='ocrx_word' id='word_1_735' title='bbox 1986 3198 2251 3265; x_wconf 88' lang='lat' dir='ltr'><strong>rat,veluti</strong></span> <span class='ocrx_word' id='word_1_736' title='bbox 2272 3196 2581 3266; x_wconf 78' lang='lat' dir='ltr'><strong>pepulorum</strong></span> <span class='ocrx_word' id='word_1_737' title='bbox 2598 3196 3039 3267; x_wconf 63' lang='lat' dir='ltr'><strong>per-turbatorem.</strong></span> <span class='ocrx_word' id='word_1_738' title='bbox 3057 3194 3154 3259; x_wconf 82' lang='lat' dir='ltr'><strong>Qui</strong></span> <span class='ocrx_word' id='word_1_739' title='bbox 3175 3193 3349 3247; x_wconf 84' lang='lat' dir='ltr'><strong>statim</strong></span> <span class='ocrx_word' id='word_1_740' title='bbox 3365 3192 3450 3246; x_wconf 89' lang='lat' dir='ltr'><strong>ubi</strong></span> <span class='ocrx_word' id='word_1_741' title='bbox 3470 3193 3573 3243; x_wconf 85' lang='lat' dir='ltr'><strong>hoc</strong></span> 
     </span>
    </p>
   </div>
   <div class='ocr_carea' id='block_1_95' title="bbox 1989 3279 3567 3353">
    <p class='ocr_par' dir='ltr' id='par_1_95' title="bbox 1989 3279 3567 3353">
     <span class='ocr_line' id='line_1_95' title="bbox 1989 3279 3567 3353; baseline -0.005 -13"><span class='ocrx_word' id='word_1_742' title='bbox 1989 3287 2221 3351; x_wconf 89' lang='lat' dir='ltr'><strong>rescivit,</strong></span> <span class='ocrx_word' id='word_1_743' title='bbox 2246 3286 2537 3339; x_wconf 76' lang='lat' dir='ltr'><strong>amicorum</strong></span> <span class='ocrx_word' id='word_1_744' title='bbox 2565 3285 2762 3338; x_wconf 80' lang='lat' dir='ltr'><strong>auxilio</strong></span> <span class='ocrx_word' id='word_1_745' title='bbox 2792 3285 2841 3338; x_wconf 91' lang='lat' dir='ltr'><strong>in</strong></span> <span class='ocrx_word' id='word_1_746' title='bbox 2868 3282 3098 3353; x_wconf 88' lang='lat' dir='ltr'><strong>Cyprum</strong></span> <span class='ocrx_word' id='word_1_747' title='bbox 3128 3282 3280 3351; x_wconf 82' lang='lat' dir='ltr'><strong>fugit.</strong></span> <span class='ocrx_word' id='word_1_748' title='bbox 3304 3279 3419 3349; x_wconf 90' lang='lat' dir='ltr'><strong>Ipse</strong></span> <span class='ocrx_word' id='word_1_749' title='bbox 3442 3295 3567 3334; x_wconf 85' lang='lat' dir='ltr'><strong>vero</strong></span> 
     </span>
    </p>
   </div>
   <div class='ocr_carea' id='block_1_96' title="bbox 1990 3375 3569 3447">
    <p class='ocr_par' dir='ltr' id='par_1_96' title="bbox 1990 3375 3569 3447">
     <span class='ocr_line' id='line_1_96' title="bbox 1990 3375 3569 3447; baseline -0.003 -16"><span class='ocrx_word' id='word_1_750' title='bbox 1990 3378 2317 3447; x_wconf 85' lang='lat' dir='ltr'><strong>Porphyrius</strong></span> <span class='ocrx_word' id='word_1_751' title='bbox 2354 3376 2631 3446; x_wconf 85' lang='lat' dir='ltr'><strong>Cyriacum</strong></span> <span class='ocrx_word' id='word_1_752' title='bbox 2663 3384 2716 3430; x_wconf 91' lang='lat' dir='ltr'><strong>et</strong></span> <span class='ocrx_word' id='word_1_753' title='bbox 2766 3375 3155 3445; x_wconf 85' lang='lat' dir='ltr'><strong>Diophantum,</strong></span> <span class='ocrx_word' id='word_1_754' title='bbox 3207 3377 3569 3443; x_wconf 83' lang='lat' dir='ltr'><strong>presbyteros.</strong></span> 
     </span>
    </p>
   </div>
   <div class='ocr_carea' id='block_1_97' title="bbox 1988 3462 3574 3537">
    <p class='ocr_par' dir='ltr' id='par_1_97' title="bbox 1988 3462 3574 3537">
     <span class='ocr_line' id='line_1_97' title="bbox 1988 3462 3574 3537; baseline -0.005 -16"><span class='ocrx_word' id='word_1_755' title='bbox 1988 3468 2316 3537; x_wconf 84' lang='lat' dir='ltr'><strong>clericosque</strong></span> <span class='ocrx_word' id='word_1_756' title='bbox 2344 3476 2567 3522; x_wconf 84' lang='lat' dir='ltr'><strong>caeteros</strong></span> <span class='ocrx_word' id='word_1_757' title='bbox 2587 3507 2601 3533; x_wconf 91' lang='lat'><strong>,</strong></span> <span class='ocrx_word' id='word_1_758' title='bbox 2628 3468 2682 3520; x_wconf 92' lang='lat' dir='ltr'><strong>in</strong></span> <span class='ocrx_word' id='word_1_759' title='bbox 2715 3467 3011 3521; x_wconf 87' lang='lat' dir='ltr'><strong>custodiam</strong></span> <span class='ocrx_word' id='word_1_760' title='bbox 3042 3468 3258 3519; x_wconf 80' lang='lat' dir='ltr'><strong>mittens</strong></span> <span class='ocrx_word' id='word_1_761' title='bbox 3281 3504 3294 3527; x_wconf 96' lang='lat'><strong>,</strong></span> <span class='ocrx_word' id='word_1_762' title='bbox 3324 3462 3574 3517; x_wconf 87' lang='lat' dir='ltr'><strong>observat</strong></span> 
     </span>
    </p>
   </div>
   <div class='ocr_carea' id='block_1_98' title="bbox 1992 3552 3575 3629">
    <p class='ocr_par' dir='ltr' id='par_1_98' title="bbox 1992 3552 3575 3629">
     <span class='ocr_line' id='line_1_98' title="bbox 1992 3552 3575 3629; baseline -0.005 -17"><span class='ocrx_word' id='word_1_763' title='bbox 1992 3568 2199 3627; x_wconf 90' lang='lat' dir='ltr'><strong>tempus</strong></span> <span class='ocrx_word' id='word_1_764' title='bbox 2221 3574 2327 3629; x_wconf 93' lang='lat' dir='ltr'><strong>quo</strong></span> <span class='ocrx_word' id='word_1_765' title='bbox 2348 3559 2518 3612; x_wconf 89' lang='lat' dir='ltr'><strong>omnis</strong></span> <span class='ocrx_word' id='word_1_766' title='bbox 2543 3559 2730 3612; x_wconf 85' lang='lat' dir='ltr'><strong>civitas</strong></span> <span class='ocrx_word' id='word_1_767' title='bbox 2757 3558 2823 3611; x_wconf 90' lang='lat' dir='ltr'><strong>ad</strong></span> <span class='ocrx_word' id='word_1_768' title='bbox 2850 3558 3152 3611; x_wconf 83' lang='lat' dir='ltr'><strong>suburbana</strong></span> <span class='ocrx_word' id='word_1_769' title='bbox 3179 3554 3456 3617; x_wconf 88' lang='lat' dir='ltr'><strong>transiret;</strong></span> <span class='ocrx_word' id='word_1_770' title='bbox 3481 3552 3575 3605; x_wconf 81' lang='lat' dir='ltr'><strong>ha-</strong></span> 
     </span>
    </p>
   </div>
   <div class='ocr_carea' id='block_1_99' title="bbox 1989 3642 3571 3717">
    <p class='ocr_par' dir='ltr' id='par_1_99' title="bbox 1989 3642 3571 3717">
     <span class='ocr_line' id='line_1_99' title="bbox 1989 3642 3571 3717; baseline -0.006 -15"><span class='ocrx_word' id='word_1_771' title='bbox 1989 3649 2123 3702; x_wconf 84' lang='lat' dir='ltr'><strong>hens</strong></span> <span class='ocrx_word' id='word_1_772' title='bbox 2162 3648 2299 3717; x_wconf 89' lang='lat' dir='ltr'><strong>apud</strong></span> <span class='ocrx_word' id='word_1_773' title='bbox 2337 3664 2395 3703; x_wconf 88' lang='lat' dir='ltr'><strong>se</strong></span> <span class='ocrx_word' id='word_1_774' title='bbox 2436 3648 2686 3702; x_wconf 82' lang='lat' dir='ltr'><strong>Acacium</strong></span> <span class='ocrx_word' id='word_1_775' title='bbox 2711 3688 2726 3711; x_wconf 91' lang='lat'><strong>,</strong></span> <span class='ocrx_word' id='word_1_776' title='bbox 2766 3647 3112 3701; x_wconf 89' lang='lat' dir='ltr'><strong>Severianum</strong></span> <span class='ocrx_word' id='word_1_777' title='bbox 3155 3654 3206 3697; x_wconf 85' lang='lat' dir='ltr'><strong>et</strong></span> <span class='ocrx_word' id='word_1_778' title='bbox 3252 3642 3571 3697; x_wconf 83' lang='lat' dir='ltr'><strong>Antiochum</strong></span> 
     </span>
    </p>
   </div>
   <div class='ocr_carea' id='block_1_100' title="bbox 1991 3735 3575 3810">
    <p class='ocr_par' dir='ltr' id='par_1_100' title="bbox 1991 3735 3575 3810">
     <span class='ocr_line' id='line_1_100' title="bbox 1991 3735 3575 3810; baseline -0.006 -14"><span class='ocrx_word' id='word_1_779' title='bbox 1991 3742 2328 3796; x_wconf 86' lang='lat' dir='ltr'><strong>absconditos</strong></span> <span class='ocrx_word' id='word_1_780' title='bbox 2346 3781 2363 3807; x_wconf 92' lang='lat'><strong>,</strong></span> <span class='ocrx_word' id='word_1_781' title='bbox 2396 3741 2564 3810; x_wconf 87' lang='lat' dir='ltr'><strong>prima</strong></span> <span class='ocrx_word' id='word_1_782' title='bbox 2592 3739 2676 3794; x_wconf 91' lang='lat' dir='ltr'><strong>die</strong></span> <span class='ocrx_word' id='word_1_783' title='bbox 2705 3739 3003 3793; x_wconf 88' lang='lat' dir='ltr'><strong>festivitatis</strong></span> <span class='ocrx_word' id='word_1_784' title='bbox 3028 3779 3041 3799; x_wconf 82' lang='lat'><strong>,</strong></span> <span class='ocrx_word' id='word_1_785' title='bbox 3071 3736 3206 3805; x_wconf 89' lang='lat' dir='ltr'><strong>apud</strong></span> <span class='ocrx_word' id='word_1_786' title='bbox 3237 3735 3459 3803; x_wconf 78' lang='lat' dir='ltr'><strong>gentiles</strong></span> <span class='ocrx_word' id='word_1_787' title='bbox 3485 3748 3575 3787; x_wconf 85' lang='lat' dir='ltr'><strong>cc-</strong></span> 
     </span>
    </p>
   </div>
   <div class='ocr_carea' id='block_1_101' title="bbox 1995 3828 3578 3903">
    <p class='ocr_par' dir='ltr' id='par_1_101' title="bbox 1995 3828 3578 3903">
     <span class='ocr_line' id='line_1_101' title="bbox 1995 3828 3578 3903; baseline -0.009 -15"><span class='ocrx_word' id='word_1_788' title='bbox 1995 3835 2325 3897; x_wconf 72' lang='lat' dir='ltr'><strong>leberrimm,</strong></span> <span class='ocrx_word' id='word_1_789' title='bbox 2359 3832 2722 3903; x_wconf 86' lang='lat' dir='ltr'><strong>Olympiorum</strong></span> <span class='ocrx_word' id='word_1_790' title='bbox 2766 3830 2968 3885; x_wconf 87' lang='lat' dir='ltr'><strong>scilicet</strong></span> <span class='ocrx_word' id='word_1_791' title='bbox 2997 3828 3107 3893; x_wconf 90' lang='lat' dir='ltr'><strong>(sic</strong></span> <span class='ocrx_word' id='word_1_792' title='bbox 3144 3828 3283 3882; x_wconf 89' lang='lat' dir='ltr'><strong>enim</strong></span> <span class='ocrx_word' id='word_1_793' title='bbox 3323 3835 3578 3879; x_wconf 86' lang='lat' dir='ltr'><strong>vocantur-</strong></span> 
     </span>
    </p>
   </div>
   <div class='ocr_carea' id='block_1_102' title="bbox 1994 3923 3579 3994">
    <p class='ocr_par' dir='ltr' id='par_1_102' title="bbox 1994 3923 3579 3994">
     <span class='ocr_line' id='line_1_102' title="bbox 1994 3923 3579 3994; baseline -0.008 -14"><span class='ocrx_word' id='word_1_794' title='bbox 1994 3926 2283 3980; x_wconf 87' lang='lat' dir='ltr'><strong>certamina</strong></span> <span class='ocrx_word' id='word_1_795' title='bbox 2314 3940 2433 3994; x_wconf 70' lang='grc' dir='ltr'>ιιιιω</span> <span class='ocrx_word' id='word_1_796' title='bbox 2464 3925 2530 3978; x_wconf 92' lang='lat' dir='ltr'><strong>ab</strong></span> <span class='ocrx_word' id='word_1_797' title='bbox 2577 3923 2800 3978; x_wconf 86' lang='lat' dir='ltr'><strong>llercule</strong></span> <span class='ocrx_word' id='word_1_798' title='bbox 2840 3923 3107 3987; x_wconf 88' lang='lat' dir='ltr'><strong>instituta,</strong></span> <span class='ocrx_word' id='word_1_799' title='bbox 3140 3930 3329 3989; x_wconf 87' lang='lat' dir='ltr'><strong>quarto</strong></span> <span class='ocrx_word' id='word_1_800' title='bbox 3367 3932 3579 3984; x_wconf 83' lang='lat' dir='ltr'><strong>quoque.</strong></span> 
     </span>
    </p>
   </div>
   <div class='ocr_carea' id='block_1_103' title="bbox 1995 4006 3579 4083">
    <p class='ocr_par' dir='ltr' id='par_1_103' title="bbox 1995 4006 3579 4083">
     <span class='ocr_line' id='line_1_103' title="bbox 1995 4006 3579 4083; baseline -0.006 -13"><span class='ocrx_word' id='word_1_801' title='bbox 1995 4030 2137 4070; x_wconf 87' lang='lat' dir='ltr'><strong>anno</strong></span> <span class='ocrx_word' id='word_1_802' title='bbox 2162 4014 2535 4083; x_wconf 87' lang='lat' dir='ltr'><strong>celebrantur)</strong></span> <span class='ocrx_word' id='word_1_803' title='bbox 2570 4030 2582 4065; x_wconf 90' lang='lat'><strong>:</strong></span> <span class='ocrx_word' id='word_1_804' title='bbox 2618 4014 2670 4066; x_wconf 93' lang='lat' dir='ltr'><strong>in</strong></span> <span class='ocrx_word' id='word_1_805' title='bbox 2697 4027 2799 4082; x_wconf 90' lang='lat' dir='ltr'><strong>qua</strong></span> <span class='ocrx_word' id='word_1_806' title='bbox 2825 4052 2840 4077; x_wconf 95' lang='lat'><strong>,</strong></span> <span class='ocrx_word' id='word_1_807' title='bbox 2873 4020 2927 4065; x_wconf 89' lang='lat' dir='ltr'><strong>ut</strong></span> <span class='ocrx_word' id='word_1_808' title='bbox 2956 4012 3027 4065; x_wconf 89' lang='lat' dir='ltr'><strong>ita</strong></span> <span class='ocrx_word' id='word_1_809' title='bbox 3059 4011 3229 4064; x_wconf 73' lang='lat' dir='ltr'><strong>dicam</strong></span> <span class='ocrx_word' id='word_1_810' title='bbox 3256 4050 3270 4070; x_wconf 87' lang='lat'><strong>.</strong></span> <span class='ocrx_word' id='word_1_811' title='bbox 3299 4006 3579 4061; x_wconf 83' lang='lat' dir='ltr'><strong>mulierum</strong></span> 
     </span>
    </p>
   </div>
   <div class='ocr_carea' id='block_1_104' title="bbox 1996 4098 3579 4175">
    <p class='ocr_par' dir='ltr' id='par_1_104' title="bbox 1996 4098 3579 4175">
     <span class='ocr_line' id='line_1_104' title="bbox 1996 4098 3579 4175; baseline -0.009 -14"><span class='ocrx_word' id='word_1_812' title='bbox 1996 4121 2204 4175; x_wconf 76' lang='lat' dir='ltr'><strong>greges,</strong></span> <span class='ocrx_word' id='word_1_813' title='bbox 2238 4120 2341 4159; x_wconf 87' lang='lat' dir='ltr'><strong>una</strong></span> <span class='ocrx_word' id='word_1_814' title='bbox 2366 4120 2487 4159; x_wconf 88' lang='lat' dir='ltr'><strong>cum</strong></span> <span class='ocrx_word' id='word_1_815' title='bbox 2525 4104 2729 4173; x_wconf 91' lang='lat' dir='ltr'><strong>populis</strong></span> <span class='ocrx_word' id='word_1_816' title='bbox 2750 4144 2765 4167; x_wconf 89' lang='lat'><strong>,</strong></span> <span class='ocrx_word' id='word_1_817' title='bbox 2796 4102 3155 4157; x_wconf 82' lang='lat' dir='ltr'><strong>effervescunt</strong></span> <span class='ocrx_word' id='word_1_818' title='bbox 3192 4099 3256 4153; x_wconf 92' lang='lat' dir='ltr'><strong>ad</strong></span> <span class='ocrx_word' id='word_1_819' title='bbox 3290 4098 3540 4167; x_wconf 82' lang='lat' dir='ltr'><strong>Daphnen</strong></span> <span class='ocrx_word' id='word_1_820' title='bbox 3564 4137 3579 4161; x_wconf 94' lang='lat'><strong>,</strong></span> 
     </span>
    </p>
   </div>
   <div class='ocr_carea' id='block_1_105' title="bbox 2000 4190 3581 4263">
    <p class='ocr_par' dir='ltr' id='par_1_105' title="bbox 2000 4190 3581 4263">
     <span class='ocr_line' id='line_1_105' title="bbox 2000 4190 3581 4263; baseline -0.009 -14"><span class='ocrx_word' id='word_1_821' title='bbox 2000 4196 2064 4249; x_wconf 89' lang='lat' dir='ltr'><strong>ad</strong></span> <span class='ocrx_word' id='word_1_822' title='bbox 2093 4195 2411 4263; x_wconf 84' lang='lat' dir='ltr'><strong>spectandos</strong></span> <span class='ocrx_word' id='word_1_823' title='bbox 2444 4192 2670 4246; x_wconf 85' lang='lat' dir='ltr'><strong>athletas</strong></span> <span class='ocrx_word' id='word_1_824' title='bbox 2705 4208 2718 4244; x_wconf 90' lang='lat'><strong>:</strong></span> <span class='ocrx_word' id='word_1_825' title='bbox 2750 4208 2870 4246; x_wconf 89' lang='lat' dir='ltr'><strong>cum</strong></span> <span class='ocrx_word' id='word_1_826' title='bbox 2894 4192 2944 4245; x_wconf 92' lang='lat' dir='ltr'><strong>in</strong></span> <span class='ocrx_word' id='word_1_827' title='bbox 2970 4190 3251 4245; x_wconf 85' lang='lat' dir='ltr'><strong>ecclesiam</strong></span> <span class='ocrx_word' id='word_1_828' title='bbox 3286 4190 3581 4255; x_wconf 77' lang='lat' dir='ltr'><strong>irrupisset,</strong></span> 
     </span>
    </p>
   </div>
   <div class='ocr_carea' id='block_1_106' title="bbox 2001 4278 3583 4353">
    <p class='ocr_par' dir='ltr' id='par_1_106' title="bbox 2001 4278 3583 4353">
     <span class='ocr_line' id='line_1_106' title="bbox 2001 4278 3583 4353; baseline -0.008 -14"><span class='ocrx_word' id='word_1_829' title='bbox 2001 4287 2158 4339; x_wconf 89' lang='lat' dir='ltr'><strong>simul</strong></span> <span class='ocrx_word' id='word_1_830' title='bbox 2183 4301 2303 4340; x_wconf 92' lang='lat' dir='ltr'><strong>cum</strong></span> <span class='ocrx_word' id='word_1_831' title='bbox 2327 4285 2635 4339; x_wconf 89' lang='lat' dir='ltr'><strong>memoratis</strong></span> <span class='ocrx_word' id='word_1_832' title='bbox 2655 4283 2921 4353; x_wconf 85' lang='lat' dir='ltr'><strong>episcopis</strong></span> <span class='ocrx_word' id='word_1_833' title='bbox 2936 4292 2989 4336; x_wconf 89' lang='lat' dir='ltr'><strong>ct</strong></span> <span class='ocrx_word' id='word_1_834' title='bbox 3008 4282 3215 4335; x_wconf 76' lang='lat' dir='ltr'><strong>doricis</strong></span> <span class='ocrx_word' id='word_1_835' title='bbox 3235 4280 3434 4349; x_wconf 71' lang='lat' dir='ltr'><strong>paucis,</strong></span> <span class='ocrx_word' id='word_1_836' title='bbox 3449 4278 3583 4330; x_wconf 86' lang='lat' dir='ltr'><strong>clam</strong></span> 
     </span>
    </p>
   </div>
   <div class='ocr_carea' id='block_1_107' title="bbox 1998 4368 3584 4446">
    <p class='ocr_par' dir='ltr' id='par_1_107' title="bbox 1998 4368 3584 4446">
     <span class='ocr_line' id='line_1_107' title="bbox 1998 4368 3584 4446; baseline -0.009 -15"><span class='ocrx_word' id='word_1_837' title='bbox 1998 4376 2297 4441; x_wconf 82' lang='lat' dir='ltr'><strong>ordinatur,</strong></span> <span class='ocrx_word' id='word_1_838' title='bbox 2329 4374 2523 4427; x_wconf 83' lang='lat' dir='ltr'><strong>clausis</strong></span> <span class='ocrx_word' id='word_1_839' title='bbox 2542 4374 2740 4446; x_wconf 87' lang='lat' dir='ltr'><strong>jauuis,</strong></span> <span class='ocrx_word' id='word_1_840' title='bbox 2771 4373 2933 4426; x_wconf 88' lang='lat' dir='ltr'><strong>multa</strong></span> <span class='ocrx_word' id='word_1_841' title='bbox 2957 4387 3077 4425; x_wconf 90' lang='lat' dir='ltr'><strong>cum</strong></span> <span class='ocrx_word' id='word_1_842' title='bbox 3109 4369 3479 4430; x_wconf 74' lang='lat' dir='ltr'><strong>festinatione;</strong></span> <span class='ocrx_word' id='word_1_843' title='bbox 3516 4368 3584 4419; x_wconf 90' lang='lat' dir='ltr'><strong>ita</strong></span> 
     </span>
    </p>
   </div>
   <div class='ocr_carea' id='block_1_108' title="bbox 2004 4459 3589 4535">
    <p class='ocr_par' dir='ltr' id='par_1_108' title="bbox 2004 4459 3589 4535">
     <span class='ocr_line' id='line_1_108' title="bbox 2004 4459 3589 4535; baseline -0.008 -15"><span class='ocrx_word' id='word_1_844' title='bbox 2004 4476 2059 4521; x_wconf 87' lang='grc' dir='ltr'><strong>ιιι</strong></span> <span class='ocrx_word' id='word_1_845' title='bbox 2082 4481 2148 4519; x_wconf 88' lang='lat' dir='ltr'><strong>ne</strong></span> <span class='ocrx_word' id='word_1_846' title='bbox 2174 4465 2531 4535; x_wconf 87' lang='lat' dir='ltr'><strong>precationem</strong></span> <span class='ocrx_word' id='word_1_847' title='bbox 2560 4464 2773 4533; x_wconf 83' lang='lat' dir='ltr'><strong>quidem</strong></span> <span class='ocrx_word' id='word_1_848' title='bbox 2802 4462 2868 4516; x_wconf 88' lang='lat' dir='ltr'><strong>ad</strong></span> <span class='ocrx_word' id='word_1_849' title='bbox 2900 4462 3056 4515; x_wconf 89' lang='lat' dir='ltr'><strong>linem</strong></span> <span class='ocrx_word' id='word_1_850' title='bbox 3090 4459 3453 4530; x_wconf 78' lang='lat' dir='ltr'><strong>perduxerint,</strong></span> <span class='ocrx_word' id='word_1_851' title='bbox 3476 4472 3589 4535; x_wconf 80' lang='lat' dir='ltr'><strong>me-_</strong></span> 
     </span>
    </p>
   </div>
   <div class='ocr_carea' id='block_1_109' title="bbox 2004 4550 3585 4625">
    <p class='ocr_par' dir='ltr' id='par_1_109' title="bbox 2004 4550 3585 4625">
     <span class='ocr_line' id='line_1_109' title="bbox 2004 4550 3585 4625; baseline -0.006 -13"><span class='ocrx_word' id='word_1_852' title='bbox 2004 4567 2212 4612; x_wconf 89' lang='lat' dir='ltr'><strong>tuentes</strong></span> <span class='ocrx_word' id='word_1_853' title='bbox 2243 4572 2308 4609; x_wconf 88' lang='lat' dir='ltr'><strong>ne</strong></span> <span class='ocrx_word' id='word_1_854' title='bbox 2345 4556 2890 4625; x_wconf 87' lang='lat' dir='ltr'><strong>deprehenderentur.</strong></span> <span class='ocrx_word' id='word_1_855' title='bbox 2932 4553 3059 4608; x_wconf 79' lang='lat' dir='ltr'><strong>Tale</strong></span> <span class='ocrx_word' id='word_1_856' title='bbox 3088 4554 3228 4607; x_wconf 90' lang='lat' dir='ltr'><strong>enim</strong></span> <span class='ocrx_word' id='word_1_857' title='bbox 3270 4550 3585 4605; x_wconf 86' lang='lat' dir='ltr'><strong>adulterium</strong></span> 
     </span>
    </p>
   </div>
   <div class='ocr_carea' id='block_1_110' title="bbox 2004 4640 3584 4716">
    <p class='ocr_par' dir='ltr' id='par_1_110' title="bbox 2004 4640 3584 4716">
     <span class='ocr_line' id='line_1_110' title="bbox 2004 4640 3584 4716; baseline -0.008 -14"><span class='ocrx_word' id='word_1_858' title='bbox 2004 4657 2107 4713; x_wconf 90' lang='lat' dir='ltr'><strong>est,</strong></span> <span class='ocrx_word' id='word_1_859' title='bbox 2140 4646 2316 4716; x_wconf 77' lang='lat' dir='ltr'><strong>spuria</strong></span> <span class='ocrx_word' id='word_1_860' title='bbox 2344 4647 2509 4716; x_wconf 88' lang='lat' dir='ltr'><strong>gignit</strong></span> <span class='ocrx_word' id='word_1_861' title='bbox 2536 4656 2590 4701; x_wconf 88' lang='lat' dir='ltr'><strong>et</strong></span> <span class='ocrx_word' id='word_1_862' title='bbox 2628 4646 2768 4700; x_wconf 89' lang='lat' dir='ltr'><strong>facit.</strong></span> <span class='ocrx_word' id='word_1_863' title='bbox 2804 4645 2971 4699; x_wconf 88' lang='lat' dir='ltr'><strong>Porro</strong></span> <span class='ocrx_word' id='word_1_864' title='bbox 2996 4643 3315 4698; x_wconf 87' lang='lat' dir='ltr'><strong>Severianus</strong></span> <span class='ocrx_word' id='word_1_865' title='bbox 3336 4649 3392 4695; x_wconf 83' lang='lat' dir='ltr'><strong>et</strong></span> <span class='ocrx_word' id='word_1_866' title='bbox 3421 4640 3547 4693; x_wconf 81' lang='lat' dir='ltr'><strong>socii</strong></span> <span class='ocrx_word' id='word_1_867' title='bbox 3570 4679 3584 4702; x_wconf 89' lang='lat'><strong>,</strong></span> 
     </span>
    </p>
   </div>
   <div class='ocr_carea' id='block_1_111' title="bbox 2007 4732 3587 4810">
    <p class='ocr_par' dir='ltr' id='par_1_111' title="bbox 2007 4732 3587 4810">
     <span class='ocr_line' id='line_1_111' title="bbox 2007 4732 3587 4810; baseline -0.008 -15"><span class='ocrx_word' id='word_1_868' title='bbox 2007 4749 2225 4809; x_wconf 83' lang='lat' dir='ltr'><strong>accepto</strong></span> <span class='ocrx_word' id='word_1_869' title='bbox 2254 4741 2423 4810; x_wconf 76' lang='lat' dir='ltr'><strong>pretio</strong></span> <span class='ocrx_word' id='word_1_870' title='bbox 2443 4779 2457 4802; x_wconf 85' lang='lat'><strong>,</strong></span> <span class='ocrx_word' id='word_1_871' title='bbox 2488 4754 2581 4807; x_wconf 89' lang='lat' dir='ltr'><strong>per</strong></span> <span class='ocrx_word' id='word_1_872' title='bbox 2607 4747 2819 4793; x_wconf 85' lang='lat' dir='ltr'><strong>montes</strong></span> <span class='ocrx_word' id='word_1_873' title='bbox 2848 4746 2903 4791; x_wconf 91' lang='lat' dir='ltr'><strong>et.</strong></span> <span class='ocrx_word' id='word_1_874' title='bbox 2929 4736 3067 4790; x_wconf 84' lang='lat' dir='ltr'><strong>invia</strong></span> <span class='ocrx_word' id='word_1_875' title='bbox 3094 4735 3208 4789; x_wconf 87' lang='lat' dir='ltr'><strong>loca</strong></span> <span class='ocrx_word' id='word_1_876' title='bbox 3245 4733 3426 4801; x_wconf 80' lang='lat' dir='ltr'><strong>fugere</strong></span> <span class='ocrx_word' id='word_1_877' title='bbox 3446 4774 3460 4793; x_wconf 87' lang='lat'><strong>,</strong></span> <span class='ocrx_word' id='word_1_878' title='bbox 3491 4732 3587 4784; x_wconf 85' lang='lat' dir='ltr'><strong>hrr-</strong></span> 
     </span>
    </p>
   </div>
   <div class='ocr_carea' id='block_1_112' title="bbox 2009 4821 3591 4899">
    <p class='ocr_par' dir='ltr' id='par_1_112' title="bbox 2009 4821 3591 4899">
     <span class='ocr_line' id='line_1_112' title="bbox 2009 4821 3591 4899; baseline -0.009 -13"><span class='ocrx_word' id='word_1_879' title='bbox 2009 4847 2223 4886; x_wconf 90' lang='lat' dir='ltr'><strong>manum</strong></span> <span class='ocrx_word' id='word_1_880' title='bbox 2254 4828 2466 4899; x_wconf 91' lang='lat' dir='ltr'><strong>quidem</strong></span> <span class='ocrx_word' id='word_1_881' title='bbox 2508 4829 2772 4882; x_wconf 82' lang='lat' dir='ltr'><strong>evitantes</strong></span> <span class='ocrx_word' id='word_1_882' title='bbox 2820 4826 3111 4895; x_wconf 87' lang='lat' dir='ltr'><strong>periculrrm</strong></span> <span class='ocrx_word' id='word_1_883' title='bbox 3134 4864 3147 4885; x_wconf 89' lang='lat'><strong>,</strong></span> <span class='ocrx_word' id='word_1_884' title='bbox 3181 4823 3273 4877; x_wconf 89' lang='lat' dir='ltr'><strong>sed</strong></span> <span class='ocrx_word' id='word_1_885' title='bbox 3316 4821 3548 4875; x_wconf 85' lang='lat' dir='ltr'><strong>divinam</strong></span> <span class='ocrx_word' id='word_1_886' title='bbox 3576 4862 3591 4887; x_wconf 94' lang='lat'><strong>,</strong></span> 
     </span>
    </p>
   </div>
   <div class='ocr_carea' id='block_1_113' title="bbox 2010 4912 3596 4993">
    <p class='ocr_par' dir='ltr' id='par_1_113' title="bbox 2010 4912 3596 4993">
     <span class='ocr_line' id='line_1_113' title="bbox 2010 4912 3596 4993; baseline -0.006 -18"><span class='ocrx_word' id='word_1_887' title='bbox 2010 4938 2167 4993; x_wconf 91' lang='lat' dir='ltr'><strong>quam</strong></span> <span class='ocrx_word' id='word_1_888' title='bbox 2200 4920 2549 4991; x_wconf 77' lang='lat' dir='ltr'><strong>ignorabant,</strong></span> <span class='ocrx_word' id='word_1_889' title='bbox 2583 4918 2996 4988; x_wconf 86' lang='lat' dir='ltr'><strong>indignationem</strong></span> <span class='ocrx_word' id='word_1_890' title='bbox 3030 4917 3379 4969; x_wconf 85' lang='lat' dir='ltr'><strong>incurrentes.</strong></span> <span class='ocrx_word' id='word_1_891' title='bbox 3410 4912 3596 4967; x_wconf 88' lang='lat' dir='ltr'><strong>Soluto</strong></span> 
     </span>
    </p>
   </div>
   <div class='ocr_carea' id='block_1_114' title="bbox 2010 5004 3596 5081">
    <p class='ocr_par' dir='ltr' id='par_1_114' title="bbox 2010 5004 3596 5081">
     <span class='ocr_line' id='line_1_114' title="bbox 2010 5004 3596 5081; baseline -0.007 -15"><span class='ocrx_word' id='word_1_892' title='bbox 2010 5022 2188 5067; x_wconf 87' lang='lat' dir='ltr'><strong>autem</strong></span> <span class='ocrx_word' id='word_1_893' title='bbox 2210 5010 2387 5081; x_wconf 89' lang='lat' dir='ltr'><strong>populi</strong></span> <span class='ocrx_word' id='word_1_894' title='bbox 2407 5009 2731 5079; x_wconf 89' lang='lat' dir='ltr'><strong>spectaculo,</strong></span> <span class='ocrx_word' id='word_1_895' title='bbox 2757 5007 3072 5078; x_wconf 86' lang='lat' dir='ltr'><strong>populisque</strong></span> <span class='ocrx_word' id='word_1_896' title='bbox 3103 5007 3153 5059; x_wconf 88' lang='lat' dir='ltr'><strong>in</strong></span> <span class='ocrx_word' id='word_1_897' title='bbox 3173 5004 3355 5059; x_wconf 90' lang='lat' dir='ltr'><strong>urbem</strong></span> <span class='ocrx_word' id='word_1_898' title='bbox 3384 5018 3596 5073; x_wconf 86' lang='lat' dir='ltr'><strong>regres-</strong></span> 
     </span>
    </p>
   </div>
   <div class='ocr_carea' id='block_1_115' title="bbox 2011 5093 3597 5169">
    <p class='ocr_par' dir='ltr' id='par_1_115' title="bbox 2011 5093 3597 5169">
     <span class='ocr_line' id='line_1_115' title="bbox 2011 5093 3597 5169; baseline -0.007 -13"><span class='ocrx_word' id='word_1_899' title='bbox 2011 5103 2102 5165; x_wconf 84' lang='lat' dir='ltr'><strong>sis,</strong></span> <span class='ocrx_word' id='word_1_900' title='bbox 2130 5100 2427 5155; x_wconf 89' lang='lat' dir='ltr'><strong>nuntiatum</strong></span> <span class='ocrx_word' id='word_1_901' title='bbox 2460 5100 2588 5169; x_wconf 82' lang='lat' dir='ltr'><strong>ipsis</strong></span> <span class='ocrx_word' id='word_1_902' title='bbox 2612 5107 2697 5153; x_wconf 88' lang='lat' dir='ltr'><strong>est</strong></span> <span class='ocrx_word' id='word_1_903' title='bbox 2732 5096 2856 5167; x_wconf 92' lang='lat' dir='ltr'><strong>quid</strong></span> <span class='ocrx_word' id='word_1_904' title='bbox 2896 5094 3191 5166; x_wconf 84' lang='lat' dir='ltr'><strong>Porphyrio</strong></span> <span class='ocrx_word' id='word_1_905' title='bbox 3217 5093 3514 5154; x_wconf 88' lang='lat' dir='ltr'><strong>evenisset,</strong></span> <span class='ocrx_word' id='word_1_906' title='bbox 3543 5102 3597 5145; x_wconf 88' lang='lat' dir='ltr'><strong>et</strong></span> 
     </span>
    </p>
   </div>
   <div class='ocr_carea' id='block_1_116' title="bbox 2012 5182 3595 5259">
    <p class='ocr_par' dir='ltr' id='par_1_116' title="bbox 2012 5182 3595 5259">
     <span class='ocr_line' id='line_1_116' title="bbox 2012 5182 3595 5259; baseline -0.006 -17"><span class='ocrx_word' id='word_1_907' title='bbox 2012 5190 2136 5259; x_wconf 86' lang='lat' dir='ltr'><strong>quid</strong></span> <span class='ocrx_word' id='word_1_908' title='bbox 2166 5189 2391 5244; x_wconf 83' lang='lat' dir='ltr'><strong>Aeacius</strong></span> <span class='ocrx_word' id='word_1_909' title='bbox 2427 5188 2642 5258; x_wconf 85' lang='lat' dir='ltr'><strong>egisset.</strong></span> <span class='ocrx_word' id='word_1_910' title='bbox 2689 5185 3027 5241; x_wconf 86' lang='lat' dir='ltr'><strong>Sustiuentcs</strong></span> <span class='ocrx_word' id='word_1_911' title='bbox 3057 5198 3184 5253; x_wconf 84' lang='lat' dir='ltr'><strong>ergo</strong></span> <span class='ocrx_word' id='word_1_912' title='bbox 3215 5182 3473 5250; x_wconf 83' lang='lat' dir='ltr'><strong>tantisper</strong></span> <span class='ocrx_word' id='word_1_913' title='bbox 3500 5195 3595 5233; x_wconf 87' lang='lat' dir='ltr'><strong>ve-</strong></span> 
     </span>
    </p>
   </div>
   <div class='ocr_carea' id='block_1_117' title="bbox 2013 5269 3597 5350">
    <p class='ocr_par' dir='ltr' id='par_1_117' title="bbox 2013 5269 3597 5350">
     <span class='ocr_line' id='line_1_117' title="bbox 2013 5269 3597 5350; baseline -0.008 -14"><span class='ocrx_word' id='word_1_914' title='bbox 2013 5297 2170 5350; x_wconf 77' lang='lat' dir='ltr'><strong>Spere</strong></span> <span class='ocrx_word' id='word_1_915' title='bbox 2199 5281 2294 5336; x_wconf 90' lang='lat' dir='ltr'><strong>illo</strong></span> <span class='ocrx_word' id='word_1_916' title='bbox 2322 5296 2489 5349; x_wconf 88' lang='lat' dir='ltr'><strong>usqtre</strong></span> <span class='ocrx_word' id='word_1_917' title='bbox 2529 5280 2579 5333; x_wconf 93' lang='lat' dir='ltr'><strong>in</strong></span> <span class='ocrx_word' id='word_1_918' title='bbox 2610 5278 2901 5333; x_wconf 89' lang='lat' dir='ltr'><strong>crastinum</strong></span> <span class='ocrx_word' id='word_1_919' title='bbox 2923 5315 2938 5341; x_wconf 92' lang='lat'><strong>,</strong></span> <span class='ocrx_word' id='word_1_920' title='bbox 2968 5276 3113 5329; x_wconf 89' lang='lat' dir='ltr'><strong>velut</strong></span> <span class='ocrx_word' id='word_1_921' title='bbox 3152 5281 3369 5343; x_wconf 88' lang='lat' dir='ltr'><strong>propter</strong></span> <span class='ocrx_word' id='word_1_922' title='bbox 3395 5269 3597 5324; x_wconf 80' lang='lat' dir='ltr'><strong>adulte-</strong></span> 
     </span>
    </p>
   </div>
   <div class='ocr_carea' id='block_1_118' title="bbox 2016 5362 3599 5441">
    <p class='ocr_par' dir='ltr' id='par_1_118' title="bbox 2016 5362 3599 5441">
     <span class='ocr_line' id='line_1_118' title="bbox 2016 5362 3599 5441; baseline -0.008 -15"><span class='ocrx_word' id='word_1_923' title='bbox 2016 5374 2152 5428; x_wconf 91' lang='lat' dir='ltr'><strong>rium</strong></span> <span class='ocrx_word' id='word_1_924' title='bbox 2196 5370 2459 5441; x_wconf 83' lang='lat' dir='ltr'><strong>perculsi,</strong></span> <span class='ocrx_word' id='word_1_925' title='bbox 2500 5383 2887 5424; x_wconf 81' lang='lat' dir='ltr'><strong>consurrexere</strong></span> <span class='ocrx_word' id='word_1_926' title='bbox 2910 5408 2925 5432; x_wconf 97' lang='lat'><strong>,</strong></span> <span class='ocrx_word' id='word_1_927' title='bbox 2958 5381 3020 5421; x_wconf 92' lang='lat' dir='ltr'><strong>ac</strong></span> <span class='ocrx_word' id='word_1_928' title='bbox 3057 5364 3371 5419; x_wconf 80' lang='lat' dir='ltr'><strong>confluxere</strong></span> <span class='ocrx_word' id='word_1_929' title='bbox 3393 5403 3408 5428; x_wconf 95' lang='lat'><strong>,</strong></span> <span class='ocrx_word' id='word_1_930' title='bbox 3440 5362 3599 5415; x_wconf 85' lang='lat' dir='ltr'><strong>sintut</strong></span> 
     </span>
    </p>
   </div>
   <div class='ocr_carea' id='block_1_119' title="bbox 2017 5451 3602 5531">
    <p class='ocr_par' dir='ltr' id='par_1_119' title="bbox 2017 5451 3602 5531">
     <span class='ocr_line' id='line_1_119' title="bbox 2017 5451 3602 5531; baseline -0.009 -13"><span class='ocrx_word' id='word_1_931' title='bbox 2017 5479 2206 5518; x_wconf 89' lang='lat' dir='ltr'><strong>omnes</strong></span> <span class='ocrx_word' id='word_1_932' title='bbox 2227 5478 2348 5519; x_wconf 90' lang='lat' dir='ltr'><strong>cum</strong></span> <span class='ocrx_word' id='word_1_933' title='bbox 2371 5464 2492 5531; x_wconf 91' lang='lat' dir='ltr'><strong>igne</strong></span> <span class='ocrx_word' id='word_1_934' title='bbox 2514 5469 2569 5516; x_wconf 80' lang='lat' dir='ltr'><strong>et</strong></span> <span class='ocrx_word' id='word_1_935' title='bbox 2589 5459 2892 5522; x_wconf 90' lang='lat' dir='ltr'><strong>sarmentis,</strong></span> <span class='ocrx_word' id='word_1_936' title='bbox 2910 5456 3259 5528; x_wconf 81' lang='lat' dir='ltr'><strong>Porphyrium</strong></span> <span class='ocrx_word' id='word_1_937' title='bbox 3281 5463 3439 5520; x_wconf 83' lang='lat' dir='ltr'><strong>atque</strong></span> <span class='ocrx_word' id='word_1_938' title='bbox 3457 5451 3602 5505; x_wconf 74' lang='lat' dir='ltr'><strong>mdes</strong></span> 
     </span>
    </p>
   </div>
   <div class='ocr_carea' id='block_1_120' title="bbox 2019 5546 3601 5627">
    <p class='ocr_par' dir='ltr' id='par_1_120' title="bbox 2019 5546 3601 5627">
     <span class='ocr_line' id='line_1_120' title="bbox 2019 5546 3601 5627; baseline -0.009 -15"><span class='ocrx_word' id='word_1_939' title='bbox 2019 5558 2133 5627; x_wconf 82' lang='lat' dir='ltr'><strong>ejus</strong></span> <span class='ocrx_word' id='word_1_940' title='bbox 2158 5556 2339 5611; x_wconf 87' lang='lat' dir='ltr'><strong>delere</strong></span> <span class='ocrx_word' id='word_1_941' title='bbox 2371 5555 2632 5611; x_wconf 85' lang='lat' dir='ltr'><strong>volentes.</strong></span> <span class='ocrx_word' id='word_1_942' title='bbox 2667 5551 2996 5622; x_wconf 77' lang='lat' dir='ltr'><strong>Porphyrius</strong></span> <span class='ocrx_word' id='word_1_943' title='bbox 3037 5558 3212 5604; x_wconf 82' lang='lat' dir='ltr'><strong>autem</strong></span> <span class='ocrx_word' id='word_1_944' title='bbox 3254 5562 3357 5600; x_wconf 91' lang='lat' dir='ltr'><strong>non</strong></span> <span class='ocrx_word' id='word_1_945' title='bbox 3389 5546 3601 5615; x_wconf 80' lang='lat' dir='ltr'><strong>ignarus</strong></span> 
     </span>
    </p>
   </div>
   <div class='ocr_carea' id='block_1_121' title="bbox 2021 5639 3595 5717">
    <p class='ocr_par' dir='ltr' id='par_1_121' title="bbox 2021 5639 3595 5717">
     <span class='ocr_line' id='line_1_121' title="bbox 2021 5639 3595 5717; baseline -0.01 -15"><span class='ocrx_word' id='word_1_946' title='bbox 2021 5665 2123 5717; x_wconf 88' lang='lat' dir='ltr'><strong>quo</strong></span> <span class='ocrx_word' id='word_1_947' title='bbox 2154 5647 2275 5703; x_wconf 88' lang='lat' dir='ltr'><strong>odio</strong></span> <span class='ocrx_word' id='word_1_948' title='bbox 2302 5646 2606 5713; x_wconf 89' lang='lat' dir='ltr'><strong>haberetur,</strong></span> <span class='ocrx_word' id='word_1_949' title='bbox 2637 5643 2819 5698; x_wconf 90' lang='lat' dir='ltr'><strong>relicto</strong></span> <span class='ocrx_word' id='word_1_950' title='bbox 2847 5642 2973 5706; x_wconf 85' lang='lat' dir='ltr'><strong>Deo,</strong></span> <span class='ocrx_word' id='word_1_951' title='bbox 3008 5639 3072 5694; x_wconf 88' lang='lat' dir='ltr'><strong>ad</strong></span> <span class='ocrx_word' id='word_1_952' title='bbox 3104 5640 3413 5710; x_wconf 69' lang='lat' dir='ltr'><strong>praefectum</strong></span> <span class='ocrx_word' id='word_1_953' title='bbox 3445 5650 3595 5688; x_wconf 49' lang='lat' dir='ltr'><strong>exerr</strong></span> 
     </span>
    </p>
   </div>
  </div>
