4264 6306
273 458 337 514 57
1119 447 1132 462 ’
1223 500 1228 504 .
1269 453 1353 510 DE
1398 449 1551 509 \‘lTA
1591 454 1647 511 S.
1688 451 1964 511 JOANNIS
2000 450 2495 510 CllllYSOSTUMI.
3491 444 3571 500 53.

277 577 380 635 est,
406 568 771 638 Theophilum
793 567 1058 623 iracundia
1092 568 1349 637 percitum
1380 565 1429 621 id
1450 566 1645 635 egisse,
1666 566 1754 636 qui
1776 580 1868 620 eos

287 658 507 729 ejecerit
531 696 550 724 ,
578 659 900 728 quicumque
928 658 1002 711 illi
1034 656 1230 712 fuerint
1254 699 1269 722 ,
1298 657 1410 712 sive
1449 655 1731 711 orthodoxi
1759 658 1873 711 sive

286 748 529 806 ttaaretici
568 766 582 801 :
632 765 809 805 nonne
857 750 1154 805 diacunissa
1195 749 1374 803 debuit
1418 748 1537 803 illos
1569 748 1874 817 suscipere?

287 841 466 897 Ense.
499 841 639 906 Quid
673 842 830 911 igitur
856 843 950 897 tibi
981 841 1208 906 videtur,
1240 840 1375 895 bene
1402 856 1469 894 an
1498 839 1636 894 male
1662 838 1875 910 egisse?

290 934 438 985 Duc.
467 931 607 994 Dixi,
632 930 790 985 male.
817 930 989 986 Ertse.
1014 931 1094 985 An
1114 946 1361 999 umquam
1386 929 1731 983 beneﬁcentia
1749 942 1868 983 con-

286 1021 608 1077 demnatur?
638 1021 789 1076 Duc.
824 1020 889 1075 Et
912 1021 1131 1075 omnino
1152 1020 1387 1089 quidem,
1407 1034 1530 1074 cum
1552 1020 1610 1073 lit
1635 1019 1685 1072 in
1710 1017 1879 1071 malus

284 1122 342 1168 et
376 1112 639 1168 beneﬁcio
670 1112 932 1183 indignos.
965 1112 1141 1169 Ense.
1180 1110 1405 1178 Quinam
1442 1111 1599 1179 igitur
1622 1122 1773 1164 erant
1804 1109 1876 1161 illi

288 1204 574 1275 quinquies
599 1202 743 1257 mille
766 1217 901 1272 quos
919 1202 1171 1257 Servator
1190 1200 1426 1270 quinque
1446 1198 1761 1254 lturdeaceis
1788 1212 1880 1268 pa-

290 1295 451 1351 nibus
476 1296 758 1361 saturavit,
783 1294 904 1347 boni
931 1310 997 1348 an
1025 1294 1186 1348 mali?
1213 1294 1364 1347 Duc.
1392 1292 1523 1345 Boni
1546 1290 1766 1353 scilicet,
1793 1298 1878 1342 ut-

292 1394 417 1455 pote
445 1402 475 1439 a
503 1386 785 1441 Servatore
814 1385 1013 1439 nutriti.
1048 1386 1138 1439 Er.
1173 1383 1347 1451 Quare
1386 1383 1541 1453 igitur
1571 1380 1881 1436 lturdcaceis

292 1468 429 1545 pasti
458 1485 603 1538 sunt,
640 1476 729 1544 qui
762 1475 883 1529 boui
910 1474 1127 1528 essent?
1157 1474 1303 1527 Due.
1334 1472 1413 1527 0b
1442 1472 1713 1541 penuriam
1747 1471 1881 1522 forte

293 1567 625 1621 triticeorum
647 1604 664 1629 ,
694 1573 785 1617 aut
826 1564 895 1618 ob
924 1562 1138 1616 famem.
1173 1562 1264 1616 Er.
1310 1558 1587 1628 Quomodo
1619 1559 1777 1627 igitur
1813 1557 1881 1610 ob

294 1655 726 1711 incredulitatem
757 1656 1119 1723 increpantur,
1143 1663 1201 1707 ut
1223 1653 1345 1707 boui
1372 1668 1439 1705 an
1465 1661 1521 1705 ut
1546 1650 1704 1705 mali?
1732 1649 1878 1703 Duc.

294 1744 493 1815 Utique
520 1746 677 1810 mali,
705 1745 792 1815 qui
824 1746 1187 1812 increpautur.
1236 1742 1330 1796 Ep.
1365 1744 1443 1795 An
1486 1740 1611 1795 boui
1640 1739 1796 1793 iidem
1830 1746 1884 1792 et

296 1835 423 1889 ntali
445 1850 570 1890 esse
596 1834 853 1903 possunt?
883 1834 1034 1888 Duc.
1061 1834 1242 1888 Certe.
1272 1833 1363 1886 l'lr.
1392 1829 1706 1898 Quomodo?
1732 1830 1878 1883 lhsc.

296 1928 637 1980 Deteriorum
681 1925 897 1994 quidem
951 1925 1349 1993 comparatione
1392 1922 1554 1986 boni,
1602 1921 1881 1975 meliorum

294 2031 425 2071 vero
484 2016 633 2071 mali.
698 2015 793 2069 Er.
843 2014 971 2070 Mire
1023 2014 1222 2069 dixisti.
1268 2013 1379 2067 Hoc
1422 2013 1578 2081 igitur
1618 2010 1774 2065 modo
1829 2019 1881 2064 et

291 2105 545 2160 :nonachi
579 2104 651 2157 illi
694 2114 748 2158 et
795 2103 916 2157 boui
962 2113 1114 2158 erant
1155 2111 1208 2156 et
1252 2101 1395 2156 mali.
1440 2101 1504 2154 Et
1549 2100 1636 2153 illa
1669 2099 1880 2168 quidem

293 2193 608 2247 fidelissima
659 2208 752 2246 eos
797 2202 853 2246 ut
905 2193 1072 2247 bonos
1120 2191 1350 2260 hos;iitio
1400 2190 1637 2258 accepit,
1694 2189 1880 2242 miriti-

292 2298 393 2337 eus
445 2297 573 2337 vero
613 2282 701 2337 ille
751 2292 803 2336 ut
846 2282 1014 2337 rualos
1061 2281 1219 2351 ejecit
1264 2296 1279 2333 :
1331 2281 1469 2350 quod
1520 2296 1651 2349 non.
1680 2280 1878 2333 debuit.

294 2373 452 2427 Due.
482 2371 588 2426 Sed
632 2371 772 2426 dicet
815 2372 906 2425 tibi
937 2369 1096 2441 quis:
1132 2369 1199 2426 Ut
1244 2370 1518 2424 molestias
1559 2370 1687 2423 mihi
1728 2384 1879 2422 crea-

294 2479 409 2523 res.
441 2464 683 2517 inimicus
712 2477 858 2518 meos
888 2462 1187 2531 suscepiSti.
1220 2461 1313 2515 Er.
1347 2460 1573 2515 Prorsus
1605 2460 1761 2529 igitur
1789 2458 1882 2513 de-

294 2556 479 2609 lictum
508 2556 560 2609 in
591 2570 657 2609 eo
690 2563 803 2619 est,
835 2553 975 2624 quod
1004 2563 1058 2609 et
1086 2553 1328 2627 inimicos
1369 2552 1593 2621 appellat
1619 2591 1633 2616 ,
1667 2550 1752 2621 qui
1778 2591 1791 2612 ,
1828 2560 1880 2604 ut

292 2644 498 2698 Christi
525 2645 779 2710 imitator,
805 2643 1024 2714 injurias
1050 2644 1322 2698 remittere
1344 2642 1544 2697 debuit.
1578 2642 1723 2695 DIAC.
1757 2640 1882 2697 Ubi-

294 2747 424 2788 mm
476 2750 603 2788 vero
628 2735 991 2804 vituperantur
1018 2734 1252 2804 quinque
1288 2732 1449 2787 millia
1490 2748 1520 2786 a
1564 2732 1880 2796 Servatorc,

293 2833 359 2878 ut
382 2823 605 2878 dixisti?
633 2838 739 2877 non
766 2824 909 2878 enim
935 2825 1192 2894 scriptum
1219 2832 1320 2877 est.
1351 2823 1444 2877 Ep.
1467 2820 1599 2876 Cum
1649 2822 1883 2876 secundo

292 2915 610 2984 congregati
664 2914 731 2969 ad
757 2914 1031 2969 Christum
1062 2920 1437 2979 accesserunt,
1469 2922 1522 2968 et
1566 2911 1879 2966 audierunt:

292 3008 543 3075 Queri!"
571 3022 668 3071 me,
699 3022 799 3059 non
821 3006 938 3074 quia
965 3006 1160 3059 vidiuis
1203 3005 1347 3074 signa
1395 3012 1442 3057 ct
1496 3003 1728 3073 prodigia
1754 3044 1769 3067 ,
1794 3002 1883 3058 sed

290 3098 422 3168 quia
447 3098 787 3152 ntanducastis
811 3114 874 3152 ea:
912 3098 1157 3167 panibus,
1186 3106 1233 3151 et
1285 3097 1495 3151 saturati
1540 3098 1655 3150 estis
1703 3096 1878 3169 (Joan.

292 3192 355 3243 6.
382 3188 496 3259 96).
548 3186 863 3242 Theodorus
900 3189 1006 3242 ait:
1061 3187 1485 3242 Manifestissima
1520 3202 1608 3241 res
1634 3196 1736 3241 est.
1789 3187 1880 3240 Ep.

291 3279 400 3347 Qui
424 3289 604 3332 autem
630 3278 991 3347 vituperabilis
1014 3319 1031 3342 ,
1062 3278 1161 3331 hoc
1189 3279 1304 3346 ipso
1321 3286 1374 3331 et
1399 3277 1568 3331 malus
1586 3286 1700 3331 est.
1729 3277 1879 3333 Due.

294 3370 378 3421 ιω
402 3385 553 3423 sane.
588 3368 680 3421 Ep.
705 3368 869 3422 Malos
896 3369 1075 3438 igitur,
1103 3384 1170 3422 an
1198 3368 1364 3422 bonos
1409 3367 1551 3436 pavit
1585 3368 1882 3423 Servatur?

297 3462 455 3514 Due.
480 3459 535 3513 lu
564 3458 811 3515 confesso
840 3472 953 3525 est,
984 3462 1125 3530 quod
1154 3461 1354 3516 malos:
1391 3459 1513 3515 Non
1554 3463 1697 3515 enim
1741 3470 1884 3532 egent

293 3554 389 3621 qui
408 3554 519 3606 cuni
548 3565 662 3606 sunt
690 3554 900 3617 medico,
922 3555 1008 3608 sed
1035 3556 1119 3622 qui
1146 3554 1277 3609 male
1305 3554 1482 3609 habent
1514 3555 1662 3623 (Luc.
1682 3558 1736 3612 5.
1766 3557 1880 3627 51).

294 3643 478 3697 Ense.
510 3642 645 3707 Quid
690 3641 881 3713 igitur?
911 3645 1049 3699 male
1093 3643 1218 3701 fecit
1259 3646 1566 3716 Olympias,
1600 3646 1881 3701 Dominum

295 3750 456 3789 suum
498 3735 722 3788 imitata.
776 3734 877 3801 Qui
925 3737 1053 3805 pluit
1101 3746 1148 3790 ct
1201 3737 1358 3791 solem
1400 3738 1522 3791 oriri
1569 3739 1691 3808 facit
1732 3755 1883 3808 super

290 3825 465 3895 iustos
493 3833 541 3879 et
572 3825 789 3896 injustas
830 3824 1045 3895 (Matth.
1074 3827 1129 3881 5.
1159 3827 1283 3895 45):
1318 3827 1442 3882 licet
1483 3828 1733 3882 l’harismi
1784 3844 1881 3883 ex—

294 3914 559 3984 probrent
600 3915 907 3985 discipulis,
961 3915 1199 3972 dicentes
1235 3933 1249 3970 :
1296 3915 1536 3986 Magister
1570 3926 1725 3971 vester
1766 3934 1880 3970 cum

293 4003 585 4073 publicanis
632 4012 679 4057 ct
730 4004 1071 4075 peccatoribus
1116 4006 1385 4060 manducet
1446 4017 1492 4061 ct
1542 4007 1663 4061 bibit
1716 4006 1877 4076 (Ibid.

295 4095 353 4149 9.
411 4095 521 4165 ll).
568 4094 719 4150 Duc.
766 4096 966 4151 Praiter
1017 4097 1448 4168 intelligentiam,
1506 4111 1563 4154 ut
1616 4100 1801 4166 video,
1849 4115 1880 4154 a

295 4184 483 4239 multis
528 4185 892 4255 vituperantur
932 4187 1145 4255 quidem
1191 4188 1447 4253 honesta,
1494 4200 1548 4244 et
1592 4192 1761 4260 turpia
1799 4191 1881 4245 di-

294 4276 558 4360 liguntur.
588 4276 681 4330 Er.
709 4277 819 4332 Cur
870 4278 967 4332 ista
1020 4277 1177 4346 dicis,
1228 4278 1464 4333 veritatis
1521 4280 1881 4335 amantissime

296 4365 626 4422 Theodore?
674 4366 821 4422 Duc.
873 4368 1005 4433 Quia
1047 4368 1146 4423 nisi
1200 4383 1500 4424 sermonem
1564 4380 1710 4424 tuum
1757 4385 1879 4425 cum

293 4456 703 4512 ratiocinatione
752 4458 1052 4527 aperuisses
1092 4466 1185 4512 aut
1228 4459 1610 4528 explicuisses,
1660 4460 1713 4514 iu
1764 4470 1879 4516 sto-

295 4544 465 4601 lidam
517 4546 819 4616 abripiebat
859 4548 1213 4613 sententiam,
1258 4563 1420 4617 scopo
1472 4549 1730 4604 libertatis
1772 4566 1878 4604 non

292 4636 618 4701 attendens,
667 4637 762 4693 sed
793 4638 1068 4708 Theophili
1094 4639 1288 4694 abulis.
1342 4640 1439 4694 Ep.
1468 4640 1603 4709 Quid
1650 4642 1805 4711 igitur
1847 4659 1879 4697 e

291 4725 607 4789 contrario,
652 4727 696 4781 si
738 4726 835 4781 viri
869 4725 941 4782 illi
981 4731 1146 4783 sancti
1185 4728 1648 4797 demonstrentur,
1685 4732 1877 4785 nedum

293 4817 461 4882 mali,
508 4817 605 4873 sed
644 4825 699 4873 et
738 4818 827 4887 qui
880 4819 1075 4873 mullos
1115 4819 1181 4874 ab
1220 4819 1558 4889 improbitate
1604 4821 1673 4876 ad
1718 4822 1879 4876 virtu-

294 4918 408 4965 tem
452 4907 805 4964 reduxerint?
853 4908 1133 4965 manifeste
1178 4911 1456 4981 apparebit
1496 4912 1704 4967 illorum
1756 4929 1878 4981 pcr-

291 5008 516 5052 seeutor
553 5013 660 5053 non
697 4996 886 5067 dignus
925 4998 1329 5068 persecutione,
1371 5000 1466 5065 sed
1512 5001 1873 5070 miseratione,

293 5097 353 5140 ut
399 5088 487 5156 qui
515 5086 684 5142 bonos
711 5101 922 5157 semper
945 5088 1186 5153 vexavit,
1217 5089 1383 5142 malos
1417 5089 1690 5158 suscipiat.
1728 5090 1875 5147 Duc.

294 5179 369 5232 Ita
416 5188 528 5244 est,
568 5189 627 5232 ut
665 5178 817 5234 dicis.
856 5178 989 5235 Nam
1034 5180 1158 5236 licet
1202 5180 1278 5236 illi
1311 5183 1578 5252 sapientes
1617 5194 1672 5240 et
1708 5187 1877 5241 Sancti

296 5283 407 5321 non
436 5266 664 5333 fuerint,
695 5279 749 5323 ut
772 5270 1011 5342 plerique
1057 5272 1275 5338 dicunt,
1319 5284 1468 5329 extra
1508 5276 1878 5345 reprehensio-

296 5375 422 5414 nem
447 5360 550 5414 erit
577 5358 849 5431 Olympias
868 5400 884 5426 ,
915 5370 973 5416 ut
994 5371 1140 5432 patet
1160 5378 1232 5418 ex
1262 5363 1526 5433 superiori
1573 5367 1872 5434 ratiocinio,

290 5466 415 5519 qua:
442 5450 742 5507 Servatoris
770 5451 1118 5509 imitationem
1138 5455 1459 5511 exhibuerit.
1478 5457 1570 5512 Er.
1600 5459 1874 5525 Quodnam

293 5557 425 5598 vero
438 5540 706 5613 gestorum
724 5544 931 5601 ﬁdelius
948 5547 1302 5602 testimonium
1327 5547 1509 5604 vides?
1526 5550 1792 5621 Evangelii
1805 5567 1872 5607 an

292 5632 610 5703 Theophili?
632 5632 781 5689 Duc.
802 5636 983 5705 Apage
999 5636 1092 5700 sis,
1116 5653 1324 5707 quteso:
1348 5650 1555 5694 constat
1577 5640 1715 5695 enim
1734 5642 1874 5711 apud

287 5738 513 5792 Mnes,
538 5724 682 5783 illum
714 5726 787 5779 ira
814 5727 1039 5797 quadam
1068 5736 1124 5783 et
1158 5729 1443 5798 ambitione
1470 5731 1754 5802 impulsum
1782 5748 1876 5789 eos

294 5816 609 5888 "eiecisse,
624 5828 678 5873 et
704 5816 841 5873 hanc
867 5818 936 5873 ab
965 5819 1334 5890 superstitione
1362 5832 1411 5877 ct
1433 5821 1552 5877 odio
1580 5823 1871 5894 profectam

1981 580 2121 630 esse,
2151 574 2403 619 causante
2424 560 2722 632 Theophila
2746 601 2759 624 ,
2788 565 3075 614 monachos
3110 558 3278 626 ipsum
3308 556 3560 610 conviciis

1980 658 2284 727 appetiisse.
2302 658 2432 712 Cum
2447 655 2588 711 enim
2601 652 2881 708 servilibus
2896 650 3006 707 suis
3023 648 3289 705 blanditiis
3302 647 3432 701 nihil
3446 662 3563 721 pro-

1982 746 2194 802 fecisset
2210 787 2222 810 ,
2246 754 2304 802 et
2326 745 2456 800 nihil
2483 743 2549 799 ab
2572 758 2635 798 ea
2658 750 2852 812 praeter
2868 740 3041 797 edulia
3066 748 3120 794 et
3139 739 3291 793 xenia
3320 737 3559 805 accepis-

1981 847 2082 904 set,
2101 838 2166 892 ad
2182 838 2417 893 convicia
2436 836 2595 891 vertit
2611 850 2669 890 se
2688 851 2701 887 :
2718 833 2835 903 ejus
2853 833 2995 889 enim
3015 832 3060 887 is
3075 846 3191 886 mos
3218 832 3269 884 in
3292 828 3560 883 omnibus.

2052 929 2179 983 Car.
2213 944 2337 981 xvn.
2362 956 2431 967 --
2461 926 2641 981 Ense.
2685 924 2821 979 Audi
2857 924 3034 993 igitur,
3077 922 3417 976 diaconorutn
3468 934 3562 988 op-

1985 1020 2131 1074 time.
2157 1019 2287 1075 Nam
2318 1019 2471 1073 video
2519 1016 2731 1087 publico
2753 1014 3004 1085 prodesse
3046 1024 3130 1067 te:
3190 1011 3280 1066 illa
3315 1010 3457 1065 enim
3511 1010 3563 1063 in

1980 1109 2253 1177 juventutc
2277 1108 2508 1177 gravitas
2534 1106 2722 1176 pignus
2750 1103 3015 1175 quoddam
3056 1113 3140 1156 est
3159 1140 3185 1175 ,ι
3217 1110 3270 1155 te
3318 1100 3371 1154 in
3410 1112 3564 1152 seue-

1984 1197 2514 1259 ctute'honorabilem
2538 1196 2671 1251 fore.
2690 1194 2803 1250 Viri
2824 1195 2911 1250 isti
2932 1210 2961 1248 a
2985 1193 3287 1264 parentibus
3302 1188 3564 1246 Christia-

1984 1290 2068 1344 nis
2106 1289 2244 1353 orti,
2285 1297 2337 1342 et
2361 1303 2391 1341 a
2421 1286 2619 1342 teneris
2649 1284 2942 1356 unguiculis
2966 1285 3073 1338 Deo
3121 1282 3317 1338 subditi
3340 1321 3356 1343 ,
3407 1295 3563 1333 llllllt-

1986 1393 2143 1448 quam
2173 1379 2314 1448 passi
2340 1386 2492 1444 sunt,
2522 1391 2589 1431 ne
2609 1374 2897 1430 admodum
2919 1372 3134 1445 quidem
3179 1369 3564 1426 adolescentuli

1985 1484 2105 1524 cum
2135 1477 2313 1523 essent
2337 1510 2353 1534 ,
2380 1469 2582 1524 servire
2607 1465 2856 1530 vanitati,
2888 1479 3060 1535 neque
3084 1478 3205 1517 cum
3235 1462 3387 1515 turba
3443 1474 3565 1514 ver-

1986 1561 2092 1613 sari
2113 1599 2128 1626 ,
2158 1559 2252 1614 sed
2282 1568 2604 1628 occupantes
2640 1556 2978 1612 solitudinem
2998 1595 3012 1620 ,
3037 1568 3158 1624 qua:
3182 1552 3249 1607 ad
3291 1549 3568 1606 meridiem

1987 1663 2064 1705 est
2088 1691 2103 1717 ,
2133 1650 2316 1720 procul
2343 1648 2411 1704 ab
2440 1647 2718 1703 hominum
2742 1645 3014 1702 domicilio
3046 1643 3225 1707 sitam,
3250 1640 3347 1696 sibi
3370 1640 3568 1695 consti-

1990 1752 2196 1796 tuerunt
2223 1740 2427 1810 tuguria
2445 1781 2461 1806 ,
2484 1739 2676 1810 quibus
2708 1746 2909 1792 tantum
2939 1735 3066 1791 solis
3106 1733 3371 1788 radiorum
3400 1728 3568 1784 mole-

1987 1834 2116 1889 stias
2134 1833 2394 1888 evitareut
2416 1841 2471 1887 et
2485 1832 2621 1887 aeris
2648 1846 2847 1886 rorem.
2873 1830 2928 1885 In
2945 1826 3137 1900 quibus
3162 1826 3418 1890 viventes,
3450 1837 3568 1877 ora-

1990 1923 2117 1978 tioui
2147 1932 2304 1992 atque
2336 1921 2551 1979 lectioni
2596 1928 2805 1991 tempus
2824 1934 2975 1974 suum
3013 1915 3413 1986 impenderunt,
3435 1912 3571 1966 adeo

1988 2014 2229 2069 contritis
2254 2013 2387 2067 volis
2413 2027 2667 2068 manuum
2689 2013 2741 2066 in
2757 2009 3011 2080 operibus
3035 2006 3294 2077 corporis,
3312 2012 3568 2075 quantum

1988 2104 2117 2159 satis
2145 2113 2290 2160 esset
2320 2103 2384 2158 ad
2416 2114 2629 2159 tenuem
2652 2102 2845 2156 victum
2869 2118 2881 2152 :
2911 2097 3100 2153 melius
3125 2094 3224 2150 rati
3244 2096 3420 2150 vivere
3442 2106 3565 2165 cum

1987 2194 2192 2263 capreis
2214 2204 2269 2250 et
2288 2190 2735 2248 struthiocamelis
2781 2198 2835 2246 et
2860 2187 3096 2252 bubalis,
3153 2199 3311 2256 quam
3364 2179 3568 2251 epulari

1988 2300 2107 2340 eum
2138 2284 2440 2339 hominibus
2462 2283 2551 2353 qui
2579 2282 2825 2353 iguorant
2846 2282 3030 2336 Deum.
3063 2278 3260 2332 Horum
3287 2282 3413 2330 natu
3450 2287 3568 2327 ma-

1990 2376 2196 2441 ximus,
2225 2374 2506 2444 nonaginta
2536 2373 2701 2428 ferme
2728 2384 2976 2442 egressus
2993 2383 3161 2423 annos
3180 2408 3195 2434 ,
3226 2371 3572 2420 conversatus

1990 2475 2074 2522 est
2095 2481 2214 2521 cum
2246 2464 2399 2520 beato
2429 2464 2681 2529 Antonio,
2718 2461 2912 2517 Hierax
2940 2460 3052 2529 ipse
3071 2457 3401 2527 appellatus,
3429 2452 3570 2524 quod

1988 2558 2258 2630 proprium
2285 2571 2482 2611 nomen
2510 2568 2680 2625 usque
2703 2552 2769 2607 ad
2799 2552 2941 2606 hunc
2965 2551 3105 2605 diem
3153 2548 3369 2602 retinet.
3421 2544 3572 2598 Alius

1990 2666 2115 2706 vero
2152 2648 2465 2705 Ammonius
2484 2645 2862 2717 sexagenarius
2902 2657 3021 2697 cum
3067 2639 3274 2695 duobus
3322 2634 3573 2691 fratribus

1989 2738 2264 2794 monachis
2288 2746 2343 2793 et
2372 2750 2478 2791 uno
2495 2735 2748 2805 episeopo
2768 2773 2784 2799 ,
2807 2732 2895 2803 qui
2920 2731 3020 2787 sub
3042 2729 3259 2784 Valente
3281 2742 3401 2797 cum
3422 2722 3574 2780 boias

1989 2831 2266 2894 tulissent,
2314 2827 2663 2892 exsularuut,
2717 2832 2775 2878 ut
2825 2823 2969 2878 novit
3008 2820 3181 2875 omnis
3223 2814 3570 2873 Alexandria:

1990 2931 2134 2975 tanta
2167 2919 2371 2990 praediti
2400 2918 2621 2973 scientia
2641 2956 2656 2983 ,
2682 2915 2889 2971 utuihil
2914 2914 3304 2983 Scripturarum
3352 2923 3449 2963 eos
3492 2906 3570 2961 fu-

1987 3020 2170 3082 geret,
2200 3026 2318 3081 qua!
2344 3009 2607 3079 plerisque
2632 3005 2904 3077 impervia:
2924 3012 3066 3059 sunt.
3099 3002 3176 3056 Ex
3204 2999 3289 3054 his
3315 2999 3420 3053 duo
3449 2995 3570 3067 qui-

1988 3104 2108 3158 dem
2138 3102 2454 3172 quiescunt.
2483 3097 2675 3153 mortui
2726 3092 3220 3164 Constantinopoli:
3253 3088 3571 3144 Ammonius

1990 3200 2201 3257 autem,
2259 3200 2317 3245 ut
2367 3197 2649 3244 narrarunt
2687 3186 2933 3241 Aurelius
2981 3193 3036 3238 et
3084 3181 3381 3245 Sisiunius,
3429 3179 3568 3233 circa

1992 3284 2111 3337 vita:
2135 3282 2332 3337 exitum
2363 3278 2736 3350 prephetavit,
2775 3285 2895 3346 post
2946 3288 3190 3345 magnam
3241 3269 3569 3341 persecutio-

1990 3388 2110 3427 nem
2141 3382 2193 3426 et
2231 3369 2460 3439 schisma
2493 3369 2545 3423 in
2570 3366 2804 3422 Ecclesia
2834 3364 3120 3435 pessimum
3146 3362 3343 3417 exitum
3384 3372 3569 3427 repor-

1991 3469 2192 3516 taturus
2219 3460 2334 3531 ejus
2359 3468 2640 3524 auctores,
2693 3468 2747 3512 et
2780 3457 2858 3511 sic
2911 3452 3174 3509 Ecclesias
3228 3450 3430 3505 unitum
3483 3448 3563 3503 iri.

1988 3552 2139 3621 Quod
2166 3552 2378 3622 quidem
2408 3566 2472 3606 ex
2505 3558 2652 3620 parte
2681 3548 2875 3603 factum
2900 3555 3011 3611 est,
3042 3555 3098 3600 et
3123 3546 3232 3599 liet.
3262 3542 3390 3597 Inde
3426 3540 3567 3595 enim

1987 3644 2336 3715 quorumdam
2363 3642 2736 3711 episc0porum
2761 3648 2816 3694 et
2837 3638 3087 3694 laicorum
3109 3649 3332 3705 corpora
3353 3632 3570 3687 morbus

1988 3749 2255 3806 occupans
2275 3776 2292 3802 ,
2313 3734 2474 3789 variis
2495 3732 2771 3788 doloribus
2797 3728 3125 3785 distrahebat
3141 3769 3156 3792 ,
3189 3728 3328 3781 lenta
3355 3724 3568 3796 quidem

1990 3827 2137 3883 febre
2157 3826 2357 3880 viscera
2388 3838 2675 3893 perurens,
2706 3830 2864 3891 atque
2890 3817 3211 3874 intolerabili
3242 3816 3445 3886 pruritu
3490 3823 3564 3868 too

1989 3928 2094 3973 tam
2110 3915 2351 3986 corporis
2367 3913 2703 3983 superficiem
2731 3911 2995 3981 unguibus
3025 3908 3283 3975 iudicans,
3301 3905 3571 3976 crassique

1989 4005 2221 4062 intestini
2263 4002 2499 4060 continui
2529 4002 2765 4057 dolores.
2800 4001 2919 4055 Alio
2960 4014 3095 4069 aqua
3133 3998 3395 4051 intercute
3423 3994 3574 4049 labo-

1988 4106 2158 4162 rante,
2172 4096 2315 4151 lividi
2327 4095 2519 4167 pedum
2534 4103 2768 4148 tumores
2788 4110 2800 4145 :
2815 4091 2968 4146 alteri
2980 4098 3157 4144 autem
3170 4088 3420 4143 humores
3432 4100 3572 4140 nunc

1987 4190 2172 4254 calidi,
2197 4203 2339 4244 nunc
2366 4186 2561 4256 frigidi,
2585 4200 2681 4254 per
2709 4194 2937 4254 quatuor
2962 4181 3213 4237 articulos
3242 4178 3536 4234 detinentes
3554 4218 3570 4242 ,

1986 4249 2213 4352 digitos,
2243 4279 2333 4351 qui
2355 4249 2491 4333 male
2511 4249 2934 4346 subscripserunt
2954 4315 2969 4342 ,
2990 4282 3220 4328 tremore
3236 4269 3566 4326 afliciebsnt:

1988 4383 2043 4428 et
2067 4370 2363 4426 abdominis
2388 4368 2732 4423 inflammatio
2751 4381 2846 4423 seu
2870 4376 3061 4429 tmnor,
3085 4372 3140 4419 et
3159 4370 3254 4433 per
3272 4362 3570 4418 membrum

1986 4460 2252 4533 quoddam
2283 4458 2508 4530 putredo
2542 4457 2831 4528 pessimum
2858 4455 3077 4510 odorem
3130 4454 3313 4524 procul
3361 4451 3568 4521 disper-

1985 4568 2152 4622 gens,
2180 4561 2234 4606 et
2278 4564 2487 4605 vermes
2522 4563 2805 4619 generans.
2860 4546 3123 4601 Praeterea
3159 4543 3474 4613 orthopuma
3516 4550 3572 4597 ct

1987 4640 2279 4710 respirandi
2306 4638 2611 4707 difficultas,
2642 4648 2798 4708 atque
2825 4637 3059 4691 omnium
3082 4634 3441 4690 membrorum
3460 4633 3573 4688 dis-

1987 4735 2154 4789 tentio
2188 4751 2203 4788 :
2232 4734 2357 4788 item
2385 4741 2662 4789 nocturna:
2692 4730 2949 4802 imagines
2976 4731 3027 4785 in
3056 4728 3294 4783 rabiosus
3318 4740 3499 4790 canes.
3518 4735 3573 4781 et

1985 4825 2182 4880 strictis
2194 4825 2408 4879 ensibus
2420 4823 2694 4888 barbaros,
2713 4823 3041 4893 peregrinam
3054 4830 3108 4876 et
3120 4820 3472 4875 turbulentam
3487 4832 3571 4871 vo-

1986 4930 2102 4970 cem
2155 4926 2407 4970 sonantes
2443 4914 2953 4969 transformabantur
2988 4914 3283 4968 insomnem
3321 4926 3566 4966 somnum

1987 5007 2379 5077 peragentibus.
2401 5008 2550 5062 Alius
2570 5018 2770 5073 autem,
2788 5008 2878 5077 qui
2906 5022 2971 5061 ex
2995 5020 3132 5074 equo
3152 5003 3427 5069 decidens,
3447 5018 3568 5056 cum

1984 5100 2151 5155 caulis
2182 5100 2232 5154 in
2259 5115 2465 5155 morem
2496 5099 2741 5154 dextrum
2770 5113 2894 5153 crus
2918 5097 3017 5152 sibi
3068 5095 3345 5166 fregisset,
3389 5094 3567 5149 statim

1986 5191 2145 5246 vitam
2172 5191 2413 5260 abrupit:
2445 5190 2618 5255 alius,
2665 5189 2950 5244 interclusa
2980 5202 3141 5252 voce,
3185 5196 3309 5241 octo
3359 5198 3571 5238 menses

1987 5282 2037 5337 in
2068 5283 2207 5337 lecto
2238 5291 2536 5337 maceratus
2562 5290 2676 5347 est,
2700 5281 2787 5351 qui
2808 5296 2875 5336 ne
2894 5279 2974 5334 ori
3005 5278 3220 5348 quidem
3251 5292 3350 5331 suo
3381 5291 3570 5329 manus

1984 5373 2269 5428 admovere
2293 5374 2520 5429 valebat.
2546 5374 2708 5427 Alteri
2738 5374 2857 5426 vivo
2876 5386 3030 5426 crura
3069 5370 3136 5425 ad
3189 5385 3361 5440 genua
3394 5382 3561 5435 usque

1986 5464 2237 5533 paulatim
2286 5479 2382 5534 per
2426 5463 2712 5518 triennium
2759 5463 2987 5517 dissecta
3040 5470 3199 5525 sunt,
3248 5458 3568 5530 erysipelate

1985 5552 2231 5609 videlicet
2280 5554 2556 5609 materiam
2607 5552 3025 5624 suppeditante:
3070 5551 3205 5605 alius
3248 5548 3465 5614 inﬂata,
3509 5556 3568 5599 ut

1984 5645 2162 5711 aiunt,
2196 5644 2368 5715 lingua
2388 5687 2403 5711 ,
2426 5661 2546 5701 cum
2578 5645 2727 5701 febre
2770 5643 3108 5711 vehementi,
3132 5651 3190 5697 ut
3240 5638 3568 5711 gurgulionis

1985 5737 2331 5806 iuterseptmn
2355 5737 2407 5792 in
2438 5752 2532 5791 ore
2557 5747 2699 5792 esset
2717 5735 2968 5791 dentibus
3019 5733 3281 5797 adﬁxum,
3312 5746 3432 5784 cum
3458 5728 3564 5783 liu-

1986 5843 2087 5899 gua
2114 5828 2165 5885 in
2190 5827 2304 5885 loco
2332 5827 2434 5886 sibi
2456 5845 2482 5881 a
2506 5837 2693 5883 natura
2720 5824 2937 5883 deﬁnito
2963 5840 3068 5882 non
3091 5827 3316 5880 hmreret
3341 5861 3355 5881 .
3387 5821 3438 5874 in
3468 5834 3558 5881 nu
