4264 6306
697 388 766 446 ὁ.)
1942 376 2257 439 νλιωιιιι
2298 377 2629 439 οιΑιοουε
3878 385 3950 441 66

700 502 867 568 gillari
897 498 1281 555 confessionem
1308 498 1536 568 scripsit.
1563 498 1625 553 Et
1647 511 1865 553 cernere
1885 504 1999 551 erat
2021 494 2272 551 divinitus

701 591 987 643 inunissam
1018 591 1181 654 iram,
1214 591 1369 644 variis
1392 588 1560 657 posuis
1582 588 1775 642 bellum
1801 587 2130 645 inferentem.
2169 584 2268 648 οιιί

656 676 667 685 “
698 681 908 747 quidem
935 682 1228 734 animarum
1260 682 1519 733 medicum
1547 689 1598 733 et
1620 679 1953 733 delinitorem
1982 677 2269 731 exacerba-

699 780 817 823 rant
838 812 850 831 ,
880 781 1037 840 atque
1064 772 1149 824 Dei
1176 772 1513 838 interpretem
1550 784 1577 820 a
1609 770 1793 822 salutis
1837 769 2041 821 officina
2094 767 2269 820 dimo-

698 872 910 928 verant,
936 878 1210 930 corporum
1240 862 1455 915 medicis
1471 862 1535 915 ad
1552 862 1881 915 vexationem
1906 858 2265 913 tradebantur:

697 952 785 1019 qui
816 952 1050 1006 dolorem
1077 952 1283 1020 quidem
1314 952 1486 1005 solitis
1512 951 1757 1004 remediis
1796 951 2056 1019 augebant
2079 990 2095 1014 ,
2125 950 2267 1003 salu-

699 1050 803 1095 tem
835 1052 1006 1096 autem
1037 1058 1138 1096 non
1168 1042 1691 1113 procumbant.Quis
1720 1042 1859 1096 enim
1875 1040 2169 1095 medebitur
2195 1040 2264 1105 ei,

697 1135 785 1198 qui
814 1148 841 1185 a
886 1132 992 1187 Deo
1021 1134 1271 1201 punitur?
1297 1142 1352 1186 ut
1378 1133 1451 1185 ait
1479 1132 1767 1203 propheta:
1802 1129 2063 1198 Numquid
2092 1129 2267 1182 medici

695 1222 1040 1288 sttxcitqbunt,
1086 1232 1133 1273 et
1174 1222 1541 1289 conﬁtebuntur
1581 1222 1665 1273 tibi
1707 1220 1873 1289 (I‘ul.
1904 1219 1992 1274 87.
2028 1218 2150 1285 ll)?
2177 1217 2267 1271 Sic

697 1327 884 1365 omnes
914 1312 1161 1365 ECtiL‘SltU
1192 1323 1291 1364 tua:
1319 1312 1459 1385 pacis
1504 1310 1790 1363 adversarii
1831 1309 2126 1379 perierunt,
2167 1308 2267 1361 Do—

699 1404 860 1455 mine.
887 1402 1152 1455 Czrtcrutu
1187 1403 1352 1454 fertur
1378 1401 1676 1468 sepulcrum
1707 1400 1967 1453 Ammonii
2022 1396 2264 1452 monachi

698 1495 973 1546 horrorem
1020 1492 1180 1547 febris
1206 1492 1489 1555 expellere.
1527 1490 1773 1558 Sepultus
1816 1498 2069 1543 veroest
2121 1497 2267 1540 trans

699 1600 845 1638 mare
896 1584 945 1636 in
1003 1584 1257 1653 martyrio
1306 1583 1701 1650 Apostolorum.
1760 1582 1925 1636 Porro
1985 1581 2265 1649 episcopus

702 1674 982 1726 DioSCOrus
1005 1714 1017 1737 ,
1046 1672 1130 1741 qni
1153 1713 1166 1736 ,
1201 1680 1257 1724 ut
1283 1672 1493 1734 dicunt,
1526 1672 1804 1739 plurimum
1829 1670 1989 1724 Deum
2022 1673 2265 1737 precatus

699 1764 886 1827 fuerat,
908 1774 961 1818 ut
990 1774 1077 1815 aut
1110 1778 1289 1831 pacem
1316 1762 1669 1815 Ecclesiarum
1687 1762 1908 1825 videret,
1926 1769 2015 1812 aut
2034 1774 2267 1812 morere-

700 1864 798 1915 tnr,
818 1864 984 1907 morte
1000 1853 1187 1920 dignus
1202 1851 1408 1904 habitus
1424 1859 1499 1903 est
1511 1893 1523 1913 ,
1538 1851 1783 1919 quoniam
1800 1848 2025 1902 mundus
2046 1863 2169 1917 pace
2188 1846 2267 1899 di-

697 1961 832 2015 gnus
854 1962 955 1998 non
981 1953 1093 1997 crat
1119 1962 1132 1997 :
1160 1955 1210 1997 et
1230 1943 1467 2010 sepultus
1489 1944 1537 1994 in
1568 1943 1849 2011 martyrio,
1872 1939 2012 2009 quod
2038 1948 2118 1993 est
2143 1948 2266 1991 ante

698 2045 902 2105 portam
922 2054 935 2086 :
956 2036 1026 2087 ita
1054 2046 1109 2087 ut
1133 2035 1369 2103 plurima:
1388 2034 1653 2097 mulieres,
1686 2032 1898 2084 omissis
1916 2047 2010 2098 per
2029 2041 2263 2083 sanctam

698 2138 984 2197 martyrem
1013 2128 1327 2195 juratncntis
1355 2168 1369 2190 ,
1404 2141 1498 2193 per.
1522 2139 1704 2193 preces
1744 2122 1976 2176 Dioscori
2002 2122 2263 2191 jurarent.

700 2218 775 2272 De
801 2217 1015 2285 reliquis
1047 2226 1219 2269 autem
1248 2215 1519 2269 monachis
1546 2214 1736 2267 multus
1763 2213 1887 2267 mihi
1930 2214 2105 2267 sermo
2142 2225 2266 2265 con-

698 2318 999 2363 sumeretur
1020 2308 1069 2360 in
1098 2308 1366 2361 narrando
1389 2323 1401 2358 :
1426 2318 1478 2360 et
1504 2314 1557 2360 tu
1581 2306 1803 2359 fortasse
1822 2305 1886 2359 ad
1904 2304 2003 2357 alia
2029 2305 2264 2368 festinas,

696 2414 731 2449 ο
763 2398 839 2450 vir
865 2396 937 2451 tui
965 2398 1191 2451 nominis
1212 2439 1225 2459 ,
1261 2397 1557 2451 Theodore.
1589 2397 1735 2450 Duc.
1767 2395 1978 2465 Etrquis
2007 2395 2141 2448 adeo
2187 2396 2269 2447 in-

701 2489 824 2542 felix
844 2530 859 2552 ,
884 2498 937 2541 ut
954 2489 1344 2542 narrationibus
1366 2488 1432 2541 de
1460 2489 1648 2541 virtute
1666 2488 1837 2541 locum
1865 2502 1967 2539 non
1998 2484 2266 2554 prmbeat?

703 2581 795 2635 Dic
825 2581 999 2649 igitur,
1024 2596 1202 2650 quaeso
1221 2623 1233 2643 ,
1268 2590 1321 2633 et
1349 2595 1679 2649 quocumque
1701 2579 1995 2633 rationabili
2022 2590 2267 2631 sermone

698 2672 931 2725 animum
960 2686 1133 2722 meum
1155 2686 1181 2721 a
1208 2670 1547 2724 s:rcularibus
1575 2668 1979 2738 cogitationibus
1998 2666 2263 2720 abducito.

701 2761 873 2814 Briso.
894 2760 983 2814 Est
1001 2761 1155 2829 igitur
1170 2762 1299 2814 alter
1314 2760 1499 2813 llierax
1518 2758 1734 2829 profano
1746 2758 1953 2828 quidem
1967 2758 2267 2812 nominatus

699 2852 949 2912 nomine.
982 2850 1306 2919 spiritalibus
1350 2860 1525 2902 autem
1548 2848 1783 2903 moribus
1826 2860 2144 2903 exornatus:
2175 2853 2265 2919 qui

701 2940 927 3007 primum
953 2939 1161 3008 quidem
1186 2948 1330 2991 cxtra
1366 2947 1527 2991 totam
1554 2936 1837 3008 IEgyptum
1861 2946 1915 2993 et
1939 2937 2266 2995 Thebaidem

700 3037 750 3087 in
780 3048 1010 3092 montem
1063 3038 1408 3108 Porphyriten
1445 3036 1589 3089 solus
1632 3040 2029 3101 secesserat,et
2054 3035 2264 3104 quidezn

698 3127 812 3182 sine
840 3128 948 3183 ullo
970 3128 1195 3181 hominis
1220 3127 1428 3192 afflatu,
1453 3136 1676 3197 quatuor
1702 3139 1869 3178 annos
1888 3125 2263 3193 perseveravit,

699 3217 825 3273 solis
867 3229 1146 3275 contentus
1199 3220 1475 3273 virtutibus
1536 3219 1600 3272 ad
1649 3218 1938 3272 solatium:
1986 3228 2165 3287 postea
2215 3220 2266 3272 in

700 3312 985 3365 solitudine
1053 3310 1234 3365 Nitrirc
1280 3310 1459 3380 viginti
1498 3311 1729 3379 quinque
1782 3323 1948 3363 annos
1998 3310 2104 3379 egit
2146 3323 2266 3363 cum

700 3401 1013 3467 supradictis
1029 3400 1448 3457 Patribuleuic
1473 3400 1740 3454 dzcmones
1760 3401 2014 3452 instantes
2033 3440 2047 3465 ,
2078 3410 2133 3453 ut
2157 3401 2269 3468 ipse

702 3493 855 3546 nobis
885 3493 1143 3557 narravit,
1174 3493 1462 3561 longmvam
1488 3492 1645 3544 vitam
1674 3491 2064 3559 promittentes,
2084 3505 2112 3541 a
2141 3505 2265 3558 pro-

704 3582 873 3649 posita
902 3597 996 3649 spe
1016 3582 1183 3650 ipsum
1214 3581 1483 3634 dimovere
1508 3580 1821 3645 studebant,
1883 3579 2266 3633 transferuntu-

702 3683 785 3724 tcs
805 3686 861 3724 se
882 3671 934 3724 in
966 3672 1175 3740 angelos
1198 3672 1331 3725 lucis
1352 3711 1365 3735 ,
1398 3670 1668 3724 dicentes:
1690 3670 2071 3739 Quinquaginta
2102 3684 2267 3723 annos

702 3764 875 3816 athuc
895 3763 1130 3817 victurus
1150 3776 1241 3816 cs:
1286 3761 1549 3831 quomodo
1596 3760 1648 3814 in
1698 3775 1878 3819 eremo
1928 3760 2268 3829 perdurabis?

705 3854 795 3907 lle
818 3866 994 3908 autem
1038 3855 1302 3923 sapienter
1337 3869 1430 3922 per
1475 3852 1627 3906 fidem
1690 3851 2001 3921 respondit,
2048 3851 2264 3905 dicens:

704 3944 1063 3998 Contristastis
1109 3959 1224 4007 me,
1267 3944 1475 3996 brevius
1524 3943 1773 4010 prepositi
1809 3944 1908 3994 mei
1929 3930 2135 4009 teniphs
2187 3940 2268 3993 di-

703 4044 913 4089 centes:
944 4032 1287 4087 ducentorum
1316 4032 1453 4085 enim
1480 4046 1736 4084 annorum
1782 4038 2088 4098 apparatum
2141 4029 2269 4081 mihi

703 4126 755 4176 in
777 4138 957 4177 eremo
987 4122 1359 4177 instruxerant.
1392 4120 1541 4186 Quod
1587 4129 1641 4172 ut
1670 4120 1969 4180 audierunt,
2012 4118 2268 4173 ululantes

702 4216 1079 4270 discesserunt.
1113 4214 1176 4267 lit
1216 4213 1353 4266 hunc
1402 4213 1605 4280 ipsum,
1637 4227 1791 4280 quem
1846 4209 2114 4263 dzcmones
2164 4224 2268 4265 non

704 4313 1127 4366 commoverant,
1159 4304 1461 4356 diuturnum
1490 4303 1535 4356 ei
1566 4304 1681 4354 vita:
1709 4313 1914 4369 tempus
1962 4302 2272 4368 promitten-

698 4408 812 4462 tes,
842 4405 899 4451 ut
928 4398 1093 4450 virum
1126 4398 1175 4450 in
1222 4396 1474 4451 desidiam
1522 4394 1918 4464 pertraherent,
1947 4393 2270 4462 Theophilus

702 4503 835 4558 papa
886 4487 1141 4562 Ργὶιιιῑμιιε
1190 4488 1361 4539 edicto
1409 4488 1635 4554 migrare
1677 4485 1859 4552 jussit,
1904 4494 1955 4537 et
1997 4484 2063 4537 ad
2113 4486 2267 4538 talem

617 4593 620 4597 '
704 4580 905 4649 redeg't
954 4582 1350 4646 noeessitatem,
1402 4590 1457 4633 ut
1510 4578 1573 4631 ad
1602 4578 1917 4632 Comitatum
1968 4577 2067 4630 iret
2112 4594 2125 4630 :
2182 4579 2268 4646 qui

704 4688 841 4727 nunc
900 4683 1013 4741 post
1067 4682 1289 4725 mortem
1351 4670 1649 4732 Ammonii,
1709 4683 1912 4721 rursum
1973 4668 2272 4721 desertissi-

703 4779 840 4817 matn
881 4764 1212 4817 solitudinem
1256 4765 1490 4833 repetiit,
1536 4762 1695 4814 aratri
1746 4759 2033 4828 evangelici
2077 4761 2271 4813 veritus

705 4853 1003 4924 parabolam
1059 4852 1204 4922 (Luc.
1259 4852 1312 4906 9.
1378 4851 1491 4919 62).
1554 4852 1697 4903 Alius
1754 4865 1936 4903 rursus
2001 4853 2273 4919 pre.~liytcr

707 4948 848 4999 Isaae
898 4946 1145 5010 nomine,
1205 4944 1495 5012 discipulus
1542 4942 1783 5006 Macarii,
1832 4943 1919 5011 qui
1974 4942 2067 4996 fuit
2118 4944 2273 4995 disci-

702 5037 858 5105 pulus
886 5037 1131 5101 Antonii,
1187 5036 1485 5090 solitudinis
1535 5034 1956 5098 amantissimus,
2013 5034 2271 5102 quinqua-

702 5130 843 5196 ginta
891 5142 1057 5180 annos
1101 5142 1300 5194 agens,
1338 5126 1660 5192 Scripturznn
1711 5139 1920 5176 omnem
1966 5125 2273 5177 memoriter

703 5232 921 5282 tenens,
973 5228 1204 5269 cerastas
1250 5226 1523 5281 serpentes
1574 5213 1626 5267 in
1680 5215 1921 5266 manibus
1966 5215 2079 5267 sine
2134 5216 2271 5281 peri-

701 5310 821 5362 rnlo
852 5317 1098 5377 portans,
1131 5323 1191 5360 ex
1227 5308 1405 5359 matris
1436 5316 1584 5359 utcro
1623 5305 1798 5373 virgo,
1848 5320 1964 5357 cum
2006 5306 2273 5367 septennis

703 5401 1037 5455 solitudinem
1114 5400 1342 5451 incolere
1402 5398 1681 5467 coepisset,
1755 5405 1867 5462 post
1930 5394 2271 5464 quadraginta

701 5508 899 5556 annos,
950 5507 1067 5544 cum
1115 5490 1375 5557 prtedictis
1404 5528 1418 5554 ,
1473 5503 1501 5539 a
1548 5486 1838 5553 Tltcopuilo
1892 5487 2066 5552 l‘apa,
2114 5487 2271 5539 vcinti

703 5584 923 5645 criluo,‘
977 5598 1233 5637 excussus
1285 5590 1385 5635 est.
1448 5581 1594 5635 Alter
1647 5582 1790 5633 lsaae
1853 5581 2161 5651 presbyter,
2222 5591 2275 5634 et

704 5678 819 5741 ipse.
862 5674 1144 5742 discipulus
1175 5689 1237 5726 ac
1280 5688 1551 5726 sneressor
1585 5672 1763 5724 Cronii
1816 5672 2141 5741 presbyteri,
2190 5672 2273 5724 di-

704 5768 889 5837 scipuli
932 5765 1163 5835 cjnsthm
1216 5763 1461 5827 Antonii,
1498 5762 1881 5831 Seriptnrat‘nm
1927 5774 1978 5817 et
2032 5764 2141 5833 ipse
2191 5779 2271 5833 pe-

2380 494 2512 549 ritus
2537 509 2693 564 quam
2748 494 2833 565 qui
2879 496 3138 561 maxime,
3198 494 3473 571 hospitalis
3525 499 3567 550 si
3612 498 3726 568 quis
3778 500 3950 567 alius,

2378 585 2513 640 adeo
2542 594 2597 640 ut
2623 602 2728 655 przr
2755 602 2957 640 summa
2990 588 3312 643 humanitate
3339 587 3620 657 hospitium
3670 590 3720 643 in
3768 608 3954 645 eremo

2379 677 2738 729 construxerit
2767 676 2830 730 ad
2877 677 3205 746 refrigerium
3258 693 3517 746 :rgrorum
3564 682 3944 735 monachorum

2378 777 2428 820 ct
2457 768 2852 836 peregrinorum
2874 810 2888 832 ,
2919 768 2984 821 ad
3015 768 3316 823 invisendos
3358 769 3543 824 beatos
3584 769 3769 826 Patres
3820 771 3950 829 illuc

2375 858 3021 930 advenientium(dicitur
3069 868 3244 913 autem
3294 858 3362 913 ab
3390 860 3533 913 omni
3582 859 3658 913 ira
3683 861 3945 933 alienus),

2376 949 2701 1018 trigesimum
2728 965 2921 1003 annum
2952 964 3073 1003 eum
3102 950 3296 1019 egisset
3326 950 3376 1004 in
3406 963 3620 1006 secessu
3644 992 3658 1010 .
3689 967 3791 1006 una
3815 968 3943 1008 cum

2375 1039 2455 1092 his
2478 1049 2693 1093 vexatus
2712 1051 2811 1094 est.
2845 1040 2922 1093 Ex
2957 1040 3035 1093 his
3060 1050 3232 1094 autem
3262 1040 3405 1095 lsaac
3447 1041 3608 1110 prior'
3637 1050 3845 1097 centum
3888 1054 3949 1100 et

2374 1129 2744 1198 quinquaginta
2762 1130 2859 1183 sub
2889 1145 2945 1183 se
2968 1130 3254 1184 monachos
3284 1130 3544 1185 habebat:
3595 1135 3743 1201 cujus
3781 1134 3947 1189 disci—

2375 1220 2526 1287 pulus
2548 1227 2749 1287 septem
2780 1230 2869 1272 aut
2885 1228 3005 1274 octo
3026 1221 3945 1293 episeoposconstituitTheophilus,

2372 1314 2496 1366 dum
2527 1312 2886 1381 TheOphilus,
2919 1312 3020 1367 hoc
3039 1324 3115 1368 est
3143 1354 3158 1378 ,
3196 1314 3289 1368 Dei
3319 1329 3534 1380 amans,
3567 1324 3707 1384 esset
3748 1334 3762 1370 :
3810 1318 3947 1374 alter

2372 1412 2545 1455 autem
2566 1403 2821 1457 ducentos
2850 1412 2903 1457 et
2928 1403 3143 1457 decem:
3174 1404 3324 1472 cujus
3344 1406 3501 1457 etiam
3532 1405 3771 1474 discipuli
3827 1408 3938 1477 plu-

2372 1492 2491 1545 rimi
2518 1493 2781 1561 episcopis
2808 1494 3137 1547 annumerati
3185 1504 3324 1547 sunt.
3358 1495 3418 1548 lli
3473 1504 3630 1561 sunt,
3671 1514 3802 1565 quos
3850 1515 3921 1551 nu

2371 1582 2490 1636 dius
2519 1582 2703 1635 tertius
2729 1584 3137 1640 memoravimus
3170 1584 3351 1638 lsidori
3380 1586 3670 1655 presbyteri
3710 1602 3868 1642 causa
3913 1604 3944 1643 a

2372 1671 2665 1740 TheOphilo
2692 1673 2831 1744 Papa
2879 1674 3080 1743 ejcctos
3127 1689 3193 1728 cx
3247 1690 3447 1729 eremo.
3500 1675 3562 1729 lli
3605 1686 3759 1741 sunt,
3813 1690 3947 1747 quos

2372 1763 2675 1816 sacerdotes
2702 1772 2757 1817 et
2784 1763 2987 1817 diaconi
3014 1763 3414 1832 despexerunt;
3446 1773 3500 1819 et
3518 1780 3654 1832 quos
3697 1767 3750 1820 in
3802 1767 3947 1821 viro-

2316 1886 2323 1906 ς
2364 1841 2487 1906 ’rum
2510 1853 2871 1907 confusionem
2919 1854 3089 1907 virilis
3137 1854 3327 1909 mulier
3368 1856 3634 1925 suscepit,
3691 1867 3848 1927 atque
3894 1858 3948 1918 in

2362 1936 2737 2010 episcoporum
2804 1945 3299 1999 eundemnatiouem

3393 1946 3584 2001 mulier
3654 1947 3949 2005 diaconisa

2373 2034 2603 2103 hospitio
2652 2033 2893 2103 excepit;
2931 2035 3081 2103 cujus
3132 2035 3247 2088 laus
3286 2036 3337 2089 in
3387 2035 3641 2090 Ecclesiis
3664 2039 3947 2095 multarum

2372 2142 2546 2180 rerum
2590 2141 2745 2179 causa
2788 2125 3123 2181 celebratur:
3173 2128 3562 2182 Samaritanum
3614 2129 3793 2194 illum,
3835 2132 3943 2200 qui-

2371 2232 2596 2285 entnque
2642 2216 2850 2271 tandem
2883 2218 2971 2272 ille
3010 2218 3111 2284 sit,
3164 2219 3399 2284 imitata,
3445 2221 3535 2289 qui
3584 2235 3615 2275 a
3659 2221 3948 2279 latronibus

2372 2309 2737 2372 vulneratum,
2783 2307 3099 2361 semivivum
3147 2309 3198 2361 in
3239 2308 3502 2364 descensu
3543 2309 3755 2365 Jericho
3797 2312 3951 2367 inve-

2372 2400 2523 2453 niens
2542 2440 2557 2465 ,
2586 2398 2797 2467 proprio
2820 2398 2964 2452 illum
2993 2400 3241 2469 imposuit
3260 2400 3499 2469 jumento
3519 2444 3533 2465 ,
3563 2412 3616 2457 et
3658 2402 3724 2456 ad
3772 2404 3949 2457 stabu~

2372 2489 2477 2543 hnn
2508 2503 2672 2558 usque
2722 2488 2867 2553 tulit,
2895 2496 3054 2558 atque
3106 2488 3449 2543 humanitatis
3477 2491 3653 2545 oleum
3682 2505 3800 2545 cum
3852 2492 3950 2545 ad-

2372 2579 2661 2647 stringente
2700 2568 2821 2632 vino
2883 2578 3241 2647 permiscens,
3273 2578 3577 2633 vulneribus
3634 2580 3950 2635 medicinam

2371 2668 2513 2723 fecit.
2539 2664 2603 2721 Et
2633 2668 2746 2722 ham
2773 2668 2982 2737 quidem
3013 2668 3081 2723 de
3110 2668 3224 2721 istis
3251 2668 3387 2723 dicta
3417 2669 3543 2723 sint.
3568 2668 3827 2735 Quantam
3856 2686 3951 2723 au.

2370 2766 2477 2813 tem
2502 2767 2555 2813 et
2583 2758 2923 2828 pecuniarum
2945 2764 2999 2812 et
3023 2758 3341 2828 praediorum
3372 2759 3577 2828 cepiam
3634 2760 3953 2829 pauperiqu

2370 2850 2719 2910 distribuerit.
2738 2865 2843 2903 non
2859 2864 3031 2904 meum
3061 2858 3142 2903 est
3156 2849 3353 2912 dicere,
3376 2849 3469 2903 sed
3487 2865 3669 2904 eorum
3688 2851 3771 2920 qui
3789 2851 3955 2906 bene-

2373 2942 2547 2994 ficium
2574 2951 2923 3009 acceperunt:
2957 2940 3104 2995 exsul
3124 2942 3317 3010 quippe
3334 2955 3453 2994 cum
3478 2932 3653 2996 essem
3676 2984 3689 3005 ,
3720 2941 3767 2995 ci
3799 2942 3954 2997 oneri

2372 3045 2477 3083 non
2501 3030 2593 3083 fui.
2615 3029 2689 3083 De
2714 3044 2775 3083 ea
2812 3044 2939 3084 vero
2962 3030 3085 3083 audi
3117 3031 3242 3099 quid
3286 3030 3609 3099 prmclarius.
3643 3031 3957 3088 Parentibus

2370 3118 2575 3185 orbata,
2610 3120 2724 3173 viro
2752 3120 3029 3188 conjuncta
3057 3134 3173 3173 eum
3194 3130 3350 3183 esset,
3384 3120 3452 3172 ita
3474 3120 3581 3173 Deo
3611 3120 3839 3185 volente,
3862 3135 3955 3175 re-

2371 3226 2487 3263 rum
2506 3210 2740 3265 omnium
2763 3210 2983 3273 prmsciu
3002 3219 3056 3264 et
3084 3210 3342 3264 humanos
3359 3223 3585 3265 eventus
3605 3212 3955 3282 prmvidcnte,

2373 3302 2458 3355 vix
2502 3301 2685 3371 viginti
2736 3316 2950 3354 menses
2992 3302 3170 3355 carnis
3216 3302 3495 3370 voluptati,
3540 3317 3659 3370 qua
3702 3303 3956 3357 omnibus

2374 3396 2619 3462 imperat,
2668 3392 2905 3453 servivit,
2934 3407 3055 3445 cum
3081 3394 3301 3446 maritus
3328 3392 3443 3462 ejus
3456 3402 3674 3447 natura:
3711 3393 3953 3449 debitum

2372 3485 2476 3537 cito
2506 3481 2872 3551 persolvisset.
2916 3482 3115 3535 Dicitur
3140 3495 3316 3536 autem
3347 3498 3485 3537 nunc
3512 3486 3673 3538 etiam
3704 3493 3759 3538 et
3802 3486 3955 3552 virgo

2372 3589 2509 3628 esse.
2539 3572 2667 3640 Qua:
2693 3572 2833 3625 cuitu
2863 3572 3029 3640 potuit
3055 3572 3359 3639 apostolica:
3389 3573 3488 3642 legi
3519 3574 3721 3628 servire
3756 3590 3770 3629 :
3825 3572 3955 3628 Volo

2371 3662 2783 3717 adolescentiam:
2797 3661 2966 3714 viduas
2983 3662 3369 3723 nubore,matres
3385 3665 3605 3733 [notitias
3619 3666 3781 3733 θυεμ
3796 3662 3951 3719 .Tim.

2373 3756 2425 3809 5.
2460 3753 2581 3822 ll);
2611 3769 2673 3807 ea
2700 3752 2914 3822 quidem
2956 3769 3060 3807 non
3092 3754 3373 3818 sustinuit;
3399 3765 3575 3810 tamen
3606 3769 3726 3810 cum
3755 3772 3955 3827 genere

2338 3902 2340 3904 τ
2374 3852 2428 3898 et
2457 3842 2658 3910 opibus,
2686 3851 2842 3910 atque
2864 3844 3165 3910 cognitione
3188 3844 3414 3912 plurium
3439 3843 3800 3910 scientiarum,
3828 3861 3953 3900 nec-

2375 3948 2479 3985 non
2504 3932 2715 4000 ingenio
2742 3932 2940 3985 liberali
2973 3942 3024 3987 et
3048 3932 3218 3987 forma
3250 3945 3409 4002 atque
3430 3936 3601 3987 a‘tatis
3633 3934 3762 3989 flore
3792 3951 3952 3990 exor-

2376 4033 2494 4077 nata
2523 4034 2683 4088 esset,
2721 4025 2938 4078 secundi
2968 4026 3197 4094 eonjugii
3237 4027 3474 4093 laqueos,
3525 4042 3731 4094 capreae
3762 4028 3949 4093 inst-ir,

2374 4116 2642 4177 audacter,
2693 4114 3012 4167 transiliens.
3042 4113 3191 4168 Iusto
3232 4114 3364 4167 enim
3391 4116 3472 4167 lex
3500 4115 3664 4182 posita
3692 4098 3789 4167 non
3833 4126 3905 4168 est
3929 4157 3947 4182 ,

2374 4208 2462 4259 sed
2487 4208 2664 4275 iugum
2691 4206 3092 4268 detrectantibus,
3144 4208 3389 4278 profanis,
3422 4217 3467 4260 et
3505 4184 3575 4260 iis
3610 4209 3695 4277 qni
3740 4207 3949 4261 libidine

2375 4298 2562 4364 expleri
2592 4314 2691 4351 non
2723 4308 2928 4366 possunt
2956 4298 3029 4367 (l.
3058 4296 3190 4353 Tim.
3222 4298 3269 4350 l.
3291 4294 3376 4364 9).
3398 4296 3627 4366 Contigit
3656 4308 3830 4351 autem
3861 4312 3953 4366 per

2376 4388 2655 4449 quamdam
2688 4388 2896 4441 Saturne
2944 4387 3214 4450 invidiam,
3262 4395 3321 4439 ut
3363 4387 3479 4453 ejus
3525 4396 3839 4455 prtcmatura
3869 4384 3951 4440 vi-

2378 4478 2549 4531 duitas
2576 4479 2839 4531 dclatione
2866 4477 2928 4528 ad
2959 4476 3245 4530 Theodosii
3278 4476 3615 4544 Imperatoris
3652 4491 3804 4528 aures
3836 4490 3953 4544 pcr—

2376 4571 2611 4633 venirct,
2644 4570 2730 4637 qui
2780 4584 2893 4621 eam
2932 4567 3137 4637 Elpidio
3173 4568 3398 4627 cuidam,
3437 4576 3658 4635 cognato
3699 4583 3816 4627 suo,
3859 4567 3956 4619 lli-

2378 4676 2564 4729 Spano,
2606 4661 2656 4713 in
2686 4660 3077 4713 matrimonium
3118 4658 3245 4712 dare
3266 4660 3527 4726 cupiebat.
3562 4658 3656 4711 llic
3688 4672 3806 4711 cum
3835 4674 3955 4715 eam

2376 4756 2597 4807 multum
2644 4762 2867 4814 orasset,
2902 4765 3000 4804 nec
3044 4750 3329 4819 quidquam
3373 4749 3439 4800 ab
3483 4765 3543 4800 ea
3588 4749 3951 4816 impetrasset,

2376 4846 2559 4898 dolore
2587 4843 2807 4898 affectus
2844 4852 2945 4904 est,
2979 4842 3309 4910 significante
3339 4840 3463 4893 illa:
3494 4840 3549 4894 Si
3582 4855 3667 4893 me
3698 4840 3955 4895 voluisset

2378 4937 2489 4990 liex
2512 4951 2659 4989 meus
2688 4951 2806 4987 cum
2836 4935 2949 4986 viro
2970 4934 3167 4997 vivere,
3202 4932 3367 4984 virum
3400 4930 3527 4983 mihi
3559 4946 3662 4982 non
3691 4930 3947 4983 abstulis—

2377 5044 2415 5079 Si
2440 5036 2457 5079 t
2482 5044 2494 5077 :
2524 5026 2771 5094 quoniam
2794 5034 2966 5078 autem
2997 5039 3080 5076 me
3120 5022 3410 5091 c0njngnlis
3440 5023 3557 5072 vitm
3588 5020 3807 5074 minime
3838 5019 3955 5071 ldo-

2378 5136 2529 5173 neam
2578 5119 2842 5181 coenavit,
2876 5132 2973 5169 nec
3023 5130 3177 5183 posse
3227 5114 3339 5166 vim
3382 5112 3610 5182 placere,
3660 5120 3714 5164 et
3745 5112 3892 5163 illum
3919 5123 3955 5166 θ

2378 5210 2616 5279 eorporis
2657 5208 2878 5261 vinculis
2918 5206 3174 5267 liberavit,
3207 5212 3259 5256 et
3289 5218 3373 5256 me
3416 5217 3443 5255 a
3473 5198 3955 5271 gravissiino‘jugo

2380 5308 2533 5369 atque
2555 5316 2582 5351 a
2608 5300 2700 5351 viri
2725 5299 2974 5351 servitute
3001 5296 3216 5363 eripuit,
3248 5307 3409 5347 suave
3439 5307 3590 5344 suum
3613 5290 3943 5342 castimonia:

2375 5394 2555 5461 jngnm
2602 5391 2762 5443 menti
2804 5404 2933 5441 mea:
2978 5387 3271 5453 imponens.
3324 5382 3448 5435 Post
3496 5380 3596 5433 hoc
3639 5390 3953 5447 rc‘Sponsom

2377 5487 2523 5555 jubet
2549 5482 2877 5537 Theodosius
2895 5478 3152 5533 Przefeeto
3180 5477 3343 5539 urbis,
3373 5483 3445 5528 ,ιιι
3466 5472 3581 5541 ejus
3608 5472 3745 5524 bona
3773 5484 3954 5523 serva-

2383 5587 2584 5637 rentur,
2613 5574 2901 5643 usqncdum
2930 5570 3139 5637 triginta
3171 5567 3342 5619 uitatis
3366 5581 3531 5618 annos
3560 5560 3953 5632 explessenQui

2381 5669 2555 5722 statim
2609 5676 2725 5735 post
2770 5661 3107 5729 Imperatoris
3158 5658 3502 5722 mandatmn,
3554 5669 3786 5720 eousque
3832 5666 3955 5705 eam

2384 5759 2609 5827 vexavit,
2651 5757 2897 5811 incitatus
2939 5752 3005 5805 ab
3052 5751 3279 5821 Elpidio,
3321 5758 3375 5804 ut
3404 5762 3471 5803 ne
3500 5748 3800 5801 laenlmtem
3831 5740 3954 5816 qui.
4034 5804 4039 5807 μ
