4264 6306
182 473 240 530 tit
1050 452 1051 455 ‘
1176 467 1262 522 or:
1307 466 1459 522 VITA
1500 465 1556 521 s.
1599 461 1877 523 JOANNIS
1910 464 2401 523 cumsosront.
3400 478 3471 535 ω

184 589 299 643 dem
352 585 583 642 haberet
623 600 739 639 cum
774 582 1069 653 insignibus
1104 580 1369 651 episcopis
1408 576 1770 647 colloquendi,

187 692 353 750 natae
380 676 450 732 ad
480 675 763 732 ecclesiam
791 671 1080 728 accedendi
1103 690 1115 726 :
1139 680 1197 725 ut
1222 684 1332 740 prie
1368 668 1624 739 angustiis
1653 666 1769 720 ani-

185 768 251 823 mi
272 785 324 824 m
356 766 603 837 conjngii
637 766 960 823 voluntatem
983 763 1271 819 decideret.
1297 761 1385 816 illa
1413 774 1542 815 vero
1564 759 1635 814 ob
1657 758 1772 814 haec

183 860 370 923 laetior,
403 868 460 914 et
499 858 697 929 gratias
722 857 831 912 Deo
854 869 1040 927 agens,
1084 853 1208 909 talia
1238 849 1549 921 Imperatori
1578 848 1775 905 renun-

183 948 325 1003 tiavit
367 964 381 1001 :
441 945 760 1017 Imperatori
798 944 1035 999 debitam
1086 950 1141 997 et
1184 954 1472 1011 congruam
1519 938 1774 1009 episcopo

180 1044 431 1098 virtutem
463 1041 517 1096 in
557 1055 645 1096 me
669 1038 926 1095 humilem
972 1033 1282 1099 exhibuisti,
1324 1031 1577 1097 domine;
1619 1046 1774 1086 man~

178 1133 308 1189 dans
329 1148 500 1203 grave
525 1147 662 1187 onus
689 1146 869 1186 meum
906 1126 1183 1193 custodiri,
1213 1126 1368 1195 cujus
1392 1138 1574 1179 curam
1610 1120 1774 1177 habe-

178 1224 318 1291 bam,
344 1232 403 1278 ut
426 1222 914 1278 administraretur.
938 1218 1107 1288 Majas
1134 1224 1311 1271 autem
1339 1213 1551 1281 feceris,
1572 1213 1618 1267 si
1645 1211 1773 1267 illud

178 1314 506 1385 pauperibus
536 1321 590 1369 ct
634 1311 893 1367 Ecclesiis
916 1307 1165 1365 distribui
1200 1306 1445 1377 iusseris.
1489 1303 1603 1374 Ego
1630 1302 1772 1358 enim

178 1406 278 1475 jam
304 1404 512 1460 dudum
544 1419 734 1459 vanam
762 1403 986 1474 gloriam
1014 1417 1080 1457 ex
1106 1398 1369 1470 ejusmodi
1397 1396 1774 1452 distributione

177 1495 465 1563 deprecata
491 1509 631 1560 sum,
666 1507 735 1549 ne
764 1492 1092 1563 negligerem
1127 1488 1321 1544 anima:
1348 1486 1580 1553 divitias,
1612 1484 1774 1539 rebus

180 1586 411 1641 terrenis
429 1584 706 1654 implicita.
742 1583 929 1653 Itaque
954 1578 1294 1651 postmodum
1316 1591 1562 1632 reversus
1580 1589 1610 1629 a
1634 1574 1774 1630 bello

178 1676 436 1731 adversus
464 1675 774 1741 Maximum,
796 1673 956 1744 jussit
978 1686 1095 1727 eam
1120 1671 1382 1725 bonorum
1412 1681 1631 1722 suorum
1670 1681 1771 1736 po-

178 1774 422 1820 testatem
478 1764 699 1830 habere,
748 1764 927 1818 audita
969 1761 1177 1817 virtutis
1222 1759 1339 1829 ejus
1387 1755 1770 1827 magnitudine.

180 1860 324 1916 Duc.
357 1860 551 1915 Merito
580 1875 709 1930 ergo
734 1874 850 1914 eam
885 1857 1181 1912 honorabat
1208 1854 1463 1919 Joannes,
1493 1869 1611 1923 qua:
1638 1852 1775 1908 hanc

178 1951 293 2006 vita:
324 1952 569 2021 regulam
599 1950 867 2005 servabat.
894 1948 1073 2003 Ense.
1101 1947 1345 2001 Abstinet
1364 1955 1539 2001 autem
1570 1945 1637 1999 ab
1659 1945 1775 1998 ani-

178 2043 351 2109 matis,
374 2052 435 2098 et
466 2044 640 2096 rarius
669 2040 861 2095 balneo
888 2039 1072 2093 utitur.
1102 2037 1157 2093 Si
1185 2046 1360 2091 autem
1386 2045 1601 2105 propter
1623 2031 1772 2088 infir-

180 2134 416 2187 mitatem
446 2133 613 2186 utitur
652 2130 799 2202 (nam
828 2128 1027 2198 sacpius
1058 2126 1334 2182 stomacho
1364 2122 1617 2195 laborat).
1648 2138 1773 2179 cum

182 2226 351 2281 tunica
381 2225 437 2278 in
466 2240 657 2293 aquam
679 2221 977 2287 descendit,
998 2236 1054 2275 se
1075 2235 1285 2290 quoque
1312 2219 1501 2287 ipsam,
1524 2227 1582 2273 ut
1603 2216 1771 2283 aiunt,

182 2318 432 2373 reverita.
484 2317 634 2372 Duc.
683 2315 882 2370 Dicitur
928 2313 1088 2368 etiam
1139 2311 1249 2382 ipsa
1296 2309 1518 2364 multum
1558 2320 1775 2362 curasse

184 2411 395 2465 beatum
426 2407 711 2471 Joannem.
746 2405 922 2460 Errsc.
949 2400 1151 2473 Ecquid
1177 2400 1396 2471 dignum
1425 2398 1541 2466 ejus
1578 2397 1775 2452 virtute

183 2500 239 2555 in
268 2515 393 2555 eum
426 2496 720 2569 prazstitit?
753 2494 856 2551 nisi
881 2491 1022 2564 quod
1052 2506 1156 2547 non
1187 2490 1429 2562 permisit
1465 2487 1775 2559 quotidiana

180 2602 303 2643 eam
325 2588 453 2643 cibo
495 2585 721 2641 distrahi
768 2601 781 2639 :
825 2581 968 2653 quod
1007 2581 1223 2653 quidem
1251 2580 1531 2633 minimum
1560 2592 1664 2632 non
1694 2586 1778 2633 est

180 2675 377 2733 Christi
401 2677 687 2749 operariis,
730 2673 965 2730 interdiu
996 2680 1262 2741 noctuque
1288 2670 1353 2725 de
1382 2669 1542 2724 rebus
1575 2667 1775 2723 Clll‘iSti

182 2770 448 2825 sollicitis.
498 2767 761 2822 Similiter
805 2764 1024 2830 Paulus,
1068 2761 1306 2816 salutans
1336 2759 1630 2825 Persidem,
1657 2774 1777 2827 quae

185 2859 277 2929 ipsi
308 2861 525 2915 fortean
548 2872 653 2912 non
677 2854 937 2911 dissimile
961 2850 1311 2908 ministerium
1338 2850 1594 2919 praebuit:
1618 2848 1779 2902 Salu-

184 2961 297 3016 tate,
320 2950 522 3021 inquit,
564 2948 796 3001 dilectum
820 2944 1081 3000 Persidem
1102 2983 1116 3009 ,
1156 2956 1272 3010 qua:
1292 2939 1504 2993 multum
1534 2939 1777 2992 laboravit

183 3042 231 3095 in
278 3042 499 3095 Domino
534 3038 709 3111 (Rom.
731 3037 818 3092 16.
846 3034 957 3099 η).
1005 3032 1195 3087 Omnes
1238 3030 1370 3084 enim
1399 3044 1514 3101 quae
1539 3045 1633 3082 sua
1658 3036 1778 3081 sunt

182 3142 434 3201 quierunt,
480 3140 527 3184 et
554 3145 657 3183 non
694 3143 807 3195 qui:
836 3125 1021 3179 Christi
1059 3121 1316 3194 (Philipp.
1344 3120 1400 3173 ‘2.
1436 3120 1548 3189 21).
1579 3119 1702 3173 Seio
1727 3128 1781 3172 et

186 3224 392 3277 beatum
416 3222 723 3277 Nestorium
756 3218 874 3287 plus
908 3232 1025 3271 eam
1051 3215 1301 3278 coluisse,
1336 3213 1405 3266 ita
1432 3221 1489 3265 ut
1525 3212 1575 3266 in
1606 3212 1779 3267 eccle-

185 3315 415 3369 siasticis
447 3313 609 3368 rebus
634 3312 685 3367 ei
712 3309 1127 3378 obtemperaret.
1162 3304 1387 3360 Sanctos
1406 3319 1535 3358 vero
1560 3301 1781 3370 Amphi-

186 3405 419 3460 lochium
448 3412 502 3457 et
532 3400 803 3471 Optimum
832 3407 886 3453 et
928 3396 1243 3466 Gregorium
1274 3410 1337 3450 ac
1381 3393 1617 3458 Petrum,
1665 3392 1778 3447 fra-

189 3508 315 3553 trem
365 3494 574 3558 Basilii,
621 3504 781 3562 atque
829 3487 1208 3559 Epiphaniam,
1256 3485 1416 3555 Cypri
1446 3485 1777 3554 episcopum,

188 3590 305 3661 quid
353 3589 551 3642 attinet
578 3586 778 3649 dicere,
832 3582 1021 3651 quibus
1050 3593 1298 3650 agrorum
1332 3576 1698 3646 possessiones
1727 3582 1783 3629 et

190 3681 442 3751 pecunias
494 3676 746 3731 dederit?
787 3673 1046 3727 hloriente
1096 3679 1273 3723 autem
1318 3665 1788 3734 Constantinopoli

191 3770 423 3839 Optimo,
447 3769 563 3835 ejus
593 3766 753 3819 etiam
782 3762 967 3818 oculos
992 3760 1238 3816 manibus
1267 3758 1379 3812 suis
1404 3757 1615 3811 clausit.
1638 3756 1783 3810 Prm-

195 3869 327 3916 terea
359 3858 700 3915 miserabiles
727 3867 937 3925 quoque
964 3852 1084 3905 illos
1119 3866 1224 3904 non
1262 3848 1602 3903 mediocriter
1626 3846 1784 3901 refri-

196 3954 390 4021 geravit
420 3951 472 4003 in
497 3947 766 4013 onniibus,
804 3942 1149 4006 Antiochum,
1179 3940 1431 3994 Acacium
1460 3947 1514 3993 et
1538 3936 1784 3992 Severia-

198 4058 312 4096 num
333 4059 356 4107 -,
378 4050 567 4108 atque,
608 4046 665 4091 ut
690 4050 796 4091 uno
822 4034 987 4089 verbo
1010 4048 1076 4087 cx
1107 4040 1255 4101 parte
1285 4029 1630 4099 complectar,
1662 4044 1780 4083 om-

197 4150 286 4189 nes
313 4131 728 4204 peregrinantes
752 4127 1000 4189 clericos,
1037 4131 1090 4179 et
1112 4122 1497 4177 monachorum
1526 4136 1588 4175 ac
1623 4120 1785 4191 virgi-

200 4240 317 4279 num
361 4223 629 4279 infinitam
669 4217 1084 4273 multitudinem.
1116 4214 1352 4269 Joannes
1379 4222 1578 4277 tamen,
1602 4220 1785 4281 utpote

199 4318 389 4373 missus
420 4316 510 4385 qui
538 4312 784 4382 exemplo
813 4318 977 4373 esset,
1009 4316 1065 4362 ut
1091 4308 1162 4360 ita
1193 4306 1389 4369 dicam,
1423 4304 1659 4358 venturis
1681 4304 1783 4372 epi-

199 4409 390 4477 scopis,
411 4404 684 4475 quomodo
705 4401 881 4455 vivere
895 4398 1146 4464 debeant,
1165 4394 1477 4451 decreverat
1492 4393 1785 4449 secundum

202 4497 441 4561 Paulum,
473 4494 584 4549 suis
611 4490 890 4561 stipendiis
926 4488 1220 4560 praedicare
1247 4485 1616 4555 pmuitcntiam
1652 4502 1665 4538 :
1708 4483 1788 4536 ni-

201 4588 268 4643 hil
314 4583 803 4641 ecclesiasticarum
844 4562 1025 4635 rerum
1064 4579 1331 4647 attingens
1360 4617 1374 4641 ,
1420 4574 1786 4645 quotidianum

200 4676 477 4732 dumtaxat
516 4675 692 4729 cibum
727 4670 991 4735 sumebat,
1026 4669 1185 4723 talem
1230 4682 1445 4736 semper
1484 4681 1666 4720 curam
1702 4666 1787 4720 fu-

202 4767 366 4836 giens.
398 4765 564 4820 Aiunt
588 4772 764 4817 autem
788 4759 1108 4815 verecundia
1139 4757 1276 4812 afﬁci
1308 4757 1501 4820 visum,
1526 4756 1651 4810 dum
1674 4768 1790 4809 sen-

203 4858 335 4913 sibili
358 4865 669 4911 vesceretur
695 4853 836 4907 cibo.
858 4848 1319 4917 Quemadmodum
1342 4847 1487 4901 enim
1516 4846 1568 4900 in
1593 4846 1785 4915 pomis,

204 4964 318 5003 cum
340 4963 409 5003 ea
430 4946 497 5000 ad
519 4959 778 5000 summam
803 4941 1141 5013 pervenerint
1160 4939 1543 5006 maturitatem,
1563 4939 1616 4994 in
1638 4953 1790 4994 ramo

210 5049 520 5105 penmnere
535 5049 643 5089 non
668 5034 955 5095 sustinent,
982 5029 1188 5085 domini
1229 5044 1443 5083 manum
1480 5030 1786 5100 poscentia:

210 5132 279 5183 sic
301 5136 363 5184 et
382 5128 439 5179 in
469 5127 686 5188 sanctis,
707 5138 830 5178 cum
859 5137 1018 5192 supra
1050 5119 1266 5176 modum
1286 5121 1583 5175 emlestium
1610 5137 1789 5175 rerum

213 5217 602 5288 pulchritudine
626 5217 763 5286 capti
799 5225 943 5281 sunt,
974 5223 1098 5269 ante
1126 5213 1402 5269 definitum
1442 5214 1564 5267 vita:
1590 5214 1790 5268 exitum

214 5312 305 5365 frui
328 5309 595 5379 promissa
621 5306 950 5361 beatitudine
972 5305 1238 5359 festinant.
1269 5304 1360 5360 Sic
1379 5313 1433 5359 et
1458 5304 1510 5358 in
1538 5303 1787 5359 herilibus

216 5400 461 5468 parvulis.
490 5396 568 5451 Illi
604 5398 745 5452 enim
774 5411 917 5466 smpe
940 5394 1177 5453 crustula
1204 5402 1597 5463 exspectantes,
1626 5408 1791 5464 appo-

216 5492 341 5545 situs
386 5490 537 5545 cibos
581 5504 688 5543 non
718 5496 956 5558 tangunt,
989 5486 1386 5557 appetitumque
1420 5485 1690 5554 cohibent,
1738 5496 1797 5541 ut

216 5593 515 5656 exspectata
561 5580 844 5636 dulcedine
883 5588 1209 5634 saturentur.
1261 5578 1580 5647 Agnoscent.
1613 5585 1792 5632 autem

220 5674 311 5730 bos
336 5688 636 5740 sermones,
668 5673 756 5743 qni
788 5670 976 5726 iisdem
1006 5669 1244 5741 vestigiis
1274 5671 1394 5724 vitm
1434 5669 1687 5740 spiritalis
1714 5670 1794 5723 in—

220 5767 421 5821 sistunt.
463 5764 677 5818 Verbum
708 5763 849 5819 enim
874 5762 1078 5832 sapiens
1102 5762 1145 5816 si
1173 5762 1391 5815 audierit
1417 5763 1571 5835 scius,
1608 5762 1792 5819 lauda-

224 5858 283 5913 bit
303 5860 447 5930 illud,
484 5867 526 5913 et
552 5857 621 5911 ad
641 5874 693 5913 se
721 5856 923 5925 adjiciet
953 5853 1132 5926 (Eccli.
1161 5852 1247 5908 21.
1280 5852 1385 5925 18).

1952 577 2082 634 Car.
2122 594 2269 633 xvm.
2293 610 2364 622 -—
2386 580 2532 638 Duc.
2562 583 2874 646 Consolatus
2899 604 2958 646 es
3001 608 3125 661 me,
3162 601 3467 657 venerande

1874 667 2057 735 Pater,
2073 670 2162 739 qui
2182 670 2311 735 mihi
2331 681 2575 729 accurate
2592 680 2910 748 narraveris,
2926 683 3173 741 eteadem
3190 702 3308 757 qua
3330 690 3465 746 fama

1880 757 2213 851 vulgaverat,
2231 763 2395 832 gratia
2411 765 2636 834 quadam
2658 768 2947 827 condieris.
2974 772 3088 831 lloc
3116 787 3293 834 autem
3320 780 3465 851 dico,

1881 849 2011 945 nihil
2040 854 2189 945 interi
2220 853 2473 913 Ecclesia:
2500 858 2734 918 futurum
2778 858 2943 923 fuisse
2966 867 3161 925 victum
3185 872 3421 945 episcopi

1880 941 1923 997 si
1954 943 2023 998 ab
2049 942 2285 1035 Ecclesia
2309 963 2429 1003 eum
2462 954 2753 1023 accepisset
2787 954 2972 1013 beatus
3000 959 3232 1018 Joannes
3250 1004 3267 1031 ,
3291 941 3475 1035 justi,

1879 1046 1999 1087 eum
2024 1035 2115 1104 qui
2140 1034 2269 1091 dicit
2300 1055 2314 1092 :
2348 1036 2545 1111 Dignus
2581 1041 2725 1097 enim
2770 1053 2843 1099 est
2887 1051 3150 1116 operarius
3202 1034 3313 1111 cibo
3371 1072 3470 1111 suo

1886 1127 2118 1200 (Matth.
2164 1131 2248 1186 lli.
2303 1134 2408 1200 10;
2460 1136 2483 1189 1
2520 1134 2660 1190 Tim.
2694 1135 2748 1191 5.
2791 1136 2907 1207 l8);
2947 1144 3001 1193 et
3058 1150 3296 1194 rursus:
3344 1140 3477 1206 Qufs

1880 1221 2048 1288 pascit
2077 1226 2305 1293 gregem,
2326 1235 2374 1278 et
2412 1225 2477 1280 de
2515 1225 2649 1280 lacte
2671 1228 2844 1297 gregis
2866 1244 2969 1281 non
3000 1210 3287 1284 utantlucat
3306 1234 3333 1287 7
3357 1235 3476 1302 quis

1881 1310 2088 1377 plantat
2103 1314 2327 1379 vineam,
2348 1314 2476 1371 etde
2492 1317 2671 1386 fructu
2688 1318 2801 1387 ejus
2822 1335 2923 1372 non
2942 1318 3090 1375 edit?
3111 1322 3155 1391 (I
3187 1320 3315 1380 Cor.
3338 1322 3393 1378 9.
3420 1327 3471 1393 7)

1880 1397 2077 1456 Nonne
2096 1402 2230 1469 haec,
2247 1413 2301 1459 et
2323 1406 2490 1459 multa
2507 1407 2609 1461 alia
2634 1408 2933 1477 Scriptura:
2946 1410 3112 1465 sunt?
3137 1410 3313 1467 Emsc.
3334 1414 3473 1469 Con-

1881 1505 2015 1560 grue
2036 1493 2329 1562 quidemet
2343 1498 2623 1569 sapienter
2639 1500 2858 1555 locutus
2882 1517 2963 1568 es,
2989 1517 3022 1555 ο
3042 1501 3331 1560 Theodore
3354 1524 3365 1560 :
3392 1505 3475 1560 di.-

1880 1576 1985 1632 ctis
2007 1586 2187 1634 autem
2209 1583 2388 1637 verbis
2403 1583 2540 1640 adde
2562 1593 2613 1639 et
2639 1590 2952 1658 sequentia.
2970 1590 3107 1645 Cum
3130 1594 3277 1647 enim
3309 1610 3467 1650 sacra

1879 1666 1967 1723 lex
1992 1671 2194 1726 tribuat
2224 1671 2562 1741 facultatem,
2596 1687 2655 1733 ut
2681 1681 2771 1750 qui
2796 1696 2954 1737 sacra
2988 1683 3219 1751 faciunt,
3258 1704 3379 1757 quae
3401 1688 3469 1744 de

1878 1760 2125 1816 sacrario
2142 1764 2743 1837 suntedant,majorum
2760 1770 3032 1828 bonorum
3051 1774 3245 1830 avidus
3266 1775 3468 1833 Paulus

1881 1844 2006 1943 quid
2031 1844 2363 1943 additib'on
2394 1866 2511 1907 usus
2537 1870 2651 1908 sum
2694 1857 2789 1910 hac
2810 1869 3054 1927 potestate
3085 1863 3204 1936 (Jb.
3237 1880 3288 1921 υ.
3325 1868 3389 1924 12
3412 1872 3479 1943 ),

1882 1935 2344 2031 incorporalihus,
2376 1952 2434 1997 ut
2458 1945 2732 2017 Evangelii
2766 1950 3033 2023 particeps
3062 1935 3181 2011 liam
3225 1958 3276 2013 in
3308 1935 3464 2031 spici:

1883 2026 2076 2117 talibus
2100 2067 2116 2095 ,
2158 2044 2227 2085 ne
2249 2030 2626 2089 offendiculum
2654 2051 2827 2094 essem
2864 2040 3087 2099 infirmis
3108 2088 3121 2111 ,
3150 2047 3297 2117 juxta
3338 2026 3470 2107 eum

1880 2114 1977 2207 qui
1994 2114 2151 2207 dicit:
2186 2118 2248 2173 Si
2275 2120 2407 2175 enim
2430 2124 2540 2193 quis
2582 2126 2762 2181 uiderit
2790 2138 2857 2194 te,
2889 2134 2975 2202 qui
3002 2114 3162 2190 habes
3184 2139 3464 2207 scientiam,

1882 2204 1935 2300 in
1957 2206 2272 2300 inﬁrmitate
2291 2212 2562 2283 jacentem,
2590 2233 2757 2274 nonne
2797 2224 3101 2279 conscientia
3127 2229 3258 2299 ejus,
3297 2232 3385 2300 qui
3405 2204 3471 2286 sit

1882 2295 2533 2391 inﬁrmitatem/“imbitur
2576 2307 2645 2361 ad
2676 2309 2988 2367 imitandum
3037 2295 3245 2371 inﬁrma
3294 2295 3467 2391 Ibid.

1883 2387 1937 2443 8.
1972 2388 2129 2460 10)?
2160 2388 2213 2446 Si
2256 2395 2397 2448 enim
2445 2410 2531 2451 res
2570 2395 2623 2452 in
2667 2400 2818 2455 nobis
2856 2403 3145 2474 sisterent,
3191 2387 3477 2481 nullusque

1882 2489 2004 2548 post
2043 2495 2141 2536 nos
2186 2483 2252 2537 ad
2282 2486 2459 2554 populi
2485 2502 2668 2543 curam
2707 2504 3054 2551 successurus
3084 2496 3257 2566 foret,
3288 2500 3475 2558 dicere

1884 2569 2067 2626 liceret
2094 2577 2335 2643 peccaati
2364 2595 2376 2632 :
2408 2576 2661 2637 Vivamus
2684 2621 2699 2647 ,
2728 2593 2789 2637 ut
2816 2585 3021 2654 placet,
3051 2598 3106 2643 et
3130 2592 3472 2651 saecularibus

1896 2661 2057 2715 rebus
2083 2664 2468 2735 indulgeamus.
2496 2669 2759 2736 Quoniam
2788 2682 2966 2730 autem
2995 2678 3083 2747 qui
3117 2690 3236 2749 post
3262 2698 3359 2739 nos
3390 2684 3471 2739 fu-

1886 2752 1988 2805 turi
2017 2761 2163 2818 sunt,
2191 2755 2344 2811 nobis
2374 2766 2431 2812 ut
2466 2761 2737 2830 magistris
2764 2773 3000 2835 utentur,
3038 2768 3208 2841 legem
3231 2783 3473 2831 nostram

1884 2843 2393 2900 etconsuctudiuem
2424 2848 2524 2904 sibi
2564 2864 2924 2921 proponentes
2961 2876 2975 2913 :
3026 2876 3131 2915 non
3163 2864 3318 2919 nobis
3343 2866 3473 2935 ipsis

1885 2939 2087 2984 tantum
2115 2934 2292 2990 vivere
2319 2953 2536 2995 necesse
2559 2951 2662 3009 est,
2688 2944 2861 3002 sed’ei
2886 2950 2975 3018 qui
3009 2966 3105 3021 pro
3135 2954 3289 3011 nobis
3320 2934 3466 3014 mor-

1886 3028 2009 3075 tuus
2045 3031 2129 3077 est
2159 3034 2212 3078 et
2242 3031 2564 3098 resurrexit,
2589 3040 2749 3103 atque
2782 3040 2963 3108 populi
2992 3042 3351 3105 inﬁrmitatem
3381 3064 3473 3104 ro-

1886 3110 2136 3209 borantes
2158 3118 2405 3187 exemplo
2431 3131 2612 3178 nostro
2632 3124 2696 3178 ad
2717 3133 3182 3198 temperantiorem
3210 3147 3265 3191 et
3294 3134 3472 3209 fruga-

1887 3203 2072 3258 liorem
2114 3206 2273 3260 vitam
2300 3209 2584 3279 adducere,
2607 3229 2708 3270 nos
2739 3215 2882 3286 ipsos
2907 3224 3258 3292 corripientes
3278 3269 3292 3293 ,
3320 3203 3469 3297 juxta

1887 3310 2010 3350 eum
2055 3298 2146 3367 qui
2195 3300 2353 3356 dicit:
2383 3301 2511 3369 Quis
2558 3316 2629 3361 est
2672 3308 2822 3363 homo
2858 3312 2945 3381 qui
2986 3314 3125 3369 timet
3152 3314 3475 3375 Dominum!

1891 3388 2052 3483 legem
2092 3400 2274 3445 statuet
2320 3394 2367 3447 ei
2395 3395 2447 3449 in
2484 3396 2588 3463 via,
2616 3414 2767 3467 quant
2808 3402 2955 3473 elegit
2992 3404 3184 3474 (Psul.
3225 3409 3315 3463 24.
3351 3410 3472 3483 12).

1887 3478 2019 3533 Nam
2050 3483 2348 3539 temerariis
2366 3484 2579 3554 quidem
2610 3497 2664 3543 et
2690 3490 3082 3549 miserabilibus
3105 3478 3474 3567 imprudenter

1888 3572 2232 3639 peccantibus
2276 3575 2447 3646 legem
2491 3579 2638 3647 ponit
2675 3580 2961 3648 Dominus.
3009 3589 3159 3657 quasi
3203 3591 3476 3651 servitutis

1890 3663 2131 3731 Spiritum
2158 3668 2480 3735 amantibus,
2503 3669 2652 3738 juxta
2682 3674 3011 3743 psalmistam
3033 3680 3287 3737 Davidem
3318 3702 3332 3738 :
3374 3683 3474 3741 Le-

1890 3769 2012 3854 gem.
2044 3754 2183 3809 dabit
2238 3755 2485 3814 Dominus
2524 3761 2926 3834 delinquentibus
2969 3771 3021 3825 in
3064 3774 3149 3826 via
3186 3774 3347 3842 (Ibid.
3376 3777 3471 3846 8):

1892 3853 2072 3913 puniet
2097 3856 2273 3900 autem
2299 3856 2742 3921 transgressores.
2780 3856 2972 3914 \‘erum
2999 3861 3175 3930 justus
3195 3882 3473 3925 mensuras

1889 3936 2100 3992 servilis
2129 3938 2259 4008 legis
2283 3956 2694 4014 supergressus,
2721 3950 2843 4018 quia
2875 3951 3044 4024 diligit
3072 3956 3374 4025 Dominum,
3405 3963 3477 4017 ad

1892 4025 2240 4084 hereditatem
2268 4030 2571 4101 adoptionis
2598 4034 2856 4094 festinans
2878 4081 2893 4107 ,
2930 4043 3029 4098 sibi
3063 4044 3162 4115 ipsi
3203 4047 3479 4117 lcgislator

1890 4125 2007 4171 est:
2034 4120 2207 4188 qualis
2245 4131 2360 4176 erat
2383 4121 2514 4189 Job,
2555 4125 2644 4195 qui
2669 4126 2898 4185 faciebat
2940 4132 3098 4189 simul
3129 4146 3183 4191 et
3224 4136 3475 4197 diccbat:

1895 4204 2080 4278 Pepigi
2097 4209 2263 4279 {trdus
2292 4229 2405 4265 cum
2433 4215 2593 4269 oculis
2622 4218 2763 4284 meis,
2802 4228 2851 4273 et
2891 4237 2991 4276 non
3018 4225 3247 4295 cogitabo
3287 4229 3350 4283 de
3379 4231 3481 4285 uir-

1892 4299 2007 4369 gine
2058 4298 2189 4371 (Job
2230 4302 2454 4375 51.1).
2500 4305 2779 4374 Quodnam
2819 4321 2999 4368 autem
3043 4325 3159 4371 erat
3201 4318 3331 4374 illud
3376 4321 3479 4377 fte-

1892 4390 2013 4456 dus,
2042 4407 2156 4457 eos,
2180 4394 2268 4463 qui
2300 4395 2582 4452 inordinati
2604 4408 2803 4468 essent,
2833 4402 2898 4458 ad
2920 4406 3289 4464 castimoniam
3314 4412 3483 4469 abdu-

1892 4482 2061 4537 cere?
2086 4483 2343 4539 Similiter
2367 4485 2496 4541 dicit
2520 4485 2715 4544 David:
2743 4491 2943 4559 Juravi,
2976 4505 3023 4549 et
3050 4499 3204 4551 statui
3224 4502 3482 4558 custodire

1886 4572 2085 4642 judicia
2116 4574 2335 4643 justitiw
2370 4586 2470 4631 tua:
2496 4576 2681 4650 (Psal.
2722 4581 2849 4637 118.
2895 4584 3071 4655 l06);
3108 4603 3227 4643 cum
3277 4605 3478 4663 auceps

1895 4672 1948 4717 et
1973 4662 2192 4718 dubium
2234 4667 2428 4721 mentis
2456 4669 2790 4739 propositum
2822 4672 3130 4743 juramento
3166 4662 3480 4737 adstrinxis‘-

1896 4762 1997 4808 set.
2029 4754 2265 4823 Quorum
2304 4767 2510 4827 patrum
2539 4760 2775 4817 imitator
2808 4761 3044 4822 Joannes
3065 4809 3080 4833 ,
3131 4779 3191 4823 ut
3214 4770 3483 4842 legitimus

1894 4844 2038 4936 illius
2060 4886 2076 4912 ,
2104 4862 2210 4902 non
2239 4859 2415 4903 autem
2444 4852 2657 4920 spurius
2682 4895 2697 4920 ,
2725 4863 3116 4924 putresccntcm
3143 4864 3303 4919 variis
3325 4869 3477 4936 cupi-

1893 4934 2146 4991 ditatibus
2190 4936 2464 4993 hominum
2530 4955 2745 5012 gregem
2810 4960 3002 5004 sanare
3050 4948 3363 5008 desiderans
3395 4934 3481 5012 ad

1896 5026 2095 5083 arctius
2135 5028 2255 5107 vita:
2296 5044 2485 5100 genus.
2516 5034 2597 5088 sui
2630 5035 2795 5105 judex
2825 5047 2879 5093 ct
2908 5040 3179 5110 lcgislator
3206 5045 3319 5112 fuit,
3350 5061 3482 5103 eon-

1894 5117 2058 5173 stanti
2090 5123 2363 5190 proposito
2391 5137 2451 5179 se
2491 5125 2773 5195 roborans,
2814 5144 2844 5183 a
2872 5134 3130 5189 conviviis
3170 5145 3226 5191 et
3249 5154 3484 5196 conven-

1897 5210 2038 5265 tibus
2085 5210 2376 5268 facetorum
2402 5257 2417 5282 ,
2447 5216 2788 5274 ridiculorum
2815 5261 2829 5287 ,
2855 5236 3156 5281 scurrarum
3188 5230 3445 5286 recedens
3466 5275 3484 5295 ,

1898 5304 2093 5358 mentis
2141 5321 2252 5360 sua:
2291 5308 2503 5362 oculum
2548 5311 2770 5380 spiritali
2797 5322 3064 5369 armatura
3096 5320 3373 5386 muniens,
3412 5339 3479 5378 ne

1902 5410 1996 5463 per
2041 5397 2227 5467 epulas
2273 5408 2327 5453 et
2387 5401 2789 5470 intempestivos
2852 5419 3128 5462 sermones
3186 5411 3487 5480 ingressum

1897 5494 2051 5539 nacta
2084 5486 2326 5541 vecordia
2352 5528 2367 5553 ,
2399 5490 2769 5546 castimoniam
2798 5493 3023 5562 deleret,
3052 5497 3202 5566 juxta
3241 5515 3364 5556 eum
3395 5504 3491 5570 qui

1901 5576 2060 5631 dicit:
2090 5577 2430 5649 Corrumpmtt
2456 5583 2608 5637 bonos
2634 5601 2794 5639 mores
2819 5586 3068 5657 colloquia
3095 5606 3252 5660 praua
3271 5592 3485 5659 (l.Cor.

1903 5669 1993 5725 15.
2022 5668 2145 5742 55).
2179 5671 2303 5727 Ideo
2326 5672 2531 5728 insidiis
2554 5677 2820 5745 appetitus
2840 5688 2954 5734 est:
2986 5682 3163 5751 gravis
3190 5685 3332 5740 enim
3360 5688 3488 5757 Ipsis

1904 5770 2037 5828 erat,
2067 5762 2157 5833 qui
2184 5763 2405 5831 luceret,
2440 5776 2497 5820 ut
2523 5766 2735 5822 lucerna
2764 5768 3104 5840 lippientibus
3131 5775 3318 5829 oculis.
3345 5777 3487 5834 Talis

1912 5861 2026 5911 erat
2056 5854 2366 5913 misericors
2392 5856 2671 5929 .‘crcmias,
2703 5862 2791 5931 qui
2822 5861 3120 5933 principum
3151 5875 3203 5919 et
3241 5870 3484 5924 sacerdo-
