4264 6306
741 398 807 451 65
1979 375 2297 433 P.\i.l..\l)ll
2339 370 2672 429 DI.\!.Ot'.US

742 517 848 559 tum
874 504 1291 559 incredulitatem
1324 500 1571 571 iacrymis
1611 496 1869 566 deplorat,
1901 504 1949 547 et
1981 492 2157 545 addit:
2191 491 2314 554 Quis

742 598 876 650 dabit
907 597 1054 664 capiti
1080 611 1183 647 meo
1211 610 1411 661 aquam,
1438 601 1586 655 atque
1612 587 1771 642 oculis
1798 587 1916 639 meis
1938 589 2121 655 fontem
2152 583 2316 650 lacry-

742 690 968 741 marum?
992 696 1037 740 et
1068 686 1272 753 plorabo
1294 682 1372 735 die
1402 698 1458 734 ac
1482 692 1621 733 nocte
1643 680 1883 749 populum
1904 694 2012 730 mea
2023 692 2089 727 tn:
2112 689 2312 737 rursus,

746 778 872 844 Quis
901 777 1038 829 dabit
1071 777 1190 829 mihi
1212 777 1260 827 in
1289 772 1561 827 solitudine
1582 770 1906 822 diversorium
1947 766 2178 819 ultimum
2203 763 2227 817 ?
2272 773 2317 817 et

745 869 1090 945 derglinquam
1131 867 1374 937 pepulum
1415 884 1618 929 meum,
1663 873 1708 917 et
1734 861 1959 915 recedam
1988 859 2049 912 ab
2084 860 2173 925 eis,
2204 857 2318 924 quia

745 975 915 1013 crimes
952 959 1166 1011 adulteri
1204 965 1317 1010 sunt
1348 955 1485 1028 (Jer.
1523 956 1578 1010 9.
1612 956 1664 1013 l.
1690 954 1725 1007 Ξ
1748 953 1802 1024 );
1848 960 2043 1005 cretum
2073 947 2321 1017 priovari-

745 1060 983 1104 catorum
1004 1056 1322 1101 conventum
1349 1046 1629 1098 nominans
1659 1043 1906 1096 falsorum
1938 1038 2315 1108 prophetarum

746 1155 808 1194 ac
827 1138 1189 1200 sacerdotum;
1226 1139 1360 1192 sicut
1384 1136 1508 1191 alibi
1531 1136 1693 1189 Deum
1724 1133 2023 1199 alloquitur,
2053 1146 2156 1184 non
2181 1126 2321 1198 quod

751 1228 839 1282 ille
867 1229 1113 1297 ignoret,
1159 1224 1252 1281 sed
1302 1227 1436 1280 sicut
1470 1239 1567 1288 nos
1595 1238 1714 1277 eum
1758 1222 1949 1274 imitari
1997 1219 2318 1273 debeamus:

749 1315 981 1381 Domine,
1010 1320 1051 1371 si
1082 1318 1188 1372 sedi
1227 1318 1278 1369 in
1307 1316 1518 1368 concilio
1548 1313 1847 1377 ludentium,
1880 1310 1968 1363 sed
2006 1307 2259 1363 reverebar
2291 1324 2323 1358 a

749 1409 883 1477 facie
906 1417 1026 1462 tua:
1052 1409 1189 1461 solus
1221 1406 1449 1460 sedebam
1469 1448 1483 1471 ,
1514 1404 1749 1472 quoniam
1797 1401 2131 1454 amaritudine
2159 1398 2322 1467 reple-

760 1509 839 1551 tas
868 1516 975 1552 sum
1023 1497 1171 1568 (Jer.
1220 1497 1302 1551 15.
1362 1494 1479 1567 l7).
1524 1496 1766 1549 Consoua
1817 1495 1895 1547 cis
1942 1492 2098 1545 ctiaut
2162 1489 2323 1542 David

757 1589 1020 1658 loquitur:
1049 1587 1171 1642 Non
1193 1588 1298 1641 sedi
1315 1604 1427 1639 cum
1448 1586 1657 1653 concilio
1685 1584 1933 1644 vortitatis,
1957 1593 2001 1635 et
2024 1599 2135 1633 cum
2156 1583 2327 1649 iniqua

749 1678 1030 1749 gemitibus
1083 1694 1183 1730 non
1226 1677 1463 1730 introibo.
1506 1677 1657 1744 Quod
1705 1675 1974 1743 explicans
2014 1673 2189 1726 addit:
2223 1672 2322 1725 0.!i

749 1768 1006 1822 ecclesiam
1032 1768 1432 1835 malignantium,
1461 1776 1505 1818 et
1531 1783 1641 1819 cunt
1668 1766 1834 1834 impiis
1877 1782 1976 1818 non
2002 1763 2179 1817 sedebo
2203 1779 2221 1816 :
2247 1765 2328 1817 la-

750 1857 873 1912 vab'o
908 1859 1038 1911 inter
1080 1858 1367 1910 innocentes
1397 1874 1577 1909 mamts
1616 1873 1749 1910 meas
1775 1897 1788 1917 ,
1846 1856 1945 1909 hoc
1965 1865 2045 1909 est
2069 1896 2084 1918 ,
2131 1853 2329 1907 activas

752 1946 1056 2002 facultates:
1087 1958 1130 1999 ct
1167 1948 1486 2000 circumdabo
1516 1947 1674 1999 altare
1694 1956 1856 2011 tuum,
1888 1945 2105 1999 Domine
2146 1943 2329 2014 (Psal.

749 2040 839 2095 9.5.
886 2039 1041 2108 4-6).
1076 2039 1172 2106 Qui
1214 2049 1389 2093 autem
1434 2036 1831 2092 ntiuus‘altzu-is
1870 2053 2050 2093 curam
2094 2036 2326 2099 habent,

752 2140 805 2185 et
833 2127 880 2185 ei
910 2138 1052 2199 terga
1084 2139 1315 2193 vertunt,
1349 2146 1453 2183 non
1486 2129 1757 2197 proposi:o
1778 2171 1789 2191 ,
1822 2128 1913 2183 sed
1948 2128 2048 2181 vita
2080 2142 2193 2191 sua,
2224 2141 2331 2180 non

752 2220 923 2273 solum
962 2220 1118 2273 illatis
1169 2219 1411 2274 inanibus
1453 2228 1507 2273 ct
1543 2218 1965 2287 sanguinolentis
1991 2259 2004 2282 ,
2053 2232 2333 2271 numerum

754 2309 1039 2365 donatione
1064 2326 1123 2364 ac
1154 2311 1512 2379 perceptione,
1537 2320 1693 2378 atque
1721 2309 1864 2362 falsis
1886 2308 2333 2374 accusationibus,

757 2398 853 2453 sed
883 2400 1150 2453 lutulentis
1199 2401 1417 2467 pedibus
1448 2399 1785 2452 calcitt‘aiitcs
1808 2440 1823 2464 ,
1856 2398 1980 2451 illud
2019 2398 2355 2451 concedant-

756 2490 830 2543 De
853 2490 1041 2558 quibus
1058 2490 1296 2544 Ezechiel
1324 2491 1573 2560 propheta
1601 2490 2010 2558 prmsignitieaus
2029 2490 2098 2542 ait
2121 2488 2331 2561 (Ezeclt.

756 2578 807 2633 ll.
850 2580 1043 2645 7-17):
1091 2578 1381 2632 Introduxit
1413 2597 1489 2632 me
1515 2580 1581 2631 ad
1618 2578 1913 2632 vestibulum
1947 2579 2085 2643 atrii,
2119 2587 2165 2631 et
2209 2578 2332 2644 vidi,

755 2676 801 2720 et
820 2685 930 2722 ecce
960 2672 1187 2737 foramen
1226 2686 1379 2722 unum
1399 2670 1449 2721 in
1468 2670 1677 2739 pariete.
1710 2669 1775 2722 Et
1819 2669 1945 2722 dixit
1973 2669 2038 2720 ad
2062 2684 2172 2721 me:
2202 2667 2335 2720 I’er-

756 2744 891 2821 folle,
917 2758 993 2824 ﬁli
1017 2757 1250 2811 hominis.
1279 2757 1340 2810 Et
1361 2759 1489 2828 fodi,
1513 2773 1574 2810 ac
1604 2759 1725 2820 ridi,
1754 2768 1801 2812 et
1826 2775 1935 2811 ecce
1956 2759 2134 2811 ostium
2159 2774 2331 2811 unum.

761 2844 824 2901 Et
853 2848 982 2900 dixit
1022 2848 1089 2900 ad
1120 2864 1233 2903 me:
1264 2847 1560 2919 Ingredere,
1594 2860 1641 2902 et
1667 2849 1777 2901 vide
1799 2848 2195 2901 abontiuationes
2221 2865 2336 2918 pes-

757 2937 930 3003 simos,
962 2953 1087 3004 φίας
1106 2939 1296 3009 faciunt
1324 2939 1423 2991 hic.
1448 2937 1516 2992 Et
1540 2940 1792 3009 ingressus
1818 2956 1948 3003 sum,
1972 2949 2018 2993 et
2044 2956 2155 2992 ecce
2174 2940 2338 2992 omnis

756 3027 1033 3081 similitudo
1062 3030 1253 3097 reptilis
1279 3038 1325 3082 et
1349 3030 1563 3094 iumenti
1581 3072 1595 3094 ,
1648 3040 1693 3083 et
1725 3030 1861 3083 idola
1891 3047 2020 3083 vana
2062 3030 2331 3083 abomina-

762 3118 942 3171 tiones.
970 3118 1032 3172 Et
1053 3119 1180 3173 dixit
1203 3120 1362 3173 mihi:
1394 3118 1596 3185 Vidisti,
1621 3121 1698 3189 ﬁli
1722 3120 1960 3185 hominis,
1987 3138 2097 3189 quce
2122 3121 2340 3175 scnibres

758 3209 937 3264 domus
967 3207 1135 3265 Israel
1160 3211 1354 3279 faciunt
1384 3213 1434 3263 in
1466 3212 1703 3276 tenebris,
1732 3212 1785 3264 in
1812 3211 2075 3275 cubiculo,
2106 3221 2338 3265 tuentem

761 3300 1008 3355 innitens.
1053 3298 1178 3355 Ideo
1207 3302 1477 3356 dixerunt:
1508 3301 1627 3356 Non
1658 3302 1785 3356 ridet
1830 3318 1917 3356 nos
1952 3300 2227 3356 Dominus:
2254 3303 2337 3355 de-

760 3387 956 3456 reliquit
994 3389 1243 3443 Dominus
1263 3400 1461 3444 terram.
1500 3390 1565 3444 Et
1595 3393 1723 3445 dixit
1757 3392 1823 3445 ad
1852 3408 1930 3445 me
1954 3406 1973 3444 :
2005 3392 2182 3445 Adhuc
2208 3378 2361 3445 vide?

762 3476 836 3530 bis
861 3478 1252 3535 abominationes
1278 3482 1515 3551 majores,
1550 3499 1677 3551 quas
1726 3484 1807 3536 isti
1836 3485 2051 3552 faciunt.
2079 3482 2144 3536 Et
2174 3484 2342 3536 intro-

763 3569 906 3625 duxit
932 3587 1009 3623 me
1049 3572 1101 3625 in
1124 3573 1283 3625 alium
1324 3573 1511 3639 locum,
1557 3584 1708 3643 atque
1734 3574 1946 3627 ostendit
1978 3575 2097 3627 mihi
2117 3590 2135 3627 :
2161 3584 2207 3627 et
2232 3591 2344 3628 ecce

767 3659 833 3711 ibi
861 3662 1091 3717 mulieres
1116 3663 1371 3729 sedebant,
1406 3665 1697 3734 plangentes
1730 3664 1997 3719 'I'harnbos.
2028 3666 2093 3720 Et
2120 3682 2335 3721 rursus:

778 3750 1071 3806 Introduxit
1115 3770 1192 3806 nte
1234 3755 1284 3806 in
1312 3753 1515 3807 domum
1552 3754 1751 3807 Domini
1797 3756 2125 3809 interiorem:
2160 3767 2204 3810 et
2232 3774 2343 3810 ecce

766 3842 834 3894 ibi
865 3842 1035 3913 viginti
1076 3853 1290 3912 quatuor
1319 3844 1537 3897 seniores
1559 3884 1576 3909 ,
1604 3855 1647 3900 ct
1679 3845 2027 3915 [acieseorum
2050 3885 2066 3911 ,
2107 3856 2152 3899 rt
2191 3847 2344 3900 dorsa

766 3947 935 3989 eorum
960 3942 1137 3984 contra
1164 3932 1341 3985 altare.
1377 3931 1441 3985 Et
1472 3933 1599 3986 dixit
1628 3936 1693 3985 ad
1721 3949 1837 3988 me:
1867 3933 2125 4003 Numquid
2146 3936 2249 3990 leve
2273 3946 2346 3990 est

768 4021 861 4091 hoc
888 4020 1023 4085 quod
1042 4020 1162 4087 facit
1189 4022 1367 4075 domus
1397 4019 1601 4075 Israel?
1621 4023 1799 4077 Coacti
1833 4023 2025 4079 luimus
2047 4024 2199 4093 hitjus
2225 4042 2346 4095 pro-

767 4113 940 4187 pheta:
965 4114 1176 4180 Capituli
1202 4116 1525 4179 meminisse,
1557 4126 1768 4183 propter
1795 4116 2229 4185 impudentiores,
2255 4117 2345 4185 qui

766 4220 826 4259 se
852 4220 970 4260 esse
995 4206 1191 4275 aliquid
1218 4215 1422 4274 putant,
1447 4216 1496 4260 et
1525 4207 1728 4274 seipsos
1748 4206 2072 4273 dementant,
2102 4224 2164 4263 ac
2183 4209 2347 4263 eccle-

767 4296 1033 4350 siasticam
1076 4312 1257 4364 pacem
1300 4297 1644 4365 perturbant:
1677 4313 1742 4351 eo
1790 4298 1929 4366 quod
1963 4309 2105 4367 terga
2138 4309 2346 4355 vertunt

771 4401 971 4441 Incusat
995 4387 1222 4451 Domini,
1250 4386 1441 4449 Quibus
1461 4387 1718 4455 judicium
1739 4404 1838 4440 non
1862 4399 2045 4453 cessat,
2067 4398 2114 4441 et
2137 4390 2348 4457 perditio

770 4492 940 4531 eorum
981 4492 1080 4529 non
1119 4474 1354 4527 dormitat
1400 4474 1473 4545 (2
1547 4474 1690 4530 Petr.
1744 4475 1795 4529 ‘2.
1830 4478 1897 4545 5)
1942 4493 1958 4530 :
2002 4478 2090 4545 qui
2141 4491 2347 4532 terrena

771 4571 1003 4637 sapiunt,
1031 4568 1097 4620 de
1123 4568 1313 4636 quibus
1341 4566 1527 4632 Iudas,
1556 4567 1715 4621 frater
1742 4566 1947 4629 Jacobi,
1975 4569 2080 4622 ait:
2113 4567 2184 4620 Ili
2208 4578 2343 4635 sunt,

773 4660 856 4727 qni
902 4660 953 4711 in
983 4660 1144 4727 epulis
1174 4658 1347 4711 vestris
1388 4658 1620 4721 ntaculw,
1652 4657 1964 4729 convivantes
1993 4660 2101 4712 sine
2131 4661 2307 4711 timore
2330 4700 2345 4725 ,

785 4752 1074 4817 semctipsos
1098 4760 1355 4818 pascentes
1379 4765 1396 4800 :
1427 4749 1579 4801 nubes
1625 4749 1731 4801 sine
1774 4732 1903 4817 aqua
1923 4789 1937 4813 ,
1986 4767 2097 4819 qua:
2134 4768 2163 4803 a
2194 4752 2348 4805 ventis

780 4842 1223 4911 circumferuntur:
1251 4841 1435 4908 [luctas
1464 4840 1558 4909 [eri
1604 4840 1781 4904 maris,
1829 4841 2182 4910 despuntantes
2230 4860 2350 4897 suas

776 4932 1092 5001 conjusiones
1113 4945 1131 4982 :
1160 4931 1327 4983 sidera
1368 4932 1611 4990 errantia,
1640 4931 1818 4995 quibus
1848 4930 2010 4999 caligo
2040 4933 2352 4985 tenebrarum

776 5008 969 5075 servata
989 5031 1059 5075 est
1088 5022 1141 5074 in
1167 5031 1406 5074 retentum
1454 5018 1627 5091 (Iuda:
1656 5035 1703 5073 υ.
1736 5020 1819 5074 12.
1854 5020 1969 5091 13).
1996 5020 2128 5076 Cum
2174 5033 2349 5076 autem

778 5115 931 5169 nubes
977 5115 1082 5167 sine
1115 5128 1244 5182 aqua
1287 5114 1491 5167 vocarit
1517 5154 1532 5178 ,
1585 5114 1773 5167 malum
1803 5128 1988 5167 eorum
2041 5116 2354 5183 signiﬁcavit

777 5208 1110 5279 grandinem,
1138 5208 1305 5260 vincte
1335 5206 1721 5259 adrisrsariain:
1753 5222 1870 5259 cum
1902 5208 2129 5260 errantia
2158 5210 2347 5272 sidera,

781 5301 995 5354 insidias
1022 5302 1173 5353 navis
1198 5299 1516 5367 designavit:
1550 5316 1664 5366 qua:
1693 5298 1905 5365 quidem
1940 5300 2089 5351 navis
2116 5311 2169 5353 et
2200 5300 2351 5354 vinea

781 5392 1014 5447 Ecclesia
1040 5401 1140 5445 est.
1172 5392 1422 5457 Quantam
1466 5401 1641 5442 autem
1689 5389 1775 5442 illa
1806 5401 1927 5441 sunt
1948 5429 1963 5453 ,
1994 5404 2113 5458 quae
2141 5391 2259 5444 talia
2287 5406 2351 5445 ex

779 5484 1095 5538 necessitate
1119 5481 1545 5550 subsequentur?
1584 5480 1719 5533 Audi
1752 5495 1935 5533 rursus
1972 5482 2215 5535 eumdem
2240 5498 2353 5551 pro-

784 5579 993 5646 phetam
1036 5574 1367 5629 Ezeeltielcm
1399 5581 1739 5626 narrantem:
1775 5571 1839 5623 Et
1870 5573 2084 5625 ostendit
2126 5574 2268 5640 mihi,
2302 5584 2347 5627 et

780 5684 891 5725 ecce
915 5670 1005 5723 ιοὲνὶ
1034 5667 1286 5723 reniebant
1315 5666 1377 5719 de
1402 5666 1477 5718 tria
1509 5674 1668 5734 porta:
1693 5664 1986 5731 superioris,
2020 5680 2133 5735 qua:
2154 5666 2353 5735 respicit

781 5767 842 5820 ad
884 5761 1195 5832 Aquilonem,
1239 5768 1283 5811 et
1310 5757 1698 5826 uniuscujusque
1723 5756 1908 5811 securis
1949 5755 1998 5808 in
2031 5772 2184 5810 manu
2224 5758 2348 5827 ejus.
2383 5804 2387 5808 .

3937 358 4015 416 αι

2430 485 2516 540 Υἱν
2541 501 2730 555 quoque
2754 501 2879 537 unus
2902 486 2951 537 in
2980 483 3141 536 medio
3171 499 3342 535 eorum
3369 481 3568 535 vestitus
3599 481 3768 545 talari,
3798 495 3845 533 et
3875 497 4012 535 zona

2421 577 2650 646 sapphiri
2678 576 2729 629 in
2759 574 2956 628 renibus
2984 575 3112 644 ejus.
3161 572 3223 625 Et
3252 574 3463 643 ingrcssi
3493 582 3609 625 sunt
3634 613 3647 636 ,
3676 581 3720 623 et
3761 581 4010 625 steterunt

2413 671 2567 739 juxta
2593 671 2753 721 altare
2778 684 2985 721 an'eum:
3015 677 3060 719 et
3087 666 3249 736 gloria
3275 664 3482 717 Domini
3509 664 3671 720 Israel
3696 666 3919 717 asl‘cndit
3946 666 4015 718 de

2427 758 2690 812 liherubim
2711 799 2724 823 ,
2769 774 2881 828 qtae
2904 766 3009 810 erat
3037 758 3087 808 in
3116 757 3239 824 ipsis
3268 754 3336 808 ad
3364 755 3551 808 atrium
3581 756 3779 808 domus.
3813 754 3874 807 Et
3905 770 3999 808 vo—

2423 852 2552 905 cavit
2579 853 2739 904 virum
2768 850 2853 920 qui
2882 851 3088 903 indutus
3118 858 3223 902 erat
3252 848 3421 913 talari,
3452 848 3537 917 qui
3558 848 3765 900 habebat
3793 849 3848 901 in
3870 847 4013 899 lant-

2426 942 2499 995 bis
2521 943 2627 994 suis
2652 958 2850 993 zonam.
2886 939 2951 993 Et
2983 941 3108 993 dixit
3142 938 3386 991 Dominus
3416 938 3483 990 ad
3502 955 3617 991 eum
3648 954 3666 990 :
3691 938 3872 991 Transi
3921 955 4016 1006 per

2425 1034 2639 1086 mediam
2664 1032 2910 1085 civitatem
2935 1027 3240 1093 Ierusalem,
3265 1041 3308 1081 et
3335 1029 3400 1081 da
3424 1030 3621 1099 signum
3640 1045 3792 1097 super
3813 1028 4011 1096 frontes

2426 1123 2648 1177 virorum
2679 1120 2979 1191 gementium
3024 1128 3071 1172 et
3099 1119 3374 1173 dolentium
3414 1136 3565 1187 super
3594 1120 3785 1171 cunctis
3812 1119 4013 1171 abomi-

2428 1213 2732 1277 nationibus,
2764 1227 2877 1281 qua:
2919 1212 3049 1280 fiunt
3086 1212 3138 1263 in
3181 1210 3342 1263 medio
3373 1217 3577 1264 caritan
3610 1210 3673 1263 Et
3703 1210 3805 1263 illis
3841 1210 4014 1275 dixit,

2428 1319 2521 1357 sex
2554 1304 2659 1357 illis
2686 1304 2910 1367 scilicet,
2943 1304 3030 1372 qui
3067 1302 3332 1357 habebant
3356 1316 3571 1355 secures
3593 1342 3605 1364 ,
3633 1302 3880 1354 Audiente
3906 1317 4009 1365 me,

2429 1394 2509 1449 Ite
2534 1398 2584 1450 in
2611 1398 2857 1448 civitatem
2881 1435 2895 1459 ,
2931 1403 3191 1465 sequentes
3232 1410 3344 1447 eum
3370 1435 3384 1458 ,
3434 1394 3679 1447 videlicet
3710 1409 3830 1446 cum
3856 1433 3871 1455 ,
3921 1394 4015 1461 qui

2430 1488 2579 1556 signa
2612 1487 2786 1555 posuit
2810 1502 2973 1555 super
3006 1485 3244 1547 frontes;
3276 1494 3321 1537 et
3349 1476 3608 1551 percutite,
3653 1493 3699 1537 et
3725 1500 3785 1537 ne
3822 1486 4021 1554 parcite

2430 1578 2804 1641 oculis'vestris,
2852 1593 3007 1646 neque
3035 1562 3405 1630 misereamini:
3435 1592 3620 1639 senem,
3652 1573 4012 1629 adolescentu-

2433 1667 2535 1720 lum
2556 1709 2570 1731 ,
2608 1669 2871 1737 virginem,
2900 1666 3159 1736 parvulos,
3209 1676 3256 1719 et
3297 1666 3530 1719 mulieris
3560 1665 3823 1733 interficite
3855 1680 4018 1733 usque

2432 1760 2500 1813 ad
2528 1761 2935 1814 internecionem.
2969 1761 3049 1812 Ad
3078 1774 3249 1832 onmcs
3284 1768 3472 1821 autent,
3520 1774 3671 1827 super
3694 1772 3815 1826 quos
3844 1765 3913 1809 cst
3940 1756 4045 1809 δίον

2433 1871 2609 1926 guunt,
2640 1871 2703 1908 ne
2728 1853 2967 1919 accedite,
2996 1861 3042 1906 et
3066 1869 3098 1904 a
3124 1850 3309 1905 sanctis
3336 1852 3456 1903 meis
3485 1850 3707 1918 incipite.
3747 1848 4031 1916 Carpe-runt.

2434 1964 2550 2016 ergo
2598 1963 2628 1998 a
2672 1946 2789 1998 viris
2836 1943 3147 2005 senioribus,
3197 1942 3283 1999 qui
3329 1951 3469 1994 erant
3502 1945 3553 1994 in
3604 1940 3753 1993 domo
3807 1937 4023 1991 Domini

2436 2036 2646 2110 (liscch.
2693 2036 2745 2089 9.
2781 2035 2932 2105 1-6).
2964 2033 3018 2088 Si
3046 2033 3163 2103 quis
3206 2042 3383 2087 autem
3413 2039 3558 2101 putet
3589 2032 3701 2085 lucc
3726 2030 3791 2085 de
3819 2029 4025 2084 Iuda-is

2439 2139 2638 2183 tantum
2663 2127 2900 2197 prmdici,
2934 2127 2976 2179 is
3000 2124 3301 2180 Serratoris
3327 2123 3613 2178 adventum
3640 2122 3847 2176 videtur
3869 2121 4029 2190 igno-

2444 2235 2561 2273 rare
2588 2236 2600 2272 :
2627 2234 2731 2272 non
2760 2218 2901 2272 enim
2931 2226 3052 2269 ante
3092 2214 3451 2284 captix'itatcm
3476 2212 3775 2267 sacerdotio
3811 2211 4029 2265 iunctus

2437 2319 2519 2362 est
2550 2306 2818 2361 Ezechiel.
2847 2305 3033 2359 Adhuc
3053 2305 3193 2357 enim
3230 2320 3359 2373 puer
3397 2302 3682 2356 admodum
3728 2316 3850 2355 cum
3877 2300 4022 2355 tribu

2437 2398 2563 2453 Levi
2591 2399 2641 2451 iu
2670 2396 3027 2465 captivitatem
3056 2393 3314 2448 abductus
3345 2405 3464 2457 est;
3502 2409 3595 2463 per
3619 2391 3711 2446 Dei
3736 2392 4024 2461 dispensa-

2440 2491 2635 2544 tionem
2654 2489 2923 2558 trigesimo
2948 2502 3089 2539 anno
3115 2486 3316 2540 visione
3338 2484 3630 2537 futurorum
3652 2482 3841 2552 dignus
3868 2481 4028 2535 habio

2442 2589 2523 2634 tus
2552 2590 2631 2634 est
2654 2622 2667 2643 ,
2710 2578 2961 2632 sacerdos
2989 2579 3039 2630 in
3067 2578 3177 2646 ipsa
3208 2576 3539 2645 captivitate,
3573 2586 3627 2627 ut
3660 2574 3772 2644 ip~c
3798 2583 3977 2627 narrat
4002 2588 4027 2628 :

2442 2671 2508 2724 Et
2530 2676 2721 2743 factum
2751 2680 2823 2723 est
2844 2671 2892 2721 in
2918 2669 3169 2737 trigesimo
3190 2684 3345 2731 anno,
3371 2667 3420 2721 in
3447 2682 3613 2720 mense
3631 2674 3829 2735 quarto,
3851 2664 4032 2734 quinta

2440 2763 2655 2815 mensis:
2681 2769 2724 2814 et
2746 2776 2837 2830 ego
2861 2762 2997 2813 erant
3020 2759 3072 2812 in
3102 2760 3265 2812 medio
3292 2759 3595 2827 captivitatis
3621 2773 3772 2827 super
3816 2756 4035 2826 [luvium

2441 2851 2640 2909 Chobar
2666 2850 2886 2923 (Ezech.
2924 2852 2972 2905 l.
3010 2848 3109 2919 l):
3143 2857 3197 2903 et
3226 2862 3409 2902 rursus
3439 2848 3595 2916 paulo
3637 2855 3788 2915 post:
3836 2843 4035 2900 Factus

2442 2950 2513 2995 cst
2539 2958 2698 2996 sermo
2718 2940 2924 2992 Domini
2951 2940 3019 2991 ad
3045 2938 3380 3004 Ezechielem,
3413 2938 3575 3006 ﬁlium
3604 2935 3752 2999 Iluzi,
3784 2934 4032 2989 sacerdo-

2443 3044 2539 3087 tcm
2560 3035 2613 3086 in
2633 3043 2766 3085 terra
2784 3032 3137 3086 Chaldworum
3159 3032 3226 3083 ad
3248 3032 3435 3100 ﬂumen
3452 3028 3652 3085 Chobar
3679 3021 3854 3094 (Ibid.
3873 3042 3921 3081 υ.
3943 3027 4027 3096 3).

2444 3123 2497 3179 Si
2529 3126 2648 3193 quis
2672 3132 2846 3177 autem
2879 3122 3003 3176 hinc
3033 3123 3082 3174 iu
3114 3122 3386 3189 angustias
3412 3120 3678 3181 redactus,
3706 3116 3903 3190 dixerit
3929 3130 4035 3168 no—

2444 3216 2523 3270 bis
2546 3215 2703 3269 :Cum
2725 3214 3053 3281 praecesserit
3078 3213 3344 3273 Servatur,
3375 3211 3461 3280 qui
3480 3221 3527 3265 et
3554 3209 3728 3264 crucis
3743 3209 3950 3278 signum
3978 3208 4039 3264 in

2444 3305 2615 3359 fronte
2630 3304 2788 3367 dedit,
2816 3317 2979 3372 quare
2999 3300 3275 3355 advenisse
3300 3300 3532 3355 credizus
3548 3315 3652 3352 non
3678 3307 3761 3352 est
3781 3298 4039 3352 Servatos-

2446 3398 2535 3466 qui
2572 3394 2896 3463 Vespasiano
2934 3392 3189 3446 llntuauis
3218 3391 3541 3459 imperante,
3572 3389 3770 3445 delevit
3800 3387 4039 3455 quadra-

2444 3487 2651 3556 gesimo
2677 3493 2794 3554 post
2818 3500 2957 3537 anno
2984 3498 3327 3553 synagogam,
3356 3497 3473 3549 qua:
3503 3480 3677 3549 iniqua
3702 3477 4041 3548 patrarerat?

2446 3575 2772 3643 suscepimus
2791 3574 3005 3643 quidem
3029 3573 3125 3626 ista
3149 3571 3466 3626 sentientem
3493 3609 3507 3632 ,
3542 3569 3713 3638 ipsum
3758 3576 3938 3621 autem
3972 3576 4035 3621 ut

2448 3666 2570 3721 novi
2615 3664 2939 3719 Tcstameuti
2963 3663 3127 3717 lilium
3153 3704 3168 3728 ,
3213 3676 3428 3715 oramus
3451 3701 3465 3726 ,
3499 3670 3555 3712 ut
3583 3659 3759 3717 .lidem
3808 3658 4044 3713 habeant

2448 3758 2609 3812 l‘aulo
2636 3756 2818 3810 talium
2840 3757 3113 3825 magistro,
3136 3754 3225 3823 qui
3251 3754 3317 3808 de
3338 3752 3587 3807 omnibus
3606 3751 3864 3819 ejusmodi
3888 3751 4043 3807 lilria

2447 3849 2607 3902 dicit:
2643 3846 2769 3900 Ilatc
2800 3857 2965 3899 autent
3008 3848 3059 3898 in
3090 3847 3256 3916 ﬁgura
3294 3838 3645 3912 contingebant
3670 3843 3808 3906 illis;
3848 3844 4045 3908 scripta

2448 3954 2559 3991 vero
2581 3946 2696 3991 sunt
2722 3937 2788 3989 ad
2815 3936 3179 4002 corruptionem
3209 3944 3451 3997 nostram,
3486 3934 3537 3986 in
3559 3950 3684 4001 quos
3714 3933 3840 4000 lines
3868 3949 4037 3986 sa’cu—

2426 4025 2624 4081 .lorum
2677 4024 2988 4081 dereneruut
3033 4024 3105 4097 (Ι.
3131 4024 3251 4079 Cor.
3286 4024 3372 4077 10.
3406 4022 3515 4094 ll).
3546 4023 3669 4078 llasc
3695 4031 3868 4077 autem
3895 4021 4044 4090 dico,

2450 4130 2779 4186 nequaquam
2805 4129 3116 4183 :ippreeans,
3147 4114 3427 4189 utvgladius
3451 4112 3655 4167 ferreus
3678 4114 3857 4167 veniat
3875 4126 4046 4181 super

2450 4210 2691 4263 inimicos
2724 4208 2837 4271 Dei,
2864 4207 3023 4261 absit.
3058 4202 3238 4275 Neque
3267 4208 3408 4260 enim
3437 4206 3504 4260 de
3533 4206 3708 4275 gladio
3754 4205 3930 4259 ferreo
3960 4205 4046 4260 lo-

2451 4300 2629 4368 quitur
2654 4298 2931 4367 propheta,
2955 4297 3046 4351 sed
3069 4298 3132 4349 de
3159 4298 3261 4349 alia
3294 4297 3520 4365 quadam
3541 4296 3801 4366 punitrice
3824 4295 4046 4364 virtute,

2452 4391 2519 4443 de
2546 4406 2648 4458 qua
2674 4388 2921 4442 Ezechiel
2944 4388 3098 4440 dicit:
3133 4385 3289 4440 Terra
3318 4404 3467 4457 super
3511 4404 3661 4456 quam
3700 4386 3925 4458 gladium
3954 4387 4046 4440 in-

2454 4483 2636 4535 ducant
2686 4482 2956 4552 (inducam
3003 4497 3128 4535 vero
3170 4481 3220 4533 id
3248 4489 3329 4534 est
3360 4481 3719 4550 permittant),
3767 4488 3811 4533 et
3856 4481 4048 4547 ceperit

2454 4576 2673 4644 papulas
2693 4584 2838 4626 terrte
2862 4576 3021 4627 virum
3052 4591 3227 4636 unum,
3250 4584 3295 4626 et
3324 4582 3509 4641 ponent
3532 4572 3626 4625 sibi
3652 4573 4043 4641 speculatorem,

2453 4679 2498 4721 et
2522 4670 2692 4721 riderit
2716 4666 2998 4736 speculator
3026 4665 3251 4735 gladium
3274 4666 3565 4727 venientem,
3591 4673 3637 4716 et
3658 4663 3773 4715 tuba
3798 4662 4043 4725 senuerit,

2454 4771 2500 4813 et
2527 4761 2724 4829 signum
2750 4757 2941 4811 dederit
2968 4758 3153 4827 papula
3177 4797 3191 4817 ,
3235 4766 3383 4820 atque
3421 4756 3636 4809 audierit
3678 4754 3763 4816 qui
3789 4752 3928 4805 audit
3950 4794 3961 4813 ,
3995 4763 4047 4805 et

2454 4866 2553 4903 non
2570 4849 2771 4911 caverit;
2790 4848 2983 4901 veniens
3001 4858 3166 4899 autent
3188 4846 3387 4916 gladius
3402 4843 3782 4915 apprchenderit
3803 4842 4045 4911 aliquem;

2458 4940 2751 5009 sanguinem
2781 4941 2889 5006 ejus
2926 4939 2988 4991 ab
3008 4956 3065 4991 eo
3090 4941 3360 5004 requirant,
3389 4939 3507 5005 quia
3533 4953 3632 4989 non
3660 4933 3849 4987 andfvit
3875 4949 4047 4986 rorem

2457 5033 2604 5084 tabat.
2638 5030 2702 5084 Et
2738 5046 2955 5083 rursus:
2990 5029 3049 5083 Si
3073 5038 3240 5081 autem
3259 5028 3543 5091 speculator
3572 5025 3744 5077 viderit
3770 5024 4046 5079 veniente-1;

2456 5126 2701 5195 gladium,
2718 5133 2762 5174 ct
2784 5121 2895 5175 tuba
2914 5139 3011 5173 non
3028 5120 3279 5181 cecinerit,
3296 5136 3453 5189 neque
3469 5120 3653 5191 populo
3670 5116 4050 5185 signiﬁcaverit;

2458 5216 2656 5267 veniens
2687 5224 2853 5265 autem
2894 5211 3095 5281 gladius
3134 5210 3522 5279 apprchenderi:
3556 5209 3807 5275 aliquem:
3837 5208 4049 5273 sangui-

2461 5322 2569 5358 nem
2598 5306 2707 5371 ejus
2732 5305 2795 5355 de
2824 5319 2973 5354 manu
3002 5301 3330 5370 speculatoris
3361 5300 3613 5368 rcquimnt
3639 5340 3651 5361 ,
3677 5298 3793 5366 quin
3822 5312 3932 5348 cum
3971 5294 4053 5347 ri-

2462 5395 2598 5447 deret
2648 5394 2870 5462 gladium
2898 5433 2911 5456 ,
2964 5392 3079 5443 tuba
3110 5408 3209 5443 non
3264 5391 3442 5443 cecinit
3486 5387 3710 5459 (Ezcclt.
3761 5384 3977 5441 53.2-6
3998 5389 4044 5454 ).

2464 5482 2739 5552 Ejusmodi
2773 5482 3061 5549 periculum
3091 5522 3105 5545 ,
3153 5479 3784 5549 nequaqtnmidormiens
3816 5477 4047 5531 inﬁdeli-

2464 5574 2585 5628 tatis
2624 5589 2834 5637 somuo,
2880 5588 3052 5640 neque
3101 5570 3383 5639 Vulttplztlis
3418 5555 3620 5640 pigritia
3646 5570 3794 5640 piger
3816 5610 3830 5633 ,
3861 5569 4050 5622 beatus

2461 5663 2693 5719 Joannes
2713 5672 2833 5716 ante
2851 5662 3033 5717 oculos
3058 5661 3277 5722 habens,
3310 5662 3466 5715 altius
3493 5662 3614 5713 tuba
3637 5660 3916 5722 clamabat,
3939 5675 4046 5714 non

2463 5756 2744 5811 obscurum
2777 5753 2937 5810 cdcns
2966 5767 3176 5820 sonum,
3208 5750 3297 5806 sed
3329 5763 3565 5823 apertam
3592 5752 3745 5822 plane
3768 5750 4048 5806 scientiam
