4264 6306
232 285 295 342 65
1239 274 1325 329 DE
1369 271 1525 326 VITA
1565 269 1604 324 S
1667 264 1945 324 JOANNIS
1982 263 2478 322 CllRYSOSTOMI.
3455 264 3524 322 σε

233 398 357 452 dans
375 394 632 451 diabolici
652 391 832 464 gladii,
853 391 1030 461 fugere
1046 401 1230 442 omnes
1247 386 1572 439 hortabatur.
1589 380 1830 447 Quicum-

237 503 333 556 que
346 497 524 541 autem
547 481 929 538 conscientiam
944 493 1154 551 puram,
1170 476 1326 531 veluti
1344 476 1551 544 signum
1571 473 1621 524 in
1639 470 1829 524 animae

239 579 426 642 fronte,
459 576 804 638 habuerunt,
832 587 927 641 per
953 569 1173 640 gratiam
1203 566 1294 620 Dei
1321 580 1440 619 cum
1462 562 1612 616 vobis
1635 561 1832 614 Roma-

237 669 316 723 nis
331 667 576 720 ﬁdelibus
597 663 793 719 servati
810 671 933 716 sunt
954 676 967 713 :
991 659 1081 729 qui
1099 673 1224 712 vero
1244 656 1590 726 inquinatam,
1607 651 1828 721 pepulos

233 773 294 814 ac
338 757 650 812 sacerdotes
692 756 745 809 in
787 763 1023 808 mutuum
1052 759 1320 805 certamen
1351 746 1742 806 accenderunt,
1774 753 1827 795 ut

235 849 463 918 publicis
493 846 647 899 malis
689 860 780 898 sua
829 841 1229 895 ohumbrarent.
1267 839 1415 890 Duc.
1447 835 1576 889 Mire
1614 831 1824 902 quidem

233 940 449 995 dixisti.
496 937 719 992 Constat
759 944 933 987 autem
963 931 1072 986 ﬁeri
1106 945 1209 984 non
1247 942 1437 998 posse,
1490 936 1544 979 ut
1585 924 1746 978 homo
1775 922 1825 975 in

233 1030 334 1086 hac
357 1040 567 1086 terrena
591 1029 694 1080 vita
730 1021 1212 1093 irreprehensibilis
1237 1033 1455 1089 prorsus
1486 1015 1784 1070 inveniatur
1807 1053 1822 1080 ,

231 1122 448 1176 dicente
488 1117 728 1188 pluribus
770 1117 822 1169 in
855 1114 989 1168 locis
1017 1112 1287 1180 Scriptura
1324 1127 1338 1163 :
1370 1107 1493 1172 Quis
1529 1104 1827 1176 g.'oriabitur

231 1211 482 1264 mundum
508 1226 558 1262 se
586 1209 767 1260 habere
785 1205 911 1258 cor?
934 1214 1020 1255 aut
1058 1203 1167 1270 quis
1195 1199 1434 1269 ﬁduciam
1474 1194 1696 1258 habebit,
1731 1209 1825 1262 pu-

231 1318 344 1355 rum
366 1317 418 1354 se
445 1316 602 1353 cssea
631 1307 833 1367 peccato
856 1294 1038 1369 (Prov.
1065 1293 1155 1348 20.
1185 1292 1277 1361 9)?
1311 1291 1501 1344 Verum
1536 1304 1637 1346 non
1679 1286 1825 1340 novit

231 1391 308 1446 uti
331 1401 576 1460 tempore
604 1389 656 1442 Β.
687 1388 920 1443 Joannes
953 1404 964 1439 :
999 1399 1085 1439 res
1111 1384 1253 1438 enim
1279 1381 1594 1436 constitutas
1624 1388 1824 1431 temere

230 1495 452 1536 movere
480 1495 586 1532 non
617 1486 845 1547 Oportet.
874 1477 1052 1530 Ense.
1081 1474 1284 1528 Videris
1312 1471 1461 1536 mihi,
1491 1471 1630 1524 bone
1650 1468 1824 1522 Theo-

228 1570 384 1633 dore,
415 1569 636 1622 nimium
665 1577 869 1622 astutus
903 1582 1040 1620 esse.
1068 1565 1200 1619 Cum
1232 1563 1371 1616 enim
1413 1561 1563 1615 initio
1602 1560 1822 1614 misera-

231 1661 435 1714 tionem
462 1701 478 1726 ,
513 1672 566 1712 ut
617 1658 839 1720 decuit,
871 1657 1025 1710 nobis
1073 1653 1377 1708 exhibueris
1422 1666 1544 1705 cum
1594 1649 1819 1718 quadam

227 1752 644 1818 compunctione
675 1789 690 1813 ,
720 1748 841 1800 inde
866 1745 1114 1816 paulatim
1159 1743 1312 1797 dicax
1354 1743 1537 1796 irrisor
1572 1738 1822 1794 inveniris

222 1841 349 1883 esse
375 1847 390 1883 :
413 1842 590 1895 neque
614 1825 704 1894 qui
727 1825 1057 1893 putabantur
1075 1824 1305 1892 inimici,
1323 1832 1433 1878 tam
1453 1826 1652 1881 acriter
1670 1826 1824 1879 illum

223 1921 638 1988 vituperaruut.
660 1916 812 1968 Duc.
832 1915 971 1980 Quid
990 1915 1506 1985 intlignaris,l’ater,
1525 1917 1616 1986 qui
1635 1918 1831 1971 verita-

226 2008 301 2062 tis
321 2022 516 2060 amans
531 2007 711 2072 audis,
732 2007 877 2075 quod
893 2005 1123 2060 dixerim
1146 2023 1253 2060 non
1273 2013 1598 2062 observasse
1613 2016 1829 2079 tempus

225 2097 449 2151 beatum
474 2096 779 2150 Joannem?
802 2111 924 2150 cum
951 2095 1233 2164 Scriptura
1261 2097 1439 2149 dicat:
1475 2096 1541 2149 In
1577 2099 1704 2151 locis
1735 2117 1831 2168 po-

224 2190 453 2242 tentium
477 2206 539 2242 ne
569 2189 830 2242 subsistas
858 2185 1045 2258 (Prori.
1073 2187 1162 2239 235.
1190 2189 1267 2257 ti.)
1294 2210 1305 2242 :
1337 2200 1390 2243 et
1421 2206 1638 2256 rursus,
1671 2189 1832 2244 Redi-

222 2291 429 2335 mentes
448 2292 648 2346 tempus
668 2280 882 2350 (Ep/tes.
902 2283 955 2343 5.
979 2283 999 2335 ’ί
1014 2281 1068 2348 (³;
1091 2283 1347 2351 ϐυ1.4.5),
1373 2285 1672 2351 pnesertim
1691 2284 1740 2336 in
1762 2285 1829 2338 iis

221 2372 321 2442 qui
343 2374 550 2426 monita
577 2374 980 2444 utilitatemque
1000 2393 1107 2429 non
1131 2375 1444 2428 admittunt.
1477 2375 1652 2430 Episc.
1677 2375 1825 2429 Beati

220 2464 384 2524 estis,
407 2466 500 2533 qui
523 2465 603 2518 sic
626 2463 940 2535 Scripturas
962 2468 1418 2537 intet'prelamiui.
1448 2466 1499 2521 ld
1519 2469 1662 2521 enim
1683 2470 1825 2538 apud

222 2555 629 2617 Ecclesiasten,
663 2555 725 2610 In
753 2559 882 2611 locis
905 2569 1175 2625 potentum
1206 2578 1265 2612 ne
1294 2562 1522 2625 steteris,
1555 2560 1824 2616 adversus

220 2644 485 2714 indignos
507 2655 560 2698 et
590 2644 881 2714 incapaees
913 2648 1209 2701 sacerdotii
1232 2648 1437 2701 dictum
1463 2661 1570 2711 est,
1597 2667 1662 2704 ne
1690 2651 1822 2704 illud

220 2735 465 2806 rapiant.
484 2735 743 2790 Potentes
774 2738 942 2803 enim,
967 2739 1186 2793 virtutis
1204 2741 1500 2809 magistros
1514 2742 1645 2795 dicit
1675 2761 1687 2796 :
1713 2744 1824 2812 prio

220 2841 376 2879 mum
401 2826 623 2896 quidem
653 2827 955 2896 apostolos,
989 2828 1080 2896 qui
1109 2837 1265 2882 erant
1299 2836 1570 2897 potentes,
1599 2829 1820 2882 virtutis

216 2916 479 2985 spiritum
504 2917 680 2970 induti
704 2932 720 2970 :
756 2917 953 2973 deinde
973 2934 1163 2973 eorum
1192 2919 1512 2973 imitatores.
1559 2918 1622 2972 Et
1647 2919 1779 2973 illud
1804 2963 1818 2987 ,

217 3007 497 3062 Redimere
515 3018 739 3075 tempus,
763 3009 991 3079 perinde
1005 3020 1088 3066 est
1107 3026 1191 3074 ac,
1210 3009 1284 3065 Ne
1300 3011 1595 3082 hypocritte
1619 3013 1816 3076 simus,

215 3107 346 3146 cum
374 3090 574 3144 furibus
604 3099 878 3145 currentes
904 3131 919 3156 ,
947 3099 1142 3144 etcum
1171 3089 1424 3143 adulteris
1468 3099 1670 3158 partem
1711 3105 1809 3158 po-

216 3189 451 3244 nentes;
479 3181 571 3235 scd
602 3189 658 3234 ut
699 3191 938 3248 tempore
977 3195 1072 3233 suo
1123 3189 1331 3248 tempus
1371 3180 1573 3251 peccati
1616 3180 1810 3234 virtute

215 3271 545 3327 redimamus
569 3313 582 3337 ,
609 3285 712 3324 non
741 3269 866 3324 illud
897 3278 1114 3339 peccato
1142 3269 1452 3323 vendentes.
1485 3268 1585 3336 Qui
1632 3277 1808 3323 autem

215 3366 326 3420 hoc
369 3364 528 3418 modo
575 3363 828 3432 paulatim
868 3371 1077 3430 tempus
1122 3361 1358 3428 redimit,
1393 3368 1555 3414 totam
1598 3361 1811 3414 redimit

216 3460 386 3512 vitam
416 3471 565 3510 suam
586 3497 601 3522 ,
633 3465 689 3510 ut
713 3455 927 3510 omissis
964 3454 1142 3509 szeculi
1180 3454 1541 3523 voluptatibus
1576 3454 1808 3509 cmlestia

217 3552 362 3606 dona
388 3550 724 3603 nancisCatur
748 3565 761 3600 :
784 3545 1051 3616 quomodo
1071 3556 1124 3601 et
1146 3555 1407 3617 martyres
1433 3546 1692 3613 fecerunt,
1719 3547 1808 3616 qui

219 3641 362 3696 hanc
377 3654 686 3710 corpoream
710 3640 868 3692 vitam
892 3647 1240 3707 exponentes,
1258 3637 1807 3706 incorruptibilitatem

219 3732 496 3787 consecuti
541 3739 914 3795 suut,revera
960 3728 1059 3798 ipsi
1105 3739 1313 3796 tempus
1361 3729 1702 3782 redimentes.
1751 3727 1807 3782 Si

221 3837 353 3878 vero
381 3822 478 3876 ista
505 3836 610 3874 non
638 3820 715 3874 sic
741 3819 1104 3888 intelliguntur
1127 3859 1142 3882 ,
1169 3818 1380 3888 Moyses
1405 3830 1552 3874 certe
1580 3829 1633 3873 et
1664 3818 1808 3874 Elias

218 3923 274 3967 ct
301 3910 553 3967 Ilicbzeas
591 3919 645 3964 et
677 3909 860 3964 Daniel
890 3918 946 3964 et
971 3908 1206 3963 Joannes
1233 3909 1466 3978 Baptista
1489 3918 1543 3965 et
1571 3908 1732 3963 Isaias
1757 3919 1810 3965 et

220 4002 412 4056 Petrus
437 4008 593 4068 atque
617 3998 827 4063 Paulus,
853 4013 921 4052 ne
941 3997 1120 4067 plures
1139 4012 1578 4065 commemorem,
1602 4010 1810 4069 tempus

216 4107 380 4148 suum
396 4093 671 4162 ignorasse
691 4090 1049 4144 invenientur:
1064 4089 1315 4160 quoniam
1339 4089 1426 4144 ille
1444 4089 1563 4160 fuga
1584 4089 1807 4145 salutem

217 4183 323 4239 sibi
352 4181 540 4252 qumrit
568 4181 637 4235 ob
663 4180 1134 4250 reprehensionem
1161 4180 1420 4248 alicujus,
1442 4179 1568 4234 dum
1594 4181 1809 4251 gentilis

216 4272 500 4343 cujusdam
530 4285 665 4326 oves
688 4271 740 4324 in
763 4279 944 4326 monte
972 4281 1251 4342 pasceret:
1275 4269 1411 4324 alius
1436 4285 1545 4340 pra:
1571 4281 1802 4340 torpore,

217 4367 406 4421 dolore
432 4379 741 4435 oppressus,
775 4363 829 4420 in
855 4379 1100 4419 somnum
1131 4364 1365 4430 decidit;
1391 4379 1561 4434 neque
1589 4366 1805 4434 parietis

214 4465 306 4510 aut
335 4455 450 4511 saxi
475 4455 750 4510 inveniens
779 4455 1042 4523 umbram,
1071 4454 1165 4511 sed
1187 4455 1287 4512 sub
1303 4455 1536 4526 juniperi
1558 4457 1804 4526 virgulto,

214 4546 362 4618 quod
387 4557 443 4601 et
470 4547 642 4616 ipsum
671 4546 807 4602 exile
829 4555 964 4614 erat,
989 4561 1048 4602 se
1072 4547 1296 4602 collocat
1320 4549 1339 4618 (
1361 4549 1396 4604 5
1422 4547 1550 4618 Reg.
1577 4548 1662 4603 l9.
1691 4549 1724 4602 4
1744 4548 1802 4620 )z

215 4641 355 4695 alius
398 4652 548 4693 serra
600 4638 924 4694 secabatur:
956 4638 1090 4694 alius
1121 4653 1217 4707 pro
1262 4644 1457 4709 pietate
1497 4640 1549 4694 in
1599 4640 1807 4697 foveam

219 4730 439 4784 leonum
479 4727 855 4783 dcmittebatur
883 4745 896 4781 :
924 4728 1060 4782 alius
1094 4727 1146 4782 in
1186 4743 1435 4793 carcere,
1467 4729 1569 4783 hoc
1609 4739 1689 4783 est
1712 4771 1727 4795 ,
1754 4731 1804 4785 in

214 4833 382 4888 specu
399 4817 628 4886 quodam
646 4817 854 4873 vinctus
872 4818 1203 4884 servabatur,
1221 4832 1410 4888 panem
1432 4818 1804 4887 tribulationis,

216 4919 271 4963 et
303 4923 503 4978 aquam
541 4907 796 4978 angustize
842 4923 1055 4965 sumere
1100 4909 1483 4964 condemnatus
1509 4950 1523 4974 ,
1549 4911 1806 4982 ut‘lougo

218 5011 466 5070 tempore
490 4999 872 5054 contabescens
895 5040 911 5066 ,
932 5001 1093 5056 vitam
1121 5000 1172 5054 vi
1198 5000 1559 5071 abrumperet,
1591 5014 1807 5071 propter

214 5109 369 5147 suam
398 5093 655 5147 adversus
678 5107 857 5161 regem
889 5091 1172 5162 quemdam
1203 5094 1454 5162 loquendi
1483 5094 1802 5151 libertatem.

213 5183 356 5251 Quid
405 5191 582 5237 autem
626 5180 756 5236 mihi
785 5180 931 5236 dices
969 5181 1037 5236 de
1073 5181 1310 5246 Joanne,
1346 5183 1436 5252 qui
1484 5184 1623 5238 inter
1653 5195 1805 5240 natos

213 5275 500 5328 mulierum
528 5287 712 5343 parem
727 5286 833 5326 non
858 5271 1049 5326 habet?
1067 5286 1135 5326 an
1153 5272 1368 5327 minime
1389 5282 1542 5326 norat
1568 5282 1806 5342 tempore

213 5367 316 5426 uti,
340 5363 593 5434 quoniam
621 5370 842 5433 propter
860 5373 1094 5432 apertam
1121 5370 1175 5416 et
1194 5362 1412 5416 minime
1438 5363 1805 5439 adumbratam

215 5457 460 5514 adulterii
510 5457 740 5514 Herodis
771 5455 1183 5524 increpationem
1216 5455 1388 5523 capite
1425 5455 1658 5512 minutus
1681 5464 1800 5521 est,

215 5560 490 5616 curans,ut
508 5549 755 5605 medicus
767 5547 1025 5602 Herodem
1040 5547 1314 5602 insanabili
1335 5546 1522 5602 morbo
1533 5546 1800 5613 affectum,

215 5655 302 5701 aut
323 5660 496 5710 urens,
518 5653 610 5698 aut
630 5639 857 5696 secans?
873 5640 983 5708 Qua
1001 5641 1202 5696 ratione
1223 5649 1273 5695 et
1294 5641 1525 5697 Joannes
1543 5642 1802 5697 miserans

1942 385 1997 430 et
2033 391 2219 430 amans
2248 415 2263 442 ,
2298 374 2604 445 increpabat
2652 373 2912 430 infirmos.
2958 374 3013 429 SI
3068 383 3244 429 autem
3289 374 3523 433 Joannes

1939 469 2175 536 Baptista
2223 477 2433 538 tempus
2481 482 2586 522 non
2641 476 2840 534 norat,
2888 467 3155 536 quomodo
3205 469 3518 525 saeculorum

1935 559 2179 626 Opificem
2227 569 2279 614 et
2327 560 2584 614 factorem
2624 558 2840 628 agnovit
2869 599 2884 620 .
2918 558 3144 614 dicens:
3180 558 3306 613 Ecce
3348 561 3524 631 Agnus

1934 647 2032 701 Dei
2054 688 2069 713 ,
2096 650 2181 717 qui
2212 649 2341 702 tollit
2372 658 2574 717 peccata
2600 648 2774 700 mundi
2805 647 2979 718 (Joan.
3009 650 3058 702 Ι.
3088 649 3178 719 36)
3207 649 3228 702 ?
3253 649 3524 718 quomodo

1934 738 2128 792 Paulus
2157 749 2210 792 et
2234 739 2445 802 Petrus,
2476 737 2739 792 columine
2770 739 3046 800 Ecclesire,
3075 747 3279 807 tempus
3312 739 3520 809 ignora-

1933 830 2060 884 bant
2087 869 2102 894 ,
2135 830 2222 898 qui
2267 831 2423 883 etiam
2445 816 2571 899 post
2618 837 2842 882 mortem
2881 829 3184 883 valentibus
3217 839 3376 900 atque
3407 830 3522 899 pul-

1933 919 2172 974 santihus
2198 920 2481 988 aperiunt,
2513 927 2563 973 et
2590 918 2843 973 claudunt
2876 920 3199 987 ptenitentia:
3239 920 3522 992 tempora?

1931 1011 2178 1078 quoniam
2212 1011 2440 1064 maxime
2485 1010 2570 1063 hic
2598 1009 2742 1065 cruci
2784 1009 2980 1066 afﬁxus
3006 1020 3123 1078 est,
3150 1011 3376 1084 pedibus
3420 1012 3519 1067 ob-

1931 1102 2118 1165 versis,
2155 1103 2290 1154 viam
2319 1101 2370 1155 in
2405 1101 2592 1155 caelum
2620 1102 2957 1172 significans;
2992 1103 3079 1158 ille
3101 1105 3274 1172 capite
3303 1114 3517 1158 truuea-

1932 1202 2014 1246 tur
2045 1193 2113 1246 ob
2143 1209 2291 1247 suam
2325 1193 2374 1246 in
2399 1194 2609 1247 Christo
2632 1193 2880 1263 loquendi
2899 1187 3216 1258 libertatem,
3242 1211 3306 1249 nc
3336 1210 3365 1249 a
3393 1211 3520 1249 vero

1929 1281 2197 1337 excideret
2222 1285 2412 1352 capite.
2435 1283 2510 1336 Ne
2527 1284 2684 1353 igitur
2699 1284 2978 1338 admiseris
2994 1300 3107 1350 eos,
3125 1285 3211 1355 qui
3239 1300 3360 1340 cum
3388 1302 3519 1356 qua-

1929 1373 2048 1426 dam
2074 1375 2432 1442 increpatione
2455 1384 2761 1429 sanctorum
2793 1376 3040 1447 loquendi
3068 1377 3367 1433 libertatem
3407 1380 3519 1431 cul-

1931 1474 2076 1534 pant.
2091 1464 2375 1520 Gentilium
2397 1468 2538 1519 enim
2562 1475 2614 1519 et
2628 1465 2828 1534 judicio
2846 1481 2941 1518 suo
2960 1467 3256 1536 sapientum
3276 1468 3371 1520 ista
3392 1482 3519 1521 con-

1928 1555 2150 1608 suetudo
2167 1565 2266 1620 est,
2286 1557 2374 1625 qui
2397 1570 2579 1610 amore
2599 1555 2754 1624 hujus
2771 1557 2891 1608 vita:
2909 1557 3067 1609 etiam
3088 1567 3380 1627 martyrum
3398 1573 3518 1612 con-

1925 1643 2176 1697 stantiam
2204 1645 2441 1698 irrident.
2475 1643 2657 1713 Neque
2684 1645 2825 1698 enim
2854 1647 2934 1700 vel
2967 1645 3197 1714 gladium
3225 1648 3470 1702 obtusum
3497 1692 3512 1712 ,

1925 1720 2009 1790 vel
2058 1737 2284 1790 otiosam
2342 1752 2460 1792 esse
2516 1738 2764 1806 loquendi
2823 1738 3116 1792 libertatem
3171 1750 3399 1808 Oportet.
3449 1739 3517 1796 Et

1923 1828 2368 1897 quemadmodum
2407 1829 2475 1882 ab
2505 1839 2773 1898 unguento
2804 1829 3085 1898 fragrantia
3132 1833 3366 1900 separari
3409 1850 3512 1886 non

1927 1928 2135 1986 potest,
2166 1923 2241 1974 sic
2289 1937 2458 1990 neque
2491 1937 2518 1972 a
2563 1922 2808 1990 loquendi
2841 1923 3087 1977 libertate
3124 1922 3510 1978 bcneVulcntia.

1925 2009 1999 2061 Ac
2043 2008 2086 2062 si
2122 2010 2334 2078 quidem
2380 2027 2560 2066 coram
2592 2013 2802 2064 famulis
2827 2054 2840 2078 ,
2873 2022 2964 2066 aut
2991 2014 3210 2080 amicis,
3242 2024 3330 2068 aut
3362 2016 3471 2069 suis
3495 2057 3510 2079 ,

1922 2099 2268 2168 reprehensio
2287 2103 2455 2168 fieret,
2479 2117 2660 2155 coram
2683 2103 2873 2171 quibus
2891 2103 3206 2158 erubescam
3227 2106 3509 2160 nmlestum

1920 2197 2000 2242 est
2031 2205 2044 2240 :
2074 2187 2208 2244 forte
2238 2190 2571 2245 accusandus
2601 2201 2746 2245 esset
2789 2192 2876 2261 qui
2921 2193 3086 2246 libere
3133 2195 3509 2265 redargueret,

1919 2294 1988 2346 qu
2015 2294 2114 2347 ppe
2143 2281 2230 2349 qui
2263 2291 2468 2350 tempus
2497 2291 2550 2336 et
2590 2281 2765 2334 locum
2810 2282 3072 2350 ignoraret
3105 2284 3195 2337 :Si
3234 2295 3408 2339 autem
3459 2288 3510 2341 in

1921 2371 2179 2434 Ecclesia,
2204 2373 2349 2425 velut
2370 2374 2418 2425 in
2443 2373 2686 2438 macello,
2710 2373 2996 2442 proborum
3019 2376 3259 2428 encomia
3285 2376 3432 2443 fiunt,
3461 2389 3515 2433 et

1920 2462 2308 2530 iucrepationes
2323 2464 2848 2532 negligentiumzquid
2864 2467 3514 2533 exasperamuradversus

1919 2552 2326 2620 increpationes,
2341 2568 2457 2622 qua:
2475 2553 2589 2606 sine
2607 2554 2838 2618 nomine,
2861 2563 2913 2607 et
2930 2555 3125 2610 utiliter
3145 2555 3296 2610 ﬁunt?
3311 2557 3513 2612 alentes

1915 2645 2158 2707 crimina,
2185 2661 2281 2699 nec
2297 2645 2726 2713 obtemperantes
2745 2647 2814 2709 ei,
2835 2647 2922 2715 qui
2946 2647 3095 2712 dixit,
3125 2645 3286 2700 Omne
3301 2649 3436 2718 quod
3457 2651 3508 2703 in

1916 2735 2124 2788 macer
2142 2739 2291 2800 venit,
2317 2738 2635 2802 manducate,
2661 2738 2791 2790 nihil
2819 2739 3155 2792 discernentes
3174 2739 3220 2808 (Ι
3275 2739 3392 2795 Cor.
3420 2741 3506 2795 10.

1913 2824 2004 2895 25)
2016 2865 2030 2879 .
2057 2827 2206 2893 Quod
2230 2829 2328 2882 nisi
2349 2829 2415 2882 ita
2430 2829 2690 2894 sit,sancti
2716 2830 2903 2884 iterum
2919 2831 3259 2884 invenientur
3271 2833 3510 2888 civitates

1914 2915 2166 2984 quasdam
2192 2925 2282 2970 aut
2313 2918 2553 2986 regiones
2582 2919 2967 2973 scandalizasse
2996 2921 3064 2975 ob
3095 2921 3506 2992 inerep'itionos,

1914 3005 2047 3058 alias
2087 3021 2214 3060 vero
2248 3007 2489 3060 laudibus
2519 3009 2628 3061 suis
2667 3008 3010 3064 subvenisse.
3041 3010 3249 3065 Primus
3295 3023 3510 3066 sanctus

1913 3094 2014 3150 Job
2045 3096 2334 3152 Phoenicen
2364 3097 2643 3167 quamdam
2690 3098 2965 3168 regionem
2995 3099 3281 3170 obiurgans
3309 3143 3324 3168 ,
3355 3104 3504 3170 quasi

1909 3181 2394 3241 Satanamhostem
2425 3202 2577 3241 suum
2626 3189 2676 3242 in
2707 3205 2766 3243 se
2793 3191 3148 3245 attrahentem
3181 3232 3196 3257 ,
3226 3193 3301 3245 sie
3327 3192 3454 3246 dicit
3490 3212 3502 3246 :

1917 3271 2123 3326 Partem
2147 3283 2313 3327 autem
2338 3275 2384 3328 ei
2413 3277 2536 3328 dant
2579 3287 2748 3344 gentes
2798 3277 3098 3332 Pluenicnm
3131 3279 3268 3352 (Job
3296 3281 3385 3336 40.
3411 3282 3500 3336 25.

1914 3365 1966 3418 in
2011 3364 2189 3420 Grazco
2218 3368 2254 3429 ).
2299 3366 2499 3421 Deinde
2550 3367 2753 3437 Moyses
2795 3379 2848 3423 et
2895 3371 3166 3440 propheta:
3214 3369 3505 3441 A‘Igyptum

1913 3457 2302 3520 criminantur,
2333 3456 2600 3512 fornacem
2634 3457 2858 3512 ferream
2905 3460 3234 3529 appellantes
3272 3470 3324 3514 ct
3357 3469 3506 3514 tene-

1914 3546 2056 3612 bras,
2080 3555 2240 3615 atque
2268 3547 2604 3602 Pabrstinam
2634 3547 2878 3603 laudibus
2899 3550 3176 3614 extollunt,
3203 3559 3505 3621 terramque

1914 3638 2280 3706 promissionis
2306 3649 2498 3692 vocant
2528 3657 2541 3692 :
2575 3655 2694 3693 cum
2727 3639 2990 3710 Egyptus
3012 3640 3308 3696 inveniatur
3334 3642 3505 3711 probo

1913 3726 2126 3798 quidem
2157 3737 2294 3783 terra
2327 3731 2716 3798 promissionis,
2747 3731 2939 3800 ignavo
2964 3741 3141 3785 autem
3176 3731 3453 3785 Palaestina
3483 3774 3499 3798 ,

1914 3832 2019 3871 non
2069 3818 2246 3872 solum
2280 3817 2464 3874 fornax
2511 3818 2680 3874 ferrea
2707 3861 2721 3883 ,
2747 3819 2838 3874 sed
2865 3828 2918 3874 et
2950 3821 3180 3874 tenebra:
3211 3821 3506 3874 exteriores

1914 3909 2242 3966 inﬁdelitatis
2277 3925 2435 3964 causa
2468 3929 2480 3964 :
2508 3911 2755 3979 quoniam
2790 3926 2892 3963 non
2927 3911 3040 3965 loca
3075 3911 3339 3980 vituperio
3364 3952 3379 3976 ,
3412 3921 3504 3964 aut

1913 3999 2067 4055 laude
2110 4000 2266 4071 digna
2302 4010 2462 4066 sunt,
2492 4002 2584 4056 sed
2615 4001 2886 4056 hominum
2932 4001 3126 4056 studia.
3155 4002 3291 4070 Quid
3325 4013 3503 4058 autem

1914 4106 2135 4146 necesse
2161 4092 2290 4145 mihi
2322 4101 2404 4146 est
2427 4106 2729 4145 sermonem
2763 4092 2814 4145 iu
2845 4092 3058 4162 longum
3091 4093 3380 4148 extendere
3404 4136 3420 4159 ,
3449 4104 3504 4149 et

1912 4197 2017 4238 non
2047 4197 2076 4235 a
2105 4183 2353 4236 brevibus
2397 4181 2664 4250 incipere?
2693 4180 2958 4250 Numquid
3003 4181 3196 4236 Paulus
3235 4184 3503 4239 mendaces

1912 4272 2169 4328 Cretenses
2199 4273 2324 4343 (Tit.
2354 4275 2406 4329 l.
2450 4274 2541 4342 12)
2569 4273 2842 4342 appellans
2866 4315 2881 4340 ,
2908 4282 2964 4328 et
2983 4272 3196 4329 Galatas
3223 4275 3506 4330 insensatos

1915 4365 2055 4437 (Gal.
2085 4367 2139 4420 ’5.
2170 4365 2243 4434 1),
2267 4375 2319 4418 et
2345 4364 2650 4419 Corinthios
2675 4365 2879 4433 inﬂatos
2906 4365 2953 4434 (Ι
2971 4404 2983 4417 .
3008 4364 3125 4418 Cor.
3146 4365 3199 4420 5.
3225 4364 3283 4436 2)
3303 4407 3319 4431 ,
3344 4377 3505 4436 atque

1912 4459 2045 4512 alios
2086 4458 2240 4512 aliter
2268 4497 2283 4522 ,
2317 4457 2399 4511 his
2443 4455 2570 4511 solis
2613 4455 2736 4509 vitia
2785 4455 3106 4510 condonavit
3132 4495 3149 4522 ,
3176 4458 3326 4526 quasi
3375 4457 3505 4527 ipsis

1912 4550 2041 4604 solis
2071 4549 2543 4619 reprehensionem
2571 4547 2832 4602 adhibens
2856 4588 2870 4612 ,
2894 4562 3074 4603 nonne
3116 4557 3170 4602 et
3209 4549 3456 4604 omnibus
3482 4551 3505 4603 ?

1911 4650 2001 4694 aut
2028 4651 2211 4695 contra
2242 4655 2361 4695 cum
2395 4639 2663 4693 Romanos
2693 4639 2870 4707 fideles
2913 4636 3090 4708 (Rom.
3125 4639 3175 4692 l.
3209 4637 3264 4709 6)
3296 4649 3449 4694 vocat
3483 4680 3503 4705 ,

1911 4738 1964 4783 et
2002 4727 2264 4796 Ephesios
2303 4737 2492 4799 mystas
2521 4723 3142 4799 (Ephes.l.18),quibus
3161 4729 3506 4783 etsublimius

1911 4818 2173 4884 scribit,et
2185 4815 2416 4885 fratrum
2434 4814 2738 4887 amantes(l
2755 4815 2929 4871 Thess.
2964 4819 3017 4873 5.
3054 4818 3140 4889 Η)
3168 4817 3508 4875 Thessaloni-

1910 4923 2118 4972 censes,
2145 4908 2225 4961 his
2250 4909 2378 4962 solis
2399 4907 2582 4963 laudes
2601 4907 2887 4978 adscripsit
2913 4909 2936 4960 ‘t
2965 4908 3182 4964 Minime
3208 4925 3337 4965 sane
3363 4925 3381 4976 ;
3407 4912 3504 4966 sed

1911 5009 1968 5055 ut
1996 5000 2222 5069 Spiritus
2247 5000 2413 5054 sancti
2446 5001 2650 5070 plenus,
2674 5009 2728 5055 et
2754 5000 3010 5070 vituperia
3040 5011 3094 5057 et
3121 5002 3306 5056 laudes
3329 5018 3500 5074 appo-

1911 5090 2050 5152 suit,
2080 5098 2136 5142 ut
2164 5091 2251 5160 qui
2281 5105 2338 5145 se
2366 5090 2518 5144 laude
2548 5090 2762 5160 dignum
2795 5091 3090 5159 agnoverit,
3121 5092 3309 5160 majori
3336 5093 3498 5146 animi

1911 5179 2188 5235 alacritate
2216 5180 2513 5234 roboretur.
2545 5179 2693 5232 Alius
2718 5195 2844 5233 vero
2865 5180 3123 5249 vituperia
3150 5181 3352 5250 ltgens,
3375 5183 3503 5235 sub-

1917 5271 2150 5324 nionitus
2175 5269 2390 5336 doleat,
2419 5277 2474 5323 et
2501 5269 2677 5338 probri
2705 5283 2922 5324 causam
2947 5270 3183 5338 abjiciat.
3209 5269 3322 5324 Non
3346 5271 3506 5339 igitur

1909 5360 2006 5416 soli
2035 5358 2235 5416 Galatte
2263 5359 2516 5414 insensati
2539 5399 2554 5422 ,
2589 5373 2686 5413 nec
2723 5359 3004 5413 Cretenses
3036 5358 3320 5413 mendaces
3352 5399 3367 5423 ,
3405 5375 3503 5413 nec

1909 5453 2168 5508 Corinthii
2195 5450 2410 5521 superbi
2433 5468 2445 5504 :
2468 5451 2664 5520 ubique
2690 5450 2830 5505 enim
2861 5449 2977 5505 base
3005 5451 3183 5504 omnia
3212 5459 3354 5516 sunt,
3379 5465 3498 5502 cum

1911 5559 2011 5599 una
2056 5544 2125 5598 sit
2170 5552 2356 5599 natura
2387 5583 2402 5609 ,
2431 5557 2550 5612 qua:
2581 5551 2635 5597 et
2663 5552 2843 5610 peccat
2874 5555 2928 5596 et
2957 5551 3102 5598 recte.
3129 5543 3276 5611 agit,
3310 5551 3361 5594 et
3391 5542 3505 5595 sive

1916 5638 2016 5694 hoc
2040 5637 2151 5693 sive
2179 5634 2305 5691 illud
2331 5636 2381 5690 in
2407 5648 2463 5688 se
2491 5634 2860 5701 sit,voluntate
2889 5649 3001 5690 sua.
3033 5634 3139 5686 lloc
3166 5634 3322 5702 igitur
3346 5632 3505 5686 modo
