4264 6306
813 306 883 361 67
2040 286 2256 348 PALLA
2270 288 2356 343 Dll
2397 287 2497 341 [ΗΑ

2397 285 2731 342 DlALOGES
4002 286 4080 340 68

813 421 867 475 in
914 417 1145 472 Ecclesia
1175 415 1338 470 libere
1380 412 1691 483 loquebatur
1718 402 1949 466 Joannes
1982 422 1994 459 :
2026 406 2185 459 immo
2213 403 2386 472 potius

807 508 1164 566 esurientibus
1214 502 1538 577 partiebatur
1588 501 1799 557 virtutis
1848 500 2022 554 cibum
2053 537 2067 561 ,
2112 504 2385 565 peccatum

808 600 1103 655 manifestis
1133 586 1634 665 reprehensionibus
1669 592 2029 647 exterminans
2052 632 2066 653 ,
2098 598 2151 641 et
2178 589 2386 640 obtem-

809 708 1004 764 perans
1043 689 1204 744 l‘aulo
1229 687 1422 742 dicenti
1454 702 1468 739 :
1503 684 1798 739 Peccantem
1829 700 1997 737 coram
2037 682 2262 737 omnibus
2308 697 2387 731 ar-

812 802 926 857 gue,
950 794 1004 837 ut
1031 794 1073 837 et
1099 782 1262 836 (αριθνὶ
1284 781 1507 834 timorem
1529 778 1742 832 habeant
1759 776 1803 847 (Ι
1820 816 1832 829 .
1860 776 1988 829 Tim.
2011 777 2062 829 5.
2089 772 2201 845 20).
2226 773 2389 825 Porro

812 876 856 928 si
886 874 972 943 qui
1002 871 1262 941 superbia:
1291 879 1383 924 aut
1406 868 1634 923 vesania:
1660 869 1847 921 morbo
1875 866 2196 924 laborantes,
2224 859 2390 914 veli;.t

812 964 969 1019 etiam
993 964 1287 1031 voluptates
1314 976 1435 1015 suas
1460 976 1579 1016 cum
1611 959 1850 1013 laudibus
1873 956 2082 1019 efferre,
2102 954 2236 1007 hanc
2264 966 2395 1005 con-

812 1055 1144 1111 suetudinem
1169 1069 1271 1107 non
1297 1052 1491 1107 habent
1508 1052 1599 1106 Dei
1618 1050 1880 1115 serviQui
1895 1049 2033 1102 enim
2054 1046 2391 1113 indignantur

814 1147 885 1201 ob
915 1150 1260 1213 vituperatam
1281 1144 1553 1199 avaritiam
1581 1151 1633 1197 et
1664 1138 2083 1201 fornicationem,
2117 1143 2205 1188 aut
2231 1134 2387 1185 aliam

814 1232 1058 1306 quamiis
1087 1235 1280 1290 fmdam
1312 1232 1579 1287 libidinem
1606 1272 1620 1295 ,
1653 1229 1783 1283 nihil
1809 1226 1951 1281 aliud
1983 1227 2153 1294 reipsa
2185 1223 2385 1284 dicunt,

812 1340 968 1397 quam
990 1323 1285 1393 huiusmodi
1312 1321 1661 1389 perniciosum
1697 1319 1838 1371 virus
1866 1314 2061 1369 debere
2089 1313 2388 1365 admittere.

885 1416 1009 1468 Car.
1047 1429 1157 1467 xu.
1190 1440 1261 1451 --
1293 1412 1440 1465 Duc.
1469 1408 1744 1462 Maximam
1767 1448 1780 1471 ,
1814 1405 2000 1468 Pater,
2049 1402 2218 1455 habeo
2267 1416 2392 1469 gra-

816 1505 942 1558 tiam
990 1503 1111 1557 huic
1149 1502 1213 1556 ad
1269 1516 1363 1555 nos
1423 1497 1803 1554 humanissimo
1842 1492 2088 1548 adventui
2134 1500 2226 1545 tuo
2256 1508 2267 1540 :
2298 1490 2392 1543 fuit

814 1598 956 1653 enim
982 1594 1131 1647 nobis
1151 1592 1293 1647 utilis
1314 1600 1365 1645 et
1388 1589 1649 1651 salutaris,
1669 1597 1825 1656 atque
1844 1584 1964 1637 vine
1984 1582 2388 1637 monimentum.

813 1685 948 1741 Cum
978 1694 1150 1738 autem
1188 1692 1307 1751 post
1348 1680 1577 1749 prolian
1617 1676 1797 1731 laudes
1827 1674 2137 1729 Theodorus
2162 1672 2395 1741 quievis-

814 1786 917 1843 set,
966 1790 1028 1830 ex
1072 1771 1401 1826 adstantibus
1443 1768 1630 1837 aliquis
1671 1767 1845 1837 erupit
1889 1766 1939 1819 in
1986 1764 2119 1818 hanc
2161 1778 2342 1817 vocem
2376 1779 2390 1817 :

815 1865 1094 1935 Quomodo
1138 1864 1333 1932 igitur,
1379 1858 1581 1929 inquit,
1625 1858 1784 1911 lautis
1825 1868 2113 1909 exornatus
2159 1854 2389 1917 dotibus,

815 1958 1076 2027 superbus
1118 1953 1266 2007 erat?
1313 1952 1485 2005 Ense.
1542 1949 1621 2002 An
1669 1952 1779 2017 ipse
1824 1959 2058 2015 pr.esens
2108 1944 2392 2012 superbum

814 2066 936 2105 cum
964 2044 1377 2116 deprehendisti,
1400 2058 1465 2095 an
1492 2042 1625 2094 alius
1648 2041 1736 2093 tibi
1765 2038 2041 2093 narravit?
2064 2038 2153 2092 llle
2175 2052 2396 2106 respuu-

816 2140 894 2194 dit
925 2156 938 2193 :
969 2136 1085 2191 Non
1116 2136 1235 2189 novi
1279 2134 1469 2199 virum,
1502 2132 1602 2197 ait;
1646 2131 1737 2185 sed
1778 2130 1950 2183 audivi
1983 2146 2011 2183 a
2038 2130 2265 2199 quodam
2308 2144 2397 2182 ce-

818 2231 999 2289 riario,
1036 2227 1122 2295 qui
1168 2225 1413 2278 narrabat
1455 2237 1579 2276 raro
1615 2222 1783 2290 ipsum
1823 2220 1901 2274 sui
1948 2220 2156 2289 copiam
2204 2220 2394 2285 facere,

817 2320 917 2375 nisi
949 2320 999 2371 in
1032 2317 1278 2379 ecclesia,
1303 2325 1355 2369 et
1378 2314 1598 2369 moleste
1621 2312 1759 2367 ferre
1786 2312 1873 2365 diu
1904 2311 2132 2379 colloqui
2156 2326 2274 2365 cum
2298 2325 2393 2365 vo-

818 2411 1069 2464 lentibus.
1112 2407 1223 2461 lloc
1254 2420 1380 2460 vero
1407 2404 1675 2473 specimen
1716 2410 1796 2459 est
1834 2400 2096 2471 superbia:
2125 2409 2176 2455 et
2208 2400 2390 2464 fastus,

818 2494 999 2569 fugere
1046 2511 1358 2566 Congressus
1408 2494 1717 2549 volentium.
1774 2493 1948 2547 Ense.
2000 2491 2070 2545 Et
2118 2491 2393 2559 cujusnam

816 2593 951 2646 alius
980 2599 1091 2644 erat
1116 2588 1332 2642 Joannis
1360 2588 1669 2655 sapientiam
1703 2585 2016 2653 vituperare,
2042 2598 2198 2652 quam
2225 2582 2397 2636 coria-

816 2684 900 2744 rii,
929 2685 1016 2752 qui
1062 2683 1298 2736 fmtoretn
1342 2679 1568 2732 officina:
1610 2693 1718 2731 sua:
1750 2664 1906 2730 veluti
1939 2675 2247 2729 familiarem
2275 2690 2390 2726 am-

818 2774 1094 2842 plectitur?
1122 2772 1175 2823 S‘i
1204 2781 1378 2837 autem
1410 2769 1588 2837 lugere
1620 2768 1819 2829 turbas,
1850 2767 2109 2835 supcrhim
2139 2766 2389 2820 indicium

814 2875 917 2928 est,
950 2865 1048 2917 erit
1071 2873 1117 2915 ct
1148 2862 1376 2916 Joannes
1406 2860 1633 2929 Baptista
1663 2859 1938 2928 superbus,
1969 2859 2255 2912 secundum
2279 2874 2393 2912 scr-

818 2971 1030 3009 monem
1058 2964 1225 3017 tuum;
1254 2953 1338 3021 qui
1368 2952 1416 3004 in
1448 2966 1684 3005 eremum
1714 2949 1993 3003 sccedcbat
2025 2968 2034 3000 :
2061 2950 2161 3002 erit
2188 2958 2241 3002 et
2262 2950 2391 3003 Scr-

818 3060 971 3100 vazor
1002 3063 1014 3099 :
1044 3045 1294 3113 scriptum
1323 3043 1462 3097 enim
1491 3049 1600 3103 est,
1635 3041 1771 3109 quod
1815 3039 1997 3093 Videtis
2026 3040 2193 3093 turbas
2219 3040 2390 3105 Jesns,

815 3138 1039 3192 ascendit
1084 3138 1135 3189 in
1174 3144 1421 3197 montem;
1462 3144 1504 3209 et
1544 3150 1654 3186 cum
1700 3133 1941 3196 sedisset,
1982 3142 2291 3185 accesserunt
2329 3133 2396 3185 ad

817 3248 927 3284 eum
959 3230 1189 3297 discipuli
1212 3230 1319 3297 ejus
1352 3225 1559 3299 (.llatth.
1594 3226 1645 3281 5.
1673 3225 1747 3296 l),
1780 3234 2078 3279 nouantem
2111 3224 2297 3278 turba).
2332 3226 2397 3279 Et

819 3337 1002 3377 rursus
1030 3341 1043 3375 :
1084 3321 1265 3373 l’idens
1286 3321 1473 3385 turbas,
1503 3320 1698 3372 secessit
1731 3335 1953 3371 seorsum
1993 3316 2165 3390 (Ibid.
2193 3318 2243 3372 8.
2275 3318 2391 3388 l8).

819 3418 988 3477 Quem
1009 3427 1106 3481 pro
1133 3412 1327 3465 viribus
1347 3411 1556 3463 imitans
1570 3410 1798 3477 optimus
1818 3409 2067 3471 Joannes,
2090 3420 2143 3463 et
2165 3410 2272 3478 ipse
2294 3420 2395 3463 tur-

822 3503 903 3556 bis
921 3517 978 3554 se
992 3499 1336 3562 subducebat,
1358 3502 1537 3567 eisque
1557 3500 1784 3552 maxime
1799 3498 2179 3564 delectabatur,
2199 3500 2285 3568 qui
2309 3516 2395 3553 vc-

819 3594 1013 3647 raritcr
1058 3590 1252 3660 aliquid
1296 3590 1501 3643 discere
1545 3590 1756 3644 vellent.
1804 3591 1949 3644 DIAC.
1997 3591 2139 3647 Bene
2180 3592 2393 3661 quidem

819 3685 1107 3753 Scriptum
1134 3682 1387 3749 exemplis
1417 3682 1718 3749 persuades.
1745 3684 1877 3749 Quid
1905 3692 2076 3738 autem
2100 3684 2162 3737 ad
2192 3684 2291 3738 hoc
2316 3685 2395 3737 di-

820 3790 947 3840 ces,
989 3775 1126 3845 quod
1175 3776 1584 3829 contumeliosus
1629 3760 1789 3830 fuisse
1829 3776 2052 3841 dicitur,
2086 3793 2185 3831 nec
2224 3779 2392 3831 solum

824 3866 1207 3919 multitudinem
1252 3867 1463 3934 fugisse,
1491 3866 1582 3920 sed
1611 3866 1689 3919 vel
1725 3883 1883 3920 unum
1910 3878 1996 3920 aut
2023 3868 2189 3929 duos?
2219 3869 2393 3922 Emsc.

826 3956 966 4010 liene
992 3956 1201 4024 quidem
1230 3956 1418 4008 :ctiam
1444 3970 1579 4008 unus
1606 3956 1802 4009 inutilis
1831 3965 1879 4008 et
1905 3967 2083 4026 agyrta
2111 3958 2256 4011 turba
2284 3970 2393 4021 est;

822 4046 987 4113 qualis
1024 4052 1136 4097 erat
1181 4044 1224 4097 is
1261 4043 1346 4113 qui
1391 4043 1521 4097 dixit
1556 4042 1805 4097 Christo:
1833 4044 2092 4111 Magister,
2124 4063 2303 4115 sequar
2330 4058 2393 4111 te,

822 4151 1127 4205 quocumque
1150 4134 1265 4187 ieris
1300 4132 1403 4204 (Ib.
1441 4148 1484 4183 tt.
1510 4134 1595 4190 13.
1619 4146 1666 4188 et
1692 4135 1762 4189 90
1851 4135 2035 4189 Nonne
2057 4135 2260 4204 fugiens
2290 4148 2398 4191 tur-

820 4225 917 4278 bas
935 4224 1204 4287 Senator,
1229 4223 1361 4278 dixit
1387 4242 1398 4277 :
1427 4222 1611 4294 Vulpes
1642 4227 1808 4295 foveas
1846 4225 2054 4291 habent,
2088 4237 2139 4278 et
2168 4228 2399 4295 reliqua?

828 4315 1060 4369 Probare
1083 4324 1257 4367 autem
1290 4315 1415 4367 mihi
1443 4330 1546 4369 non
1577 4324 1747 4385 potes,
1781 4314 2056 4377 Joannem,
2082 4331 2146 4369 ex
2175 4332 2279 4385 quo
2310 4318 2400 4370 ba-

824 4406 1049 4476 ptizatus
1078 4414 1174 4468 est,
1208 4414 1297 4457 aut
1328 4405 1537 4473 jurasse
1558 4447 1571 4469 ,
1606 4414 1696 4459 aut
1729 4419 2044 4475 quemquam
2089 4406 2360 4475 adjurasse
2382 4449 2396 4472 ,

824 4507 913 4550 aut
944 4496 1295 4557 maledixisse,
1326 4505 1414 4549 aut
1438 4496 1735 4560 mentitum,
1766 4504 1855 4549 aut
1887 4498 2226 4564 imprecatum
2256 4514 2397 4564 esse,

831 4599 916 4642 aut
937 4588 1151 4643 facetias
1173 4588 1514 4641 sustinuisse?
1554 4588 1699 4641 DIAC.
1732 4586 1839 4657 ligo
1866 4588 2075 4657 quidem
2105 4604 2274 4659 neque
2306 4588 2401 4642 ho-

831 4694 945 4734 rum
975 4680 1254 4750 quidquam
1281 4679 1416 4743 dico,
1457 4678 1547 4731 sed
1584 4677 1929 4733 contumelias
1970 4676 2173 4732 fecisse.
2223 4679 2313 4731 Er.
2357 4679 2401 4732 Ο

830 4771 1047 4840 Optime,
1075 4770 1357 4839 quomodo,
1386 4772 1473 4840 qui
1500 4770 1627 4823 nihil
1660 4769 1844 4823 horum
1868 4770 2111 4839 patravit,
2136 4780 2402 4826 contume-

831 4861 952 4916 liam
983 4860 1222 4925 faciebat,
1247 4861 1433 4929 lingua:
1461 4875 1571 4913 sua:
1598 4859 1813 4913 minime
1846 4860 2099 4928 parcens?
2142 4860 2233 4913 Est
2260 4862 2399 4915 enim

827 4953 963 5006 iure
986 4966 1161 5020 parra,
1192 4961 1246 5004 ut
1272 4950 1325 5005 in
1354 4966 1537 5019 magna
1564 4992 1578 5016 ,
1620 4965 1713 5019 par
1749 4961 2045 5021 peccaturo.
2081 4953 2226 5006 Due.
2267 4954 2401 5021 Quid

832 5059 959 5113 ergo
979 5052 1079 5106 est,
1110 5057 1305 5111 quasso,
1330 5042 1467 5110 quod
1500 5043 1785 5112 loquuntur
1812 5042 2085 5096 homines?
2114 5054 2168 5097 et
2192 5044 2403 5112 quando

835 5133 977 5203 loqui
1008 5133 1279 5188 desinent?
1308 5132 1400 5187 Er.
1437 5133 1512 5186 De
1539 5132 1758 5201 singulis
1797 5134 1954 5200 igitur
1978 5134 2119 5196 audi,
2156 5143 2207 5187 et
2240 5148 2401 5203 nugas

830 5223 1130 5293 ltnjusmodi
1162 5223 1265 5277 noli
1288 5224 1512 5291 amplius
1537 5224 1683 5292 sequi
1718 5238 1732 5277 :
1762 5223 1958 5277 nullam
1986 5223 2125 5277 enim
2158 5240 2403 5292 umquam

832 5318 1039 5371 veniam
1080 5317 1401 5386 impetrabis.
1437 5316 1704 5380 llomines,
1746 5316 1831 5385 qui
1870 5326 2011 5370 recte
2055 5332 2160 5369 non
2202 5317 2401 5383 vivunt,

836 5418 976 5461 recta
998 5406 1197 5475 opinari
1227 5423 1329 5460 non
1355 5416 1606 5475 possunt;
1639 5422 1847 5476 semper
1869 5417 2066 5463 temere
2082 5408 2402 5476 effutientcs,

837 5507 889 5551 et
933 5498 982 5549 in
1025 5496 1076 5550 id
1123 5499 1444 5551 insumentes
1487 5506 1713 5568 tempus,
1744 5508 1798 5551 et
1839 5499 2067 5554 maxime
2100 5516 2257 5564 nunc,
2286 5518 2403 5556 cum

838 5589 1012 5642 nullus
1035 5597 1215 5641 contra
1242 5588 1523 5657 quidquam
1547 5588 1751 5641 hiscere
1772 5588 1943 5643 audet.
1974 5589 2104 5644 Nam
2132 5602 2181 5645 ct
2207 5592 2274 5646 de
2292 5592 2406 5647 Ser-

837 5691 1037 5746 vatorc,
1070 5679 1156 5749 qui
1192 5678 1328 5733 Deus
1353 5688 1485 5746 erat,
1516 5688 1567 5733 et
1593 5695 1751 5750 supra
1778 5680 2043 5739 hominem
2086 5692 2140 5738 et
2179 5685 2406 5754 prophe-

2494 407 2598 453 tam
2640 400 2881 469 quemvis
2917 400 3125 455 vivebat
3163 406 3323 471 atque
3363 400 3679 469 loquebatur
3719 414 3780 454 ac
3815 397 4078 465 faciebat,

2491 488 2718 543 absurda
2758 490 3110 560 loquebantur
3134 532 3149 557 ,
3189 505 3470 562 porcorum
3500 492 3667 544 instar
3690 500 3741 543 et
3768 485 4080 544 muscarum

2493 578 2604 633 lnee
2648 581 2714 633 de
2756 596 2820 634 co
2860 593 3232 635 coacervantes
3264 600 3276 635 :
3303 581 3429 634 illud
3476 582 3617 635 enim
3644 594 3704 634 ea
3734 588 3968 647 tempora
4001 594 4088 635 re-

2492 674 2788 741 quirebant.
2816 674 2914 727 Alii
2946 674 3085 727 enim
3114 674 3382 738 dicebant,
3409 672 3609 741 Decipit
3625 673 3865 725 mundum
3893 670 4079 743 (Joan.

2494 764 2544 813 7.
2591 764 2681 830 12)
2710 781 2721 816 :
2752 765 2840 818 alii
2880 780 3021 829 vero,
3051 764 3114 817 lu
3150 764 3422 817 Beelzebub
3458 764 3685 832 principe
3713 764 4087 816 da'tttouiorum

2494 856 2625 923 ejicit
2652 856 2899 909 dmuonia
2922 857 3069 927 (Luc.
3106 859 3192 911 11.
3217 859 3281 911 15
3336 874 3348 907 :
3383 858 3493 919 alii,
3518 855 3651 909 Ecce
3677 856 3824 908 homo
3855 871 4012 909 rem:
4034 863 4087 908 et

2495 948 2595 998 riui
2625 956 2821 1015 potator
2845 946 3063 1013 (illatth.
3106 949 3191 1001 ll.
3223 945 3321 1018 l9)
3347 967 3358 1001 :
3389 948 3507 1011 alii,
3542 945 3895 1000 Samaritanus
3922 956 3992 1000 est
4034 956 4086 1000 et

2476 1036 2794 1087 rrlrcmonium
2839 1038 2983 1088 habet
3023 1037 3212 1108 (Joan.
3237 1038 3289 1091 8.
3319 1039 3447 1107 43).
3491 1034 3716 1106 Et‘\quid
3764 1052 3845 1090 me
3889 1038 4091 1091 attinet

2498 1126 2705 1179 illorum
2733 1127 2956 1195 ineptias
2985 1128 3234 1197 colligere
3262 1142 3323 1181 ac
3359 1129 3672 1181 recensere?
3703 1127 3851 1182 Adeo
3884 1137 3937 1180 ut
3966 1130 4087 1197 ipsc

2496 1218 2765 1282 Servatur,
2798 1220 2893 1271 ista
2917 1220 3111 1283 sciens,
3140 1220 3280 1273 dicat
3306 1220 3560 1288 apostolis
3584 1238 3595 1271 :
3624 1221 3780 1283 Quem
3806 1236 3884 1272 me
3908 1223 4089 1273 dicunt

2499 1305 2721 1360 liomiues
2750 1324 2855 1361 esse
2879 1307 3066 1361 Filium
3090 1310 3303 1364 hominis
3328 1312 3346 1379 (
3372 1309 3557 1365 Matth.
3591 1293 3675 1363 16.
3716 1310 3799 1364 13.
3838 1318 3885 1363 et
3940 1311 4042 1380 11)
4060 1312 4090 1363 ?

2496 1398 2593 1452 Cui
2636 1401 2958 1469 respondent
2996 1402 3259 1471 discipuli,
3305 1403 3550 1457 meliores
3592 1404 3657 1459 de
3694 1419 3760 1459 eo
3802 1403 4089 1473 opiniones

2496 1489 2789 1546 referentes
2818 1510 2830 1545 :
2863 1492 2965 1546 Alii
3005 1494 3204 1563 quidem
3249 1494 3444 1560 Eliam,
3489 1496 3579 1549 alii
3615 1513 3729 1550 vero
3764 1495 4043 1550 let-entiam
4067 1540 4086 1563 ,

2499 1583 2587 1634 alii
2644 1582 2894 1637 Joannem
2945 1584 3228 1655 Buplislam
3281 1586 3455 1640 dicunt
3501 1602 3521 1641 :
3569 1587 4090 1656 improbissimorum

2498 1674 2696 1729 scilicet
2738 1690 3014 1731 sermones
3058 1679 3470 1749 supprimentes.
3508 1681 3655 1748 Quos
3697 1694 3879 1736 rursus
3911 1681 4088 1735 inter-

2500 1773 2688 1834 rogat,
2727 1782 2819 1821 eos
2862 1768 2927 1821 ab
2971 1767 3272 1824 hominibus
3312 1784 3599 1840 segregans
3636 1769 3775 1843 (non
3806 1774 3943 1825 enim
3971 1784 4093 1825 amo

2500 1856 2637 1924 plina
2660 1865 2810 1910 erant
2836 1867 3011 1912 mente
3034 1867 3087 1912 et
3104 1861 3421 1929 cogitatione
3445 1860 3704 1928 homines,
3724 1861 3814 1915 sed
3838 1862 3927 1915 lilii
3952 1856 4048 1916 Dei
4071 1882 4087 1916 :

2503 1947 2653 2000 Dedit
2696 1949 2837 2002 enim
2882 1950 3034 2004 nobis
3065 1949 3295 2005 Verbum
3331 1962 3622 2022 potestatem
3655 1954 3789 2021 ﬁlios
3836 1951 3929 2007 Dei
3972 1954 4089 2022 ﬁeri

2501 2036 2695 2110 [Joau.
2727 2044 2772 2095 l.
2808 2039 2931 2113 l2])
2960 2059 2971 2095 :
3005 2040 3103 2096 Vos
3130 2054 3296 2098 autem
3330 2061 3473 2113 quem
3503 2061 3579 2097 me
3613 2061 3717 2098 esse
3736 2045 3936 2099 dicitis?
3975 2046 4089 2100 lie-

2501 2132 2764 2201 spondent
2782 2148 2885 2187 non
2902 2151 3106 2198 omnes,
3125 2137 3217 2189 sed
3231 2136 3376 2191 solus
3394 2136 3483 2189 Pet
3496 2151 3601 2199 rus,
3625 2146 3826 2190 mentes
3844 2138 4088 2192 oumium

2502 2226 2854 2295 interpretans
2880 2246 2892 2281 :
2926 2227 2998 2280 Tu
3014 2245 3063 2281 es
3086 2228 3331 2291 Christus,
3355 2227 3519 2282 Filius
3543 2229 3639 2283 Dei
3675 2231 3789 2283 vivi.
3812 2230 3973 2298 Cujus
3993 2246 4091 2285 rc-

2500 2318 2679 2385 Sponsi
2722 2320 3089 2373 rectitudinem
3121 2320 3348 2390 probans
3376 2318 3648 2386 Servatur,
3683 2321 4044 2390 pronuntiavit
4072 2362 4089 2387 ,

2500 2408 2720 2463 dicens:
2756 2408 2831 2462 Tu
2861 2426 2910 2463 es
2953 2408 3166 2473 Petrus,
3196 2421 3239 2462 et
3264 2428 3412 2480 super
3443 2412 3572 2464 hanc
3598 2421 3821 2481 petram,
3852 2410 3951 2465 huc
3976 2422 4089 2474 cst,

2502 2500 2890 2554 confessionem
2909 2499 3062 2564 hanc,
3083 2501 3342 2570 aediﬁcabo
3368 2500 3643 2556 Ecclesium
3662 2518 3840 2565 meam,
3862 2510 3908 2554 et
3923 2513 4091 2569 portat

2501 2588 2689 2656 inferni
2738 2607 2837 2644 non
2871 2592 3209 2659 prwvalcbunt
3238 2593 3471 2647 adversus
3498 2610 3606 2647 eam
3637 2592 3844 2659 (.llutth.
3872 2594 3956 2647 lli.
3994 2594 4090 2648 15.

2502 2680 2590 2734 16.
2628 2690 2673 2733 rt
2715 2682 2833 2751 l8).
2879 2682 2957 2734 Ad
3004 2682 3139 2735 hanc
3194 2684 3353 2759 igitur
3393 2686 3626 2753 regulam
3674 2684 3959 2737 etiamnum
4007 2686 4093 2736 in-

2500 2773 2702 2836 venies,
2735 2787 2838 2824 non
2866 2774 2914 2825 in
2943 2774 3145 2827 Joanne
3170 2775 3361 2837 solum,
3394 2774 3485 2827 sed
3515 2775 3563 2827 in
3595 2774 3837 2827 omnibus
3863 2784 3915 2827 ct
3943 2772 4095 2827 vitu-

2504 2865 2648 2933 pcria
2677 2874 2730 2917 et
2761 2864 2963 2919 laudes.
3007 2865 3070 2917 Et
3094 2865 3229 2918 sicut
3259 2880 3352 2933 per
3377 2865 3425 2917 id
3458 2864 3711 2930 temporis
3736 2864 3871 2917 male
3896 2863 4094 2933 loque-

2502 2954 2692 3009 bantur
2720 2956 2785 3009 de
2806 2955 3018 3009 Christo
3042 2965 3195 3024 atque
3226 2955 3724 3024 apostolis‘liphesii
3753 2955 4046 3009 clamantes
4073 2973 4091 3011 :

2509 3044 2581 3097 lli
2602 3056 2735 3109 sunt,
2770 3046 2853 3114 qui
2884 3045 3223 3098 subuerterant
3260 3047 3424 3099 orbem
3454 3054 3697 3099 terrarum
3722 3045 3853 3113 (Act.
3890 3045 3973 3098 l7.
4000 3044 4089 3113 6),

2502 3152 2641 3190 nunc
2668 3146 2841 3191 autem
2890 3145 3170 3190 cessarunt
3199 3138 3335 3191 unde
3378 3137 3547 3206 loqui,
3589 3136 3890 3207 gloriﬁcatis
3918 3136 4090 3205 ipsis:

2504 3229 2581 3281 sic
2623 3229 2856 3296 reperies
2902 3237 3019 3296 post
3064 3228 3200 3282 hanc
3244 3229 3677 3297 generationem,
3726 3228 3982 3283 Joannem
4033 3239 4093 3285 ut

2506 3328 2793 3391 martyrem
2826 3320 3140 3372 honoratum
3188 3319 3284 3386 iri,
3328 3320 3549 3373 mortuis
3575 3319 3672 3383 iis,
3715 3320 3803 3387 qui
3830 3320 3943 3388 ejus
3974 3319 4089 3374 l:tt'-

2504 3410 2656 3464 dibus
2699 3409 2959 3463 adversati
2989 3418 3147 3462 sunt:
3179 3420 3231 3464 et
3259 3411 3574 3480 quicumque
3601 3410 3739 3463 suilli
3782 3418 3873 3463 aut
3910 3409 4093 3465 canini

2502 3508 2644 3565 sunt,
2675 3502 2879 3567 dicent,
2910 3500 3107 3571 Decipit
3140 3502 3402 3567 mundum,
3433 3509 3485 3554 et
3507 3510 3697 3556 caetera
3724 3519 3737 3554 :
3768 3502 4097 3571 quicumque

2501 3602 2676 3644 autem
2704 3591 2984 3659 discipuli,
3025 3606 3147 3647 vere
3184 3600 3235 3645 et
3262 3593 3490 3645 scienter
3529 3592 3698 3660 ipsum
3733 3592 4093 3661 perquirunt,

2502 3681 2761 3747 dicentes,
2791 3681 2867 3734 Tu
2891 3698 2939 3735 es
2962 3680 3207 3745 Christus,
3233 3681 3398 3734 Filius
3428 3680 3518 3734 Dei
3549 3682 3663 3734 vivi.
3697 3680 3752 3733 Si
3783 3690 3959 3735 autem
3986 3683 4099 3735 sub

2503 3773 2784 3825 Servatore
2818 3771 3029 3825 Christo
3066 3771 3201 3825 inter
3245 3780 3319 3825 tot
3352 3771 3517 3823 millia
3552 3769 3846 3835 hominum,
3886 3770 4098 3825 duode-

2504 3865 2606 3917 cim
2640 3864 2786 3915 initio
2817 3862 3010 3914 inventi
3054 3870 3207 3925 sttui,
3246 3862 3333 3929 qui
3363 3859 3630 3913 Christum
3666 3861 3895 3913 scienter
3922 3874 4097 3929 agno-

2504 3954 2676 4006 verint
2696 3995 2709 4017 ,
2739 3968 2855 4005 cmn
2886 3951 3118 4021 plerique
3143 3966 3328 4006 omnes
3354 3952 3640 4004 etiamnum
3669 3951 3926 4005 delireut:
3958 3952 4094 4020 quid

2503 4045 2568 4099 de
2593 4044 2796 4098 Joanne
2836 4046 2990 4098 anxie
3031 4043 3401 4113 disquirimus,
3432 4042 3674 4104 homine,
3706 4042 3795 4111 qui
3836 4040 3899 4095 ad
3926 4040 4095 4096 Chrio

2504 4137 2569 4190 sti
2600 4138 2817 4190 Salivam
2857 4152 2963 4191 non
3002 4136 3243 4190 accessit.
3280 4134 3416 4203 Quid
3460 4144 3636 4188 autem
3674 4135 3822 4200 dico,
3856 4135 3920 4188 ad
3958 4137 4094 4189 sali.

2506 4227 2660 4280 vam?
2690 4243 2757 4281 ne
2786 4226 2849 4279 ad
2882 4227 3139 4281 limbriam
3166 4225 3402 4296 quidem,
3448 4226 3645 4280 Omnes
3693 4225 3833 4279 enim
3877 4235 4093 4296 gentes,

2509 4326 2562 4369 ut
2589 4317 2659 4368 ait
2690 4317 2867 4381 Isaias,
2893 4316 3171 4386 Tamquam
3210 4315 3345 4369 stilla
3383 4316 3566 4381 silulw,
3596 4326 3644 4369 et
3671 4328 3724 4369 ut
3753 4314 3910 4370 saliva
3936 4334 4095 4386 ηρα-

2509 4408 2742 4461 labuntur
2772 4407 2922 4478 (lsai.
2960 4408 3047 4462 40.
3076 4408 3186 4478 15).
3218 4408 3331 4473 Quo
3367 4416 3540 4462 autem
3573 4407 3732 4461 modo
3756 4409 3929 4461 dixisti
3957 4423 4094 4463 con-

2511 4500 2776 4552 tumeliam
2805 4514 2925 4552 eum
2972 4498 3180 4561 fecisse,
3212 4497 3469 4564 ejusmodi
3497 4504 3578 4551 est
3617 4514 3628 4549 :
3662 4495 3833 4565 primo
3871 4497 4091 4565 quidem

2509 4607 2796 4660 numquam
2815 4598 3167 4644 consueverat
3186 4589 3353 4643 cuivis
3379 4588 3533 4641 obvio
3558 4588 3757 4641 facetus
3778 4598 3831 4641 et
3853 4588 4096 4644 urbanus

2508 4697 2646 4743 es<c,
2671 4682 2836 4735 multo
2864 4681 3035 4733 minus
3056 4680 3429 4733 contumeliam
3454 4679 3625 4733 facere
3658 4695 3670 4730 :
3696 4680 3736 4731 si
3766 4694 3894 4732 vero
3921 4696 4093 4747 quos-

2508 4776 2627 4829 dam
2655 4790 2683 4827 e
2705 4773 2969 4842 germanis
3004 4772 3273 4841 discipulis
3301 4772 3431 4836 suis,
3456 4780 3544 4824 aut
3585 4771 3819 4835 clericis,
3851 4782 3940 4824 aut
3975 4774 4092 4840 cpi-

2509 4866 2704 4933 scopis,
2724 4864 3199 4933 vidisset,propter
3230 4860 3450 4930 alicujus
3477 4860 3551 4915 rei
3569 4861 3962 4925 abstinentiam,
3997 4873 4095 4917 aut

2513 4970 2725 5026 propter
2744 4966 2944 5010 rectum
2962 4970 3233 5023 corporeae
3262 4953 3480 5021 alicujus
3507 4954 3715 5007 virtutis
3745 4968 3877 5023 opus
3895 4967 4091 5021 super-

2512 5048 2653 5110 bire;
2688 5046 2827 5113 ipsos
2866 5044 3169 5114 obiurgans,
3199 5042 3477 5097 contrariis
3520 5042 3823 5098 nominibus
3855 5043 4095 5111 appelln-

2512 5136 2598 5190 hat
2628 5154 2640 5189 :
2670 5135 2829 5189 veluti
2875 5151 3023 5203 aqua:
3064 5144 3299 5203 potorem
3343 5134 3630 5197 ebriosum,
3660 5146 3713 5189 et
3742 5136 3868 5192 nihil
3921 5135 4089 5203 possi-

2510 5229 2720 5284 dentem
2755 5225 2982 5281 habendi
3012 5225 3125 5295 plus
3145 5226 3481 5296 cupidum,et
3502 5228 3897 5283 misericordem
3918 5227 4092 5285 furem

2514 5324 2814 5375 nominans.
2848 5322 2969 5375 Hinc
2986 5322 3127 5377 enim
3152 5323 3379 5390 gratiosa
3407 5332 3489 5377 est
3529 5324 3873 5379 institutionis
3918 5325 4092 5405 forma

2514 5432 2635 5485 erga
2660 5430 2813 5470 veros
2834 5416 3141 5484 discipulos,
3171 5430 3265 5484 per
3284 5431 3345 5469 ea
3376 5431 3493 5485 quas
3516 5433 3620 5472 non
3652 5419 3850 5482 insunt,
3878 5434 3938 5472 ea
3970 5434 4095 5489 quae

2515 5506 3024 5575 ‘nsnntapprobarc.
3048 5505 3309 5560 Cmterum
3357 5507 3459 5563 hoc
3498 5518 3700 5563 certum
3749 5518 3849 5575 est,
3889 5518 4096 5579 tempo-

2518 5610 2721 5652 rantem
2749 5598 3139 5653 adolescentem
3171 5598 3333 5666 pluris
3362 5600 3677 5666 :est‘imabat,
3709 5615 3865 5668 quam
3894 5601 4090 5654 intem-

2516 5702 2787 5762 perautcm
2810 5700 3089 5758 senem,et
3108 5704 3289 5747 senem
3338 5692 3571 5749 discendi
3613 5693 3881 5765 cupidum,
3930 5710 4091 5765 quam
