4264 6306
250 363 315 419 69
1284 363 1375 418 DE
1417 362 1572 418 V'lTA
1612 363 1672 419 S.
1711 360 1991 418 JOANNIS
2027 361 2520 423 CllRYSOSTOMI.
3472 372 3538 425 τυ

253 476 654 530 adolescentem
687 475 1048 545 iudoctum,et
1073 477 1286 530 idiotatn
1314 477 1442 533 nihil
1462 476 1843 548 possidentem,

252 581 409 635 quam
435 567 658 622 doctum
685 569 925 638 pecunia:
949 568 1182 628 avidum.
1215 578 1372 637 atque
1403 570 1709 624 secularem
1739 569 1846 621 vir-

251 666 369 713 tute
401 661 706 730 praeditum,
733 677 892 731 quam
916 661 1229 716 monachum
1259 663 1483 716 inertem
1511 677 1573 716 ac
1591 663 1843 716 otiosum.

250 753 382 818 Qua:
409 750 551 806 forte
563 753 1114 807 conturneliasvocant
1127 753 1217 821 qui
1236 753 1470 807 honores
1482 760 1752 806 sectantur
1767 770 1780 805 :
1797 765 1850 805 et

249 840 622 904 quidem,cum
637 842 907 909 Scriptura
921 843 1266 896 contumelias
1277 843 1610 911 aliquatenus
1629 842 1842 906 habeat,

249 932 455 986 Joanne
479 933 698 1000 quidem
729 933 938 986 dicente
980 935 1042 986 iis
1062 975 1076 998 ,
1107 934 1193 1001 qui
1224 933 1290 985 ad
1331 948 1388 985 se
1416 932 1758 996 accedebant,
1790 939 1846 984 ut

251 1023 593 1077 docerentur.
636 1022 901 1076 Genimina
944 1025 1259 1092 viperarum,
1303 1025 1412 1091 quis
1456 1023 1589 1076 vobis
1633 1022 1847 1075 ostendit

251 1118 428 1183 fugere
456 1132 487 1166 a
531 1123 737 1167 ventura
778 1114 854 1166 ira
888 1113 1034 1182 (Luc.
1070 1115 1119 1168 5.
1153 1114 1240 1181 7)?
1268 1123 1322 1166 et
1364 1114 1525 1166 Paulo
1569 1127 1752 1165 rursus
1795 1112 1845 1165 in

251 1207 399 1258 Actis
422 1204 798 1273 Apostolorum
821 1206 1030 1259 dicente
1054 1205 1282 1272 pontiﬁci
1307 1223 1319 1257 :
1349 1204 1595 1257 Percutiet
1618 1215 1664 1256 te
1685 1203 1844 1266 Deus,

251 1296 420 1363 paries
455 1295 688 1349 dealbate
712 1296 844 1364 (Act.
882 1297 970 1349 ‘23.
997 1298 1054 1364 5)
1080 1314 1092 1348 :
1127 1306 1178 1350 ct
1207 1297 1415 1350 dicente
1445 1296 1634 1350 alicubi
1663 1295 1846 1350 Serva-

253 1394 366 1436 tore
395 1384 633 1438 Judzris:
667 1383 931 1437 Generatio
957 1400 1111 1452 prava
1143 1393 1189 1436 et
1226 1384 1456 1436 adultera
1479 1385 1678 1452 signum
1711 1399 1847 1451 qua:-

251 1471 313 1522 rit
341 1470 558 1542 (Matth.
591 1475 672 1527 l2.
699 1474 787 1541 59)
817 1490 829 1526 :
861 1484 912 1526 et
938 1474 1060 1527 alibi
1087 1475 1289 1527 cunctis
1307 1473 1562 1540 apostolis
1589 1491 1600 1525 '.
1637 1473 1681 1524 0
1703 1474 1847 1525 stulti

250 1570 296 1612 et
322 1562 460 1614 tardi
489 1563 638 1616 corde
665 1562 814 1631 (Luc.
847 1561 938 1617 24.
969 1562 1061 1634 25)
1087 1582 1100 1616 :
1127 1575 1179 1617 et
1208 1563 1330 1616 alibi
1363 1560 1842 1616 PetrutnSatanam

251 1653 564 1707 nontinante
588 1671 600 1705 :
640 1652 777 1707 Vade
802 1665 916 1722 post
946 1653 1266 1716 me,Satana,
1291 1653 1524 1716 quoniam
1547 1652 1844 1704 scandalum

248 1743 376 1795 sui/ii
396 1761 450 1797 es
477 1743 670 1814 (Matth
717 1744 802 1798 l6.
829 1743 920 1814 25)
951 1761 963 1796 :
991 1758 1108 1797 cum
1135 1743 1275 1796 nulla
1301 1742 1476 1809 gravis
1497 1757 1652 1795 causa
1677 1751 1840 1804 esset,

243 1833 320 1886 ob
349 1849 510 1902 quam
544 1833 625 1887 ba:
651 1834 988 1887 contumeliae
1025 1832 1234 1886 ﬁerent.
1263 1833 1439 1900 Itaque
1467 1847 1589 1885 cum
1632 1829 1844 1884 silentio

243 1924 497 1978 discendi
525 1925 848 1978 desiderium
877 1924 1284 1991 amplectamur,
1311 1925 1400 1993 qui
1428 1937 1531 1975 non
1559 1934 1844 1991 possumus

248 2015 522 2081 spiritales
549 2014 856 2084 dijudicare.
885 2013 1067 2084 Neque
1103 2017 1243 2068 enim
1281 2015 1405 2067 odio
1431 2013 1685 2068 habentes
1715 2027 1845 2067 con-

239 2104 500 2157 tumelias
543 2103 772 2168 faciunt,
816 2119 988 2172 neque
1028 2102 1193 2156 inﬂati
1237 2102 1577 2156 solitudinem
1620 2111 1841 2157 sectan-

239 2203 357 2259 tur,
390 2193 566 2246 omnia
611 2194 762 2247 utilia
801 2208 864 2247 ex
906 2192 1128 2247 caritate
1164 2191 1438 2245 facientes.
1480 2191 1648 2260 Hujus
1685 2192 1844 2260 igitur

245 2283 328 2336 rei
373 2283 544 2352 gratia
585 2286 743 2338 etiam
789 2283 858 2348 ii,
918 2284 1005 2352 qui
1052 2284 1103 2336 in
1149 2283 1313 2336 sacris
1353 2280 1642 2350 Scripturis
1691 2281 1843 2350 probi

243 2383 306 2426 et
343 2373 572 2427 studiosi
614 2373 764 2427 nobis
816 2373 964 2426 relati
1014 2382 1173 2437 sunt,
1216 2371 1549 2426 indoctorum
1600 2385 1844 2440 congres-

245 2477 370 2516 sum
399 2461 598 2533 fugisse
627 2472 682 2518 et
707 2462 999 2517 declinasse
1039 2463 1392 2526 inveniuntur,
1425 2478 1489 2515 nc
1522 2462 1672 2531 lapsu
1713 2471 1845 2515 tem-

247 2553 400 2621 poris
440 2553 510 2606 ob
544 2567 662 2606 eam
693 2552 1127 2606 consuetudinem
1159 2564 1246 2604 aut
1275 2553 1472 2621 aliquid
1501 2552 1710 2605 virtutis
1744 2552 1841 2606 de-

245 2644 567 2711 perderent,
610 2653 699 2697 aut
746 2645 1012 2712 quidpiam
1061 2659 1244 2698 eorum
1283 2644 1640 2712 improbitatis
1684 2645 1738 2697 in
1784 2657 1843 2698 se

237 2737 600 2790 attraherer.‘-..
630 2735 787 2790 Sarra
821 2738 916 2804 prii
941 2753 966 2791 r
1011 2745 1257 2804 precotur
1283 2739 1452 2791 virum
1498 2754 1650 2791 suum
1680 2739 1842 2792 Abra-

245 2825 502 2888 bamum,
559 2835 616 2879 ut
678 2826 841 2879 filium
900 2827 1104 2880 ancillae
1156 2828 1329 2882 adhuc
1383 2828 1839 2884 adolescentulum

241 2916 518 2969 communi
549 2916 662 2970 lare
690 2927 898 2970 arceret
927 2935 938 2968 :
975 2917 1246 2986 indignum
1281 2919 1422 2972 enim
1457 2918 1708 2987 putabat,
1749 2921 1840 2989 qui

243 3020 372 3058 cum
408 3004 517 3059 ﬁlio
552 3019 652 3060 suo
689 3004 871 3060 lsaaco
897 3006 1138 3073 luderet,
1184 3024 1248 3062 ne
1289 3008 1424 3064 forte
1466 3011 1662 3064 mutuis
1691 3011 1841 3066 oble-

241 3096 533 3148 ctamentis
563 3096 616 3148 in
642 3095 760 3164 ejus
791 3112 964 3151 mores
993 3113 1054 3151 ac
1081 3098 1249 3151 studia
1278 3101 1653 3155 attraheretur.
1677 3100 1842 3156 Jacob

246 3200 382 3239 vero
407 3195 460 3238 et
495 3186 609 3254 ipse
641 3185 759 3256 fuga
787 3187 1010 3241 salutem
1055 3189 1266 3256 qumrit,
1311 3190 1362 3242 in
1407 3190 1841 3260 Mesopotamiam

224 3274 735 3341 '[ieregrinationem
760 3275 1080 3346 suscipiens.
1113 3278 1177 3330 Et
1204 3277 1303 3331 Lot
1332 3280 1398 3332 ab
1422 3280 1623 3348 angelis
1652 3281 1844 3335 suade-

242 3375 338 3418 tur
367 3365 665 3435 demigrare
692 3367 759 3420 ab
789 3367 963 3436 impiis
1005 3367 1311 3423 Sodotnitis.
1360 3368 1464 3424 Sed
1512 3381 1565 3425 et
1609 3372 1838 3444 Moyses,

247 3467 306 3510 ut
333 3459 476 3525 prius
503 3459 640 3523 dixi,
673 3475 895 3529 magnus
915 3463 1001 3529 qui
1035 3460 1150 3523 fuit,
1197 3472 1249 3516 et
1277 3461 1418 3517 ﬁlius
1453 3463 1575 3519 filia:
1607 3465 1842 3520 Pharao-

246 3547 336 3603 nis
356 3549 457 3600 dici
489 3549 775 3616 recusavit,
798 3561 1065 3612 monetur,
1087 3562 1142 3604 ut
1167 3553 1378 3606 secedat
1404 3568 1432 3607 a
1456 3563 1681 3624 tyranno
1699 3557 1841 3624 ejus-

243 3653 354 3704 que
383 3638 682 3701 satellibus,
715 3649 768 3693 et
796 3639 1078 3705 excitatur,
1106 3652 1164 3694 ut
1190 3644 1290 3696 sibi
1321 3647 1719 3702 consentientes
1751 3663 1840 3700 se-

243 3744 368 3781 cum
395 3729 646 3795 abducat,
675 3744 727 3784 et
756 3731 823 3783 de
849 3731 992 3784 exitu
1021 3734 1234 3802 cogitet.
1256 3733 1366 3788 lmo
1387 3736 1545 3790 etiam
1568 3738 1841 3807 propheta:

246 3819 615 3886 improborum
644 3820 1030 3875 multitudinem
1059 3824 1342 3888 evitantes,
1376 3825 1426 3878 in
1455 3825 1680 3881 desertis
1707 3829 1842 3884 locis

243 3912 446 3976 κυρίας
466 3910 732 3976 vixerunt,
758 3910 1040 3980 dequibus
1056 3913 1338 3981 Apostolus
1363 3917 1437 3968 ait
1461 3931 1474 3966 :
1501 3914 1568 3969 In
1601 3917 1840 3971 solitudi-

241 3997 395 4052 nibus
413 4008 659 4064 errantes,
692 4001 744 4052 in
767 3999 1016 4054 utentibus
1041 4012 1086 4054 et
1106 4003 1377 4070 speluncis,
1407 4013 1556 4074 atque
1580 4006 1631 4058 in
1669 4023 1840 4060 caver-

241 4089 329 4140 nis
349 4098 496 4141 terra:
518 4087 672 4158 (Heb.
701 4090 786 4153 ll,
815 4089 928 4160 38),
953 4091 1022 4143 ob
1045 4091 1327 4160 impiorum
1355 4093 1560 4148 scilicet
1579 4097 1840 4150 commix-

241 4179 450 4232 tionem
479 4196 492 4231 :
520 4179 756 4250 alioquin
781 4181 1203 4251 scientes,quam
1234 4182 1389 4236 facile
1418 4187 1586 4252 possit
1605 4201 1838 4242 consue-

242 4268 374 4323 tudo
405 4268 611 4334 fallere,
640 4279 692 4323 et
721 4270 876 4324 simul
903 4282 1282 4328 conversantes
1316 4274 1368 4327 in
1396 4274 1584 4329 eadem
1628 4287 1836 4344 pertra-

239 4362 398 4416 here.
437 4361 620 4431 Neque
646 4361 696 4416 id
726 4363 917 4428 modo;
947 4379 1133 4418 verum
1171 4366 1296 4434 quia
1327 4366 1440 4435 ipse
1471 4382 1567 4434 per
1608 4382 1666 4422 se
1712 4384 1839 4424 con-

239 4465 463 4519 gressus
482 4452 847 4521 vituperabilis
866 4465 950 4508 est
986 4463 1145 4523 atque
1165 4456 1439 4520 exitiosus,
1461 4465 1717 4524 praeterea
1745 4475 1840 4513 au-

243 4557 357 4598 tem
400 4552 458 4598 et
497 4547 682 4616 turpis.
710 4544 822 4600 Non
852 4547 993 4600 enim
1013 4561 1045 4600 a
1071 4557 1256 4602 natura
1280 4548 1458 4614 habet,
1482 4549 1532 4603 id
1564 4551 1704 4620 quod
1731 4567 1836 4606 non

239 4636 504 4703 oblectat,
534 4637 819 4701 susunere,
852 4639 959 4691 imo
985 4653 1053 4692 ne
1079 4638 1162 4692 vel
1211 4639 1479 4694 modicum
1533 4640 1606 4694 illi
1656 4641 1838 4696 immo

242 4727 354 4781 rari
387 4743 402 4778 :
438 4742 560 4780 nam
590 4727 764 4782 simile
784 4727 945 4782 simili
971 4743 1183 4798 semper
1205 4744 1388 4784 carum
1415 4739 1592 4795 est,ut
1619 4731 1832 4787 dicitur:

245 4816 414 4869 Omne
431 4816 624 4870 animal
634 4817 796 4870 simile
806 4817 969 4887 diligit
981 4815 1170 4886 (Eccli.
1181 4820 1202 4872 l
1215 4819 1388 4888 5.19);
1403 4819 1644 4874 dissimili
1657 4830 1834 4876 autem

243 4901 522 4961 inimicum
547 4917 648 4972 est,
665 4915 822 4976 atque
841 4908 1093 4962 alienum.
1117 4908 1245 4973 Quis
1259 4910 1401 4964 enim
1420 4925 1669 4980 umquam
1695 4911 1838 4966 indu-

241 5007 328 5053 cct
348 4999 795 5068 co!umbam,qo:e
812 5013 974 5068 grana
997 4999 1138 5070 legit,
1151 5009 1242 5054 aut
1261 5003 1692 5070 turturem,pasci
1714 5019 1833 5058 cum

243 5087 424 5142 milvis
443 5096 535 5141 aut
547 5088 727 5140 corvis
739 5089 1052 5152 carnivorts,
1064 5098 1155 5142 aut
1171 5089 1512 5144 herbivorum
1529 5106 1771 5148 anserem
1785 5104 1838 5149 et

241 5193 428 5246 gruem
457 5193 579 5230 cum
605 5163 897 5230 vulturibus
928 5179 1126 5231 ossium
1170 5179 1450 5234 voracibus
1479 5184 1790 5251 congregari
1815 5184 1837 5235 ?

244 5269 375 5334 Qua:
399 5267 543 5323 enim
572 5268 799 5323 societas
831 5269 932 5322 luci
953 5268 1018 5324 ad
1043 5269 1314 5335 tenebras,
1339 5279 1429 5324 aut
1454 5272 1630 5325 virtuti
1657 5273 1722 5325 ad
1751 5275 1832 5326 vi-

247 5360 408 5420 tium,
437 5367 492 5412 et
520 5357 702 5427 probis
728 5357 793 5412 ad
823 5359 1130 5428 improbos?
1161 5360 1310 5414 Duc.
1354 5361 1631 5427 Quomodo
1676 5363 1835 5431 igitur

245 5444 710 5512 Apostolusdicit:
747 5446 934 5501 Factus
976 5465 1087 5502 sum
1128 5449 1356 5502 omnibus
1399 5451 1604 5514 omnia;
1633 5449 1832 5505 luditis

246 5548 502 5590 tumcum
536 5537 754 5592 Iudaeus
777 5531 873 5604 ,ω
911 5538 1124 5592 Judwos
1179 5540 1565 5608 lucri/acerem;
1614 5543 1830 5610 inﬁrmis

247 5639 498 5697 tamquam
527 5628 784 5696 inﬁrmus,
807 5638 858 5681 ut
879 5629 1224 5699 lucrifacere»:
1245 5631 1504 5698 inﬁrmos;
1533 5632 1596 5684 iis
1611 5633 1697 5700 qui
1723 5634 1830 5686 sine

248 5725 351 5786 tege
386 5728 548 5782 erant,
580 5727 834 5786 tamquam
864 5718 907 5770 si
934 5719 1040 5771 sine
1069 5719 1175 5786 lege
1199 5736 1376 5781 essent,
1401 5727 1452 5770 ut
1479 5720 1829 5789 lurrifacerem

1958 494 2060 545 eos,
2090 480 2176 549 qui
2198 479 2307 532 sine
2335 481 2441 549 lege
2480 489 2620 532 erant
2647 480 2722 547 (Ι.
2766 479 2881 532 Cor.
2913 480 2964 534 9.
2989 481 3076 535 20.
3100 482 3232 547 2f)?
3275 485 3365 538 Ειι.
3398 486 3538 538 Istud

1958 575 2338 629 testimonium,
2358 586 2391 623 o
2423 571 2652 623 virorum
2682 572 2902 640 optime,
2926 572 3056 626 nihil
3082 572 3148 626 ad
3178 589 3240 626 ea
3262 590 3381 641 qua:
3399 574 3539 629 dicta

1956 666 2113 722 sunt,
2143 660 2365 713 confert.
2406 660 2519 712 Non
2575 661 2714 714 enim
2760 662 2952 715 Paulus
2989 663 3157 725 dixit,
3183 663 3374 718 Factus
3421 679 3537 720 sum

1959 749 2344 816 negligentibus
2376 750 2643 818 negligens
2661 790 2677 815 ,
2702 761 2790 803 aut
2811 752 3035 820 garrulis
3060 753 3304 821 garrulus
3323 794 3338 819 ,
3367 755 3542 808 avaris

1957 853 2166 902 avarus,
2195 850 2285 892 aut
2331 841 2452 906 quid
2485 841 2825 908 hujusmodi;
2860 842 2951 894 sed
2972 883 2986 905 ,
3019 841 3215 897 Factus
3257 858 3372 896 sum
3398 854 3540 896 tam-

1957 945 2116 994 quam
2142 928 2241 981 hoe
2271 929 2351 983 vel
2403 930 2567 998 illud,
2607 946 2712 983 non
2755 931 3226 995 hoc:illudenim,
3262 933 3540 1001 Tamquam

1957 1017 2077 1080 hoc,
2104 1034 2208 1072 non
2239 1019 2381 1072 idem
2413 1029 2526 1084 est,
2551 1036 2613 1073 ac
2645 1020 2764 1075 hoc.
2797 1021 2922 1074 Tale
2962 1033 3136 1076 autem
3167 1033 3276 1090 est,
3306 1024 3444 1094 quod
3474 1025 3542 1077 ab

1958 1111 2304 1179 Apostolotit,
2323 1121 2413 1163 aut
2438 1111 2630 1164 dicitur
2653 1129 2664 1163 :
2693 1113 2842 1180 cujus
2872 1113 3280 1179 condesceusus,
3305 1114 3404 1168 etsi
3431 1129 3537 1169 non

1955 1214 2200 1268 magnum
2226 1201 2641 1255 emolumentum
2667 1202 2715 1254 in
2744 1218 2800 1256 se
2825 1202 3054 1257 habebat
3077 1246 3090 1264 .
3121 1206 3320 1257 nullum
3349 1205 3536 1258 saltem

1957 1288 2214 1342 inferebat
2238 1290 2636 1344 detrimentum.
2673 1290 2861 1344 Factus
2890 1293 3020 1346 enim
3049 1309 3158 1345 sum
3184 1293 3380 1347 Juda'is
3405 1302 3538 1346 tant-

1953 1395 2102 1447 quam
2144 1379 2394 1446 Judwus,
2445 1380 2726 1436 utJuda'os
2764 1384 3127 1452 lucrifacerem.
3160 1385 3368 1437 Etenim
3415 1399 3537 1438 cum

1955 1485 2018 1524 ex
2047 1470 2241 1525 Judceis
2281 1483 2452 1535 esset,
2494 1474 2839 1528 circumcisus
2887 1485 3038 1529 erat:
3071 1477 3337 1544 qttomodo
3385 1477 3540 1544 igitur

1956 1560 2114 1626 dicit,
2146 1559 2426 1632 Tamquam
2459 1561 2671 1616 Judwus
2691 1604 2705 1627 ,
2735 1575 2788 1617 et
2831 1564 3219 1626 non,.lud:eus?
3245 1565 3354 1620 Una
3394 1568 3536 1619 enim

1955 1654 2230 1707 sabbatum
2256 1655 2533 1709 celebrans
2561 1665 2614 1709 et
2649 1671 2751 1708 una
2784 1655 3030 1725 jejunans
3073 1659 3265 1725 smpins
3301 1659 3537 1711 invenie-

1953 1745 2126 1809 batur,
2176 1760 2281 1798 non
2338 1755 2515 1799 tamen
2554 1747 2753 1798 violans
2783 1755 3044 1814 prmcepta
3089 1747 3432 1801 Servatoris:
3480 1757 3538 1802 ut

1948 1837 2328 1890 consuetudine
2351 1852 2472 1889 cum
2498 1837 2577 1890 eis
2605 1845 2657 1890 et
2683 1838 2936 1890 comitatu
2962 1837 3027 1890 ad
3064 1836 3429 1905 perfectiorem
3448 1851 3538 1891 co-

1949 1927 2236 1996 gnitionem
2273 1942 2379 1986 eos.
2405 1927 2695 1980 attraheret
2723 1943 2736 1979 :
2765 1927 2902 1980 sicut
2939 1926 3129 1980 medici
3173 1925 3404 1990 faciunt,
3445 1928 3535 1994 qui

1951 2015 2109 2083 aegris
2138 2029 2242 2068 non
2269 2030 2482 2085 semper
2504 2017 2731 2081 adsunt,
2765 2032 2862 2070 nec
2887 2016 3074 2071 eodem
3097 2033 3200 2086 quo
3229 2018 3326 2086 ipsi
3351 2017 3538 2071 morbo

1949 2105 2192 2160 laborant
2216 2145 2231 2170 ,
2263 2122 2436 2175 neque
2463 2106 2648 2160 iisdem
2677 2108 3087 2176 appetitionibns
3106 2110 3394 2177 agitantur.
3425 2108 3537 2162 Hoc

1949 2195 2091 2248 enim
2123 2196 2242 2248 vitm
2264 2196 2561 2250 institutum
2592 2198 2844 2266 magistro
2869 2199 3148 2262 convenit,
3181 2209 3388 2266 tempus
3417 2212 3538 2251 cum

1950 2285 2284 2340 multitudine
2327 2301 2431 2339 non
2485 2295 2672 2351 terere,
2713 2286 2808 2341 sed
2853 2287 3026 2355 quiete
3056 2296 3110 2342 et
3157 2288 3380 2341 sollicite
3412 2303 3536 2358 per-

1948 2375 2159 2442 quirere
2201 2376 2399 2428 variam
2454 2392 2659 2429 morum
2709 2387 2865 2444 atque
2912 2377 3240 2444 ingeniorum
3285 2375 3532 2432 diﬁ‘ercn-

1950 2463 2116 2527 tiam,
2176 2465 2310 2518 sicut
2362 2466 2514 2533 periti
2569 2467 2754 2519 medici
2822 2465 3040 2519 faciunt.
3097 2466 3226 2519 Nam
3279 2467 3348 2520 illi
3394 2483 3537 2536 εει-ρο

1947 2553 2097 2608 libris
2159 2555 2536 2622 immorantes,
2584 2558 2890 2612 morborum
2951 2574 3138 2612 causas
3198 2559 3533 2629 prmdicunt.

1947 2654 2001 2698 et
2044 2645 2278 2698 remedia
2335 2647 2565 2709 tradunt.
2605 2656 2809 2701 tantum
2857 2663 2979 2701 cum
3024 2649 3181 2715 :cgris
3219 2660 3532 2714 versantes,

1947 2742 2202 2803 quantum
2235 2736 2429 2788 sufﬁcit
2450 2735 2513 2789 ad
2541 2736 2910 2791 inveniendam
2939 2751 3153 2791 cauSam
3182 2739 3372 2803 morbi,
3398 2751 3449 2793 et
3469 2742 3536 2792 ad

1948 2824 2240 2878 remedium
2276 2825 2632 2879 adhibendum
2656 2868 2670 2891 ,
2707 2841 2805 2879 nec
2840 2841 2958 2879 cum
2996 2827 3124 2895 ipsis
3155 2827 3392 2882 ludentes
3435 2844 3535 2885 nec

1947 2914 2287 2982 prandentes.
2321 2915 2445 2969 ηερε
2473 2917 2612 2969 enim
2645 2916 2862 2969 medica:
2894 2917 3101 2971 virtutis
3143 2918 3399 2985 professio
3431 2933 3535 2972 non

1946 3014 2048 3067 est,
2067 3019 2185 3058 cum
2204 3006 2354 3074 aegris
2367 3005 2636 3060 convivari
2655 3015 2745 3059 aut
2775 3007 2973 3070 ludere,
2999 3009 3090 3061 sed
3104 3019 3446 3079 avgrotautem
3467 3009 3534 3063 ad

1946 3092 2225 3147 sanitatem
2255 3094 2528 3148 redu0ere.
2547 3096 2734 3150 Desine
2759 3097 2936 3164 igitur,
2955 3113 3157 3167 qumso,
3185 3109 3240 3154 et
3269 3100 3335 3153 de
3365 3101 3447 3155 bis
3469 3116 3536 3155 ne

1946 3184 2175 3252 amplius
2193 3183 2428 3254 disquire
2447 3227 2459 3243 .
2489 3200 2608 3239 cum
2638 3187 2808 3239 virtus
2845 3204 3132 3258 numquam
3158 3190 3398 3244 vincatur
3423 3195 3536 3245 oris

1945 3274 2162 3329 eﬁ’renis
2193 3274 2466 3332 hominum
2495 3276 2798 3348 vituperiis;
2831 3281 2923 3333 scd
2970 3282 3146 3350 potius
3189 3281 3315 3334 mihi
3353 3283 3534 3347 crede,

1946 3376 1999 3420 et
2037 3367 2253 3420 auribus
2305 3369 2406 3420 tuis
2456 3370 2710 3422 ostiarum
2757 3371 3058 3438 prmstitue,
3099 3379 3157 3425 ut
3204 3387 3273 3426 ne
3319 3387 3534 3427 omnem

1946 3471 2246 3510 sermonem
2295 3457 2607 3523 admittant,
2652 3469 2812 3528 atque
2860 3460 2994 3513 intra
3052 3462 3318 3529 penetrale
3369 3464 3537 3517 suscio

1948 3545 2114 3615 piant,
2141 3546 2231 3615 qui
2265 3557 2495 3602 mentem
2523 3556 2667 3600 tuam
2696 3549 2986 3615 perturbet.
3014 3550 3078 3603 fit
3108 3550 3235 3603 mihi
3268 3554 3536 3618 permitte,

1946 3650 2006 3690 ea
2029 3652 2148 3706 qua:
2170 3635 2291 3690 huic
2313 3638 2601 3692 narrationi
2620 3639 2814 3693 desunt
2835 3640 3127 3710 adimplere
3149 3641 3370 3695 :festino
3393 3643 3533 3696 enim

1947 3726 2051 3780 iter
2066 3741 2243 3780 meum
2265 3727 2544 3797 perﬁcere.
2575 3728 2724 3782 Tunc
2755 3728 3065 3784 Theodorus
3087 3733 3286 3800 inquit:
3309 3731 3534 3788 Ubinam

1946 3832 2071 3873 sunt
2095 3820 2326 3888 episcopi
2353 3859 2368 3884 ,
2398 3820 2488 3888 qui
2514 3835 2636 3874 cum
2659 3822 2855 3874 nostris
2886 3822 3032 3874 missi
3063 3831 3215 3886 sunt,
3248 3823 3494 3894 Eulysius
3514 3863 3532 3890 ,

1949 3908 2234 3974 Palladius,
2253 3909 2504 3978 Cyriacus
2530 3917 2586 3962 et
2608 3909 2734 3964 Dem
2748 3910 2950 3964 etrius?
2976 3912 3201 3965 obscure
3227 3914 3421 3982 quippe
3439 3928 3532 3968 au-

1945 3997 2172 4052 divimus
2190 3999 2242 4052 in
2268 3999 2511 4052 exsilium
2534 4000 2724 4052 missos
2752 4015 2890 4054 esse.
2918 4001 3093 4054 Ertsc.
3126 4001 3181 4055 Si
3203 4002 3375 4070 priora
3401 4003 3485 4055 illa
3505 4043 3521 4067 ,

1949 4104 2068 4157 qua:
2088 4103 2117 4141 a
2137 4090 2288 4143 nobis
2304 4089 2515 4143 audiisti
2529 4090 2596 4144 de
2617 4091 3157 4155 beatoJoanne,clara
3174 4103 3220 4146 et
3241 4094 3521 4152 manifesta

1948 4181 2039 4234 tibi
2059 4190 2203 4246 sunt,
2221 4181 2350 4234 nihil
2383 4181 2628 4235 habentia
2651 4182 2932 4247 mendacii,
2953 4192 3111 4253 atque
3141 4185 3184 4237 si
3213 4200 3399 4240 eorum
3424 4203 3527 4242 me-

1945 4270 2142 4325 ministi
2168 4310 2184 4336 ,
2218 4273 2447 4327 narrabo
2476 4273 2632 4326 etiam
2656 4288 2750 4335 ea,
2776 4272 2842 4327 de
2875 4274 3067 4343 quibus
3095 4290 3182 4331 tne
3211 4278 3530 4349 interrogas,

2015 4360 2146 4416 Cn.
2176 4378 2264 4415 xx.
2293 4392 2364 4402 —
2388 4363 2536 4417 Duc.
2573 4363 2645 4417 Ita
2673 4363 2885 4418 abunde
2912 4380 3197 4434 persuasus
3230 4383 3373 4436 sum,
3397 4379 3533 4426 tam~

1945 4468 2102 4522 quam
2120 4453 2164 4506 si
2179 4468 2412 4520 pratsens
2430 4456 2558 4508 locis
2579 4456 2707 4523 ipsis
2726 4456 3034 4512 adfuissem.
3052 4459 3334 4514 Sufﬁciens
3349 4472 3529 4518 autem

1947 4559 2079 4598 mea:
2103 4547 2462 4614 persuasionis
2491 4547 2744 4601 indicium
2771 4548 2864 4601 tibi
2889 4550 2958 4602 sit
2987 4551 3212 4605 attentio
3237 4552 3303 4607 ad
3324 4569 3387 4608 ea
3410 4570 3528 4625 qu:e

1943 4635 2082 4690 dicta
2105 4645 2248 4701 sunt,
2269 4653 2496 4708 quorum
2526 4639 2698 4693 adhuc
2719 4642 2936 4696 auribus
2956 4643 3291 4700 insonantem
3325 4663 3526 4702 memo-

1943 4727 2076 4780 riam
2107 4725 2308 4781 habens
2333 4769 2345 4790 ,
2374 4727 2508 4782 forte
2538 4729 2737 4798 scripto
2762 4746 2822 4784 ea
2846 4732 3116 4787 mandabo
3143 4734 3192 4787 in
3220 4736 3530 4792 membrana

1943 4817 2139 4887 optima
2162 4828 2460 4875 atramento
2494 4820 2782 4889 descripta.
2811 4823 2878 4877 ad
2909 4828 3218 4879 memoriam
3250 4827 3528 4885 hominum

1942 4909 2114 4962 aetatis
2134 4919 2353 4976 nostrae,
2377 4921 2532 4980 atque
2550 4912 2828 4966 utilitatem
2852 4928 3037 4968 eorum
3056 4917 3143 4984 qui
3165 4918 3526 4988 episcopatum

1941 4997 2277 5064 desiderant;
2304 5010 2362 5054 ut
2380 5003 2485 5055 sint
2514 5003 2808 5057 secundum
2835 5004 3047 5059 beatum
3070 5006 3329 5064 Joannem
3357 5021 3411 5065 et
3434 5026 3527 5066 eos

1943 5086 2098 5157 hujus
2141 5091 2415 5158 temporis,
2466 5092 2556 5160 qui
2609 5107 2705 5160 pro
2758 5095 2985 5147 veritate
3029 5106 3322 5167 martyrum
3381 5099 3522 5154 viam

1950 5179 2172 5232 simulati
2215 5188 2360 5242 sunt,
2415 5191 2506 5234 aut
2552 5181 2805 5236 desinant
2847 5197 2985 5237 onus
3027 5200 3188 5253 supra
3216 5188 3358 5242 vires
3400 5205 3527 5249 suas

1943 5279 2172 5334 portare,
2214 5271 2400 5324 laicam
2446 5279 2500 5324 et
2530 5272 2752 5339 periculi
2795 5282 3069 5342 expertem
3120 5277 3280 5330 vitam
3319 5281 3524 5348 amplo-

1939 5368 2162 5413 (tcntes.
2193 5359 2415 5414 Praestat
2433 5362 2572 5415 enim
2596 5363 2733 5431 apud
2753 5366 2951 5432 peritos
2974 5366 3378 5437 gubernatores,
3398 5371 3525 5427 dato

1942 5450 2098 5504 naulo
2123 5461 2364 5507 vectores
2389 5453 2566 5507 salvos
2590 5455 2840 5521 evadere,
2863 5472 3023 5525 quam
3050 5459 3424 5528 gubernatoris
3437 5464 3521 5517 lo-

1940 5555 2058 5593 cum
2085 5552 2356 5597 sumentes
2376 5583 2390 5606 ,
2420 5558 2606 5598 navem
2634 5559 2755 5597 cum
2793 5546 3060 5601 mercibus
3083 5549 3360 5619 naufragio
3397 5566 3520 5620 pcr-

1939 5631 2087 5685 dere.
2122 5631 2212 5689 llis
2241 5632 2398 5703 igitur
2431 5633 2498 5689 de
2529 5635 2686 5691 beato
2707 5636 2914 5691 Joanne
2943 5642 3218 5708 expositis.
3251 5642 3519 5711 quomodo

1941 5723 2260 5778 severiorem
2291 5726 2450 5778 vitam
2479 5728 2796 5789 exercuerit,
2823 5736 2876 5781 et
2897 5729 3167 5797 quomodo
3190 5730 3240 5784 in
3271 5729 3527 5790 Ecclesiis
