4264 6306
739 367 795 424 .‘gi
2014 366 2091 419 P.\
2101 361 2324 419 LLADII
2369 361 2704 419 DIALOGUS
3939 365 4015 421 79.

726 480 1029 539 statuite-rit,
1056 480 1164 531 sive
1194 477 1554 539 Antiochensi,
1585 478 1695 531 sive
1711 476 2315 545 Constantinopolitana,

744 571 1083 638 el‘qtlmtmdo
1115 578 1382 638 promotus
1404 567 1579 633 fuerit,
1603 578 1692 621 aut
1726 578 1852 638 quot
1887 568 2103 624 insidias
2134 582 2319 636 passus

748 663 899 713 rnerit
922 702 935 723 ,
967 671 1120 727 atque
1152 674 1333 712 omnes
1357 660 1495 711 inter
1523 673 1583 711 ea
1616 659 1930 711 acerbitates
1951 699 1964 719 ,
1990 674 2105 725 qur.
2128 658 2194 710 ab
2221 658 2313 709 im-

750 753 923 815 probis
972 750 1191 801 uioleste
1232 749 1516 801 elaboratae
1561 756 1702 807 sunt,
1746 762 1861 800 cum
1891 746 2087 799 dixeris
2114 758 2161 799 et
2204 762 2321 813 quze

750 840 1097 909 Porphyrium
1130 849 1399 906 Spectant,
1448 847 1501 890 et
1542 836 1849 889 Eunuchum
1898 836 2089 904 Ephesi
2120 834 2323 902 episco-

750 947 903 997 pum;
945 930 1181 994 enuntio,
1213 943 1418 997 precnr,
1454 928 1608 980 nobis
1643 928 1841 995 reliqua
1878 946 1889 980 :
1936 937 1987 981 et
2012 927 2224 994 quinam
2265 926 2316 977 in

751 1036 962 1074 en-eere
994 1020 1181 1071 mortui
1210 1021 1344 1080 sint,
1372 1020 1582 1086 quinam
1614 1019 1663 1070 in
1692 1018 1933 1071 exsilium
1964 1019 2064 1070 acti
2090 1057 2105 1080 ,
2138 1031 2319 1069 eorum

749 1112 979 1177 quicum
1017 1110 1219 1163 Joanne
1260 1108 1724 1162 comammicabant
1767 1124 1779 1159 :
1817 1110 2013 1174 justum
2056 1108 2195 1160 enim
2241 1114 2322 1159 est

744 1206 901 1256 etiam
934 1204 1120 1255 horum
1149 1202 1453 1254 memoriam
1481 1200 1651 1252 facere
1677 1199 1740 1250 ad
1768 1199 2095 1251 excitandam
2128 1198 2320 1250 alaeri—

746 1302 903 1345 tatem
931 1292 1236 1345 viventium.
1267 1290 1319 1342 Si
1348 1288 1486 1341 enim
1511 1288 1561 1340 in
1591 1287 1670 1340 Itis
1697 1287 2037 1341 smcularibus
2064 1288 2220 1341 rebus
2236 1286 2313 1339 fa-

746 1383 893 1445 muli,
930 1382 1014 1449 qui
1050 1396 1142 1447 pro
1170 1379 1397 1431 dominis
1438 1379 1487 1429 iu
1528 1393 1793 1431 carcerem
1824 1379 2195 1446 conjiciuntur,
2227 1386 2318 1431 aut

747 1472 1094 1523 verberantur
1118 1510 1131 1531 ,
1165 1476 1253 1519 aut
1281 1475 1589 1534 torquentur
1609 1507 1623 1526 ,
1655 1467 2071 1519 benevolentiam
2106 1468 2319 1519 liberta-

750 1570 958 1629 temque
1006 1560 1073 1612 ab
1109 1560 1233 1627 ipsis
1278 1567 1710 1625 consequuntur:
1761 1564 1957 1625 quanto
2014 1557 2180 1623 magis
2230 1557 2318 1624 qui

751 1662 962 1717 propter
1006 1649 1273 1702 Christum
1320 1648 1589 1715 suppliciis
1632 1646 1953 1709 afﬁciuntur,
2004 1646 2143 1713 digni
2195 1656 2319 1700 sunt

749 1744 948 1795 honore
989 1742 1366 1803 ecclesiastico,
1416 1751 1573 1809 atque
1610 1741 2017 1794 benevolentia?
2046 1742 2109 1793 de
2133 1743 2319 1809 quibus

753 1831 1041 1900 Apostolus
1062 1833 1166 1887 ait:
1218 1832 1403 1884 Vinctir
1449 1832 1591 1899 quasi
1635 1832 1782 1883 simul
1827 1833 1973 1883 rinrti
2027 1831 2177 1901 (Hdt.
2232 1832 2313 1885 10.

747 1924 833 1990 54)
867 1965 879 1981 ,
926 1932 1081 1991 :thttc
1144 1924 1206 1975 iis
1254 1924 1339 1991 qui
1399 1922 1717 1975 vexabantur
1748 1964 1760 1982 ,
1807 1923 1953 1989 quasi
2022 1922 2341 1975 vexationis.

749 2016 1101 2082 soeii,utp0tc
1147 2023 1199 2075 et
1228 2015 1322 2082 ipsi
1374 2015 1423 2065 in
1479 2027 1701 2080 corpore
1751 2012 2042 2065 constituti.
2090 2011 2318 2064 Pretiosa

745 2104 883 2155 enin‘
916 2113 987 2157 est
1038 2106 1088 2163 iu
1131 2112 1394 2170 conspectu
1443 2100 1647 2154 Domini
1709 2118 1843 2154 mors
1884 2110 2169 2153 sanctorum
2209 2104 2319 2170 ejus

745 2186 913 2247 (Ps-(2!.
962 2193 1080 2246 “5.
1121 2193 1227 2260 lii).
1274 2192 1367 2245 Er.
1425 2190 1633 2259 Optime
1685 2191 1864 2244 dixisti
1916 2208 1927 2243 :
1987 2192 2104 2245 audi
2138 2191 2312 2261 igitur.

749 2286 987 2353 Episcopi
1029 2284 1264 2352 quidem,
1312 2294 1365 2336 ut
1414 2285 1561 2336 initio
1610 2283 1741 2336 fama
1798 2285 2043 2353 vulgavit,
2076 2285 2123 2336 in
2174 2300 2316 2337 mare

746 2374 968 2427 demersi
996 2384 1115 2426 sunt
1140 2390 1149 2423 :
1177 2381 1233 2425 ut
1268 2384 1440 2427 autem
1477 2388 1533 2425 se
1566 2372 1723 2426 habet
1751 2374 1963 2436 veritas,
1995 2373 2044 2425 in
2073 2372 2313 2426 exsilium

746 2466 1080 2535 lniginquum
1131 2466 1260 2533 pulsi
1292 2477 1411 2517 sunt
1458 2466 1507 2517 in
1540 2464 1786 2517 barbaras
1835 2467 2106 2534 regiones,
2141 2466 2316 2533 ibique

743 2556 897 2607 etiam
953 2570 1090 2607 nunc
1156 2570 1183 2606 a
1240 2556 1403 2608 servis
1467 2554 1689 2621 publicis
1736 2554 2121 2607 custodiuntur.
2186 2554 2313 2607 Nam

742 2664 858 2699 rum
911 2647 1137 2702 venisset
1204 2647 1415 2713 quidam
1485 2646 1781 2708 diaconus,
1837 2646 1923 2713 qui
1981 2645 2134 2698 simul
2193 2661 2312 2699 cum

743 2741 819 2791 eis
848 2738 945 2791 iter
974 2738 1185 2797 fecerat,
1219 2737 1413 2796 retulit,
1440 2736 1717 2805 Cyriacum
1752 2734 1967 2802 quidem
1996 2735 2312 2789 Emesenum

742 2828 998 2899 Palmyra:
1030 2828 1077 2880 in
1110 2826 1389 2879 Persarum
1412 2824 1631 2877 castello
1660 2838 1800 2887 esse,
1829 2824 2093 2892 octoginta
2124 2825 2315 2877 millia-

744 2918 886 2971 rihus
918 2918 1049 2971 ultra
1083 2918 1323 2970 [intesam
1360 2934 1372 2969 :
1406 2916 1671 2985 Eulysium
1704 2915 1979 2979 similiter,
2009 2914 2313 2983 episcopum

746 3010 962 3073 Bostrce,
989 3008 1206 3061 ulterius
1234 3007 1418 3061 itinere
1440 3006 1594 3059 trium
1622 3006 1823 3059 dierum
1854 3005 1905 3058 in
1940 3007 2157 3059 castello
2185 3009 2314 3059 .‘ira-

746 3101 888 3163 bum,
919 3099 1149 3165 Misphas
1176 3098 1339 3162 dicto,
1367 3097 1646 3150 Saracenis
1686 3095 1957 3164 adjacente
1984 3112 1995 3147 :
2023 3096 2310 3149 Palladium

744 3191 1046 3260 episcopum
1080 3189 1130 3242 in
1163 3187 1720 3256 vieiniablemmyum
1756 3197 1845 3239 aut
1876 3186 2190 3254 Ethiopum
2217 3202 2281 3242 eu

745 3282 946 3345 stodiri,
993 3282 1041 3332 in
1084 3280 1277 3347 oppido
1314 3278 1485 3347 Syene
1516 3278 1656 3331 dicto
1693 3295 1704 3328 :
1744 3278 2064 3331 Demetrium
2096 3278 2315 3332 interius

747 3375 795 3424 in
820 3373 961 3429 Oasi,
989 3371 1264 3424 Mazicihus
1290 3370 1561 3439 proxima;
1593 3377 1715 3421 sunt
1736 3369 1877 3421 enim
1906 3376 1957 3420 et
1982 3368 2095 3421 alirc
2117 3368 2312 3422 Oases:

746 3464 1086 3531 Serapionem
1118 3470 1293 3514 autem
1328 3470 1445 3529 post
1480 3461 1782 3513 innumeras
1812 3459 2011 3525 absque
2042 3460 2141 3511 ulla
2190 3476 2317 3529 pro-

750 3556 959 3608 hationc
991 3554 1282 3606 calumnias
1304 3594 1317 3615 ,
1364 3567 1568 3604 summa
1598 3566 1716 3605 cum
1747 3550 1979 3619 judicum
2012 3551 2318 3605 crudelitate

749 3665 962 3711 caesum,
997 3648 1059 3699 ad
1092 3646 1455 3700 excussionem
1484 3659 1648 3712 usque
1678 3644 1934 3704 dentium,
1967 3652 2025 3695 ut
2055 3644 2185 3696 fama
2214 3654 2316 3713 est,

750 3741 800 3790 in
831 3738 1051 3807 patriam
1084 3750 1229 3787 suam
1270 3734 1591 3803 relegarunt.
1627 3733 1855 3797 Hilarius
1877 3775 1890 3793 ,
1919 3733 2000 3785 vir
2029 3741 2243 3786 sanctus
2269 3743 2321 3785 et

750 3844 931 3890 senex,
957 3828 1007 3880 in
1035 3828 1272 3879 intimum
1300 3826 1521 3877 I‘ontum
1546 3826 1727 3891 pulsus
1748 3831 1847 3888 est,
1870 3823 2033 3891 plagis
2056 3824 2317 3887 concisus,

752 3936 854 3972 non
885 3933 912 3971 a
937 3917 1133 3985 judice,
1166 3915 1257 3967 sed
1287 3930 1313 3965 ιι
1343 3916 1485 3967 clero
1521 3931 1532 3965 :
1562 3913 1650 3981 qui
1695 3913 1875 3965 decem
1904 3921 1957 3965 et
1986 3922 2105 3965 octo
2135 3913 2323 3965 abhinc

752 4010 901 4064 annis
939 4024 1123 4079 paurm
1157 4024 1258 4059 non
1292 4008 1545 4077 gustavit,
1581 4006 1723 4058 olera
1764 4005 1872 4057 sola
1913 4014 1965 4058 et
2006 4004 2323 4057 frumentum

752 4110 955 4155 coctum
988 4098 1168 4151 edens.
1216 4097 1475 4150 Antonius
1525 4096 1573 4149 in
1607 4095 1871 4161 speluncis
1908 4094 2197 4147 Palmstiuze
2236 4108 2323 4147 sc-

753 4192 920 4259 ipsum
963 4188 1264 4243 conclusit:
1308 4185 1615 4237 Timotheus
1665 4185 1957 4245 Maronem,
2005 4193 2055 4236 et
2095 4183 2325 4236 Joannes

750 4279 929 4349 Lydia:
959 4278 1188 4345 episcopi
1216 4319 1229 4339 ,
1265 4278 1315 4327 in
1360 4274 1659 4327 Macedonia
1690 4287 1808 4327 csse
1852 4274 2098 4325 dicuntur
2130 4260 2324 4324 :‘ilho-

755 4370 878 4432 don,
910 4368 1187 4437 episcopus
1216 4367 1352 4419 Asim
1372 4406 1384 4425 ,
1419 4365 1701 4434 Mitylenen
1737 4361 2000 4421 profectus
2032 4372 2114 4415 est
2145 4378 2155 4410 :
2192 4362 2326 4415 Gre-

754 4461 963 4528 gorius,
1006 4456 1184 4527 Lydia!
1212 4457 1487 4526 episcopus
1512 4498 1524 4519 ,
1570 4456 1619 4507 in
1668 4453 1891 4523 Phrygia
1934 4468 2049 4529 esse
2088 4452 2278 4505 dicitur
2313 4471 2323 4503 :

758 4553 934 4606 Brisso
962 4558 1157 4611 autem,
1182 4547 1343 4601 frater
1370 4546 1609 4606 Palladii,
1640 4544 1869 4598 Ecclesia
1899 4557 1990 4596 sua
2022 4544 2157 4595 ultro
2179 4543 2329 4595 dere-

758 4646 876 4699 licta
900 4684 913 4705 ,
959 4642 1009 4695 in
1041 4640 1211 4709 agello
1241 4654 1337 4692 suo
1380 4637 1552 4705 degit,
1586 4645 1777 4689 terram
1823 4635 2045 4702 propriis
2089 4636 2327 4687 manibus

755 4732 979 4786 fodiens.
1025 4730 1327 4799 Lampetius
1353 4743 1500 4791 vero,
1549 4736 1603 4779 ιιι
1634 4726 1797 4789 aiunt,
1834 4725 1883 4776 in
1928 4724 2120 4793 oppido
2151 4723 2327 4794 Lydiae

756 4840 781 4871 a
814 4821 1041 4890 quodam
1074 4818 1361 4872 Elentlicro
1386 4817 1614 4885 adjutus,
1653 4814 1964 4869 lectionibus
1995 4821 2145 4865 vacat
2174 4832 2185 4865 :
2220 4813 2326 4866 Eu-

753 4912 941 4980 genius
969 4910 1019 4963 in
1048 4910 1213 4977 patria
1244 4917 1325 4961 est
1354 4925 1365 4959 :
1401 4906 1652 4973 Elpidius,
1691 4920 1910 4971 magnus
1942 4902 2029 4956 ille
2060 4902 2329 4955 Laodiceae

755 5003 922 5073 Syria:
950 5002 1249 5069 episcopus,
1284 5009 1335 5052 et
1364 4998 1592 5066 Pappus,
1633 5011 1725 5065 per
1757 5004 1921 5047 totum
1951 4993 2231 5047 triennium
2263 4993 2329 5047 de

758 5094 899 5146 scala
944 5091 1133 5145 domus
1188 5105 1298 5143 suae
1346 5104 1450 5143 non
1504 5087 1893 5141 descenderunt
1941 5086 2329 5154 precationibus

755 5191 1003 5238 vacantes
1048 5200 1058 5235 :
1108 5179 1409 5236 Heraclidas
1463 5179 1722 5247 Ephesius
1774 5177 2174 5245 quadriennium
2220 5176 2327 5244 jam

761 5271 1075 5326 Nicomediae
1120 5271 1174 5323 in
1216 5284 1428 5324 carcere
1478 5269 1708 5321 inclusus
1751 5276 1852 5320 est.
1901 5265 2107 5335 Reliqui
2152 5276 2327 5319 autem

758 5362 989 5431 episcopi
1018 5360 1083 5415 de
1112 5361 1482 5414 communione
1512 5358 1729 5413 Joannis
1751 5398 1764 5419 ,
1796 5358 1937 5409 omni
1968 5372 2062 5423 spe
2106 5357 2327 5425 abiecta,

757 5450 846 5505 alii
875 5451 1085 5519 quidem
1124 5449 1580 5505 communicarent
1611 5450 1801 5509 Attico,
1833 5456 1886 5499 et
1912 5448 1961 5499 in
1992 5447 2121 5499 alias
2159 5446 2328 5499 Thra-

758 5544 853 5591 cia:
883 5536 1149 5593 Ecclesias
1196 5536 1431 5593 translati
1482 5546 1650 5597 sunt;
1700 5538 1784 5591 alii
1832 5552 1956 5589 vero
1998 5536 2329 5589 delitescunt.

764 5630 1056 5683 Anatolium
1080 5630 1229 5683 aiunt
1252 5644 1369 5683 esse
1399 5631 1447 5683 in
1475 5630 1676 5684 Galliis.
1710 5628 1875 5681 Porro
1902 5626 2331 5695 presbyterorum

758 5708 848 5773 alii
870 5735 921 5773 tn
944 5720 1191 5775 Arabiam
1218 5727 1272 5775 et
1300 5719 1628 5775 Palmstiuam
1650 5718 1917 5773 amamlati
1944 5726 2067 5771 sunt
2092 5733 2102 5767 :
2130 5717 2333 5786 Tigrim

2428 478 2478 530 in
2509 476 2940 545 Mesopotamiam
2973 476 3234 545 relegatus
3270 487 3351 532 est
3384 496 3395 533 :
3430 475 3700 548 Philippus
3739 479 3790 532 in
3837 479 4012 535 Ponto

2424 567 2571 620 exsul
2604 575 2843 619 mortuus
2870 576 2949 620 est
2980 585 2992 618 :
3021 565 3348 635 TlteOphilus
3376 569 3426 621 in
3446 567 3806 638 Paphlagonia
3828 570 4003 637 degit:

2423 657 2673 709 Joannes.
2707 655 2901 708 Ethrii
2932 657 3089 717 illius.
3121 656 3374 711 Ctesarete
3404 660 3698 711 construxit
3730 668 4004 713 monaste-

2429 748 2563 799 rium
2593 767 2603 797 :
2630 748 2956 814 Stephanum
2983 750 3031 800 in
3060 748 3305 801 Arabiam
3338 748 3649 818 relegatum,
3672 764 3703 803 e
3725 749 4005 803 custodum

2428 840 2673 893 manibus
2703 841 3043 903 abstractum,
3090 840 3253 892 Isauri
3287 840 3337 892 in
3368 839 3597 894 Taurum
3648 840 4005 895 dimiserunt:

2426 929 2733 983 Sallustium
2782 930 2831 982 in
2876 931 3027 983 Creta
3060 944 3177 983 esse
3221 929 3418 984 dicunt.
3470 931 3657 985 Audivi
3702 930 4007 1001 Philippum

2426 1018 2767 1079 monachum,
2798 1030 2851 1073 et
2877 1024 3241 1090 presbyterum
3272 1022 3607 1087 Scholarnm,
3636 1023 3685 1075 in
3719 1022 4005 1090 Campania

2425 1120 2703 1177 argrotarc.
2745 1109 3073 1178 Sephronius
3102 1110 3356 1165 diaconus
3387 1112 3439 1164 in
3470 1111 3754 1181 Thebaidis
3782 1127 4005 1167 carcere

2424 1199 2692 1254 detinetur
2724 1218 2734 1249 :
2770 1200 2961 1253 Paulus
2992 1199 3278 1261 diaconus,
3316 1204 3579 1256 (monenti
3606 1204 3835 1271 adiutor,
3866 1205 4007 1258 dici-

2426 1300 2511 1344 tur
2538 1293 2590 1344 in
2619 1291 2789 1345 Africa
2818 1293 3020 1346 versari
3054 1308 3068 1343 :
3104 1292 3236 1343 alius
3264 1291 3473 1356 Paulus,
3504 1294 3758 1350 diaconus
3780 1297 4009 1349 Anasta-

2424 1381 2537 1441 size,
2566 1380 2943 1451 Hierosolymis
2970 1382 3097 1435 vivit
3130 1400 3142 1433 :
3176 1380 3463 1445 Hclladius,
3491 1384 3769 1453 presbyter
3796 1383 4009 1448 Palatii,

2425 1472 2475 1525 in
2508 1473 2679 1541 agello
2704 1487 2801 1527 suo
2831 1472 3089 1542 Bithynia:
3112 1474 3269 1527 vitam
3298 1474 3419 1542 agit.
3452 1473 3635 1527 Plures
3662 1483 3837 1529 autem
3858 1472 4007 1528 Con-

2425 1564 2764 1631 stantinopoli
2788 1564 3104 1618 delitescunt
3132 1584 3143 1617 :
3168 1566 3253 1618 alii
3288 1566 3337 1618 in
3370 1566 3568 1633 patrias
3592 1581 3714 1619 suas
3736 1566 4005 1621 abierunt.

2422 1653 2693 1718 Silvanus,
2725 1665 2939 1708 sanctus
2965 1657 3244 1725 episcopus
3266 1697 3279 1717 ,
3311 1656 3518 1711 Troade
3546 1659 3779 1728 piscator
3798 1698 3811 1720 ,
3844 1666 3895 1710 et
3920 1658 4008 1726 pi~

2424 1753 2568 1796 scatu
2599 1745 2727 1797 vivit
2761 1763 2773 1798 :
2818 1746 3115 1815 Stephanus
3146 1747 3436 1801 monachus
3458 1787 3470 1811 ,
3518 1749 3606 1816 qui
3646 1747 4009 1802 Romanorum

2422 1834 2671 1899 epistolas
2723 1822 2946 1898 ddtulit,
2997 1835 3066 1889 ob
3114 1835 3164 1889 id
3220 1837 3389 1903 ipsum
3436 1837 3765 1901 verberatus,
3818 1838 4010 1892 decem

2424 1939 2634 1978 menses
2668 1924 3125 1993 ConstantinOpoli
3174 1928 3226 1977 in
3255 1940 3469 1979 carcere
3496 1928 3655 1979 vitam
3700 1927 3825 1995 egit.
3872 1927 4009 1980 Cum

2422 2023 2597 2070 autem
2640 2016 2685 2068 ei
2714 2018 3017 2070 communio
3048 2018 3312 2087 proposita
3358 2028 3534 2083 esset,
3565 2028 3620 2071 et
3660 2034 3761 2072 non
3793 2020 4013 2087 acquie-

2423 2108 2605 2171 visset,
2633 2107 2884 2161 lateribus
2914 2116 2966 2161 et
3000 2116 3213 2175 pectore
3236 2108 3549 2176 ungularum
3583 2107 3830 2161 violentia
3867 2108 4013 2161 lace-

2422 2196 2581 2256 ratis,
2610 2196 2760 2263 cujus
2789 2196 2862 2249 rei
2891 2196 3005 2264 ipse
3028 2196 3272 2250 oculatus
3300 2196 3447 2250 testis
3474 2196 3569 2261 fui,
3601 2196 3798 2251 Christi
3823 2198 4008 2267 pravi-

2421 2286 2595 2339 dentia
2641 2286 2691 2337 iu
2738 2285 2965 2339 secunda
2997 2287 3221 2340 fortasse
3260 2289 3546 2341 certamina
3578 2298 3847 2351 servatus,
3886 2297 4012 2356 post

2422 2376 2684 2431 decimum
2711 2377 3001 2430 curationis
3027 2391 3135 2430 sua:
3164 2392 3425 2437 mensem,
3453 2377 3718 2431 Pelusium
3743 2377 4011 2446 relegatus

2422 2476 2521 2519 est.
2570 2466 2915 2519 Provincialis
2944 2466 3153 2535 quidam
3183 2467 3352 2528 miles,
3398 2481 3461 2519 ex
3489 2465 3699 2519 Scholis
3732 2467 4003 2529 Palatinis,

2421 2565 2698 2609 accusatus
2727 2566 2989 2623 tamquam
3017 2554 3237 2609 Joannis
3268 2555 3457 2618 fautor,
3488 2564 3606 2622 pust
3635 2556 3763 2608 varii
3794 2558 4011 2623 generis

2423 2644 2601 2713 plagas
2626 2652 2677 2695 et
2700 2644 3057 2697 atrocissimas
3088 2643 3392 2697 abrasioncs
3418 2643 3599 2698 Petras
3624 2643 3775 2697 exsul
3807 2644 4006 2700 mis-us

2422 2744 2523 2789 est.
2573 2735 2763 2802 Elpidii
2797 2750 2921 2788 vero
2969 2734 3261 2803 presbyteri
3312 2734 3555 2799 famulus,
3598 2735 4006 2806 quinquaginta,

2425 2838 2480 2881 ut
2509 2829 2674 2892 aiunt,
2707 2827 2881 2881 aureis
2908 2826 3222 2890 conductus,
3252 2836 3310 2878 ut
3334 2839 3570 2879 sanctum
3598 2827 3858 2881 Joannem
3880 2827 4010 2882 dolo

2422 2918 2744 2971 interticeret
2783 2934 2796 2969 :
2830 2932 2947 2970 cum
2980 2915 3341 2983 deprehensus
3373 2926 3511 2968 esset
3543 2926 3652 2970 tres
3680 2916 3880 2985 gladios
3907 2917 4009 2971 ha-

2422 3008 2564 3061 bere.
2591 3018 2790 3076 Septem
2821 3023 2881 3059 ex
2912 3008 2974 3059 iis
3004 3008 3090 3075 qui
3123 3008 3293 3074 ipsum
3321 3006 3797 3073 apprehenderant,
3824 3008 4012 3077 singilo

2420 3099 2563 3151 latim
2620 3097 2879 3165 percussit
2916 3114 2928 3150 :
2976 3112 3195 3164 quorum
3246 3106 3472 3163 quatuor
3516 3097 3767 3150 continuo
3813 3098 4011 3166 sepulti

2419 3200 2561 3254 sunt,
2593 3190 2678 3242 alii
2709 3198 2884 3242 autem
2917 3197 3023 3241 tres
3053 3197 3165 3255 post
3196 3186 3495 3239 diuturnam
3519 3188 3847 3241 curationem
3870 3189 4005 3242 salvi

2422 3290 2727 3339 evaserunt,
2762 3280 3004 3332 absoluto
3036 3278 3318 3332 homicida.
3353 3278 3545 3332 Beatus
3573 3279 3875 3347 Eutrapius,
3908 3294 4008 3348 pu-

2428 3386 2515 3424 rus
2543 3388 2570 3423 a
2602 3369 2931 3431 mulieribus,
2961 3379 3165 3431 cantor,
3198 3367 3515 3421 verberibus
3534 3383 3725 3432 cresus,
3755 3378 3806 3422 et
3833 3368 4016 3422 lateri-

2424 3460 2522 3514 bus
2548 3473 2609 3511 ac
2640 3458 2812 3511 fronte
2856 3471 3023 3525 usque
3063 3457 3196 3510 adeo
3225 3455 3518 3519 laceratus,
3554 3465 3609 3508 ut
3646 3464 3697 3510 et
3726 3457 4013 3525 supercilia

2424 3562 2635 3617 qquue
2662 3548 2842 3600 evulsa
2871 3547 2976 3598 sint
2998 3586 3011 3605 ,
3047 3545 3247 3597 facibus
3277 3556 3545 3613 postremo
3571 3546 3635 3597 ad
3669 3546 3857 3612 latera,
3889 3557 4015 3615 post

2424 3653 2543 3690 ossa
2577 3637 2769 3690 nudata
2794 3676 2807 3697 ,
2847 3637 3115 3702 utrimque
3160 3634 3387 3687 admotis
3430 3634 3550 3688 oleo
3580 3636 3747 3701 plenis
3768 3675 3782 3701 ,
3813 3635 3863 3688 in
3894 3636 4016 3703 ipso

2427 3729 2651 3798 equuleo
2672 3728 2901 3779 animam
2933 3724 3225 3782 exhalavit,
3261 3724 3537 3792 mediaque
3569 3733 3725 3778 nocte
3768 3725 4015 3794 sepultus

2426 3828 2508 3872 est
2549 3835 2575 3870 a
2615 3817 2857 3879 clericis,
2887 3816 2972 3882 qui
3022 3814 3121 3867 hoc
3165 3822 3467 3881 patrarunt;
3508 3827 3629 3865 cum
3674 3814 3808 3866 Deus
3852 3816 4013 3867 morti

2430 3911 2543 3978 ejus
2571 3908 2927 3960 testimonium
2973 3905 3286 3972 praebuisset
3318 3903 3519 3958 visione
3548 3905 3879 3971 psallentium
3898 3948 3911 3969 ,
3942 3906 4017 3959 ob

2432 4001 2729 4053 Servatoris
2784 3997 3042 4066 passionis
3084 3996 3531 4049 conformitatem.
3590 3996 3787 4049 Retulit
3834 4006 4013 4049 autem

2432 4094 2691 4146 disceum
2728 4090 2813 4157 qui
2842 4089 2907 4142 ab
2929 4089 3190 4157 episcopis
3219 4087 3397 4151 rediit,
3418 4102 3451 4142 2
3472 4087 3711 4141 Praefecti
3736 4086 4013 4149 militibus,

2431 4184 2517 4252 qui
2548 4196 2639 4236 eos
2670 4182 3023 4243 deduxerunt,
3052 4191 3218 4246 usque
3254 4176 3389 4231 adeo
3416 4177 3562 4245 jussu
3592 4176 3885 4243 aliquorum
3915 4190 4013 4227 ve-

2432 4284 2615 4335 xatos,
2652 4281 2707 4325 ut
2753 4271 2884 4323 mori
2915 4277 3159 4338 optarent
3188 4278 3241 4321 et
3283 4267 3461 4319 vivere
3504 4276 3827 4319 reeusarcut.
3878 4264 4014 4319 Nam

2433 4364 2689 4431 pecunias
2709 4404 2721 4424 ,
2756 4377 2884 4430 quas
2912 4362 2962 4413 in
3003 4368 3246 4427 sumptus
3272 4356 3476 4410 itineris
3506 4356 3603 4407 sibi
3636 4365 4014 4423 sumpserant,

2435 4455 2641 4523 penitus
2688 4455 2934 4519 abreptas
2981 4452 3117 4505 inter
3162 4464 3217 4503 se
3266 4448 3441 4517 partiti
3471 4456 3627 4508 sunt,
3669 4457 3721 4499 et
3751 4447 3801 4500 in
3833 4461 4015 4502 macra

2429 4546 2667 4612 jumenta
2695 4558 2788 4595 eos
2819 4542 3136 4611 injicientcs,
3165 4540 3308 4593 bidui
3338 4540 3437 4592 iter
3466 4553 3570 4591 uno
3600 4538 3684 4591 die
3716 4537 3977 4591 faciebant
4003 4557 4015 4592 :

2434 4636 2594 4688 nmlta
2628 4644 2782 4687 nocte
2827 4635 2877 4685 in
2910 4631 3199 4685 diversoria
3248 4628 3674 4692 introducentes,
3718 4638 3771 4681 ct
3806 4643 4019 4680 summo

2433 4738 2588 4777 mane
2615 4734 2737 4777 ante
2781 4723 2949 4775 lucem
2987 4721 3330 4779 reducentes,
3366 4719 3432 4769 ita
3462 4728 3517 4768 ut
3547 4734 3611 4770 ne
3642 4720 3864 4770 miseras
3892 4715 4020 4783 qui-

2435 4814 2553 4867 dem
2585 4827 2737 4866 escas
2770 4810 3075 4864 stomachus
3103 4810 3329 4863 petiuere
3361 4817 3557 4875 posset.
3592 4806 3855 4873 Turpilius
3881 4820 4023 4873 prte-

2436 4909 2577 4955 terea
2609 4910 2662 4953 et
2705 4899 2995 4953 inhonestis
3018 4898 3193 4951 verbis
3234 4910 3326 4949 eos
3374 4896 3630 4963 impetere
3677 4910 3780 4947 non
3824 4908 4023 4963 paruo.

2438 4992 2580 5047 bant.
2627 4990 2858 5043 Palladio
2889 4990 3045 5041 etiam
3089 4987 3336 5039 famulum
3369 4986 3701 5039 ahsmlerunt
3725 5026 3738 5044 ,
3771 4984 3872 5036 vim
3914 4983 4020 5051 ipsi

2437 5082 2756 5141 inferentes,
2788 5091 2843 5133 ut
2884 5078 3103 5132 tabellas
3144 5076 3453 5143 deponeret.
3488 5075 3809 5129 Demetrium
3836 5081 4020 5127 autem

2437 5192 2569 5227 unus
2620 5190 2651 5227 c
2692 5171 3068 5226 detlnctoribus
3112 5182 3277 5236 usque
3319 5166 3453 5220 adeo
3499 5166 3728 5228 vexavit,
3769 5173 3828 5217 ut
3856 5163 4026 5219 multa

2438 5273 2590 5316 noete.
2625 5263 2832 5329 Bizyaui
2870 5258 3200 5327 pervenerit;
3245 5257 3331 5324 qui
3364 5254 3538 5306 statim
3565 5252 3887 5321 gravissimis
3916 5251 4023 5304 do-

2441 5358 2638 5409 loribus
2685 5364 2793 5406 toto
2835 5366 3057 5419 corpore
3100 5349 3362 5401 cruciatus
3392 5344 3597 5398 vivendi
3644 5342 3800 5398 linem
3848 5341 4022 5396 fecit:

2440 5449 2507 5500 iia
2540 5456 2597 5499 ut
2626 5445 2799 5496 cuncti
2828 5442 2990 5495 Deum
3020 5443 3352 5503 venerantes,
3381 5442 3732 5505 agnoscerent
3754 5446 3869 5485 eam
3896 5445 4024 5495 esse

2440 5551 2649 5606 poenam
2701 5532 3009 5601 iniuriarum
3046 5542 3207 5595 :cum
3256 5524 3588 5596 prtedixisset
3631 5523 3679 5577 ei
3729 5518 4021 5579 Palladius,

2442 5637 2496 5678 nt
2526 5626 2691 5677 redux
2717 5623 2929 5690 quidam
2972 5618 3263 5674 commilito
3294 5616 3526 5670 narravit
3559 5632 3571 5665 :
3606 5611 3758 5667 Aliud
3786 5613 3884 5665 iter
3911 5624 4023 5665 non

2447 5718 2677 5778 ini-eues,
2705 5713 2796 5767 sed
2822 5710 3191 5765 miserabiliter
3217 5706 3477 5763 morieris.
3513 5703 3763 5759 Ecclesiis
3792 5712 4028 5770 namque
