4264 6306
220 423 285 484 73
1244 416 1329 474 DE
1372 415 1531 474 VITA
1569 415 1625 471 ὃ.
1666 407 1943 470 JOANNIS
1978 410 2468 471 CllllYSOSTOlll.
3409 406 3481 461 τι

221 545 359 596 viros
406 548 627 593 sanctos
670 536 883 591 otuniuo
920 532 1343 603 appropinquare
1384 543 1489 583 non
1529 523 1792 589 sinebant;

221 631 549 684 divertentes
578 634 672 680 aut
696 626 747 679 in
776 622 1004 689 stabula,
1036 620 1122 676 ubi
1149 629 1444 675 scortorum
1471 626 1587 671 erat
1618 614 1765 669 multi

218 721 382 785 tudo;
412 721 585 773 autin
617 717 1085 775 Samaritanorum,
1119 708 1201 765 vel
1241 708 1543 764 Iudaeorum
1569 719 1797 776 synago-

220 827 337 881 gas,
359 811 631 880 pra‘eipue
660 808 809 863 Tarsi
838 823 852 860 :
882 806 953 860 ita
979 814 1033 860 ut
1066 803 1173 858 illic
1202 802 1254 856 in
1282 799 1552 869 angustias
1577 796 1796 861 redacti,

220 904 375 955 etiam
404 899 552 953 aliud
581 898 705 968 quid
736 896 1062 967 cogitarent,
1093 890 1234 962 quod
1263 900 1380 945 erat
1420 888 1636 941 minime
1667 899 1801 954 prte-

221 991 557 1045 meditatum.
592 990 739 1046 Unas
781 997 954 1042 autem
984 1001 1047 1041 ex
1076 983 1339 1053 episcopis
1365 979 1500 1035 dixit
1529 997 1541 1033 :
1571 977 1705 1046 Quid
1732 976 1801 1031 ob

219 1081 516 1135 diversoria
560 1080 873 1135 tristamur?
915 1091 1039 1132 num
1076 1075 1218 1130 enim
1264 1074 1318 1127 in
1365 1072 1518 1126 nobis
1557 1078 1671 1135 est,
1711 1068 1803 1123 ubi

216 1171 576 1234 diversemur,
622 1181 680 1224 ut
721 1170 931 1239 propria
953 1167 1226 1222 voluntate
1266 1164 1515 1217 indecore
1562 1168 1798 1230 agentes,

216 1276 406 1331 {muas
435 1262 626 1317 demus
646 1261 670 1333 2
697 1276 765 1315 an
792 1258 1044 1329 ignoratis
1066 1256 1180 1311 haec
1199 1254 1371 1309 omnia
1390 1254 1498 1323 jam
1520 1252 1803 1321 contigisse

216 1369 276 1408 ac
303 1352 488 1407 futura
517 1367 654 1419 esse,
678 1367 800 1406 cum
824 1352 961 1405 Deus
988 1350 1043 1403 in
1067 1345 1149 1402 his
1176 1345 1420 1401 omnibus
1439 1343 1762 1413 gtorilieetur
1778 1338 1813 1394 ?'

217 1444 388 1513 Quam
410 1443 595 1498 multa;
620 1458 684 1498 ex
714 1442 816 1496 illis
839 1439 1206 1495 meretricibus
1230 1452 1348 1507 quae
1371 1436 1460 1491 Dei
1482 1435 1800 1489 oblivionem

218 1548 498 1610 ceperant,
527 1550 621 1594 aut
640 1540 709 1593 ab
735 1537 884 1591 initio
911 1551 1034 1591 eum
1061 1550 1128 1588 ne
1166 1540 1356 1588 norant
1383 1530 1618 1602 quidem,
1650 1529 1804 1584 nobis

218 1633 345 1688 visis
373 1634 449 1686 ita
482 1630 707 1693 vexatis,
742 1630 794 1683 in
823 1629 1065 1682 timorem
1098 1627 1191 1680 Dei
1228 1636 1278 1679 et
1309 1626 1681 1694 c0gitationem
1707 1638 1803 1677 νο-

218 1732 437 1785 nerunt,
471 1722 695 1775 fortasse
724 1720 774 1773 in
803 1719 989 1773 melius
1018 1731 1313 1782 conversae,
1337 1725 1429 1770 aut
1469 1716 1655 1771 saltem
1695 1731 1804 1771 non

220 1812 488 1882 prolapsae
529 1812 581 1864 in
622 1808 815 1878 pejus?
842 1807 956 1862 Non
996 1821 1181 1876 parum
1210 1814 1293 1861 est
1318 1805 1562 1859 rationali
1580 1806 1805 1873 animae,

218 1918 337 1973 quae
360 1918 392 1956 ιι
428 1900 920 1971 perturbationibus
943 1908 1191 1963 vexatur,
1225 1896 1309 1952 vel
1335 1898 1599 1952 modicum
1630 1898 1804 1967 respi-

219 2008 363 2057 rare,
378 1992 539 2059 quod
552 2000 638 2044 est
654 1989 983 2044 castimonia:
1005 1987 1295 2042 fomentum
1322 2005 1333 2041 :
1357 1986 1491 2043 adeo
1515 1998 1569 2041 ut
1587 1988 1801 2054 dixerit,

218 2085 305 2153 qui
335 2082 456 2137 haec
479 2082 746 2143 sustinuit,
770 2094 1043 2135 sacrorum
1083 2078 1344 2148 interpres
1369 2078 1594 2133 Paulus:
1618 2077 1805 2133 Christi

219 2175 378 2226 bonus
403 2173 535 2226 odor
556 2172 800 2226 sumus'in
820 2172 897 2223 his
921 2171 1005 2240 qui
1030 2169 1157 2223 salvi
1177 2169 1327 2238 ﬁunt,
1346 2179 1394 2222 et
1416 2171 1470 2223 in
1486 2169 1564 2222 his
1590 2170 1675 2239 qui
1691 2187 1807 2239 pera

218 2242 335 2317 eum
369 2262 452 2335 (9..
474 2261 593 2319 Cor.
622 2264 674 2316 2.
703 2262 790 2331 13)
815 2302 830 2326 ,
864 2278 921 2315 eo
942 2261 1080 2331 quod
1112 2262 1449 2331 spectaculum
1489 2261 1608 2328 facti
1633 2278 1805 2315 sumus

212 2355 414 2423 angelis
457 2361 505 2407 et
544 2352 825 2407 hominibus
851 2353 870 2422 (
894 2352 941 2406 l'.
966 2350 1083 2406 Cor.
1110 2353 1164 2406 4.
1192 2351 1287 2423 9).
1318 2351 1397 2406 Εο
1435 2348 1611 2406 autem
1638 2367 1805 2421 usque

216 2443 558 2497 crudelitatis
583 2451 939 2511 proruperunt
964 2441 1200 2496 locorum
1232 2442 1444 2496 illorum
1475 2443 1705 2512 episcopi
1737 2443 1805 2497 de

214 2532 599 2586 communioae
644 2529 923 2600 TheOphili
975 2546 1067 2598 per
1112 2539 1278 2584 totum
1320 2530 1620 2596 Orientem,
1668 2532 1805 2587 sicut

219 2621 399 2677 retulit
444 2620 739 2677 monachus
777 2622 865 2691 qui
906 2621 1027 2675 inde
1054 2620 1230 2685 rediit,
1262 2631 1319 2674 ut
1351 2621 1588 2690 plerique
1615 2637 1802 2677 eorum

217 2725 321 2763 non
363 2710 528 2764 modo
571 2709 803 2765 debitam
836 2711 1216 2765 humanitatem
1249 2711 1444 2764 nostris
1490 2726 1595 2764 non
1642 2712 1799 2765 exhi-

219 2801 432 2855 buerint
453 2841 469 2865 ,
514 2815 694 2855 verum
724 2800 860 2854 datis
888 2801 1196 2855 muneribus
1223 2800 1577 2854 Praetorianos
1608 2801 1802 2857 milites

216 2891 569 2959 induxerint,
617 2900 673 2945 ut
718 2905 813 2947 eos
855 2893 1005 2947 ocius
1040 2908 1072 2948 e
1110 2892 1410 2946 civitatibus
1453 2894 1799 2961 expellerent.

213 2981 353 3037 Sunt
380 2992 565 3037 autem
596 2982 685 3051 qui
717 2983 829 3036 haec
854 2983 1120 3053 praecipue
1146 2983 1336 3047 fecere,
1363 2983 1512 3037 Tarsi
1539 2992 1594 3038 et
1617 2985 1806 3038 Antio-

215 3073 348 3128 chiae
376 3073 651 3143 episcopi,
682 3082 840 3144 atque
880 3073 1134 3144 Eulogius
1161 3073 1419 3129 Cmsareze
1463 3075 1757 3129 Palaestina:
1782 3093 1797 3140 ;

216 3171 339 3219 ante
384 3180 578 3219 omnes
623 3172 800 3219 autem
846 3165 1126 3236 episcopus
1159 3167 1379 3237 Ancyra:
1408 3174 1461 3220 et
1488 3167 1801 3223 Ammonius

215 3255 437 3321 Pelusii,
470 3255 659 3324 partim
687 3255 859 3321 donis,
889 3257 1079 3327 partim
1107 3255 1287 3320 minis,
1316 3256 1634 3312 deductores
1660 3258 1799 3311 mili-

214 3354 294 3401 tes
335 3347 600 3402 adversus
642 3362 736 3403 eos
779 3349 944 3418 magis
988 3358 1399 3415 exasperantes,
1449 3357 1502 3402 ut
1540 3364 1605 3403 ne
1652 3350 1799 3405 laicis

216 3438 429 3507 quidem
487 3452 581 3493 eos
632 3438 879 3511 excipere
930 3439 1228 3495 volentibus
1279 3438 1331 3493 id
1386 3441 1793 3510 permitterent:

217 3530 348 3583 sicut
392 3532 449 3585 in
477 3528 764 3585 Catholicis
792 3532 976 3587 scribit
1021 3532 1085 3586 ad
1111 3531 1292 3588 Caium
1339 3534 1524 3589 beatus
1566 3532 1797 3592 Joannes

210 3620 472 3677 adversus
515 3621 796 3692 quemdam
834 3624 1176 3695 episcopum,
1226 3615 1639 3696 hOSpitalitatem
1685 3628 1794 3683 Caii

212 3711 437 3768 iaudans
458 3754 475 3777 ,
502 3728 732 3783 eumque
759 3730 941 3780 orans,
969 3733 1037 3772 ne
1065 3717 1336 3787 improbos
1367 3720 1645 3791 episcopos
1671 3721 1794 3777 imi-

212 3813 369 3859 tetur.
422 3806 515 3861 Sic
555 3816 730 3861 autem
762 3809 919 3863 verba
959 3825 1017 3864 se
1057 3810 1306 3866 habent:
1344 3811 1466 3867 Caio
1510 3815 1790 3883 carissimo,

212 3911 352 3963 quem
383 3913 478 3967 ego
505 3897 662 3967 diligo
685 3899 738 3951 in
762 3900 984 3954 veritate.
1014 3899 1302 3969 Carissime,
1331 3902 1394 3956 de
1416 3904 1643 3959 omnibus
1670 3923 1790 3959 ora-

215 3986 391 4041 tionem
419 3990 555 4055 facio
579 4006 818 4059 prospere
839 4000 884 4045 te
906 3993 1103 4062 ingredi
1126 4003 1171 4048 et
1199 3996 1379 4059 valere,
1403 3999 1528 4051 sicut
1554 4016 1793 4070 prospere

215 4077 311 4145 agit
337 4081 512 4131 anima
545 4090 650 4133 tua.
683 4080 897 4136 Gavisus
936 4100 1045 4137 sum
1076 4085 1219 4139 valde
1246 4088 1551 4143 venientibus
1580 4091 1789 4158 quibus-

214 4167 345 4235 dam,
372 4180 420 4224 et
444 4171 768 4226 narrantibus
798 4174 955 4237 mihi,
986 4175 1120 4244 quod
1144 4176 1197 4229 in
1226 4178 1429 4233 veritate
1454 4180 1682 4235 ambulas
1702 4223 1715 4244 ,
1745 4191 1790 4236 et

211 4259 261 4311 in
278 4260 455 4328 quibus
477 4272 676 4317 sanctos
694 4264 931 4328 refecisti.
960 4263 1130 4330 Majas
1151 4266 1228 4318 his
1251 4283 1349 4321 non
1371 4268 1526 4323 habeo
1544 4272 1789 4340 gaudium

210 4349 283 4415 (5.
303 4350 461 4405 Joen.
496 4352 649 4422 1-4).
679 4353 746 4407 Et
769 4354 917 4407 addit
945 4372 957 4407 :
994 4355 1189 4424 Scripsi
1223 4356 1496 4425 Ecclesia;
1521 4363 1609 4414 sed
1634 4366 1678 4416 is
1702 4368 1788 4432 qui

212 4450 340 4493 amat
383 4443 667 4510 primatum
703 4460 872 4514 gerere
910 4445 961 4497 in
1000 4446 1072 4499 eis
1101 4444 1419 4516 Dlotrephes,
1466 4466 1565 4504 non
1612 4452 1787 4521 recipit

211 4546 316 4597 nos,
353 4533 519 4586 verbis
555 4534 787 4604 malignis
817 4536 1062 4606 gari-iens,
1097 4545 1142 4589 ct
1170 4538 1312 4605 quasi
1350 4556 1449 4592 non
1474 4540 1519 4592 ei
1552 4544 1646 4594 ista
1670 4541 1785 4611 suf-

210 4622 376 4688 ﬁciant
399 4638 419 4687 ;
456 4638 613 4692 neque
637 4625 744 4692 ipse
772 4627 981 4693 suscipit
1008 4630 1211 4695 fratres,
1240 4637 1286 4681 et
1311 4645 1395 4681 eos
1424 4631 1508 4698 qui
1526 4632 1786 4700 suscipere

210 4710 401 4776 volunt,
428 4710 675 4781 prohibet,
700 4714 825 4767 etde
848 4715 1056 4769 ecclesia
1083 4718 1235 4788 ejicit.
1264 4718 1463 4774 Deinde
1489 4736 1671 4776 rursus
1689 4723 1785 4777 ad-

210 4811 387 4857 mouet
421 4819 437 4856 :
464 4798 747 4865 Carissime,
778 4804 882 4858 noli
906 4805 1094 4858 imitari
1118 4806 1350 4861 malum:
1386 4809 1476 4877 qui
1508 4811 1638 4864 enim
1662 4811 1809 4867 bene

211 4891 344 4959 facit,
388 4906 455 4943 ea:
493 4888 603 4945 Deo
651 4901 760 4956 est;
789 4894 876 4963 qui
929 4896 1061 4949 male
1106 4896 1259 4964 facit,
1310 4914 1410 4951 non
1450 4901 1575 4953 vidit
1616 4900 1780 4956 Deum

213 4976 361 5044 (Ibid.
381 4993 437 5035 υ.
462 4980 590 5036 9-11
619 4982 659 5052 ).
701 4983 850 5038 Hunc
872 4994 1047 5038 autem
1073 4994 1274 5040 textum
1302 4988 1368 5042 de
1392 4991 1555 5044 veteri
1580 4993 1779 5048 malitia

210 5067 468 5139 integrum
509 5072 796 5138 attulimus,
845 5082 903 5129 ut
944 5074 1098 5145 hujus
1143 5080 1399 5146 temporis
1434 5080 1777 5150 Diotrephum

208 5159 470 5230 ingenium
501 5177 908 5233 exponeremus.
950 5166 1211 5222 Cmternm
1243 5168 1489 5225 laudabat
1518 5184 1571 5227 et
1612 5175 1776 5229 mira-

208 5248 352 5306 batur
379 5252 630 5307 secundm
656 5253 1004 5324 Cappadocia:
1046 5256 1355 5327 episcopos,
1388 5270 1445 5315 ut
1482 5264 1569 5332 qui
1607 5265 1773 5333 pluri-

208 5341 299 5395 mis
323 5356 447 5396 cum
486 5342 737 5414 lacrymis
772 5345 1169 5401 condoluissent
1197 5350 1464 5404 exsulibus
1489 5353 1774 5422 episc0pis,

208 5431 496 5495 praesertim
534 5433 873 5487 mitissimum
905 5433 1240 5490 Theodorum
1263 5478 1277 5502 ,
1312 5438 1612 5507 Tyanorum
1656 5443 1775 5512 epi-

206 5532 437 5590 scopum,
466 5532 519 5575 et
546 5521 858 5591 Bosporium
887 5524 1155 5592 Coloniae,
1191 5527 1277 5596 qui
1307 5529 1769 5600 quadragesimum

207 5616 437 5664 octavum
459 5611 512 5664 iu
533 5613 839 5681 episcopatu
860 5614 1048 5683 agebat
1068 5630 1264 5670 annum
1285 5636 1299 5684 ;
1327 5626 1380 5671 ct
1401 5617 1763 5688 Serapionem,

207 5696 486 5756 Ostracinte
510 5703 841 5772 episcopum,
867 5703 955 5773 qui
981 5703 1326 5775 quadraginta
1346 5706 1579 5778 quinque
1599 5724 1766 5764 annos

210 5803 387 5846 manus
422 5793 760 5863 episcopatus
803 5791 1034 5864 gerebat.
1064 5791 1195 5849 Cum
1227 5795 1546 5868 aliquamdiu
1587 5796 1765 5855 Theo-

1902 530 2063 584 do'rus
2092 541 2199 598 prie
2225 525 2835 598 stupore‘obmutulsset,
2864 522 2994 580 dixit
3023 541 3036 577 :
3064 522 3202 589 Quid
3229 523 3391 591 igitur
3411 520 3475 574 ad

1902 620 2016 675 hare
2043 619 2279 675 dicemus
2300 660 2314 683 ,
2334 616 2533 673 Pater?
2573 617 2713 671 Num
2736 615 2868 671 hora
2907 616 3027 685 jam-
3047 614 3331 670 novissima
3373 624 3474 677 est,

1903 718 1957 765 et
1982 708 2229 772 defectio,
2255 708 2543 763 secundum
2565 707 2807 772 Paulum,
2833 721 2926 776 per
2951 706 3048 760 ista
3070 705 3274 759 initium
3301 705 3475 771 capit:

1908 797 1975 854 Ut
2021 798 2234 853 demum
2290 798 2533 851 reveletur
2583 798 2719 865 filius
2782 794 3111 866 perditionis,
3165 793 3480 847 adversarius

1904 892 1982 961 (2.
2011 890 2186 946 Thess.
2214 892 2267 944 2.
2293 892 2350 960 5)
2370 890 2411 942 ?'
2430 890 2562 945 Nam
2594 888 2763 943 malos
2791 901 3043 957 prospere
3068 900 3255 955 agere,
3283 893 3338 939 et
3368 883 3480 937 Iure

1904 992 2149 1052 patrare,
2182 990 2234 1035 et
2262 982 2453 1034 durare
2491 990 2544 1033 et
2573 979 2979 1048 praevalere,.et
3013 978 3182 1031 bonos
3218 975 3389 1047 premi
3421 989 3481 1027 ac

1906 1072 2142 1142 Spoliari,
2170 1071 2316 1125 illum
2346 1071 2772 1139 appropinquare
2797 1082 2917 1123 cum
2943 1066 3165 1121 horrore
3193 1081 3279 1119 me
3299 1065 3485 1119 admo-

1906 1173 2015 1216 net.
2046 1161 2221 1216 Ertsc.
2254 1160 2531 1214 Proximus
2557 1159 2770 1228 quidem
2799 1165 2881 1213 est
2912 1155 3029 1211 linis
3049 1196 3064 1220 ,
3094 1154 3483 1223 sapientissimo

1908 1252 2204 1312 Theodore,
2233 1250 2381 1319 juxta
2410 1266 2531 1304 eum
2559 1248 2751 1318 quiuit
2780 1266 2793 1301 :
2825 1247 2998 1301 Filioli
3018 1289 3033 1312 ,
3063 1248 3331 1301 novissima
3358 1246 3484 1299 hora

1907 1352 1979 1396 est
2004 1343 2020 1411 (
2048 1344 2097 1395 1.
2120 1341 2275 1395 Joan.
2300 1342 2354 1394 2.
2382 1339 2476 1410 18)
2509 1358 2521 1394 :
2557 1350 2609 1394 et
2636 1339 2790 1407 juxta
2823 1338 2988 1392 illud:
3019 1336 3156 1392 Exiit
3184 1337 3483 1405 paterfami-

1909 1432 2005 1487 lias
2050 1433 2184 1483 circa
2228 1431 2545 1483 undecimam
2595 1429 2772 1482 horam
2822 1428 3097 1481 conducere
3136 1426 3391 1497 aperarios
3432 1427 3485 1478 in

1908 1525 2104 1601 vineam
2143 1537 2286 1575 suam
2320 1519 2531 1591 (Matth.
2558 1518 2646 1573 20.
2673 1520 2725 1589 l)
2755 1536 2769 1574 :
2800 1518 2926 1572 hora
2968 1526 3142 1572 autem
3171 1516 3485 1571 duodecima

1910 1615 2089 1669 ultima
2129 1622 2230 1668 est.
2264 1612 2321 1667 Si
2360 1626 2486 1665 vero
2525 1618 2647 1666 ante
2690 1610 3101 1681 quadringentos
3140 1624 3309 1663 annos
3346 1607 3487 1661 dicta

1909 1714 1989 1757 est
2019 1703 2086 1757 ab
2114 1703 2371 1771 Apostolo
2416 1702 2632 1765 ultima,
2680 1702 2848 1755 multo
2878 1700 3043 1771 magis
3087 1714 3228 1754 nunc
3272 1707 3487 1769 propter

1911 1796 2026 1851 huic
2050 1796 2246 1849 omnia.
2277 1793 2478 1849 Deinde
2505 1793 2619 1847 huic
2645 1791 2712 1845 ab
2733 1791 2882 1845 initio
2907 1791 3242 1861 contigerunt
3266 1790 3488 1843 Domino

1911 1886 2270 1957 permittente,
2315 1886 2380 1939 ad
2420 1883 2746 1939 exercendos
2773 1894 3015 1947 sanctos,
3059 1897 3296 1937 cumcos
3323 1896 3491 1950 cxpe—

1910 1986 2045 2032 leret
2087 1976 2347 2037 diabolus,
2390 1976 2526 2028 sicut
2568 1974 2641 2027 ait
2681 1974 2934 2027 Servatur
2972 1991 2983 2025 :
3030 1970 3242 2033 Simon,
3287 1970 3485 2031 Simon,

1909 2066 2153 2137 expetivit
2179 2082 2265 2119 vos
2291 2065 2534 2130 Satanas,
2580 2072 2634 2117 ut
2676 2062 2913 2116 cribraret
2942 2064 3071 2116 sicut
3115 2062 3372 2114 triticum:
3400 2077 3490 2129 ego

1909 2168 2076 2211 autem
2100 2156 2274 2227 rogavi
2313 2172 2404 2225 pro
2429 2165 2493 2221 te,
2520 2165 2572 2208 ut
2607 2171 2707 2208 non
2738 2154 2938 2222 deﬁciat
2974 2154 3099 2222 [ideo
3123 2165 3207 2206 tua
3231 2150 3378 2223 (Luc.
3400 2152 3489 2205 22.

1910 2248 1996 2302 3f.
2020 2248 2141 2321 33).
2178 2246 2357 2316 Neque
2381 2260 2509 2301 vero
2535 2260 2630 2315 pro
2660 2246 2776 2300 solo
2806 2246 2963 2301 Petro
3004 2244 3207 2317 rogavit
3226 2244 3491 2309 Christus,

1908 2338 2001 2392 sed
2050 2352 2144 2405 pro
2190 2336 2441 2391 omnibus
2490 2335 2688 2390 Christi
2736 2336 2893 2391 fidem
2937 2336 3254 2391 habentibus
3303 2354 3314 2387 :
3362 2332 3491 2389 nihil

1908 2428 2049 2481 aliud
2076 2427 2407 2497 signiﬁcante
2437 2427 2634 2491 cribro,
2674 2443 2834 2497 quam
2863 2426 3047 2481 orbem
3082 2437 3362 2487 terrarum,
3394 2444 3493 2481 νυν

1909 2519 2166 2587 Iuptatnm
2213 2533 2276 2572 ac
2320 2517 2567 2572 dolorum
2615 2518 2865 2586 plenum,
2913 2533 3005 2586 per
3039 2518 3494 2588 quze‘veluti‘por

1908 2609 2165 2663 foramina
2228 2610 2424 2663 terreni
2487 2608 2731 2663 homines
2778 2608 2833 2661 in
2895 2624 3077 2663 orcum
3124 2609 3380 2664 excidunt
3427 2612 3493 2663 ab

1907 2703 2081 2757 alente
2110 2702 2302 2766 tritico,
2329 2702 2454 2755 dum
2483 2701 2627 2756 velut
2655 2716 2684 2755 a
2719 2700 3065 2757 foraminibus
3092 2712 3447 2757 secernuntur
3475 2721 3487 2754 :

1906 2792 2026 2847 aliis
2066 2792 2280 2861 quidem
2310 2790 2671 2847 difﬂuentibus
2702 2792 2860 2846 veluti
2893 2807 2987 2861 per
3037 2792 3273 2847 foramen
3318 2795 3488 2863 inglu-

1907 2882 2029 2935 viei.
2074 2880 2298 2945 Quorum
2322 2880 2460 2936 Deus
2494 2890 2662 2936 venter
2700 2891 2773 2935 est
2813 2880 3080 2952 (Philipp.
3106 2884 3159 2937 5.
3190 2884 3328 2951 19);
3373 2885 3490 2938 aliis

1904 2982 2080 3025 autem
2107 2987 2204 3040 per
2232 2972 2558 3040 voluptatum
2586 2971 2884 3038 illecebras,
2914 2972 2982 3027 de
3002 2973 3191 3042 quibus
3218 2973 3479 3043 prephcta

1903 3062 1997 3125 ait,
2015 3060 2213 3131 Spiritu
2228 3061 2573 3132 fornicationis
2588 3061 2778 3115 seducti
2790 3076 2903 3115 sunt
2920 3079 2937 3115 :
2954 3079 3112 3130 neque
3126 3065 3257 3116 cnim
3276 3065 3489 3133 fornice-

1906 3163 2036 3205 tores
2052 3192 2067 3217 ,
2090 3169 2246 3217 neque
2265 3152 2503 3217 adulteri,
2527 3168 2685 3219 neque
2706 3152 2900 3218 molles,
2926 3170 3132 3223 regnum
3149 3153 3246 3208 Dei
3268 3156 3488 3223 posside-

1904 3243 2024 3296 bunt
2047 3243 2091 3312 (l
2110 3282 2123 3295 .
2148 3242 2262 3295 Cor.
2287 3243 2338 3296 6.
2368 3243 2456 3311 10)
2484 3260 2496 3293 :
2521 3243 2637 3296 aliis
2664 3258 2758 3312 per
2782 3243 3056 3297 avaritiam
3084 3245 3328 3300 :.sciliccl
3360 3248 3481 3315 qni-

1902 3350 2129 3404 cumque
2155 3334 2467 3389 idololatria:
2488 3334 2767 3403 conjugem
2792 3334 2891 3389 sibi
2914 3334 3301 3403 desponsarunt
3324 3355 3338 3390 :
3366 3336 3485 3391 aliis

1904 3440 1997 3495 per
2027 3426 2156 3495 iram
2182 3432 2237 3478 et
2257 3424 2508 3489 furorem,
2540 3426 2627 3493 qui
2661 3425 2852 3479 ferales
2877 3425 3121 3480 tenebras
3152 3436 3485 3492 amaverunt,

1900 3517 1968 3572 tle
2000 3518 2188 3587 quibus
2217 3517 2452 3572 Joannes
2480 3535 2492 3571 :
2522 3517 2622 3581 Qui
2646 3517 2748 3571 odit
2777 3522 2981 3589 fratrem
3006 3536 3169 3583 suum,
3192 3521 3244 3573 in
3274 3521 3487 3575 tenebris

1898 3617 1971 3664 est
2013 3624 2166 3679 usque
2188 3607 2354 3660 adhuc
2381 3608 2453 3677 (1.
2475 3604 2631 3661 Joan.
2678 3605 2727 3659 2.
2762 3608 2850 3675 9):
2876 3606 2966 3661 Ira
2989 3609 3151 3675 enim,
3176 3620 3233 3663 ut
3253 3612 3324 3663 ait
3351 3610 3486 3663 Pro-

1899 3702 2199 3758 verhiorum
2230 3710 2434 3767 auctor,
2461 3699 2624 3771 perdit
2643 3700 2791 3753 etiam
2810 3700 3250 3772 sapientes(Prov.
3273 3702 3359 3758 15.
3387 3703 3478 3771 l):

1897 3793 2014 3848 aliis
2038 3808 2134 3864 per
2163 3792 2418 3848 incuriam
2445 3800 2500 3846 et
2543 3791 2865 3846 oblivionem
2891 3832 2906 3855 ,
2939 3793 2989 3846 iu
3024 3795 3294 3849 memoria:
3338 3794 3477 3865 rigi-

1896 3884 2058 3938 lantia
2101 3899 2205 3938 non
2255 3882 2601 3953 perdurantes
2628 3923 2643 3947 ,
2693 3894 2747 3937 et
2782 3882 2906 3937 illud
2952 3891 3231 3952 precantes
3261 3884 3479 3939 dicunt:

1899 3974 2196 4029 Dormitavit
2240 3976 2411 4029 anima
2443 3991 2553 4028 mea
2596 3989 2703 4045 pra:
2755 3976 2902 4028 tcedio
2956 3975 2973 4043 (
3008 3974 3147 4028 Psal.
3179 3974 3300 4029 118.
3337 3976 3408 4029 28
3436 3976 3476 4044 ).

1894 4071 2040 4139 Quos
2072 4070 2334 4123 miserans
2365 4068 2659 4137 Scriptura,
2689 4067 2798 4121 ait:
2837 4066 2925 4121 Va:
2952 4068 3087 4121 vobis
3122 4069 3207 4136 qui
3252 4068 3476 4137 perdidi-

1894 4164 1983 4217 stis
2010 4162 2301 4232 patientiam
2319 4162 2340 4216 !
2368 4171 2413 4215 et
2448 4161 2568 4229 quid
2588 4160 2781 4230 facietis
2802 4202 2816 4225 ,
2840 4176 2951 4213 cum
2989 4160 3206 4215 visitabit
3221 4159 3470 4215 Dominus

1895 4251 2079 4322 (Eccti.
2100 4252 2154 4306 2.
2185 4250 2549 4321 l6.l7)‘?aliis
2582 4264 2678 4318 per
2722 4249 3135 4304 irrationabilcm
3157 4251 3468 4305 ostentatio-

1893 4360 2037 4408 nem,
2067 4343 2135 4397 de
2158 4345 2349 4413 quibus
2374 4341 2653 4396 Psalmista
2688 4340 3001 4410 praedicebat
3033 4358 3046 4394 :
3082 4340 3330 4405 Quoniam
3369 4341 3471 4395 dis-

1891 4434 2072 4505 sipavit
2097 4432 2236 4487 Deus
2260 4448 2375 4486 ossa
2398 4430 2682 4485 hominibus
2723 4430 3064 4500 placcntium(
3097 4430 3240 4485 Psal.
3264 4428 3352 4484 52.
3383 4431 3471 4504 6);

1890 4525 2007 4580 aliis
2049 4539 2144 4593 per
2167 4523 2522 4593 arrogantiam
2552 4531 2602 4575 et
2638 4520 2829 4574 fastum
2851 4562 2867 4587 ,
2890 4521 3029 4591 quod
3069 4531 3149 4575 est
3179 4522 3424 4593 superbia
3458 4541 3471 4577 :

1890 4632 2024 4688 quos
2048 4615 2211 4671 veluti
2261 4613 2462 4669 ordinis
2506 4611 2813 4667 desertores
2853 4611 3126 4682 propheta,
3157 4613 3426 4668 insimulat
3457 4632 3468 4666 :

1883 4708 2109 4778 Superbi
2134 4707 2303 4777 inique
2330 4706 2541 4777 agebant
2576 4720 2966 4774 usquequaque;
2994 4722 3026 4758 a
3060 4703 3168 4777 lege
3200 4715 3366 4760 autem
3385 4714 3474 4760 tua

1888 4817 1989 4856 non
2003 4798 2246 4853 declinavi
2265 4797 2431 4870 (Psal.
2455 4797 2576 4852 118.
2597 4797 2707 4867 51).
2730 4796 3155 4868 Unumquodque
3172 4808 3348 4853 autem
3369 4797 3474 4854 ho-

1885 4905 2005 4945 rum
2035 4890 2282 4944 vitiorum
2316 4888 2467 4958 plura
2507 4887 2609 4941 alia
2653 4887 3046 4957 subsequuntur
3074 4906 3085 4941 :
3116 4887 3308 4942 fastum
3339 4888 3473 4942 inri~

1885 4982 1993 5048 dia,
2016 4981 2295 5035 avaritiam
2319 4978 2520 5045 odium,
2553 4978 2879 5034 illiberalitas
2918 4979 3246 5035 mendacium
3278 4997 3292 5045 ;
3323 4981 3470 5036 furo-

1883 5089 1997 5129 rem
2026 5073 2101 5127 ira
2132 5072 2214 5126 vel
2245 5070 2707 5135 excandescentia,
2735 5071 3090 5135 contumelias,
3122 5072 3465 5139 invidentia);

1882 5163 2285 5220 fornicationem
2334 5162 2530 5217 oblivio
2553 5204 2568 5230 ,
2621 5162 2915 5229 securitas,
2947 5164 3173 5235 pigritia,
3205 5165 3305 5220 zeli
3338 5165 3463 5221 Itoni

1880 5255 2138 5321 defectus,
2167 5255 2474 5324 inutilisque
2515 5254 2727 5324 vigilia;
2774 5270 2959 5309 vanam
3021 5257 3242 5325 gloriam
3285 5258 3464 5313 curio-

1883 5349 2032 5411 sitas,
2067 5346 2343 5416 perceptio
2369 5344 2657 5411 donorum,
2687 5359 2901 5415 pompa,
2929 5346 3316 5413 simulationes,
3340 5364 3463 5418 per—

1879 5452 2129 5491 sonarum
2168 5435 2526 5504 acceptiones,
2558 5432 2813 5499 fallaciae;
2843 5435 3147 5504 superbiam
3172 5436 3461 5499 dementia.

1850 5520 2349 5591 immisericordiae,
2379 5526 2539 5594 impia
2567 5524 2724 5590 facta,
2754 5525 2950 5580 mentis
2964 5525 3279 5591 emotiones,
3304 5536 3464 5595 atque

1878 5618 2011 5672 alias
2036 5618 2176 5683 aliae,
2208 5632 2277 5672 ne
2299 5617 2475 5686 plures
2499 5630 2808 5682 recensens,
2826 5629 3128 5670 sermonem
3160 5614 3301 5670 hunc
3318 5631 3441 5672 .oue

1880 5722 1992 5761 rem
2018 5748 2033 5771 ,
2083 5720 2203 5761 cum
2251 5704 2462 5761 abunde
2491 5704 2910 5759 demonstratum
2954 5704 3053 5768 sit;
3083 5704 3226 5776 quod
3254 5705 3452 5762 dictum

1882 5807 1980 5856 est.
2029 5796 2322 5871 Unicuique
2367 5807 2542 5851 autem
2587 5794 2776 5852 horum
2837 5795 3097 5851 vitiorum
3134 5798 3461 5855 contrariam
