4264 6306
764 382 831 441 75
2024 370 2334 430 PAMLADH

2452 372 2708 432 ALOCES
3256 346 3263 353 ’
3938 386 4011 445 τε

766 499 1011 549 virtutem
1040 493 1177 546 Deus
1197 489 1443 560 opposuit
1476 507 1483 515 ·
1514 490 1657 542 vcrbi
1700 490 1865 558 gratia
1891 528 1905 553 ,
1933 489 2154 542 luxurize
2178 487 2336 541 eaSti-

769 596 951 645 talcttt,
993 583 1255 651 gulositatl
1301 579 1740 651 temperantiam,
1768 579 2003 633 avaritia:
2045 578 2332 647 justitiam,

765 678 855 728 ira:
888 672 1176 737 lenitatem,
1197 673 1417 726 tristitiae
1439 671 1707 741 gaudium,
1735 670 1982 725 oblivioni
2006 669 2335 735 memoriam,

766 762 1025 816 κυσοτιιὶω
1054 763 1377 831 patientiam,
1414 761 1693 814 dementia:
1736 760 2088 829 prudentiam,
2113 759 2333 829 ignaviae

769 852 1150 917 fortitudinem,
1179 852 1393 909 vanitati
1417 851 1792 913 humilitatem,
1824 858 1877 903 et
1914 849 2030 902 aliis
2053 849 2182 903 alias
2213 849 2331 903 :bis

774 938 1015 990 minibus
1042 935 1273 988 divinam
1300 934 1629 1002 Scripturam
1654 950 1666 984 :
1697 932 1792 985 soli
1827 941 2002 985 autem
2045 932 2197 986 tastui
2226 932 2335 985 vir-

772 1034 935 1079 tutem
965 1022 1281 1077 contrariam
1310 1038 1415 1075 non
1457 1022 1602 1076 dedit
1626 1021 1695 1075 ob
1723 1023 2153 1090 exsuperantiam
2197 1022 2330 1087 vitii,

772 1117 991 1181 seipsnm
1026 1114 1097 1167 illi
1141 1129 1437 1176 reservans,
1462 1113 1596 1166 sicut
1635 1112 1767 1166 dixit
1796 1130 1809 1165 :
1841 1110 1977 1164 Deus
2002 1110 2226 1180 superbis
2251 1126 2333 1162 νεα

770 1206 891 1258 sistit
931 1206 1065 1269 (Jac.
1110 1206 1160 1258 4.
1202 1204 1233 1258 6
1265 1208 1280 1272 )
1317 1222 1330 1257 :
1361 1203 1497 1257 sicut
1526 1203 1683 1257 etiam
1724 1203 1835 1270 ipse
1864 1201 2117 1270 propheta
2146 1216 2333 1269 preca-

768 1313 880 1359 lllr,
912 1297 1096 1348 dicens
1125 1313 1136 1345 :
1173 1293 1303 1345 ιριιιίι
1347 1309 1522 1346 manus
1550 1304 1662 1346 tuas
1703 1293 1753 1343 in
1799 1291 2057 1359 superbius
2092 1307 2261 1344 eorum
2280 1292 2334 1344 in

770 1389 913 1439 tinent
943 1391 959 1453 (
992 1384 1131 1437 Psal.
1166 1387 1250 1438 7.3.
1283 1387 1317 1439 3
1348 1386 1365 1452 )
1406 1401 1417 1435 :
1450 1393 1502 1437 et
1528 1398 1709 1436 rursus
1728 1425 1742 1447 ,
1772 1381 1943 1435 Redde
1964 1381 2332 1434 retributionem

700 1530 701 1533 η
768 1479 987 1546 superbis
1018 1479 1035 1545 (
1071 1478 1206 1530 μετά.
1230 1477 1316 1532 95.
1343 1476 1380 1529 ξ’.
1406 1476 1447 1545 ).
1481 1475 1547 1528 Et
1598 1473 2037 1544 quemadmodum
2069 1489 2131 1527 ex
2162 1472 2333 1527 fructu

768 1569 920 1621 arbor
956 1566 1311 1636 cognoscitur,
1344 1575 1401 1620 ut
1425 1566 1499 1619 ait
1525 1565 1782 1619 Dominus
1812 1582 1824 1616 :
1857 1564 1941 1618 Ea:
1974 1564 2217 1633 fructibus
2243 1580 2329 1617 eo-

767 1674 875 1709 rum
897 1658 1200 1727 cognoscetis
1229 1674 1311 1711 eos
1341 1656 1359 1728 (
1386 1656 1569 1709 Matth.
1615 1657 1665 1711 7.
1704 1655 1800 1723 16)
1829 1673 1844 1707 :
1875 1656 1945 1710 ita
1973 1657 2332 1725 unusquisque

768 1744 1036 1794 hominum
1059 1782 1072 1805 ,
1105 1742 1215 1795 sive
1257 1740 1360 1794 sint
1384 1741 1548 1793 sancti
1575 1781 1590 1807 ,
1616 1740 1728 1794 sive
1754 1739 2010 1794 dicantur.
2042 1740 2129 1795 Sic
2154 1753 2331 1796 autem

770 1830 962 1897 υιιὶιιιιρ
988 1839 1112 1883 sunt
1139 1830 1495 1899 improborum
1525 1830 1897 1897 prosperitates
1925 1831 2155 1885 immota:
2181 1874 2196 1898 ,
2222 1832 2333 1887 Deo

769 1934 890 1987 erga
920 1920 1063 1989 ipsos
1108 1919 1367 1987 patienter
1393 1928 1599 1989 agente.
1631 1918 1740 1973 lloc
1766 1921 1906 1974 enim
1938 1921 2103 1989 ipsum
2132 1920 2283 1975 decet
2317 1941 2328 1974 :

768 2010 836 2060 ita
871 2018 925 2061 ut
969 2010 1134 2061 sancti
1164 2010 1387 2077 idipsum
1415 2024 1480 2063 ex
1512 2022 1733 2077 persona
1764 1999 1945 2063 eorum
1966 2052 1981 2073 ,
2022 2012 2107 2078 qui
2135 2025 2331 2066 vexan-

767 2108 874 2160 tur,
901 2097 1272 2166 proclamarint
1295 2098 1359 2151 ad
1378 2097 1793 2152 consolationem
1822 2099 2328 2161 orniiiumnostrum,

764 2190 851 2262 qui
878 2202 1015 2248 nunc
1046 2187 1289 2262 patiimir.
1342 2186 1551 2249 Primus
1599 2188 1864 2264 patientia:
1893 2189 2029 2242 illius
2056 2188 2175 2255 Job,
2206 2190 2333 2259 quid

766 2294 883 2355 post
910 2286 1071 2339 multa
1102 2287 1175 2340 ait
1204 2287 1227 2339 ?
1264 2288 1388 2355 quid
1415 2289 1556 2342 enim
1580 2287 1603 2340 ἲ
1632 2286 1897 2358 Numquid
1923 2304 1985 2340 e.c
2026 2279 2223 2340 homine
2262 2303 2332 2338 re-

766 2376 1022 2440 prehensio
1068 2376 1216 2427 mea?
1252 2377 1568 2445 inculpatum
1609 2393 1667 2431 se
1714 2392 1832 2431 esse
1882 2376 2200 2445 signiﬁcans.
2265 2377 2331 2429 Et

762 2480 916 2528 quare
953 2479 1052 2516 non
1072 2465 1259 2517 irascar
1282 2466 1307 2517 ἵ
1332 2468 1417 2533 qui
1445 2466 1704 2535 adspicitis
1743 2482 1837 2525 me,
1870 2466 2207 2527 admiramini,
2240 2481 2331 2533 po-

766 2561 937 2605 nentes
958 2568 1161 2605 manum
1184 2569 1332 2621 super
1351 2555 1627 2607 maxillam.
1650 2555 1709 2610 Si
1726 2556 1857 2607 enim
1882 2554 2168 2608 recordatus
2189 2554 2331 2621 [uero

774 2642 1001 2711 religiose
1040 2642 1160 2706 uixi,
1190 2653 1233 2695 ct
1262 2644 1459 2697 dolores
1484 2643 1698 2698 obtinent
1720 2660 1917 2697 carnem
1957 2659 2135 2696 meam.
2163 2643 2334 2706 Quare

773 2730 914 2799 impii
943 2732 1107 2785 vivunt
1131 2774 1145 2797 ,
1189 2742 1235 2786 et
1275 2734 1607 2787 irweterarunt
1635 2736 1684 2787 in
1706 2735 1929 2787 diritiis?
1954 2733 2133 2788 Semen
2164 2750 2332 2787 eorum

766 2826 1037 2873 secundum
1079 2823 1330 2887 animam,
1364 2824 1458 2891 filii
1484 2835 1648 2878 autem
1686 2841 1855 2878 eorum
1892 2825 1943 2877 in
1980 2826 2136 2880 oculis
2170 2836 2329 2880 sunt:

767 2914 946 2984 domus
975 2930 1144 2967 eorum
1171 2915 1425 2969 abundant
1450 2957 1464 2981 ,
1495 2917 1642 2970 timor
1682 2928 1843 2970 autent
1888 2916 2067 2970 nullibi
2096 2933 2113 2970 .'
2155 2919 2329 2989 ﬂagel-

770 3004 874 3076 lum
896 3002 985 3056 Dei
1003 3020 1103 3057 non
1128 3015 1199 3059 est
1226 3022 1375 3074 super
1401 3007 1535 3061 illos.
1558 3006 1661 3061 Bos
1689 3024 1985 3062 eorumnon
2013 3009 2334 3065 immaturum

769 3094 957 3163 peperit
988 3107 1006 3146 .'
1032 3105 1223 3147 serrata
1248 3104 1319 3148 est
1343 3095 1402 3146 ab
1429 3106 1574 3162 astu,
1603 3098 1655 3149 in
1683 3106 1849 3151 uentre
1876 3096 2063 3152 habens
2092 3115 2191 3152 non
2222 3102 2333 3170 [ru-

768 3192 926 3253 strata
950 3190 1040 3237 est.
1077 3181 1283 3235 Manent
1311 3192 1475 3237 autent
1500 3186 1628 3240 sicut
1656 3201 1768 3240 oves
1798 3197 2069 3255 perpetuat.
2102 3186 2333 3259 Infantes

766 3289 939 3325 torum
968 3272 1239 3338 adludunt,
1269 3284 1480 3329 tenentes
1501 3275 1793 3345 psalterium
1813 3287 1858 3331 et
1884 3278 2149 3344 citharam,
2172 3289 2218 3333 ct
2247 3281 2337 3336 lte-

776 3364 947 3416 lantur
976 3364 1031 3417 in
1070 3379 1187 3417 voce
1222 3365 1403 3430 psalmi
1440 3381 1458 3419 :
1487 3377 1891 3421 ronsummarunt
1920 3369 1972 3423 in
2008 3371 2148 3424 bonis
2187 3372 2335 3425 vitam

777 3466 949 3513 sariat,
982 3458 1029 3503 et
1055 3450 1107 3503 in
1131 3451 1299 3518 re-‘Iuie
1319 3451 1511 3518 inferni
1541 3452 1952 3509 obdormierunt.
1988 3456 2125 3511 Dicit
2161 3470 2338 3515 autem

782 3538 1003 3592 Domino
1031 3555 1048 3592 :
1075 3536 1267 3593 Recede
1306 3556 1338 3591 a
1364 3556 1462 3603 me,
1491 3541 1600 3594 pias
1624 3551 1740 3595 tuas
1774 3544 1905 3597 scire
1927 3547 2048 3599 noto
2080 3547 2221 3617 (Job.
2246 3549 2339 3617 9-1,

778 3629 961 3698 toll).
989 3627 1125 3683 Huic
1148 3644 1385 3684 consona
1407 3632 1669 3686 malorum
1692 3633 1932 3689 tolerans
1952 3646 2004 3690 et
2031 3639 2338 3697 divinorum

773 3720 1104 3787 judiciorum
1136 3736 1312 3790 μνωυο
1344 3721 1506 3775 David
1525 3724 1620 3786 ait,
1648 3722 1801 3795 just:
1830 3726 1961 3780 illud
1989 3748 2000 3781 :
2026 3726 2339 3786 Misericor—

776 3813 919 3865 diam
943 3822 992 3865 et
1014 3812 1274 3883 judiiium
1298 3814 1519 3867 cantabo
1542 3815 1659 3879 tibi,
1688 3816 1928 3873 Domine.
1965 3820 2139 3887 Quam
2170 3825 2335 3882 bonus

779 3904 918 3956 Deus
952 3901 1142 3956 lsraeli
1181 3904 1331 3957 rectis
1372 3906 1523 3958 corde
1552 3905 1990 3976 (Psal.100.l.et
2016 3912 2099 3966 72.
2134 3914 2203 3985 l).
2235 3916 2340 3972 Mei

778 4006 947 4048 autem
961 4008 1086 4060 pene
1099 3995 1353 4048 motisunt
1371 3994 1544 4062 pedes,
1556 4010 1681 4061 pene
1692 3998 1846 4066 eiusi
1863 4011 1985 4053 sunt
2001 4019 2209 4071 gressus
2237 4009 2337 4062 mei

778 4084 953 4154 (Psal.
976 4083 1060 4137 72.
1085 4083 1161 4152 2).
1185 4083 1330 4138 Cur?
1353 4084 1490 4149 Quia
1516 4088 1683 4140 celaui
1707 4105 1861 4157 super
1885 4092 2091 4163 iniquos
2107 4138 2120 4159 ,
2155 4114 2335 4165 pacem

773 4182 1101 4240 peccatorum
1130 4171 1322 4226 tridens.
1358 4170 1419 4224 Et
1449 4173 1576 4228 alibi
1606 4189 1827 4242 rursus,
1858 4193 1989 4247 opes
2017 4196 2204 4236 eorum
2241 4184 2341 4238 da-

776 4276 993 4326 mnans,
1006 4262 1139 4316 dicit
1159 4282 1171 4315 :
1188 4262 1347 4316 Boves
1365 4279 1543 4316 eorum
1561 4279 1774 4331 crassw,
1794 4284 1908 4322 oves
1924 4285 2102 4325 eorum
2117 4274 2335 4342 fetam,

775 4355 1100 4408 abundantes
1123 4356 1177 4407 in
1192 4354 1479 4424 egressibus
1504 4357 1637 4420 suis,
1662 4363 2028 4427 promptuaria
2043 4381 2223 4419 eorum
2237 4368 2343 4436 ple-

775 4462 866 4511 na,
896 4446 1189 4498 eructantia
1204 4460 1268 4499 ea:
1287 4444 1382 4497 hoc
1399 4447 1451 4498 in
1475 4446 1607 4499 illud
1629 4463 1647 4501 :
1670 4450 1798 4516 ﬁliae
1813 4467 1990 4506 eorum
2014 4460 2339 4524 compositor,

774 4536 968 4586 circum
986 4544 1208 4597 ornatae,
1231 4534 1782 4604 utsimilitudotempli
1797 4538 1968 4608 (Psal.
1989 4542 2109 4599 145.
2136 4546 2221 4603 14.
2248 4548 2333 4604 15.
2360 4544 2363 4545 ⁷

740 4629 743 4632 ’
775 4622 881 4692 12).
910 4622 1013 4677 Sed
1029 4632 1083 4677 et
1106 4624 1298 4677 malam
1320 4639 1509 4679 eorum
1528 4629 1880 4683 concordiam
1900 4642 1951 4686 et
1966 4648 2149 4702 pacem
2166 4638 2340 4695 admi-

774 4729 901 4767 rans
916 4713 1083 4768 addit:
1105 4712 1224 4767 Non
1237 4723 1311 4767 est
1329 4716 1530 4769 clamor
1541 4719 1592 4770 in
1601 4719 1789 4786 plateis
1806 4737 2170 4794 eorum,ncque
2184 4731 2339 4784 ruina

773 4806 1013 4857 maceria:
1028 4803 1082 4857 in
1096 4803 1337 4859 domibus
1357 4822 1537 4860 eorum
1558 4808 1734 4876 (Ibid.
1754 4828 1801 4866 υ.
1827 4813 1912 4866 id.
1936 4825 1982 4867 et
2006 4816 2112 4876 l5).
2137 4818 2339 4878 Deinde

771 4890 1085 4959 vituperans
1106 4900 1414 4963 corruptam
1440 4895 1580 4965 vulgi
1603 4898 1939 4966 opinionem,
1968 4904 2044 4957 ait
2073 4923 2084 4959 :
2112 4906 2337 4966 Beatum

774 4979 1006 5030 dixerunt
1031 4980 1293 5048 papulum,
1320 4984 1404 5037 cui
1430 4986 1538 5040 [nec
1570 4997 1703 5043 sunt.
1744 4991 1809 5045 Et
1833 4992 1982 5050 addit
2010 5013 2022 5049 :
2053 4995 2237 5054 Beatus
2260 5019 2341 5070 po-

778 5069 926 5135 pulus
955 5110 969 5136 ,
1002 5072 1143 5141 cujus
1189 5072 1434 5130 Dominus
1479 5077 1639 5134 Iacob
1677 5083 1879 5153 adjutor
1918 5087 2049 5156 ejus.
2096 5090 2159 5143 Et
2186 5109 2251 5146 ne
2276 5109 2341 5148 eo

778 5174 939 5226 usque
969 5160 1161 5216 sistens
1190 5167 1485 5222 testimonia
1515 5212 1527 5231 ,
1570 5169 1789 5237 faciam,
1824 5185 1877 5229 ut
1903 5181 2225 5244 periclitetur
2244 5185 2339 5237 im-

777 5246 1004 5315 perfecta
1036 5252 1204 5305 oratio
1231 5295 1245 5317 ,
1275 5257 1396 5311 audi
1441 5274 1623 5315 rursus
1668 5262 1938 5319 Abbacunt
1967 5285 2085 5324 cum
2112 5274 2339 5341 quodam

774 5339 981 5405 planctu
1010 5353 1169 5410 suiter
1198 5342 1495 5413 ltujusmodi
1539 5350 1915 5420 indignantem.
1944 5374 2007 5412 ac
2037 5339 2298 5416 dicentem
2326 5381 2338 5414 :

776 5423 1059 5494 Usquequo,
1094 5430 1321 5497 Domine,
1353 5438 1579 5491 clamabo
1600 5480 1613 5501 ,
1642 5441 1888 5511 injuriam
1914 5450 2102 5511 pulit-ns
2123 5493 2135 5513 ,
2171 5462 2215 5505 ει
2244 5471 2342 5508 non

774 5517 1048 5586 ωταιιάὶεε(
1086 5520 1276 5577 Ilabac.
1308 5527 1355 5581 1.
1385 5528 1419 5581 *3.
1469 5559 1492 5570 -
1513 5530 1545 5583 4
1573 5531 1623 5597 γε
1654 5532 1870 5601 injurias
1920 5539 2060 5592 enim
2094 5544 2339 5609 proximi,

773 5626 891 5657 suas
925 5612 1223 5677 appellavit.
1256 5616 1318 5670 Et
1340 5617 1558 5676 fratrum
1586 5638 1770 5680 amans
1795 5627 1975 5684 addit:
2019 5630 2341 5703 Vociferabor

772 5700 837 5745 ad
864 5704 928 5763 te,
974 5710 1015 5751 ct
1040 5717 1135 5754 non
1162 5705 1389 5759 saltabis.
1424 5710 1591 5777 Quare
1614 5717 1869 5769 ostendisti
1902 5720 2023 5775 mihi
2061 5700 2253 5779 labores
2293 5740 2340 5782 et

2452 484 2658 539 dolores
2694 486 2859 539 ridere
2880 488 2933 539 in
2953 505 3240 545 (erumnam
3262 510 3324 548 ac
3346 497 3662 565 nimietatem
3679 505 3785 561 ρετ
3801 510 4026 567 adverso
4064 496 4071 499 ν

2454 577 2552 628 mei
2570 576 2767 643 factum
2780 586 2856 628 est
2867 578 3152 644 judicium,
3170 582 3395 650 etjudex
3415 590 3625 655 accipit.
3647 591 3853 651 Idcirco
3866 598 4024 653 dim”-

2448 673 2573 727 pata
2607 672 2684 716 est
2730 664 2833 728 lex,
2877 673 2926 717 et
2974 681 3075 719 non
3125 669 3428 736 perducitur
3463 674 3723 742 judicium
3774 681 3825 733 in
3862 686 4025 749 ﬁnem

2445 752 2580 837 quia,
2614 754 2808 837 impius
2854 757 3101 821 prceralet
3150 759 3399 814 adversus
3444 763 3652 831 justum
3688 770 3809 837 (Job
3860 773 3946 824 17.
3989 779 4025 829 9

2446 849 2546 904 sqq
2574 836 2590 903 )
2613 834 2809 889 Eodem
2835 839 3027 906 spiritu
3050 841 3209 893 etiam
3232 834 3781 906 misericordissimus
3800 866 4022 910 sancto-

2446 936 2588 979 rum.
2604 919 2889 983 Jcremias.
2911 926 3167 982 haesitans
3186 944 3297 997 pra:
3314 932 3455 997 aliis,
3472 935 3669 989 clamat
3691 956 3701 990 :
3722 938 3912 995 Justus
3937 959 4019 1005 es,

2443 1001 2684 1067 Domine,
2701 1007 2948 1073 quoniam
2976 1010 3115 1075 apud
3138 1022 3183 1065 te
3212 1013 3561 1083 defensionem
3585 1020 3859 1077 instituam
3884 1042 3904 1079 :
3928 1044 4019 1080 ce-

2442 1097 2738 1141 rumtamen
2766 1089 2977 1157 judicia
3010 1093 3196 1162 loquar
3214 1101 3297 1151 ad
3330 1114 3407 1164 te,
3441 1102 3679 1159 Domine.
3718 1110 3897 1174 Quare
3932 1116 4019 1167 via

2437 1186 2770 1268 peccatorum
2805 1189 3184 1268 prosperatur.’
3210 1188 3479 1268 abmidarit
3517 1210 3715 1268 omnes,
3752 1201 3841 1265 qui
3872 1217 4010 1268 prc-

2436 1257 2739 1303 raricantur
2762 1257 3242 1318 pravaricationes.
3282 1257 3551 1315 Plantasti
3572 1280 3657 1317 eos
3680 1257 3707 1327 ,’
3727 1257 3774 1320 et
3800 1257 4008 1327 radices

2431 1348 2643 1407 egerunt
2660 1339 2784 1407 (hoc.
2806 1349 2911 1403 est,
2937 1342 3162 1396 licenter
3188 1345 3417 1413 vivunt),
3440 1359 3487 1402 et
3515 1350 3747 1417 fecerunt
3772 1356 4009 1424 fructum

2432 1429 2575 1483 (non
2617 1432 2775 1499 plane
2808 1433 3078 1500 spiritus)
3116 1454 3127 1488 :
3165 1439 3485 1507 propinquus
3518 1458 3570 1495 es
3602 1445 3683 1497 ori
3714 1462 3918 1512 eorum,
3956 1459 4009 1504 et

2433 1522 2582 1599 longe
2612 1535 2644 1571 a
2673 1519 2887 1599 renibus
2931 1538 3108 1599 eorum
3142 1523 3293 1587 (Jer.
3326 1528 3409 1581 12.
3453 1532 3497 1583 Ι.
3539 1531 3629 1599 2).
3684 1535 3777 1588 His
3822 1547 4011 1592 autem

2434 1596 2657 1646 omnino
2681 1594 2833 1661 paria
2863 1597 3082 1665 sapiens
3106 1601 3367 1668 propheta
3410 1594 3718 1673 Soplionias
3745 1607 3878 1677 [ima
3901 1610 4020 1663 Ma-

2435 1680 2666 1753 lacbias]
2695 1721 2711 1745 ,
2755 1683 3005 1739 homines
3053 1695 3110 1739 nt
3141 1690 3436 1744 maledicos
3470 1694 3729 1762 culpatis,
3777 1699 3869 1765 qni
3919 1697 4016 1753 Dei

2437 1767 2835 1834 providentiam
2864 1785 3146 1832 accusant.
3169 1784 3498 1844 sanctosque
3529 1779 3762 1836 mi~eros
3793 1784 4009 1843 dicunt.

2437 1858 2501 1897 es
2518 1858 2748 1912 persona
2770 1845 2978 1899 Domini
3005 1850 3079 1901 ait
3098 1868 3109 1901 :
3133 1848 3458 1918 lngravastis
3472 1870 3628 1923 super
3652 1873 3732 1910 me
3750 1874 4019 1916 sermones

2437 1942 2664 1998 uestros,
2691 1936 2766 1989 ait
2796 1935 3051 1992 Dominus
3073 1978 3086 2001 ,
3125 1951 3176 1993 et
3212 1942 3424 1997 dixistis
3456 1961 3473 1998 .'
3526 1945 3586 1999 In
3620 1965 3720 2016 quo
3748 1961 3931 2005 contra
3963 1964 4016 2006 to

2439 2019 2606 2072 locuti
2632 2037 2812 2073 sumus
2835 2025 2860 2076 .’
2894 2022 3119 2077 Dixistis
3168 2041 3185 2079 :
3234 2025 3432 2090 Vanus,
3471 2032 3562 2099 qui
3591 2035 3747 2086 serrit
3783 2034 3910 2088 Deo.
3943 2036 4018 2095 Et

2434 2101 2555 2170 quid
2584 2103 2799 2169 amplius
2836 2105 3004 2161 nobis.
3061 2106 3180 2175 quia
3217 2110 3570 2164 custodivimas
3598 2114 3836 2165 mandata
3862 2114 3972 2183 ejus
3995 2155 4015 2181 ,

2436 2200 2481 2243 et
2522 2191 2638 2260 quia
2699 2192 3065 2250 ambulavimus
3109 2197 3361 2263 supplices
3419 2210 3537 2254 ante
3583 2202 3764 2272 faciem
3807 2201 4017 2257 Domini

2436 2283 2789 2349 omnipotentis
2814 2286 2838 2336 ἶ)
2866 2293 2911 2337 et
2941 2302 3061 2338 nun.
3101 2304 3193 2339 nos
3223 2287 3561 2356 beatiﬁcamus
3586 2292 3793 2357 alienos,
3820 2302 3865 2346 et
3883 2295 4017 2346 tedi-

2435 2372 2651 2443 ῥεηηιω·
2686 2389 2857 2426 omnes
2878 2415 2892 2436 ,
2943 2377 3031 2444 qui
3068 2378 3260 2445 faciunt
3305 2378 3574 2444 injustitias
3606 2422 3618 2443 ,
3650 2392 3696 2433 et
3731 2384 4016 2437 restiterunt

2439 2469 2565 2535 Deo,
2596 2484 2641 2524 οι
2683 2468 2866 2523 sc'uati
2905 2478 3040 2520 sunt.
3085 2466 3209 2521 [late
3236 2468 3488 2537 obloqunti
3534 2481 3687 2537 sunt,
3730 2474 3815 2539 qui
3840 2474 4017 2528 timent

2436 2560 2732 2627 Dominum,
2759 2558 3094 2632 unusquisque
3115 2557 3183 2608 ad
3200 2558 3481 2626 procrimum
3498 2575 3641 2612 suum
3669 2561 3820 2628 (Μαι.
3845 2563 3900 2616 5.
3923 2563 4019 2617 l3-

2439 2653 2504 2705 16
2531 2654 2575 2720 ).
2599 2652 2798 2719 Quibus
2836 2647 3030 2705 similia
3093 2647 3276 2713 infert,
3312 2649 3521 2716 pietatis
3556 2665 3749 2717 pra-co,
3782 2650 4015 2707 Paulus:

2438 2739 2493 2794 Μ
2498 2742 2568 2793 ali
2592 2753 2757 2793 autent
2787 2743 3010 2796 homines
3036 2754 3081 2796 et
3124 2739 3411 2796 sedatiores
3467 2741 3728 2815 proﬁcient
3757 2742 3806 2794 in
3834 2744 4016 2812 pejus,

2436 2846 2690 2901 errantes,
2720 2834 2766 2888 ei
2798 2833 2849 2887 in
2895 2851 3110 2887 errorem
3160 2835 3406 2887 mittentes
3458 2831 3475 2898 (
3506 2831 3558 2883 2.
3605 2830 3735 2885 Tim.
3784 2834 3835 2887 ὅ.
3868 2835 3933 2888 15
3967 2835 4013 2904 ).

2440 2925 2643 2979 Deinde
2700 2934 3008 2981 sanctorum
3067 2926 3319 2980 vilitatem
3362 2918 3682 2990 designans,
3737 2924 3847 2977 ait:
3878 2922 4019 2979 Puto

2437 3016 2569 3067 enim
2599 3016 2736 3083 quod
2768 3014 2902 3069 Deus
2924 3031 3013 3068 nos
3037 3015 3289 3084 apostolos
3319 3014 3614 3071 nouissimos
3638 3015 4016 3079 demonstravit,

2435 3104 2579 3172 quasi
2607 3106 2757 3158 morti
2800 3105 3072 3160 destinatos
3102 3123 3120 3160 :
3164 3107 3280 3176 quia
3305 3111 3645 3177 spectaculum
3687 3105 3810 3179 facti
3840 3122 4016 3160 sumus

2437 3195 2624 3250 mundo
2647 3204 2694 3248 et
2717 3195 2907 3265 angelis
2940 3204 2986 3249 et
3012 3197 3311 3249 hominibus.
3339 3196 3474 3249 Nam
3506 3216 3658 3266 usque
3687 3200 3737 3252 in
3766 3200 3903 3252 hanc
3930 3195 4019 3249 ho-

2436 3301 2545 3337 ram
2586 3293 2632 3337 et
2677 3286 2922 3339 esurimus
2948 3296 2994 3339 et
3019 3286 3211 3341 sitimus
3258 3297 3304 3341 et
3352 3290 3474 3342 nudi
3502 3306 3671 3342 smnus
3712 3300 3756 3344 et
3787 3287 4017 3357 colaphis

2437 3376 2678 3429 credimur
2706 3384 2751 3428 et
2801 3376 3056 3431 instabiles
3100 3392 3275 3432 sumus
3327 3388 3373 3432 et
3425 3381 3701 3450 fatigamur
3751 3371 4019 3449 operantes

2439 3464 2670 3518 manibus
2719 3465 2903 3519 nostris
2947 3482 2967 3520 :
3013 3481 3297 3535 corporeas
3338 3482 3604 3523 mrumuas
3649 3471 4012 3526 dinumerans.

2442 3552 2817 3619 Malediciinur,
2850 3564 2898 3608 et
2928 3555 3294 3622 benedicimus;
3311 3558 3741 3627 persequutionem
3768 3561 4012 3629 patimur,

2437 3651 2484 3696 et
2531 3645 2873 3711 sustinemus;
2912 3644 3337 3715 blasphernamur,
3381 3656 3429 3701 et
3481 3648 3833 3716 obsecramus;
3877 3659 4013 3704 tam-

2438 3748 2588 3801 quam
2614 3744 2943 3804 purgamenta
2975 3736 3150 3789 mundi
3191 3738 3315 3805 facti
3349 3753 3556 3803 sumus,
3602 3740 3818 3792 omnium
3845 3740 4016 3811 perip-

2438 3841 2574 3879 sema
2625 3842 2777 3895 usque
2834 3826 3049 3896 adhuc(
3103 3828 3294 3883 LCor.
3326 3829 3380 3884 4.
3433 3828 3655 3901 9ο13);
3706 3846 3825 3886 cum
3875 3831 4018 3888 Deus

2440 3917 2630 3982 bonus,
2649 3926 2702 3972 et
2716 3918 2909 3987 justus,
2932 3919 3220 3974 secundum
3242 3935 3465 3976 arcanas
3486 3922 3745 3993 quasdam
3758 3926 4016 3992 mtioncs,

2440 4006 2595 4061 stadii
2622 4008 2805 4072 instar,
2830 4007 3084 4062 mundum
3105 4010 3399 4077 explicarit,
3417 4020 3473 4066 et
3500 4014 3667 4067 ποειτί
3692 4014 3891 4068 arbitrii
3914 4030 4018 4070 nos

2441 4094 2644 4162 fecerit,
2671 4106 2729 4151 ut
2751 4098 2959 4166 propria
2984 4100 3252 4154 voluntate
3278 4116 3390 4155 rem
3431 4104 3822 4172 aggredientes,
3842 4103 4019 4172 jusus

2442 4200 2627 4255 pinnas
2654 4187 2941 4250 solvamus,
2956 4188 3091 4241 sicut
3112 4187 3219 4242 Lex
3243 4190 3315 4243 ait
3336 4208 3349 4243 :
3373 4190 3661 4247 Posuiante
3681 4193 3858 4263 faciem
3877 4204 4021 4249 tuam

2442 4274 2593 4327 vitam
2656 4285 2704 4328 et
2745 4284 2952 4328 mortem
2992 4276 3166 4346 :elige
3205 4278 3339 4346 quod
3376 4278 3448 4332 vis
3488 4278 3509 4352 (
3546 4279 3708 4339 Eccli.
3752 4284 3835 4338 15.
3882 4283 4017 4355 18).

2444 4366 2550 4419 Cur
2576 4377 2748 4419 autem
2777 4372 3012 4435 posuerit
3038 4409 3052 4431 ,
3097 4383 3201 4422 non
3232 4379 3314 4424 est
3356 4369 3510 4439 hujus
3540 4375 3792 4442 temporis
3818 4374 4020 4444 dicere,

2447 4453 2546 4506 nisi
2588 4453 2726 4522 quod
2758 4455 2947 4523 posuit.
2988 4455 3169 4525 Neque
3196 4458 3337 4512 enim
3377 4462 3649 4529 sapientia:
3679 4462 3891 4527 fuisset,
3922 4480 4023 4519 nos

2448 4541 2880 4600 inconvertibiles
2915 4559 3035 4601 esse
3062 4546 3226 4601 iactos
3250 4589 3265 4615 ,
3290 4549 3447 4604 nullis
3479 4552 3761 4621 propositis
3790 4555 4025 4621 praemiis

2445 4644 2497 4689 et
2542 4643 2718 4690 mente
2748 4652 2851 4690 non
2884 4646 3029 4692 recte
3057 4654 3086 4689 a
3123 4649 3281 4693 ente:
3316 4641 3713 4698 inconvertibile
3753 4646 3892 4698 enim
3917 4647 4027 4702 δοιί

2448 4727 2555 4781 Dco
2579 4725 2903 4795 sempiterno
2954 4730 3217 4797 congruit.
3250 4729 3400 4783 Duc.
3431 4729 3692 4788 Praeclare
3717 4741 3770 4787 et
3804 4734 4025 4803 sapien-

2447 4824 2526 4871 ter
2559 4814 2854 4882 occurrisu',
2882 4816 3058 4879 later,
3098 4821 3435 4885 praesentium
3468 4823 3656 4877 arentis
3693 4825 3875 4880 oculos
3901 4826 4027 4879 illu-

2446 4903 2669 4970 rninans,
2699 4905 2787 4975 qui
2817 4905 2873 4961 in
2904 4904 2986 4960 liis
3018 4921 3230 4977 semper
3250 4909 3519 4965 oﬂ'endunt
3543 4912 3611 4967 ob
3630 4912 4027 4982 Scripturarum

2446 4995 2760 5065 imperitiam
2804 5011 2822 5047 τ
2860 5006 2914 5050 et
2955 4998 3077 5068 quia
3112 4997 3201 5053 diu
3246 5002 3576 5069 gymnasium
3612 5003 3844 5059 Ecclesia
3884 5005 3983 5061 fuit
4010 5049 4027 5071 ,

2451 5093 2674 5148 victores
2701 5108 2826 5148 suos
2877 5094 3169 5149 ostendens
3209 5110 3348 5148 vnos
3369 5111 3430 5149 ac
3456 5098 3723 5165 mulieres,
3768 5086 4030 5159 anteactis

2450 5184 2774 5250 temporibus
2806 5225 2819 5246 ,
2847 5183 3043 5237 Christi
3093 5199 3305 5238 carnem
3346 5199 3448 5237 non
3492 5187 3655 5255 gratis
3706 5189 4029 5246 comedisse.

2448 5274 2737 5328 Contristat
2784 5285 2959 5327 autem
3003 5288 3104 5329 nea
3143 5285 3313 5329 vestra
3348 5276 3661 5330 instaliilitas
3708 5294 3801 5332 si-u
3844 5295 4031 5347 persc-

2447 5375 2649 5431 quutto,
2678 5374 2835 5431 atque
2864 5365 3213 5421 Ecclesiam
3228 5366 3518 5419 subversio.
3539 5366 3636 5421 ΕΡ.
3661 5369 3735 5440 (α)
3769 5369 3923 5422 Μίνωι*
3947 5380 4028 5437 te,

2454 5456 2681 5525 virorum
2738 5454 3183 5518 honoratissimo,
3218 5454 3515 5519 Theodore,
3548 5458 3635 5527 qui
3680 5449 4029 5528 multiplicem

2453 5544 2729 5615 utilitatem
2760 5545 3038 5600 confessus
3062 5560 3240 5597 rursus
3263 5548 3527 5601 contraria
3560 5549 3809 5617 loqueris.
3834 5549 4033 5607 Beatos

2454 5634 2592 5689 enim
2621 5652 2717 5688 nos
2746 5635 3038 5705 prtedicans
3066 5644 3124 5688 ut
3147 5635 3395 5703 victores,
3426 5638 3753 5698 miserabiles
3792 5639 3925 5695 diois
3964 5652 4034 5697 ut

2519 5740 2587 5800 (τι)
2623 5741 2700 5787 ttic
2723 5741 2833 5800 iacit
2850 5741 2883 5788 it
2908 5737 3227 5801 fragmentum
3250 5740 3481 5805 Cujacian.
3507 5743 3555 5790 in
3576 5742 3691 5792 edit.
3714 5747 3787 5791 Ιτ-
3814 5743 3993 5792 Ducat.
