4264 6306
239 395 314 461 ’π
1233 399 1318 457 DE
1357 396 1512 457 VlTA
1553 400 1607 456 s.
1649 397 1927 456 JOANNIS
1963 398 2448 455 CllltYSOS'l‘OMl.
3444 404 3522 460 τε

252 522 486 589 expulsos
514 559 529 579 .
563 519 814 590 quoniam
875 515 1126 571 Ecclesiis
1158 515 1345 583 privati
1403 528 1603 567 sumus.
1658 512 1822 572 l-Jcm,

251 609 370 666 mihi
414 610 517 677 pati
576 609 774 662 videris
799 649 812 669 ,
843 606 982 676 quod
1037 605 1258 670 rustici,
1291 605 1378 673 qtti
1429 603 1671 673 Olympia
1709 619 1830 670 spe-

251 709 388 754 etant
415 715 426 751 :
463 699 538 752 illi
571 699 716 753 enim
744 713 836 752 ore
865 697 1030 761 biant,
1061 693 1385 762 perlibenter
1423 694 1674 747 videntes
1699 709 1832 760 prth

252 791 346 842 mia
375 830 390 850 ,
439 790 802 860 lacrymautur
847 797 1022 840 autem
1078 786 1456 838 miserabiliter
1499 783 1565 837 ad
1617 792 1830 837 certan-

251 881 370 931 tium
401 879 600 948 plagas.
652 878 780 931 Mihi
820 886 994 929 autem
1036 883 1254 946 prtestat
1291 875 1452 928 valles
1479 883 1535 928 et
1585 873 1745 927 silvas
1778 882 1832 926 ct

249 971 411 1022 maria
440 970 720 1038 pervagari
745 985 863 1022 cum
889 969 1108 1021 veritate
1133 1008 1148 1032 ,
1177 981 1333 1034 quam
1361 965 1579 1017 multam
1609 964 1830 1033 gloriam

248 1061 520 1128 prmseutis
561 1061 828 1114 felicitatis
875 1058 1158 1112 habentem
1192 1097 1206 1121 ,
1235 1055 1510 1109 mendacio
1536 1057 1828 1123 subjaeerc.

255 1148 542 1202 Veritatem
574 1152 717 1203 enim
761 1149 961 1202 habens
983 1190 996 1211 ,
1026 1146 1234 1200 habebo
1259 1146 1434 1199 omnia
1464 1161 1478 1210 ;
1507 1146 1699 1198 etenim
1732 1145 1829 1213 ipsi

246 1241 477 1293 serviunt
531 1241 710 1293 omnia
757 1259 769 1291 :
811 1238 1144 1292 mendacium
1177 1251 1302 1290 vero
1326 1235 1622 1305 possidens,
1652 1252 1718 1287 ne
1747 1249 1830 1289 me

248 1328 413 1394 ipsum
444 1327 664 1396 quidem
694 1328 919 1389 habebo,
949 1341 1069 1380 cum
1111 1325 1250 1377 illius
1281 1341 1384 1377 non
1416 1325 1534 1376 sim.
1569 1324 1829 1377 Ca‘terum

248 1418 518 1470 veritatem
555 1417 762 1471 habens
786 1458 800 1482 ,
835 1432 938 1470 non
977 1415 1287 1485 simpliciter
1307 1429 1422 1468 eam
1451 1415 1644 1468 habere
1672 1415 1792 1468 volo
1812 1456 1824 1478 ,

247 1514 301 1558 ut
327 1506 601 1561 dominam
631 1518 722 1562 aut
745 1523 949 1561 servam
977 1516 1067 1558 attt
1088 1506 1335 1570 vicinam,
1361 1505 1454 1559 sed
1485 1516 1542 1558 ut
1567 1518 1824 1568 sororem,

243 1606 294 1650 et
321 1598 362 1651 si
412 1598 529 1652 fieri
564 1600 750 1667 possit,
776 1607 836 1652 ut
874 1599 1175 1668 conjugem,
1211 1599 1375 1665 ipsius
1396 1598 1662 1663 voluptate
1689 1599 1785 1650 frui
1811 1641 1825 1662 ,

243 1695 291 1739 et
319 1697 504 1755 postea
530 1689 787 1751 heredem
809 1730 823 1754 ,
853 1699 1117 1756 tamquam
1163 1688 1430 1756 prepriam
1467 1703 1705 1740 uxorem.
1739 1686 1826 1739 Fi-

243 1777 304 1829 lia
329 1779 471 1831 enim
503 1787 588 1831 est
616 1779 838 1831 sincera:
881 1779 1021 1831 illius
1071 1778 1307 1830 veritatis
1337 1816 1351 1842 ,
1384 1777 1532 1844 cujus
1559 1791 1722 1845 gener
1753 1777 1828 1828 vir

242 1867 456 1934 probus.
487 1866 589 1933 Qui
620 1869 763 1921 enim
788 1867 888 1921 hoc
933 1868 1259 1935 signaculum
1289 1867 1524 1934 possidet
1551 1908 1564 1929 ,
1603 1867 1827 1934 repube-

240 1959 356 2022 scit,
377 1973 669 2027 numquam
697 1959 924 2012 senescit
951 1973 1048 2012 nec
1079 1960 1375 2024 marcescit,
1408 1960 1524 2026 igne
1553 1957 1825 2012 ardentio-

242 2062 347 2100 rem
372 2045 585 2102 habens
616 2051 814 2112 zelum,
846 2050 1137 2103 acutiorem
1165 2049 1338 2118 gladio
1369 2065 1666 2102 sermonem
1691 2089 1704 2112 ,
1751 2050 1826 2103 le-

239 2137 436 2189 viorem
458 2138 635 2205 aquila
665 2140 822 2191 vitam
858 2155 870 2191 :
899 2138 1116 2208 impigre
1144 2131 1400 2190 currit-ad
1428 2137 1822 2206 Scripturarum

238 2224 640 2278 meditationem
666 2268 681 2291 ,
717 2226 968 2280 vclut'ad
1021 2236 1242 2280 matrem
1284 2228 1471 2279 domus
1510 2227 1818 2282 custodem:

241 2310 392 2365 ﬂoret
419 2313 622 2381 jugiter
649 2314 802 2368 laetus
823 2355 836 2378 ,
865 2330 967 2368 non
997 2316 1200 2384 capitur
1234 2323 1374 2368 metu
1403 2357 1417 2380 ,
1454 2316 1706 2383 gloriatur
1738 2317 1819 2369 itt-

238 2399 493 2470 trepidus,
523 2417 680 2456 sacro
716 2402 892 2458 furore
941 2405 1218 2472 tripudiat,
1256 2407 1523 2460 neminem
1567 2406 1692 2470 odit,
1720 2407 1820 2460 mi-

235 2498 436 2544 seratur
482 2506 578 2546 eos
616 2493 707 2561 qui
757 2493 954 2547 sreculo
1001 2495 1319 2558 abutuntur,
1355 2495 1537 2548 beatos
1565 2495 1692 2551 dicit
1732 2496 1818 2564 qui

235 2579 330 2632 sibi
359 2582 546 2633 vivunt
577 2584 836 2647 contenti,
868 2583 1106 2636 tristatur
1135 2583 1356 2654 spiritali
1399 2585 1607 2638 tristitia
1633 2586 1701 2638 ob
1727 2601 1817 2639 ec-

235 2671 660 2725 elesiasticorum
693 2673 987 2726 socordiam
1026 2689 1039 2724 :
1083 2674 1150 2728 de
1195 2675 1812 2744 quibusaitApostolus:

238 2759 301 2811 Et
329 2760 585 2828 Spiritum
610 2774 835 2814 sanctum
879 2763 1032 2815 nolite
1067 2765 1359 2816 contristare
1381 2806 1394 2827 ,
1440 2765 1490 2816 in
1514 2781 1609 2833 quo
1636 2766 1818 2834 signati

235 2851 346 2901 estis
378 2851 431 2902 in
464 2851 598 2902 diem
630 2852 984 2919 redemptionis
1008 2851 1026 2922 (
1049 2851 1233 2921 Ep/tes.
1271 2855 1323 2907 4.
1354 2853 1455 2921 50)
1496 2847 1817 2908 {contristat

233 2949 405 2992 autem
434 2941 694 3009 Spiritum
743 2943 831 3011 qui
878 2951 1020 3011 terga
1066 2944 1112 2996 ei
1152 2943 1242 2995 dat
1271 2959 1364 3011 per
1406 2945 1798 3012 negligentiam.

236 3029 432 3099 Ecquid
462 3032 643 3085 omnia
678 3034 1005 3100 percenseo?
1036 3035 1260 3086 moritur
1296 3049 1415 3087 cum
1464 3035 1705 3089 libertate
1732 3036 1810 3087 lo-

233 3120 421 3186 quendi
449 3161 464 3184 ,
498 3122 712 3175 nemine
762 3124 1071 3176 contristato
1103 3131 1292 3190 prater
1321 3122 1588 3177 dwmones
1609 3166 1623 3188 ,
1656 3124 1814 3193 etqui

236 3210 358 3278 ipsis
379 3211 608 3278 proximi
640 3222 760 3265 sunt
786 3229 796 3262 :
827 3213 1057 3265 abundat
1086 3213 1156 3265 illi
1183 3222 1408 3280 tempus,
1438 3230 1544 3266 non
1566 3230 1814 3268 consum-

236 3299 328 3365 psit
355 3301 473 3356 dies
510 3303 562 3356 in
609 3301 900 3356 malefactis
933 3321 944 3354 :
974 3303 1263 3370 duplicavit
1290 3303 1466 3357 datam
1499 3305 1806 3374 pecuniam,

236 3389 600 3463 honorumque
645 3406 863 3459 operum
894 3391 1146 3460 pra‘misit
1185 3406 1373 3445 usuras
1395 3433 1410 3457 ,
1442 3393 1651 3447 modico
1680 3402 1810 3447 tem-

233 3495 354 3547 pore
397 3483 672 3553 longazvos
700 3481 936 3553 implevit
970 3496 1138 3535 annos
1171 3499 1184 3547 ;
1235 3491 1606 3537 testamentum
1645 3484 1812 3538 bono-

234 3585 341 3622 rum
373 3587 478 3625 non
511 3574 734 3639 scribit;
780 3574 960 3628 vivens
990 3572 1154 3640 enim,
1186 3582 1238 3628 ct
1265 3572 1497 3628 sentiens
1521 3588 1582 3628 ea
1609 3573 1814 3642 disper-

232 3659 310 3710 sit.
363 3661 599 3717 Pulsavit
641 3680 785 3718 mors
827 3665 1125 3735 corpusculi
1174 3663 1365 3718 ostiqu
1390 3663 1417 3723 ?_
1466 3666 1610 3732 prius
1655 3680 1809 3733 quam

232 3760 450 3806 mortem
501 3753 693 3808 viderit
729 3770 846 3822 qua:
873 3755 1002 3809 foris
1044 3764 1162 3820 est,
1191 3755 1405 3818 clamat,
1461 3755 1801 3809 Discedamus

235 3838 366 3906 hinc,
398 3842 656 3896 accinens
686 3861 698 3894 :
735 3842 850 3897 Heu
892 3845 1034 3908 mihi,
1090 3847 1209 3914 quin
1235 3844 1480 3900 iaculatus
1517 3861 1655 3898 mens
1689 3863 1810 3914 pro-

231 3927 452 4000 longulus
495 3941 571 3985 est
609 3934 625 4004 (
653 3932 793 3986 Psal.
823 3935 942 3989 H9.
975 3937 1008 3990 5
1040 3938 1055 4003 )
1082 3938 1093 3989 !
1137 3951 1198 3990 ac
1255 3936 1354 3991 nisi
1383 3950 1595 4008 propter
1643 3936 1806 3995 Deum

231 4021 312 4086 qui
335 4035 451 4073 eam
489 4021 747 4085 miserat,
771 4023 870 4090 ipsi
907 4024 1025 4078 lites
1056 4026 1385 4090 intenderet,
1426 4030 1641 4099 exigens
1666 4029 1804 4100 quod

230 4111 389 4164 serius
420 4113 586 4167 venit.
632 4114 935 4184 Acquiescit
970 4117 1182 4170 demum
1223 4119 1473 4174 liberatus
1502 4121 1568 4174 ab
1607 4138 1805 4177 serum-

231 4213 353 4252 noso
378 4217 627 4272 corpore,
654 4213 703 4256 ut
730 4219 757 4257 a
783 4204 968 4258 vitioso
992 4206 1274 4275 ltospitiolo
1303 4211 1503 4264 ruinam
1537 4213 1801 4268 minante:

229 4303 401 4343 aurem
430 4295 640 4346 arrexit
668 4293 730 4346 ad
760 4310 878 4348 eum
909 4297 997 4365 qui
1039 4297 1207 4352 dixit:
1237 4297 1402 4367 Euge,
1442 4317 1579 4354 serve
1608 4303 1732 4355 bone
1757 4313 1804 4356 et

231 4377 385 4441 ﬁdelis
405 4379 620 4450 (Matth.
644 4383 731 4436 ‘25.
756 4383 872 4454 21),
892 4387 1164 4440 auditurus
1197 4398 1248 4442 et
1275 4389 1493 4457 reliqua.
1519 4389 1596 4444 Sit
1627 4404 1801 4445 autem

230 4468 314 4521 tibi
342 4486 530 4525 eorum
579 4488 696 4542 qua:
726 4474 950 4530 dicimus
984 4488 1184 4531 certum
1232 4479 1479 4533 indicium
1519 4484 1801 4537 verborum

229 4559 368 4627 copia
401 4579 414 4614 :
444 4559 534 4615 Ea:
583 4563 893 4617 abundantia
936 4567 1066 4619 enim
1115 4570 1279 4620 cordis
1308 4585 1362 4621 os
1394 4569 1609 4639 loquitur
1639 4573 1799 4643 (Ibid.

228 4648 309 4705 l2.
338 4651 450 4721 54).
501 4654 670 4706 Porro
698 4657 783 4723 qui
814 4671 932 4710 cum
975 4657 1246 4712 mendacio
1279 4661 1421 4726 vivit,
1453 4663 1609 4715 vitam
1643 4663 1803 4718 habet

230 4744 621 4810 perturbatam,
667 4747 947 4816 aliquando
975 4749 1186 4818 quidem
1226 4752 1503 4805 immodice
1533 4755 1799 4821 gaudens,

229 4830 292 4883 ob
319 4831 708 4888 incrementum
741 4840 976 4905 pecunia:
1006 4848 1093 4892 aut
1127 4856 1297 4907 parva:
1325 4843 1580 4910 gloriolae,
1613 4854 1702 4897 aut
1733 4848 1801 4898 ob

227 4934 451 4978 amorem
482 4927 855 4991 meretriculzc,
886 4939 970 4982 aut
1000 4939 1210 4997 propter
1230 4931 1557 4986 inimicorum
1586 4949 1799 4988 suorut.»

229 5010 498 5067 adversam
530 5013 792 5068 fortunam
822 5032 833 5066 :
858 5017 1140 5085 aliquando
1168 5029 1341 5073 autem
1373 5023 1607 5076 tristatur
1633 5040 1800 5091 usque

225 5100 284 5152 ad
329 5113 582 5168 mortem,
631 5105 757 5158 dum
813 5110 1131 5161 mutationes
1185 5111 1414 5163 somniat
1471 5121 1522 5165 et
1571 5113 1801 5167 incertos

229 5201 436 5244 eventus
459 5232 476 5258 ,
514 5202 804 5262 noctesque
832 5196 989 5250 habet
1017 5198 1303 5263 insomnes,
1334 5215 1394 5255 ac
1421 5203 1554 5254 male
1585 5204 1798 5258 dormit.

225 5278 349 5344 Quin
390 5291 444 5335 et
492 5283 786 5336 amicorum
835 5285 1051 5339 insidias
1091 5289 1201 5356 ipse
1246 5292 1558 5360 su5picatur,
1600 5310 1664 5346 ne
1703 5296 1801 5348 sibi

225 5367 426 5433 quidem
458 5371 766 5437 conlidens,
811 5375 1056 5428 omnibus
1089 5377 1347 5447 derogans
1377 5381 1529 5434 fidem
1563 5394 1614 5436 ut
1656 5399 1804 5440 tuen-

227 5456 451 5512 tlaclbus.
495 5460 603 5526 Qui
656 5462 953 5531 hujusmodi
993 5475 1094 5529 est,
1137 5468 1350 5521 timidus
1388 5480 1469 5524 cst
1514 5481 1569 5526 ut
1618 5473 1798 5543 lepus,

228 5546 384 5600 audax
418 5558 478 5602 ttt
527 5567 753 5618 porcus,
802 5554 957 5606 fallax
995 5566 1045 5607 ut
1079 5555 1364 5612 channcleo
1389 5600 1404 5625 ,
1451 5560 1702 5631 deceptor
1747 5577 1803 5618 ut

235 5635 424 5702 perdix,
451 5638 835 5695 lllllttlsCl'lCOl‘S
863 5653 918 5696 ut
947 5643 1120 5714 lupus,
1155 5647 1533 5703 immansuetus
1564 5661 1618 5704 ut
1647 5667 1763 5706 mus
1787 5672 1799 5706 :

230 5723 466 5792 S'tiipsius
515 5729 800 5797 inimicus,
853 5732 1211 5790 indesinenter
1257 5737 1515 5806 invidens,
1567 5743 1795 5810 scipsum

1943 513 2242 566 necessario
2271 514 2541 580 crucians,
2575 529 2672 568 nec
2699 514 2750 568 id
2779 515 2939 569 sentit
2963 534 2974 569 :
2999 530 3120 570 cum
3143 513 3512 570 cuiurtualum

1938 614 2121 656 contra
2151 603 2310 656 alium
2342 603 2556 673 cogitat,
2590 605 2820 673 scipsum
2855 605 2999 672 prius
3026 603 3252 673 pessime
3283 613 3510 674 torquet.

1939 692 2164 748 Pnlsavit
2197 695 2376 748 mors?
2405 695 2582 748 omnia
2614 695 2723 761 dat,
2757 705 2812 749 ut
2841 695 3105 750 modicum
3132 695 3305 751 adhuc
3329 694 3512 760 durat,

1937 783 2158 849 Cupidus
2189 783 2307 838 vita:
2334 800 2347 835 :
2372 782 2630 838 indultum
2662 784 2760 838 sibi
2796 793 3003 852 tempus
3035 783 3223 838 frustra
3262 798 3511 838 consum-

1930 869 2037 939 psit
2054 888 2065 921 :
2080 877 2337 938 praeterea
2352 873 2623 927 denarium
2641 888 2757 928 non
2788 871 3095 944 duplicavit,
3116 887 3285 942 neque
3307 870 3510 925 salvum

1936 962 2236 1015 custodivit.
2260 962 2463 1030 .lugiter
2489 962 2667 1016 tremit
2690 974 2741 1015 ut
2775 962 2978 1026 lolium,
3001 975 3282 1016 senescere
3303 960 3507 1026 nolens,

1936 1061 1988 1104 et
2014 1067 2131 1120 quzr.
2148 1053 2481 1106 delirantium
2500 1067 2684 1107 senum
2708 1063 2831 1104 sunt
2850 1053 3074 1122 patitur:
3095 1063 3319 1105 mortem
3339 1051 3506 1114 timet,

1938 1152 1992 1196 ut
2010 1142 2169 1204 deum
2198 1161 2210 1196 :
2233 1143 2361 1197 deus
2389 1143 2463 1196 illi
2481 1152 2564 1197 est
2589 1143 2808 1196 visibilis
2832 1143 3078 1196 mundus.
3103 1142 3170 1196 Et
3189 1142 3312 1222 quid
3335 1140 3511 1195 ultra?

1936 1233 2169 1298 pallescit
2194 1272 2207 1294 ,
2239 1234 2455 1297 horret,
2485 1234 2671 1287 anxius
2699 1231 3065 1288 est:divinum
3091 1231 3344 1299 judicium
3377 1247 3512 1300 pra:-

1935 1322 2187 1383 venieus,
2231 1322 2462 1390 seipsum
2496 1323 2682 1390 punit,
2723 1322 3046 1376 conscientia
3090 1322 3234 1376 illum
3261 1322 3511 1376 atrociter

1936 1417 2247 1478 torquente,
2297 1419 2350 1463 et
2379 1409 2789 1478 unumquodque
2819 1420 3088 1480 peccatum
3120 1409 3173 1462 in
3201 1409 3508 1464 memoriam

1936 1508 2238 1561 revocante,
2261 1500 2500 1566 graviora
2532 1501 2747 1567 patitur,
2774 1515 2931 1569 quam
2965 1500 2998 1553 ii
3028 1515 3249 1567 quorum
3280 1514 3504 1569 corpora

1934 1591 2240 1644 verberibus
2259 1590 2603 1644 concidantur
2627 1609 2640 1644 :
2664 1591 2926 1645 serviliter
2948 1607 3006 1646 se
3031 1590 3258 1646 demittit
3281 1589 3347 1643 ad
3372 1599 3506 1644 tem—

1936 1681 2144 1747 porales
2172 1689 2488 1746 potestates,
2537 1679 2674 1734 fmde
2705 1680 2966 1734 blanditur
2993 1681 3188 1735 mundo
3211 1723 3224 1746 ,
3272 1696 3368 1751 pro
3401 1695 3508 1734 uno

1933 1768 2150 1822 domino
2177 1769 2408 1823 inﬁnitos
2436 1769 2594 1824 habet
2624 1769 2799 1834 heros,
2831 1779 2886 1825 ut
2917 1785 3020 1825 non
3049 1773 3242 1826 serviat
3266 1772 3504 1827 veritati:

1946 1857 2116 1910 timeri
2146 1859 2315 1926 cupit,
2341 1874 2457 1912 cum
2483 1860 2594 1928 ipse
2615 1875 2802 1914 omnes
2839 1861 3019 1914 timeat
3040 1860 3134 1930 (α).
3180 1861 3304 1916 Harc
3328 1869 3503 1916 autem

1935 1947 2022 2000 tibi
2057 1963 2151 2016 pro
2183 1949 2314 2002 virili
2344 1966 2370 2000 a
2400 1951 2551 2004 nobis
2574 1951 2711 2005 dicta
2737 1951 2861 2004 sint.
2892 1951 2948 2006 Si
2982 1954 3098 2021 quis
3127 1960 3300 2015 autem
3329 1952 3506 2006 verius

1931 2046 1984 2090 et
2009 2038 2299 2105 elegantius
2325 2038 2544 2104 dicens,
2587 2040 3001 2095 imbecillitatem
3049 2051 3280 2094 nostram
3324 2056 3507 2096 emen-

1931 2125 2134 2181 daverit
2154 2168 2167 2191 ,
2199 2128 2340 2182 hunc
2380 2129 2602 2184 libenter
2633 2130 2952 2197 accipiemus
2987 2141 3040 2183 ut
3070 2139 3422 2185 correctorem
3450 2139 3504 2185 et

1929 2215 2154 2269 fratrum
2196 2229 2459 2271 amantem
2485 2259 2498 2283 ,
2550 2229 2705 2287 atque
2743 2220 3010 2274 Servatovi
3052 2213 3251 2288 gratias
3289 2235 3507 2289 agentus

1929 2317 2144 2376 propter
2168 2309 2363 2362 omnia.
2402 2309 2591 2375 Verum
2626 2309 2736 2377 ipse
2765 2310 2890 2364 tuihi
2923 2326 3128 2378 expone
3153 2310 3502 2366 Occidentalis

1926 2397 2121 2468 Synodi
2157 2415 2371 2466 scopum
2404 2414 2464 2452 ac
2493 2399 2760 2455 decretum
2784 2441 2797 2464 ,
2830 2411 2882 2454 et
2912 2400 3125 2469 obsigna
3154 2401 3311 2454 verba
3344 2417 3458 2455 mea
3483 2440 3502 2464 ,

1925 2489 2184 2557 siquidem
2213 2490 2301 2542 tibi
2332 2491 2654 2558 placuerunt,
2687 2502 2740 2544 ut
2764 2492 2960 2545 utiliter
2979 2490 3136 2544 dicta.
3164 2489 3292 2545 Cum
3323 2501 3498 2546 autem

1927 2579 2063 2647 loqui
2113 2580 2374 2643 desiisset,
2429 2581 2540 2633 lucc
2583 2583 2656 2634 ait
2706 2579 3017 2635 Theodorus
3050 2601 3062 2634 :
3093 2580 3207 2635 Tibi
3253 2582 3498 2651 quidem,

1923 2668 2009 2736 qui
2047 2668 2160 2720 lucc
2200 2670 2452 2734 narrasti,
2490 2671 2577 2724 det
2626 2670 2763 2725 Deus
2799 2672 3209 2726 misericordiam
3246 2675 3495 2742 consequi

1923 2757 1974 2810 in
1999 2757 2082 2810 illa
2106 2757 2211 2824 die,
2238 2767 2343 2811 tum
2370 2760 2486 2827 quia
2515 2774 2541 2811 a
2567 2760 2746 2812 talium
2778 2762 3147 2815 comtnuniOue
3175 2761 3496 2829 abstinuisti,

1923 2857 2031 2902 tum
2062 2850 2180 2928 quia
2214 2850 2362 2903 nobis
2390 2852 2501 2903 haec
2527 2860 2706 2918 aperte
2745 2852 3059 2905 disseruisti.
3091 2852 3348 2906 Curti-rum
3389 2853 3494 2905 Do-

1924 2945 2094 2996 minus
2126 2945 2420 2998 memincrit
2442 2945 2613 2997 omnis
2640 2945 2881 2999 sacrificii
2903 2945 3138 3007 Joannis,
3160 2945 3244 3014 qui
3263 2945 3325 2998 ad
3351 2961 3495 2999 mor-

1925 3041 2027 3085 tem
2066 3049 2230 3101 usqnc
2259 3034 2502 3100 IOqttcndi
2533 3033 2824 3088 libertatem
2871 3050 2973 3087 non
3026 3035 3233 3103 abjecit.
3291 3036 3494 3105 Seupus

1923 3122 2172 3175 Ecclesia:
2193 3121 2438 3174 Romana:
2461 3123 2557 3174 iste
2582 3132 2682 3186 est,
2703 3139 2805 3175 non
2829 3123 3220 3176 communicare
3245 3139 3490 3193 umquam

1919 3213 2274 3267 OricntaLbus
2313 3215 2593 3281 episc0pis,
2645 3216 2933 3282 prtesertim
2979 3214 3292 3284 'l‘he0philo,
3321 3215 3490 3272 donec

1922 3304 2172 3356 Dominus
2200 3302 2405 3356 dederit
2429 3303 2598 3356 locum
2624 3303 2899 3357 univerSali
2919 3304 3148 3373 Synodo,
3171 3321 3286 3372 quzc
3309 3313 3487 3373 putre-

1922 3393 2065 3446 factis
2098 3393 2348 3447 membris
2377 3408 2576 3457 cormn,
2613 3394 2700 3461 qui
2735 3393 2846 3447 lucc
2876 3404 3164 3462 patrarunt,
3197 3394 3486 3450 medeatur.

1920 3483 2029 3536 Etsi
2056 3484 2195 3537 enim
2225 3482 2421 3536 dormit
2450 3482 2634 3537 beatus
2662 3483 2922 3550 Joannes,
2964 3485 3142 3554 vigilat
3182 3493 3353 3541 tamen
3394 3500 3484 3540 ve-

1919 3573 2046 3626 ritas
2071 3614 2084 3634 ,
2127 3580 2343 3641 propter
2381 3588 2537 3641 quam
2570 3572 2835 3642 inquisitio
2861 3574 2978 3627 erit.
3024 3574 3126 3627 Eos
3171 3583 3366 3635 autetu,
3398 3575 3487 3644 qui

1917 3664 2036 3716 talia
2058 3665 2107 3716 itt
2130 3663 2358 3716 Ecclesia
2387 3672 2771 3732 perpetrarunt,
2802 3665 3023 3718 libenter
3052 3666 3408 3731 ennvcttitetu,
3434 3667 3484 3719 iu

1915 3752 2102 3806 faciem
2141 3753 2321 3806 dicens
2345 3770 2356 3804 :
2384 3752 2606 3808 Ubinam
2637 3754 3030 3809 sacerdotium?
3074 3755 3160 3809 ubi
3203 3755 3483 3818 sanctitas,

1917 3843 2000 3897 ubi
2039 3845 2384 3898 mansuetudo
2414 3853 2467 3899 et
2496 3846 2798 3898 communio
2828 3845 3163 3899 natumhtbi
3191 3847 3486 3901 Scrvatoris

1894 3936 2197 4009 utautlata?
2226 3935 2313 3989 ubi
2359 3935 2484 3989 illud
2513 3953 2524 3988 :
2551 3937 2611 3990 Si
2653 3934 2738 4001 of]?
2753 3953 2804 3989 rs
2834 3953 3013 3990 munus
3049 3947 3218 3998 tuum,
3249 3945 3294 3990 et
3322 3953 3488 3990 recor-

1913 4027 2062 4084 datus
2111 4026 2265 4095 lucris
2298 4027 2413 4094 quia
2455 4025 2611 4093 frater
2656 4035 2769 4078 tuus
2814 4027 2957 4079 habet
2994 4027 3185 4097 aliquid
3223 4020 3484 4082 adversum

1912 4135 1975 4186 ιε,
2018 4122 2158 4186 virile,
2193 4121 2333 4189 prius
2363 4114 2686 4170 reconciliare
2707 4119 2859 4186 fratri
2886 4129 2968 4171 tuo
2988 4160 3002 4184 ,
3033 4129 3077 4172 et
3119 4123 3190 4172 sic
3221 4119 3347 4186 a/fer
3371 4137 3484 4174 mtt-

1911 4233 2003 4268 nus
2034 4227 2169 4266 tuum
2190 4212 2395 4282 (Matth.
2422 4214 2472 4268 5.
2494 4212 2586 4267 (ὶῦ.
2612 4206 2744 4283 ΩΨ
2777 4209 2860 4263 ubi
2898 4209 3023 4264 illud
3049 4228 3060 4261 :
3089 4210 3149 4264 Si
3167 4212 3276 4281 quis
3297 4221 3343 4264 te
3365 4228 3482 4281 per-

1911 4305 2115 4356 cusserit
2158 4305 2210 4356 in
2252 4302 2513 4356 maxillam
2551 4303 2812 4377 dextram,
2853 4297 3046 4352 obrerte
3075 4299 3151 4352 illi
3189 4307 3236 4354 et
3272 4301 3482 4355 alteram

1911 4393 2064 4459 (Ibid.
2108 4410 2155 4445 ι’.
2203 4393 2328 4462 '59)?
2357 4392 2440 4445 ubi
2477 4392 2864 4461 Scripturartuu
2906 4389 3206 4446 meditatio?
3238 4400 3289 4444 et
3331 4391 3479 4458 illud,

1911 4481 2042 4536 Ecce
2077 4500 2222 4552 quam
2266 4483 2445 4535 bonum
2487 4492 2533 4536 et
2559 4500 2706 4551 quam
2723 4481 3026 4553 jucundum,
3055 4483 3278 4535 habitare
3301 4484 3481 4552 fratres

1909 4573 1961 4624 in
1988 4590 2141 4625 unum
2160 4571 2325 4643 (Psal.
2357 4572 2474 4625 l32.
2503 4570 2590 4641 l)?
2619 4571 2704 4624 ubi
2737 4571 2882 4637 illud,
2903 4571 3109 4625 Fratres
3136 4573 3186 4625 in
3213 4573 3479 4625 necessita-

1910 4662 2039 4714 tibus
2074 4663 2216 4714 utiles
2244 4661 2380 4714 sint?
2415 4677 2506 4715 cur
2538 4661 2663 4714 illud
2713 4682 2725 4716 :
2770 4658 2961 4712 Frater
3015 4662 3159 4733 quia
3201 4665 3357 4730 fratre
3384 4662 3480 4714 ad-

1899 4751 2136 4819 juvatttr,
2185 4760 2236 4802 ut
2273 4752 2441 4802 civitas
2471 4751 2660 4803 munita
2705 4748 2881 4819 (Prov.
2916 4750 2999 4803 17.
3033 4753 3117 4815 l7,
3149 4762 3192 4804 et
3225 4751 3309 4806 18.
3345 4752 3432 4822 lli)
3463 4793 3476 4816 ,

1909 4841 2266 4911 pervertistis,
2323 4849 2376 4894 et
2421 4841 2496 4893 sic
2543 4839 2772 4895 fecistis?
2820 4840 3038 4905 Frater,
3089 4843 3176 4911 qui
3225 4857 3254 4895 a
3320 4841 3480 4896 fratre

1908 4940 2130 4984 vexatur
2155 4941 2244 4982 aut
2271 4929 2561 4998 spoliatur,
2609 4937 2665 4982 ut
2708 4930 2893 4984 civitas
2935 4931 3252 4986 miserabilis
3281 4939 3336 4986 et
3363 4932 3479 4986 sine

1907 5019 2091 5071 muris.
2119 5017 2253 5085 Quid
2286 5017 2494 5072 tandem
2528 5019 2685 5088 igitur
2711 5021 2868 5074 veluti
2901 5037 3011 5076 rem
3053 5037 3157 5074 non
3195 5022 3480 5076 concilian-

1907 5108 2028 5161 dam
2054 5107 2360 5177 persequuti
2389 5111 2539 5176 estis,
2571 5126 2604 5164 ο
2639 5119 2740 5178 ter,
2772 5121 2826 5166 ct
2861 5129 2965 5167 non
3005 5115 3167 5167 setnel
3200 5115 3481 5171 infelices?

1907 5217 2007 5270 qua
2038 5201 2245 5256 tandem
2275 5202 2475 5255 ratione
2505 5203 2760 5257 adversus
2799 5205 2964 5270 illum,
3003 5215 3265 5273 tamquam
3297 5206 3480 5260 adver-

1907 5308 1996 5345 sus
2027 5294 2327 5357 inimicum,
2359 5295 2556 5348 cardem
2587 5296 2847 5349 intentare
2877 5313 2979 5351 non
3011 5298 3316 5367 rcfttgistis?
3344 5313 3478 5368 quo-

1909 5384 2065 5436 tundo
2109 5385 2251 5436 venit
2303 5387 2351 5436 itt
2407 5395 2635 5438 mentem
2682 5396 2911 5440 vestram
2958 5389 3037 5442 sic
3085 5388 3336 5444 adversus
3387 5403 3479 5443 vos

1909 5475 2130 5527 invicem
2175 5474 2417 5528 clierari?
2470 5477 2607 5529 unde
2665 5487 2861 5530 tantum
2911 5481 3258 5534 mutationem
3298 5487 3478 5533 osten-

1909 5565 2098 5629 dislis,
2145 5575 2197 5617 ut
2236 5582 2264 5618 a
2311 5578 2584 5620 mansueto
2632 5569 2694 5621 ad
2739 5570 2938 5625 immite
2979 5581 3032 5625 et
3072 5573 3478 5627 immansuetum

1911 5656 2240 5708 transiretis?
2271 5656 2536 5718 Admiror,
2557 5667 2608 5710 et
2629 5658 2760 5711 hanc
2785 5661 3182 5716 conversionem
3209 5659 3478 5718 admirans

1973 5757 2044 5816 (τι)
2079 5755 2158 5803 llic
2183 5751 2359 5805 desiuit
2383 5755 2719 5817 fragmentum.
