4264 6306
765 351 832 410 τι)
2048 337 2361 402 ριιωυιι
2404 340 2445 397 D

2351 337 2361 396 I
2404 340 2739 407 Dl.u.octls
3957 354 4035 407 80

767 473 1105 541 obstupesco,
1137 470 1349 527 intuens
1372 464 1545 526 munia
1575 466 1641 525 ob
1672 467 1720 523 id
1745 466 1901 523 nimis
1927 472 2206 520 commota.
2235 463 2341 517 Cur

766 570 907 615 tanta
942 561 1158 617 audacia
1201 562 1351 623 elati,
1400 561 1659 615 mamilius
1705 561 2025 629 praebentem
2059 569 2109 613 et
2149 573 2337 628 pueros

763 670 859 709 vos
882 657 1223 720 nutrientcm,
1250 656 1339 709 Dei
1368 655 1675 717 Ecclesium,
1702 664 1756 707 ιιι
1784 653 2077 707 {iucundam
2106 654 2337 710 vulvam.

762 746 1097 801 contumeliis
1130 744 1375 799 al'i'ccistis
1405 755 1457 798 et
1485 743 1826 798 eooeidistis?
1855 752 1910 795 ιιι
1952 744 2255 809 impleretur
2288 743 2336 793 in

768 832 917 888 vobis
966 835 1333 903 prottltetit'um
1376 834 1501 888 illud
1530 853 1541 887 :
1570 836 1671 887 Pro
1698 834 1873 902 quibus
1912 832 2194 901 persequuti
2225 841 2339 885 sunt

761 925 815 977 iu
856 924 1025 995 gladio
1065 930 1272 994 fratrem
1318 943 1504 991 suum,
1551 932 1595 977 et
1636 924 1834 977 vulvam
1878 923 2244 993 labefactat-unt
2286 922 2337 974 in

765 1023 895 1068 terra
921 1013 1094 1084 (Amos
1119 1017 1165 1070 Ι.
1203 1017 1304 1084 ll).
1324 1014 1452 1069 Cum
1484 1016 1580 1067 hac
1607 1015 1759 1067 vulva
1786 1029 2102 1085 congressus
2129 1012 2337 1066 divinus

760 1114 813 1159 et
856 1106 1100 1161 salutans
1146 1122 1343 1170 sermo,
1394 1122 1487 1160 vos
1528 1115 1685 1176 atque
1734 1107 1879 1159 illutn
1924 1105 2236 1168 seminavit,
2282 1114 2335 1159 et

761 1192 1017 1263 plantavit
1046 1198 1096 1249 in
1129 1197 1281 1251 bonis
1322 1196 1609 1249 innumeris
1640 1212 1701 1249 ac
1736 1196 1951 1249 ulihbus
1995 1196 2170 1249 rebus.
2203 1194 2332 1247 Nam

756 1299 876 1340 cum
921 1286 1188 1341 deberetis
1216 1287 1364 1342 vobis
1392 1288 1614 1341 invicem
1659 1302 1811 1355 apem
1864 1288 2002 1341 l‘erre
2027 1286 2091 1339 ad
2118 1302 2178 1341 ea
2215 1301 2332 1354 quae

755 1374 1010 1442 decebat;
1058 1377 1180 1447 quid
1224 1393 1395 1431 causa:
1434 1388 1548 1443 est,
1594 1393 1688 1431 cur
1727 1377 2001 1446 quiescere
2050 1386 2104 1430 et
2149 1384 2331 1444 pacate

752 1466 947 1537 degere
973 1470 1159 1523 saltem
1191 1470 1240 1523 in
1276 1478 1545 1539 posterum
1579 1485 1685 1522 non
1714 1469 1995 1523 censuistis
2018 1470 2040 1520 ‘i
2067 1469 2144 1523 Ad
2176 1485 2329 1522 usum

754 1557 912 1627 igitur
955 1568 1008 1613 et
1054 1568 1292 1613 mutuum
1332 1558 1583 1613 auxilium
1623 1559 1849 1622 conditi,
1892 1560 2016 1627 quid
2060 1573 2179 1612 eam
2232 1573 2326 1612 ne-

752 1648 988 1716 glexistis
1022 1650 1277 1719 gratiam,
1326 1665 1429 1702 non
1476 1650 1634 1702 modo
1684 1665 1789 1702 non
1836 1648 2173 1703 sublevantes
2226 1647 2330 1702 l‘ra-

751 1738 847 1791 tris
879 1738 1131 1802 laborem,
1177 1741 1270 1795 sed
1301 1748 1355 1793 et
1383 1740 1699 1811 repellentes
1734 1749 1891 1810 atque
1928 1757 1956 1794 a
1993 1741 2203 1810 prepria
2239 1756 2329 1795 eo-

748 1828 996 1895 guatione
1022 1824 1428 1885 abscindentes?
1455 1845 1573 1884 cum
1608 1831 1859 1898 propheta
1888 1830 2079 1885 clamet
2100 1830 2165 1885 ad
2196 1845 2322 1884 vos:

753 1919 936 1973 Nonne
962 1920 1112 1974 Pater
1137 1939 1267 1974 unus
1288 1926 1509 1975 omnium
1541 1932 1763 1975 nostrum
1781 1923 1806 1975 ἱ)
1848 1938 2011 1975 nonne
2038 1924 2170 1975 Deus
2197 1940 2326 1977 unus

747 2011 971 2064 condidit
999 2029 1089 2065 nos
1119 2012 1366 2080 (.ilalaclt.
1396 2014 1448 2066 2.
1481 2012 1609 2081 i0)?
1636 2012 1739 2067 Sed
1774 2013 1959 2068 dicetis
1994 2013 2121 2067 mihi
2147 2032 2160 2065 :
2192 2014 2323 2068 Pec-

746 2102 885 2155 cavit
911 2102 961 2156 iu
992 2102 1182 2172 legem.
1211 2104 1469 2170 Qualem?
1494 2121 1649 2174 quam
1678 2120 1771 2159 vos
1794 2106 2143 2161 conculcastis
2162 2147 2176 2169 .
2204 2121 2321 2161 eam

746 2210 841 2261 per
870 2195 1149 2264 nequitiam
1181 2196 1515 2265 dissipantes.
1552 2196 1647 2251 Ubi
1679 2212 1805 2265 ergo
1835 2208 2036 2251 natura:
2065 2197 2169 2263 lex,
2200 2213 2321 2251 cor-

745 2284 917 2352 rigere
955 2300 1075 2340 cum
1102 2286 1352 2341 lenitate?
1381 2286 1536 2354 Quid,
1571 2303 1771 2356 quzeso,
1802 2288 1915 2358 lege
1946 2288 2173 2342 hostium
2229 2290 2322 2342 ab.

746 2384 973 2439 utentes,
1004 2375 1378 2443 persequimini
1402 2417 1414 2439 ,
1445 2375 1568 2429 dum
1601 2378 1875 2431 consulitis
1914 2387 1969 2432 et
2006 2380 2160 2447 agitis
2202 2394 2318 2447 qua:

740 2467 1005 2519 Contraria
1047 2476 1170 2521 sunt
1212 2475 1266 2522 et
1311 2467 1596 2523 inimicitiis
1637 2459 1835 2539 digna?
1877 2470 2085 2538 Quanto
2129 2472 2319 2527 melius

741 2555 941 2618 fuerat,
976 2567 1031 2611 ut
1059 2558 1217 2613 simul
1250 2558 1577 2626 habitantes,
1608 2572 1767 2631 atque
1797 2562 1848 2615 in
1879 2579 2041 2616 unum
2073 2564 2317 2618 victitan-

740 2654 850 2710 tes,
879 2651 1172 2701 communia
1202 2662 1253 2703 et
1281 2651 1414 2705 bona
1443 2654 1664 2706 consilia
1695 2654 1919 2707 invicem
1960 2646 2318 2711 communicaé

741 2737 867 2790 retis
887 2778 900 2801 ,
931 2738 996 2791 ad
1039 2740 1259 2808 gloriam
1291 2753 1344 2795 et
1380 2742 1601 2811 gratiam
1632 2743 1802 2796 Patris
1830 2745 2029 2797 vestri?
2059 2744 2313 2800 Filiorum

736 2826 877 2879 enim
914 2829 1078 2882 virtus
1107 2839 1159 2883 et
1202 2831 1486 2899 gratiarum
1534 2842 1820 2886 concentus
1863 2834 2013 2887 valde
2052 2834 2317 2902 jucundus

736 2926 817 2970 est
846 2920 1150 2985 parentibus
1171 2963 1185 2982 ,
1221 2921 1306 2988 qui
1341 2922 1469 2976 nihil
1495 2923 1635 2976 aliud
1663 2939 1691 2975 a
1721 2924 1900 2978 liberis
1926 2926 2036 2979 suis
2064 2938 2317 2993 expetunt

735 3022 889 3075 quam
919 3007 1063 3061 illud.
1099 3009 1207 3063 lloe.
1237 3010 1393 3063 etiam
1429 3010 1591 3078 probe
1622 3013 1797 3077 nosti,
1828 3014 1966 3082 quod
1996 3015 2241 3069 amicitia:
2263 3027 2315 3070 et

736 3096 1115 3152 benevolentia:
1158 3099 1423 3153 vinculum
1474 3101 1603 3154 nihil
1652 3101 1795 3156 aliud
1839 3104 1941 3166 sit,
1983 3119 2139 3173 quam
2186 3106 2313 3159 eniti

735 3198 788 3242 et
813 3189 986 3241 omnia
1033 3188 1206 3243 facere
1234 3206 1353 3258 quae
1381 3190 1623 3259 placeant
1652 3191 1787 3260 patri
1809 3233 1822 3255 ,
1848 3202 2015 3255 ortus,
2039 3195 2310 3249 educatio-

736 3279 817 3332 nis
858 3288 1013 3349 atque
1061 3281 1479 3334 conservatiouis
1521 3283 1741 3335 auctori.
1791 3286 1956 3347 Quem
1990 3298 2046 3337 ut
2086 3284 2313 3340 delirum

731 3378 1167 3435 contemnentes,
1218 3371 1351 3423 bella
1401 3374 1450 3424 in
1502 3372 1732 3426 Ecclesia
1773 3374 2124 3438 accendistis,
2162 3375 2311 3443 juxta

734 3459 1065 3529 prophetam,
1096 3463 1183 3529 qui
1217 3461 1343 3515 dicit
1368 3480 1380 3516 ε
1414 3460 1676 3515 Insaniam
1706 3464 1755 3517 in
1777 3464 1924 3517 domo
1955 3464 2156 3518 Domini
2187 3467 2311 3533 ﬁxe-

732 3561 848 3605 rmtt
883 3550 1032 3622 (Osce
1056 3552 1107 3607 9.
1140 3552 1228 3617 8);
1260 3568 1379 3606 cum
1420 3554 1651 3608 excitare
1699 3564 1855 3624 atque
1898 3556 2095 3609 hortari
2129 3565 2310 3612 mutuo

731 3640 1033 3695 deberetis:
1066 3641 1256 3696 deinde
1284 3653 1477 3711 pra-ter
1511 3652 1751 3725 ineuntem.
1775 3653 1828 3698 et
1856 3646 2171 3700 sententiam
2205 3647 2306 3701 Pa-

732 3731 827 3785 tris
854 3730 986 3784 bella
1020 3730 1366 3800 implacabilia
1400 3732 1533 3788 inter
1574 3748 1664 3787 vos
1691 3742 1952 3803 gerentes.
1988 3736 2139 3790 Addo
2166 3738 2308 3808 quod

727 3828 783 3873 et
811 3820 974 3875 Deum
1004 3830 1055 3877 et
1080 3836 1264 3876 euntes
1292 3823 1381 3893 qui
1422 3822 1487 3877 ad
1531 3840 1651 3877 eum
1679 3825 1965 3891 accedunt,
1997 3826 2161 3896 ipsius
2187 3829 2307 3896 qui-

728 3911 849 3964 dem
882 3910 1015 3964 lllios
1034 3951 1049 3975 ,
1081 3921 1285 3966 vestros
1310 3928 1437 3967 vero
1469 3913 1657 3967 l‘ratres
1686 3914 2026 3970 vehementer
2052 3917 2306 3987 obstupe-

730 3999 854 4054 l‘acit
886 4015 949 4055 ac
991 4010 1202 4063 movet,
1250 4016 1347 4057 nec
1395 4009 1569 4057 tacere
1614 4005 1905 4072 permittit:
1948 4021 2119 4075 neque
2163 4010 2308 4064 enim

729 4089 955 4145 filiorum
978 4092 1213 4146 utilitatis
1239 4094 1506 4164 negligens
1526 4102 1604 4147 est
1627 4103 1679 4149 et
1703 4095 2074 4152 sollicitudinis
2091 4114 2299 4168 expers.

729 4183 968 4239 Vestram
998 4184 1155 4255 igitur
1178 4183 1499 4241 dementiam
1530 4202 1667 4256 a‘gre
1695 4186 1869 4242 l'erens
1889 4231 1903 4254 ,
1933 4198 2091 4261 atque
2117 4207 2302 4247 eorum

726 4274 1126 4342 oppressionem
1148 4314 1163 4338 ,
1193 4274 1282 4344 qui
1320 4274 1565 4343 injuriam
1593 4277 1899 4347 patiuntur:
1929 4278 2048 4335 ideo
2089 4281 2304 4349 impune

725 4380 822 4419 vos
861 4364 1085 4421 evadere
1105 4364 1305 4436 justum
1349 4381 1451 4420 non
1496 4375 1672 4435 putat,
1723 4369 1859 4424 sicut
1901 4370 2081 4441 cmpit.
2122 4371 2305 4443 Neque

724 4455 864 4510 enim
893 4458 989 4525 ipsi
1009 4457 1280 4523 decorant,
1309 4474 1481 4529 neque
1503 4459 1649 4513 vobis
1674 4468 1841 4515 tutum
1861 4470 1945 4517 est
1970 4480 1983 4517 :
2011 4472 2065 4517 et
2087 4464 2302 4521 morbus

726 4554 898 4601 vester
921 4548 1209 4603 tolerabilis
1239 4552 1343 4604 non
1374 4560 1476 4614 est,
1510 4566 1606 4605 nec
1634 4566 1773 4606 curm
1795 4554 2094 4619 cujuslibet.
2125 4555 2301 4627 Plagis

725 4637 865 4691 enim
904 4646 961 4694 et
1005 4639 1295 4695 innumeris
1340 4639 1497 4694 etiam
1540 4641 1821 4713 castigatos
1852 4643 2104 4698 vibicibus
2147 4645 2299 4701 dete-

725 4726 892 4781 riores
929 4726 1095 4782 l‘actos
1125 4744 1243 4783 esse
1272 4744 1366 4782 vos
1392 4730 1549 4783 videt.
1580 4730 1795 4785 Multum
1823 4732 1963 4787 enim
1996 4734 2299 4792 insensibile

722 4828 777 4873 et
804 4818 1088 4874 inﬂexibile
1117 4820 1166 4874 in
1196 4821 1345 4875 vobis
1370 4820 1659 4885 redundat,
1690 4822 1875 4877 lintres
1896 4866 1909 4888 ,
1941 4840 2218 4894 germanos
2247 4838 2302 4883 et

720 4908 1150 4973 contubernales,
1184 4919 1436 4979 prmterea
1462 4920 1517 4965 et
1539 4912 1948 4979 confiederatos,
1978 4926 2136 4985 atque
2159 4917 2301 4985 ejus-

724 5000 844 5055 dem
876 5016 1073 5057 mensa:
1100 5018 1161 5056 ac
1194 5002 1313 5057 lecti
1359 5005 1639 5071 participes
1676 5014 1731 5059 et
1774 5007 1929 5061 unius
1956 5007 2301 5077 ejusdemque

720 5092 1071 5161 cognationis,
1101 5093 1235 5147 adeo
1264 5092 1315 5147 in
1344 5094 1521 5147 odium
1554 5095 1911 5163 turpissimum
1939 5098 2299 5165 pervertistis,

723 5192 777 5234 ut
804 5198 898 5237 eos
926 5184 1085 5237 etiam
1128 5198 1155 5234 a
1199 5183 1389 5237 ﬁnibus
1417 5183 1642 5253 propriis
1678 5195 1725 5239 et
1758 5187 2024 5239 communi
2058 5186 2170 5241 lare
2209 5203 2302 5241 cx-

722 5271 962 5338 puleritis
989 5283 1041 5327 ct
1070 5274 1250 5343 procul
1295 5274 1557 5341 eieceritis
1578 5316 1591 5338 ,
1624 5275 1737 5328 sine
1763 5276 1974 5330 civitate
2016 5292 2079 5331 ac
2104 5278 2298 5341 domo;

721 5363 945 5433 denique
965 5367 1209 5431 exsules,
1238 5376 1492 5434 quantum
1534 5366 1584 5420 in
1618 5367 1763 5421 vobis
1794 5367 1889 5421 fuit
1917 5385 1930 5420 :
1964 5378 2014 5421 et
2047 5370 2157 5423 lucc
2187 5386 2299 5424 meo

724 5452 819 5520 liti,
850 5468 954 5508 non
983 5455 1047 5510 ad
1075 5457 1287 5525 aliquod
1318 5467 1526 5525 tempus
1554 5458 1795 5512 exsilium
1822 5460 2187 5524 terminantes,
2207 5460 2299 5515 sed

724 5542 772 5593 in
802 5554 1053 5613 quantum
1079 5546 1339 5615 potuistis,
1366 5548 1415 5599 in
1449 5548 1709 5600 inlinitum
1742 5549 1921 5612 etiam,
1955 5565 2046 5616 per
2067 5550 2297 5604 crudeli-

724 5643 878 5685 tatem
915 5648 976 5687 ac
1006 5634 1219 5689 nimiam
1253 5638 1444 5689 utentis
1477 5646 1666 5691 vestra:
1694 5639 2035 5691 cmotiouctu.
2065 5640 2214 5705 Quod
2249 5641 2298 5693 in

722 5721 802 5777 his
840 5730 892 5777 ct
934 5722 987 5779 iu
1034 5723 1186 5782 beato
1238 5724 1437 5780 Joanne
1486 5727 1710 5793 fecistis,
1766 5726 2071 5782 intestinum
2116 5728 2293 5783 odium

1391 5855 1410 5881 1

2446 465 2890 531 reaccendentes,
2939 483 3000 523 ac
3034 469 3190 525 veluti
3239 484 3451 529 acutum
3500 476 3729 545 gladium
3773 479 3838 536 ad
3884 481 4040 536 hunc

2447 570 2613 622 usque
2636 556 2772 609 diem
2801 556 3055 613 adversus
3080 578 3199 615 eum
3237 564 3465 633 linguam
3503 568 3863 636 imminentes,
3893 575 4037 627 iram

2443 647 2818 714 amplectimini
2860 665 2954 719 pro
2983 652 3093 706 utiii
3123 653 3360 709 doctrina
3380 698 3394 720 ,
3423 661 3794 715 contumeliam
3835 664 3887 715 in
3918 663 4036 717 Ec—

2443 739 2601 791 clesia
2632 738 2697 791 ad
2738 740 3062 797 audientium
3096 745 3551 815 inquinamentum
3580 752 3930 810 ell‘undentes.
3960 756 4037 808 Et

2444 828 2556 882 bac
2584 831 2794 898 quidem
2829 832 2931 886 illis
2956 832 3092 887 dicta
3119 837 3244 896 sint.
3277 840 3467 907 quibus
3498 841 3747 900 Dominus
3774 849 3825 901 in
3856 850 4031 904 ntiseu

2444 918 2670 974 ricordia
2702 932 2754 975 et
2796 923 3010 979 leuitate
3055 928 3299 983 retribuit
3341 933 3633 989 secundum
3675 952 3855 1006 opera.
3905 941 4037 995 Tibi

2439 1024 2587 1077 vero,
2622 1012 2682 1066 Β.
2716 1013 2977 1079 Joannes,
3009 1019 3199 1086 quibus
3226 1036 3289 1074 ex
3319 1024 3497 1078 verbis
3530 1028 4030 1087 immarcescibilem

2439 1116 2689 1156 coronam
2747 1105 3023 1160 conﬁciam
3084 1121 3491 1183 contextumque
3549 1116 3851 1188 imponam,
3902 1134 4030 1190 post

2438 1194 2639 1247 exitum
2666 1212 2696 1250 e
2726 1198 2843 1250 vine
2876 1199 3030 1267 hujus
3055 1202 3228 1255 stadio
3259 1213 3309 1258 te
3335 1206 3575 1261 laudibus
3600 1209 3788 1266 ell'erre
3816 1228 3923 1266 non
3951 1216 4025 1267 ti-

2438 1286 2630 1337 mens?
2658 1287 2871 1341 evasisti
2904 1291 3045 1343 enim
3076 1293 3378 1359 procellam.
3410 1296 3492 1350 Aa
3520 1297 3865 1355 Mosaicorum
3896 1304 4025 1357 illo—

2436 1390 2551 1427 rum
2585 1376 2921 1432 ﬂoscnlormn
2949 1396 3201 1436 corooam
3230 1394 3427 1452 texam,
3459 1403 3593 1457 quos
3615 1390 3759 1446 dedit
3787 1391 3899 1459 ille,
3927 1396 4025 1463 qui

2436 1462 2705 1518 benedixit
2745 1478 3019 1525 actuosum
3049 1472 3243 1541 Joseph
3266 1516 3281 1537 ,
3314 1484 3369 1529 ct
3394 1480 3861 1550 contemplativum
3888 1462 4022 1540 Levi

2434 1557 2808 1612 sacerdotem?
2839 1563 2889 1613 in
2922 1571 2972 1616 te
3009 1565 3150 1618 enim
3182 1577 3461 1637 utrumque
3499 1570 3670 1626 video.
3718 1572 3782 1628 In
3810 1573 4009 1629 benedi—

2432 1646 2597 1699 ctione
2625 1647 2830 1703 Domini
2860 1662 2991 1704 terra
3020 1666 3127 1720 tua,
3168 1666 3215 1709 ct
3254 1674 3285 1709 a
3328 1660 3578 1715 montibus
3605 1665 3717 1723 ctuti
3744 1676 3791 1718 et
3821 1682 3935 1721 rore
3971 1680 4020 1722 et

2430 1736 2611 1805 abysso
2636 1740 2851 1807 fontium
2878 1743 3193 1812 subjaccnte,
3222 1757 3267 1799 et
3294 1757 3517 1819 tempore
3542 1754 3822 1822 germinum
3846 1798 3859 1820 ,
3877 1758 4019 1811 solis

2428 1828 2805 1881 conversiouum
2828 1839 2873 1884 et
2907 1848 3260 1902 congressnum
3288 1840 3529 1892 mensium
3549 1882 3564 1903 ,
3604 1860 3637 1894 α
3662 1845 3839 1898 vertice
3866 1862 4019 1901 mon-

2429 1916 2553 1968 tium
2580 1920 2835 1987 principii,
2864 1930 2911 1974 et
2936 1938 2966 1973 a
2989 1925 3167 1978 vertice
3193 1927 3397 1979 collium
3426 1938 3725 1985 teternorunt
3750 1947 3895 1989 erunt
3919 1954 4006 1991 suo

2428 2022 2517 2073 per
2544 2018 2696 2078 caput
2720 2008 2913 2081 Joseplt
2945 2012 3021 2084 (et
3049 2015 3092 2067 si
3136 2016 3254 2085 quis
3295 2018 3483 2073 similis
3520 2019 3757 2094 Ioseph),
3788 2035 3845 2079 et
3860 2042 4024 2095 aper

2426 2099 2655 2153 verticem
2681 2102 2895 2168 fratrum
2932 2106 3109 2174 quibus
3153 2111 3386 2178 prwfuit,
3420 2113 3735 2183 glori/iaetu:
3762 2120 4017 2190 primoge-

2427 2190 2560 2243 nitus
2584 2192 2713 2246 inter
2741 2194 2940 2261 fratres.
2975 2197 3128 2251 Tauri
3160 2199 3485 2269 pulchritudo
3510 2206 3621 2274 ejus
3647 2224 3859 2273 cornua,
3891 2227 4023 2263 um-

2425 2282 2591 2336 cornis
2634 2300 2824 2338 cornua
2873 2287 3009 2341 illius
3037 2305 3055 2342 :
3084 2291 3137 2343 in
3178 2292 3300 2357 ipsis
3351 2295 3601 2347 ventilabit
3644 2308 3810 2366 gentes
3858 2301 4018 2354 simul

2422 2386 2578 2439 usque
2617 2374 2684 2425 ad
2724 2379 2961 2432 terminos
2990 2389 3137 2435 terra:
3164 2381 3335 2457 (Deut.
3362 2386 3449 2441 55.
3476 2387 3543 2441 15
3568 2418 3592 2430 -
3617 2388 3727 2456 17).
3764 2390 3828 2445 Et
3877 2392 4023 2449 Levi

2422 2458 2554 2512 dixit
2582 2462 2655 2531 (et
2684 2464 2726 2517 si
2757 2471 2872 2533 quis
2901 2483 3023 2522 eum
3058 2472 3289 2527 imitatus
3316 2476 3420 2546 est)
3447 2496 3459 2529 :
3496 2476 3623 2533 Date
3646 2480 3763 2535 Levi
3787 2484 4013 2558 manife-

2422 2557 2524 2603 stos
2551 2553 2662 2622 ejus
2680 2595 2694 2619 ,
2738 2565 2784 2607 et
2816 2558 3066 2611 ceritatem
3099 2563 3207 2630 ejus
3233 2564 3337 2616 viro
3364 2576 3537 2619 sancto
3556 2610 3570 2635 ,
3610 2588 3753 2639 quem
3782 2553 4008 2630 tentare-

2422 2654 2539 2694 runt
2581 2645 2631 2697 in
2659 2649 2958 2716 tentatione,
3005 2654 3367 2709 ntalrdixm'unt
3412 2660 3456 2711 ei
3484 2660 3553 2711 ad
3580 2678 3761 2730 aquari
3797 2678 4008 2722 contra-

2420 2732 2670 2787 dictionis.
2722 2736 2821 2796 Qui
2862 2740 2989 2792 dixit
3032 2745 3165 2810 putri
3201 2754 3248 2796 et
3291 2748 3479 2800 matri:
3524 2748 3643 2803 Non
3689 2752 3791 2805 ridi
3835 2766 3910 2819 te;
3956 2769 4009 2811 et

2421 2827 2600 2892 fratres
2626 2844 2741 2881 suos
2767 2846 2863 2881 non
2893 2834 3113 2901 agnovit.
3143 2839 3403 2889 custodiuit
3442 2841 3639 2910 eloquia
3680 2855 3766 2897 tua
3785 2886 3800 2910 ,
3826 2857 3873 2899 α
3907 2868 4006 2916 pu-

2420 2925 2554 2967 ctunt
2600 2927 2736 2970 tuum
2779 2924 3030 2976 servavit:
3081 2927 3415 2995 manifestam!
3458 2931 3843 2998 iustiﬁcationes
3888 2948 4004 2992 tuus

2419 3002 2600 3071 Iacob,
2633 3020 2677 3059 et
2706 3008 2860 3078 legem
2891 3022 3029 3065 tuam
3070 3013 3270 3070 Israeli.
3312 3018 3469 3073 Ponet
3502 3039 3696 3091 semper
3724 3028 4005 3097 thymiama

2418 3094 2470 3146 in
2500 3094 2767 3165 festiuitate
2792 3113 2879 3154 tua
2908 3121 3057 3170 super
3086 3106 3246 3162 altare
3276 3119 3433 3163 tuum.
3466 3112 3711 3181 Benedic,
3754 3118 4002 3185 Domine,

2417 3187 2703 3255 fortitudini
2727 3193 2857 3261 ejus,
2888 3205 2931 3246 et
2960 3214 3113 3264 opera
3143 3217 3380 3253 manuum
3402 3205 3511 3273 ejus
3536 3209 3734 3277 suscipe
3756 3226 3773 3262 :
3799 3224 4006 3278 percute

2416 3282 2739 3344 supercilium
2782 3284 3100 3340 inimicorum
3142 3294 3504 3360 insurgentium
3548 3297 3601 3349 in
3644 3316 3788 3364 eum,
3834 3311 3879 3354 et
3910 3306 4004 3372 qui

2415 3369 2627 3423 oderunt
2674 3388 2816 3438 eum,
2871 3392 2969 3429 non
3015 3394 3317 3450 consurgant
3376 3383 3547 3453 (Ibid.
3590 3388 3754 3444 8-H
3790 3394 3829 3460 ).
3884 3369 4009 3462 Ego

2414 3467 2590 3547 autem
2623 3472 2675 3515 et
2722 3462 2847 3517 illud
2889 3465 3220 3523 addiderim:
3255 3473 3351 3537 Qui
3398 3475 3623 3545 diligunt
3664 3496 3785 3534 eutn
3810 3523 3825 3547 ,
3866 3482 4000 3539 Jesn

2411 3543 2644 3612 Christe,
2669 3568 2771 3604 non
2803 3552 3233 3614 confundantur:
3265 3572 3410 3617 tuum
3441 3543 3582 3619 enim
3623 3543 3900 3639 imperium
3939 3575 3999 3629 in

2413 3641 2625 3693 smcula.
2662 3643 2849 3698 Amen.
2881 3645 3054 3703 Ense.
3087 3649 3151 3703 Et
3185 3652 3285 3706 hoc
3312 3662 3415 3708 tua:
3441 3656 3800 3730 intelligentia:
3829 3662 4003 3719 decu.

2412 3739 2684 3796 mentum,
2728 3749 2980 3791 sensuum
3014 3752 3277 3798 scrutator
3304 3746 3613 3814 Theodore,
3653 3754 3887 3822 proferre
3924 3757 3998 3813 de

2413 3819 2662 3875 thesauro
2686 3826 2877 3879 mentis
2904 3836 3027 3893 tuac,
3061 3840 3116 3884 ut
3144 3834 3216 3885 ait
3242 3832 3515 3899 Servator.
3554 3819 3698 3895 Noua
3726 3853 3772 3897 ct
3792 3856 3956 3899 vetera
3977 3866 3999 3902 .-

2410 3919 2589 3967 vetera
2617 3915 2827 3983 quidem
2850 3958 2864 3982 ,
2896 3916 3140 3974 humana:
3168 3924 3439 3993 sapientiae
3476 3929 3823 4001 documenta;
3856 3952 3996 3994 nova
4052 3937 4065 3949 “

2410 4015 2559 4069 vero,
2583 4006 2751 4058 sancti
2773 4005 3000 4089 Spiritus
3021 4010 3249 4081 equuia.
3274 4015 3354 4070 Ex
3375 4019 3564 4085 quibus
3587 4022 3849 4081 thesauris
3869 4030 4001 4081 utri-

2408 4108 2511 4160 que
2539 4096 2671 4163 parti
2696 4100 2836 4167 quod
2859 4103 3181 4170 congruebat
3203 4107 3451 4163 tribuisti.
3479 4112 3604 4166 Tute
3626 4116 3835 4183 quidem
3865 4136 3998 4188 ptu-

2407 4186 2602 4242 dentia:
2618 4198 2699 4243 est
2718 4191 2893 4262 eloqui
2912 4209 3028 4262 quin
3052 4200 3415 4264 peccatoribus
3432 4208 3833 4274 conveniebant,
3854 4186 3905 4264 et
3924 4213 3994 4266 do.

2409 4279 2636 4336 Mosaiea
2654 4282 3019 4341 benedictione
3041 4287 3482 4349 Joaunidebitant
3501 4312 3750 4353 coronam
3772 4311 3947 4358 texere
3972 4323 3987 4357 :

2407 4372 2499 4442 qui
2520 4373 2827 4429 sacerdotio
2848 4379 2963 4433 sine
2984 4379 3174 4435 all‘cctu
3202 4381 3434 4451 fitttctns,
3461 4402 3582 4442 vere
3610 4389 3865 4460 ignoravit
3891 4409 3991 4462 pa-

2408 4468 2544 4517 trem
2587 4474 2641 4518 (δι
2686 4476 2907 4521 matrem
2934 4479 2988 4524 et
3024 4475 3471 4543 consanguineum
3519 4495 3687 4549 genus
3718 4481 3787 4537 ob
3825 4499 3990 4539 exsu-

2406 4556 2702 4625 perantiam
2742 4559 3000 4626 justitiae,
3044 4563 3135 4617 sed
3180 4566 3325 4621 solius
3362 4580 3583 4624 noverat
3628 4574 3771 4627 verbi
3819 4574 3988 4631 divini

2406 4655 2676 4701 amatores
2701 4657 2754 4701 et
2778 4650 3054 4731 o-perarios
3117 4652 3283 4709 Porro
3312 4658 3400 4726 qui
3430 4667 3611 4715 nostro
3641 4670 3880 4733 tempore
3902 4668 3987 4722 vi-

2407 4736 2600 4791 dentur
2628 4739 2861 4807 episcoyi
2886 4784 2897 4805 ,
2930 4743 3137 4798 luteum
3156 4747 3561 4818 quidemgeuus
3594 4752 3644 4806 itt
3673 4765 3905 4823 qua‘stus
3929 4769 3999 4813 ει·

2408 4828 2621 4882 militias
2647 4839 2699 4882 et
2720 4830 3000 4897 dignitates
3029 4834 3378 4903 invexerunt,
3408 4843 3735 4908 praevaricati
3776 4846 3985 4915 legem,

2404 4933 2524 4987 qua:
2550 4917 2677 4972 dicit
2703 4936 2715 4970 :
2744 4918 2863 4972 Non
2891 4921 3083 4975 dabunt
3108 4926 3389 4981 sacerdotes
3419 4930 3551 4995 ﬁlios
3574 4946 3690 4986 suos
3719 4933 3769 4987 in
3800 4936 3992 5003 princi-

2405 5025 2491 5078 pes
2517 5018 2563 5061 et
2591 5009 2945 5065 obmnbulones
2974 5015 3079 5083 regi
3105 5014 3290 5083 (Lerit.
3317 5018 3399 5071 18.
3439 5018 3528 5088 21)
3559 5022 3857 5090 :spiritales
3885 5040 3987 5080 au-

2406 5108 2513 5153 tem
2541 5099 2683 5153 viros
2710 5101 2913 5155 insidiis
2932 5144 2946 5166 ,
2973 5106 3226 5160 utrumuis
3247 5148 3262 5171 ,
3286 5110 3539 5164 custodiis
3583 5121 3740 5182 atque
3782 5117 3986 5172 exsiliis

2404 5204 2759 5253 consumunt.
2810 5210 3117 5264 metamque
3158 5196 3345 5252 bibunt
3388 5200 3771 5270 ignorantiam,
3803 5222 3865 5259 ex
3902 5210 3993 5263 his-

2410 5292 2654 5351 putautcs
2698 5300 2758 5338 se
2802 5287 3012 5340 virtutis
3051 5288 3251 5344 amicos
3286 5290 3673 5359 dehonestare,
3701 5296 3767 5351 de
3792 5298 3986 5365 quibus

2409 5374 2648 5441 pra'dixit
2671 5375 2922 5429 Servator
2946 5393 2957 5431 :
2995 5376 3198 5431 Venient
3219 5382 3346 5445 dies,
3369 5382 3421 5438 in
3444 5384 3621 5452 quibus
3640 5388 3880 5454 putabunt
3897 5404 3948 5455 η’
3971 5392 4000 5442 ἰῖ

2408 5463 2678 5517 occiderint
2702 5482 2805 5529 vos,
2826 5466 3109 5534 obsequium
3134 5486 3187 5521 se
3206 5481 3442 5537 pra'stare
3464 5472 3574 5526 Deo
3600 5474 3773 5544 (Jonn.
3795 5477 3876 5529 16.
3899 5478 3986 5548 2).

2408 5552 2588 5621 Neque
2614 5556 2852 5611 videlicet
2880 5558 2945 5611 de
2977 5560 3260 5627 gentilibus
3280 5562 3430 5623 dixit,
3451 5564 3571 5631 quia
3594 5565 3828 5631 dixisset,
3848 5568 3983 5623 diis:

2409 5644 2493 5710 qui
2530 5646 2704 5710 plures
2722 5656 2774 5697 et
2797 5663 2898 5700 nou
2931 5665 3088 5701 unum
3112 5651 3427 5717 signiﬁcant.
3447 5654 3597 5719 Quod
3620 5664 3793 5709 autem
3824 5673 4001 5714 unum

2410 5740 2463 5785 et
2490 5733 2658 5787 Solum
2692 5734 3011 5793 uominaxit.
3046 5738 3275 5792 Ostendit
3303 5756 3425 5807 eos,
3451 5743 3537 5811 qui
3572 5758 3710 5798 nunc
3739 5747 3990 5808 Etclcsite
