4264 6306
240 336 288 389 8|
1246 322 1329 374 Dii
1374 319 1531 374 V'ITA
1576 317 1631 370 S.
1673 306 1952 363 JUA'NNIS
1981 308 2478 367 CllltYSOS’lUill.
3410 312 3481 361 8:!

245 449 464 508 ιιιυιειιιι.
497 454 600 494 nos
627 437 1018 506 deprtulautur.
1046 435 1330 487 Perversos
1359 448 1585 500 namque
1612 443 1787 480 mores

240 547 344 585 suos
371 531 731 599 Invidiamque
759 529 1117 590 occultantes,
1148 526 1262 592 ejus
1292 539 1474 578 curam
1503 538 1562 575 se
1593 520 1790 573 habere

241 622 377 674 verbo
412 620 698 682 simulant,
729 633 884 685 quam
928 615 1075 668 factis
1116 613 1524 667 labefactaruut.
1559 609 1660 664 Sed
1693 611 1789 662 etsi

241 711 326 762 hoc
351 709 669 762 sinuilaliunt
690 749 702 769 ,
727 723 908 761 rerum
931 706 1102 759 exitus
1128 706 1269 774 ipsos
1292 702 1571 770 redarguet
1592 741 1607 761 ,
1631 700 1790 753 obse—

240 806 404 866 quotos
426 812 545 851 esse
561 799 632 862 ei,
653 798 739 865 qui
770 797 1023 864 gloriatus
1039 803 1121 848 est
1147 811 1162 847 :
1189 792 1308 845 Non
1335 792 1564 844 movebar
1588 806 1619 841 a
1645 803 1791 857 gene—

239 891 406 941 ratione
427 889 475 940 in
505 891 877 959 generationem
908 889 1012 940 sine
1039 887 1169 938 male
1199 884 1370 956 (Psal.
1406 884 1488 936 lO.
1519 881 1608 950 6).
1642 879 1790 933 Non-

236 979 343 1032 dum
370 980 502 1032 enim
534 981 765 1047 speciem
795 994 943 1031 nova:
974 977 1241 1030 licerescos
1277 974 1553 1027 invenerat
1592 971 1790 1039 iniqui-

238 1068 344 1121 tatis
360 1069 596 1123 inventor
615 1078 665 1122 et
688 1069 930 1136 pessimce
955 1065 1398 1134 concupiscentice
1419 1062 1658 1116 excultor
1677 1075 1790 1114 ser-

237 1171 380 1225 pens,
408 1172 526 1212 cum
565 1159 877 1226 praépositos
907 1156 1265 1210 Eeclesiarum
1295 1153 1358 1204 ad
1388 1161 1595 1203 nmtuas
1619 1149 1791 1203 catdcs

235 1245 446 1299 etl‘eravit
473 1247 765 1300 ambitione
794 1247 1061 1301 cathedra:
1083 1255 1133 1297 et
1159 1246 1341 1311 prima:
1370 1243 1532 1304 sedis,
1560 1256 1652 1308 per
1671 1255 1789 1308 quae

234 1337 495 1388 scissuram
540 1336 802 1390 fecerunt.
849 1337 902 1390 Si
942 1335 1083 1389 enim
1122 1335 1348 1402 Spiritus
1382 1333 1471 1386 Dei
1507 1330 1788 1385 concordia

234 1435 356 1477 esset
387 1426 520 1478 inter
551 1425 830 1493 episcopos
850 1467 864 1490 ,
895 1434 949 1478 et
980 1433 1034 1476 ut
1058 1434 1245 1475 amtor
1277 1422 1517 1475 criminis
1539 1462 1552 1485 ,
1583 1429 1673 1473 aut
1704 1421 1789 1472 in-

231 1513 403 1584 dignus
450 1516 752 1570 sacerdotio
773 1559 786 1580 ,
818 1527 938 1580 aut,
971 1528 1025 1569 ut
1046 1515 1371 1585 'l‘heoldiilus
1392 1516 1498 1578 ait,
1528 1514 1791 1583 superbia:

232 1605 492 1669 obnoxius,
524 1609 693 1661 arceri
723 1609 993 1662 debuisset
1017 1608 1248 1661 Joannes
1273 1624 1286 1659 :
1313 1616 1521 1675 poterat
1549 1607 1791 1672 omnipo-

233 1701 335 1745 tens
363 1695 447 1748 Dei
482 1697 738 1763 sapientia
766 1697 883 1765 jure
909 1713 937 1750 a
961 1697 1259 1750 sacerdotio
1291 1697 1438 1750 illum
1465 1711 1668 1756 arcere.
1701 1703 1789 1748 aut

230 1784 423 1838 modum
449 1788 694 1843 invenire
723 1804 816 1857 per
845 1805 1001 1856 quem
1030 1788 1145 1843 sine
1175 1788 1400 1842 tumultu
1423 1797 1476 1841 et
1506 1789 1622 1841 sine
1648 1787 1789 1840 ﬂeti-

230 1873 314 1927 bus
352 1876 649 1944 ejiceretur,
675 1879 878 1932 scilicet
905 1890 996 1931 aut
1025 1889 1193 1931 morte
1212 1919 1226 1941 ,
1274 1886 1364 1931 aut
1407 1877 1670 1946 paralysi,
1701 1885 1791 1929 aut

227 1965 494 2019 amissione
521 1968 667 2020 vocis
686 2009 701 2030 ,
728 1977 780 2020 ut
813 1968 1056 2021 novimus
1082 1968 1344 2036 aliquibus
1377 1982 1442 2021 ex
1473 1966 1791 2020 adversariis

227 2054 485 2121 accidisse,
513 2068 568 2110 et
597 2059 807 2126 aliquos
831 2058 1004 2111 adhuc
1036 2059 1087 2111 in
1114 2073 1179 2111 eo
1206 2072 1326 2111 es-e
1352 2067 1408 2111 ut
1440 2057 1551 2110 lucc
1580 2058 1788 2125 patian-

228 2154 322 2198 tur.
351 2147 424 2200 Ex
454 2165 558 2216 quo
584 2159 762 2203 autem
796 2160 870 2203 tot
897 2159 950 2204 et
978 2159 1120 2204 tanta
1151 2150 1433 2204 Servatore
1466 2151 1677 2219 indigna
1707 2149 1788 2202 fa-

229 2244 303 2286 cta
332 2237 651 2307 subsequota
683 2251 824 2303 sunt,
858 2239 969 2308 ipse
1003 2240 1217 2308 quidem
1249 2255 1354 2293 non
1377 2240 1651 2308 depositus
1676 2248 1784 2305 est,

226 2323 306 2376 sed
334 2324 382 2376 in
409 2328 654 2380 exsilium
687 2339 835 2382 actus
861 2348 874 2382 :
897 2329 1117 2383 evidens
1144 2338 1226 2383 est
1253 2329 1446 2382 diaboli
1481 2344 1600 2383 esse
1631 2347 1785 2398 opus,

225 2411 358 2480 cujus
376 2429 593 2483 regnum
615 2417 832 2472 Joannis
853 2420 1226 2487 przedicatione
1243 2420 1636 2475 destruebatur.
1655 2421 1787 2474 Novi

223 2503 412 2569 quider
446 2522 538 2560 sev
568 2509 848 2577 episcopos
876 2511 1068 2563 merito
1109 2526 1136 2564 τι
1169 2510 1372 2564 Joanne
1399 2511 1670 2581 depositus
1690 2552 1703 2574 ,
1735 2522 1791 2565 nt

223 2594 551 2650 sacerdotalis
579 2598 852 2667 dignitatis
887 2609 1186 2670 emptores,
1229 2601 1295 2654 de
1323 2603 1516 2671 quibus
1539 2605 1789 2670 superius

220 2680 336 2734 dixi.
385 2683 514 2751 Quis
544 2687 864 2757 lacrymatus
893 2691 1007 2742 est?
1047 2690 1197 2758 cujus
1237 2705 1267 2744 c
1308 2691 1525 2745 naribus
1565 2693 1785 2746 stillavit

221 2773 451 2839 sanguis?
473 2790 593 2843 qua:
613 2779 795 2831 aranei
821 2779 919 2832 tela
945 2781 1213 2833 conscissa
1235 2782 1348 2833 est?
1374 2782 1494 2849 quis
1512 2780 1672 2833 domo
1695 2798 1787 2835 sua

222 2866 387 2923 pulsos
416 2864 532 2916 est?
573 2868 693 2933 quis
723 2867 804 2918 vel
847 2869 1003 2920 obolo
1048 2869 1337 2922 mulctatus
1365 2870 1484 2922 est?
1513 2871 1631 2937 quis
1663 2884 1790 2923 vero

220 2948 345 3002 Asia:
368 2951 672 3016 circulator,
706 2963 796 3006 aut
823 2956 1002 3023 opifex
1028 2997 1041 3019 ,
1066 2965 1157 3009 aut
1197 2957 1424 3026 agricola
1448 2998 1461 3020 ,
1487 2967 1577 3010 aut
1617 2969 1786 3023 sutor,

218 3045 297 3087 aut
328 3039 584 3105 plebeius,
617 3054 888 3110 gratanter
917 3061 1020 3097 non
1044 3046 1209 3098 audiit
1232 3048 1376 3114 quod
1398 3047 1666 3102 acciderat
1696 3065 1789 3114 pro

219 3127 535 3185 vindicandis
577 3136 744 3186 sacris
786 3135 1022 3200 legibus?
1052 3139 1299 3189 acciucns
1325 3155 1336 3187 -.
1365 3138 1528 3202 Quam
1557 3139 1792 3207 magniﬁ—

219 3227 320 3268 eata
346 3229 458 3272 sunt
485 3239 642 3283 opera
673 3233 778 3288 tua,
804 3223 1056 3278 Domine!
1087 3229 1255 3280 omnia
1282 3228 1333 3280 in
1357 3229 1604 3296 sapientia
1631 3231 1792 3296 fecisti

221 3304 378 3362 (Ps/tl.
406 3310 527 3365 l03.
553 3312 668 3381 2i).
697 3313 791 3367 Ubi
821 3317 960 3368 enim
991 3317 1127 3370 Dens
1155 3328 1425 3386 Operatur,
1449 3320 1627 3372 omnia
1662 3321 1794 3374 fiunt

221 3395 529 3466 iusapienlia
556 3421 569 3455 :
596 3405 682 3457 ubi
707 3421 830 3460 vero
855 3407 1114 3461 bonorum
1141 3424 1267 3462 osor
1293 3411 1521 3474 ιΙωιιιοιι,
1547 3414 1793 3468 similiter

218 3491 452 3543 omniain
485 3495 810 3563 insipientia.
855 3498 1022 3551 Porro
1052 3499 1407 3567 insipientiam
1441 3518 1525 3555 res
1547 3504 1792 3558 absurdae

219 3591 519 3648 sequuntur,
549 3585 761 3639 invidize
781 3627 795 3650 ,
824 3587 1018 3653 cmdes,
1039 3589 1274 3659 jnrgium
1294 3631 1309 3655 ,
1335 3592 1624 3659 aemulatio,
1651 3594 1794 3646 luro-

221 3683 294 3721 res
312 3711 326 3732 ,
352 3673 477 3725 rixa-
499 3715 512 3735 ,
542 3675 826 3728 discat-dim
847 3719 862 3740 ,
889 3678 1148 3747 fragores,
1178 3679 1545 3748 imperitorum
1575 3684 1792 3752 couSpi—

222 3761 360 3825 ratio,
391 3766 796 3833 magistratuum
832 3768 1026 3834 fervor,
1057 3785 1262 3833 cruces,
1298 3773 1519 3826 laterum
1551 3775 1792 3829 abrasio-

221 3864 333 3915 nes,
367 3855 551 3916 ta‘die,
598 3857 696 3911 rivi
743 3861 1058 3927 sanguiunm
1084 3903 1099 3926 ,
1142 3863 1502 3919 intolerabiles
1546 3867 1789 3929 inulctm,

222 3940 592 4000 publicatioues
622 3947 901 4012 bonorum,
927 3951 1222 4005 solutiones
1243 3953 1538 4008 divinarum
1562 3958 1796 4011 sanctio-

221 4045 352 4095 uum,
365 4047 707 4106 contemptus
723 4040 916 4109 legum,
935 4043 1152 4112 pudoris
1167 4053 1219 4098 et
1233 4045 1544 4115 frugalitatis
1557 4059 1793 4103 contem-

221 4129 326 4181 ptus
349 4165 362 4187 ,
394 4126 541 4182 orbis
575 4139 836 4184 terrarum
864 4135 1116 4196 scissura,
1153 4147 1350 4205 parata:
1383 4147 1520 4192 terra
1552 4143 1792 4210 mari-pte

220 4209 408 4268 insidia:
437 4219 679 4281 navales,
707 4231 1004 4288 equestres,
1037 4226 1417 4297 pedestresque
1444 4209 1792 4285 niaCltillilliﬂtl

220 4299 646 4366 impedimentum
689 4325 872 4363 eorum
918 4314 1004 4382 qui
1039 4316 1276 4368 veritatis
1320 4334 1478 4372 causa
1524 4322 1787 4375 οχδιιιιικι,

216 4388 478 4451 Quomodo
529 4397 692 4464 igitur
740 4400 931 4454 audent
977 4403 1204 4458 dicere:
1251 4407 1342 4459 Dei
1395 4407 1792 4477 dispensatione

214 4475 251 4528 θτ
274 4493 431 4535 ³³³³ος
461 4485 672 4552 οῙεεῑυδ
697 4490 813 4541 est?
842 4490 1025 4544 Dicant
1047 4505 1222 4549 autem
1251 4497 1399 4561 milii,
1422 4501 1510 4568 qui
1544 4500 1641 4554 ista
1675 4519 1794 4569 per-

215 4581 391 4627 Itmant
416 4593 427 4625 :
452 4576 649 4633 Nonne
687 4590 893 4647 poterat
920 4587 1262 4654 omnipotens
1293 4590 1382 4644 Dei
1416 4593 1672 4662 sapientia
1709 4596 1792 4647 iii-

215 4661 413 4728 visibili,
443 4678 499 4721 ut
526 4670 663 4733 dixi,
698 4673 890 4729 virtute
914 4677 1194 4743 Joannem,
1229 4681 1272 4733 si
1305 4661 1552 4753 indignius
1580 4684 1787 4744 fuisset.

215 4767 446 4813 amovere
467 4800 481 4824 ,
515 4772 610 4813 aut
641 4764 866 4819 suadere
903 4767 1224 4825 adversariis
1254 4774 1368 4827 sine
1402 4774 1699 4829 interventu
1741 4788 1792 4829 ct

216 4843 400 4898 viribus
431 4849 734 4916 principum
761 4855 1031 4911 moderate
1056 4874 1165 4912 rem
1201 4861 1376 4915 ferre?
1400 4863 1453 4918 Si
1476 4864 1619 4918 enim
1649 4865 1788 4918 idem

217 4931 342 4984 Deus
385 4948 503 5003 est,
537 4943 628 5010 qui
675 4943 840 5013 Moysi
884 4961 1201 5016 cooperatus
1247 4962 1330 5007 est
1375 4955 1440 5008 ad
1492 4956 1786 5010 libertatem

1904 425 2062 480 Israel
2109 439 2160 482 et
2210 427 2597 492 obedientiam,
2641 428 2916 482 l'liaraone
2962 432 3129 499 palam
3173 433 3479 490 clamante:

1903 519 2022 572 Non
2051 522 2165 573 nori
2190 520 2348 573 Deum
2369 563 2380 581 ,
2405 529 2450 572 et
2481 519 2643 574 Israel
2672 537 2771 573 non
2798 522 3044 575 dimittant
3069 524 3261 593 (Exod.
3291 527 3344 580 5.
3374 526 3443 596 2)
3468 544 3480 579 :

1900 611 2167 678 quomodo
2208 611 2364 678 igitur
2392 609 2589 664 auxilio
2621 621 2951 665 terrenorum
3000 614 3297 682 principum
3348 615 3487 668 indi-

1900 700 2002 763 eoit
2040 699 2088 750 iu
2120 715 2281 752 causa
2305 701 2559 753 Joannis?
2584 701 2736 768 quasi
2763 703 2999 756 senuerit
3019 743 3032 762 ,
3063 712 3153 756 aut
3191 704 3382 757 debilis
3412 704 3489 756 fa-

1899 799 2014 840 ctus
2053 791 2156 853 sit,
2201 801 2290 843 aut
2337 809 2438 844 non
2487 793 2734 860 potuerit.
2789 792 2990 846 Deinde
3014 794 3100 862 qui
3133 795 3484 862 quorumdam

1900 881 2159 935 adulteria
2183 924 2199 947 ,
2233 883 2470 936 infandas
2503 883 2782 947 libEdincs,
2815 894 2976 952 atque
3008 886 3228 939 aliorum
3273 888 3481 956 praesti-

1899 971 2009 1038 gias
2039 965 2406 1040 publicaverit,
2442 990 2544 1026 non
2576 977 2803 1041 potuerit
2835 977 3007 1028 adlmc
3037 976 3296 1031 Joannem
3325 993 3480 1032 coar-

1899 1061 2093 1128 guere?
2123 1071 2213 1113 aut
2257 1073 2479 1128 contra,
2521 1064 2609 1132 qui
2660 1063 2814 1133 hujus
2856 1066 3088 1134 linguam
3132 1067 3256 1120 fecit
3293 1068 3484 1136 angina

1900 1160 2230 1217 tumescere,
2266 1156 2334 1206 ita
2365 1163 2418 1206 ut
2448 1157 2649 1222 scripto
2681 1157 2955 1208 veritatem
3000 1151 3239 1225 priilitcii
3268 1168 3485 1211 coactus

1900 1239 2077 1304 fuerit,
2103 1250 2157 1295 et
2177 1242 2337 1295 alium
2370 1244 2668 1310 permiserit
2697 1243 2932 1297 incidere
2955 1245 3004 1297 iu
3033 1246 3248 1313 gradus,
3273 1247 3359 1314 qui
3384 1244 3482 1314 ipsi

1902 1329 2111 1383 fuerunt
2153 1330 2444 1393 mortiferi,
2470 1344 2560 1385 aut
2600 1332 2760 1385 alium
2804 1335 3206 1401 erumpentibus
3251 1337 3486 1404 undique

1899 1421 2170 1474 vermibus
2218 1432 2420 1475 nmtum
2471 1424 2520 1475 in
2569 1423 2707 1475 lecto
2751 1425 3100 1478 niaeeraverit
3145 1441 3340 1478 annum
3373 1425 3486 1480 fero

1900 1513 2182 1581 integrum,
2217 1523 2309 1566 aut
2338 1515 2486 1567 alteri
2515 1515 2753 1581 injecerit
2783 1515 3051 1569 horrenda
3085 1517 3332 1569 lerricula
3360 1531 3482 1569 cum

1901 1602 2142 1655 familiari
2188 1604 2415 1673 podagra
2437 1645 2448 1662 .
2481 1613 2571 1657 aut
2608 1606 2694 1672 qui
2727 1620 2878 1658 crura
2906 1607 3074 1660 secuit
3101 1607 3252 1673 cujus
3279 1607 3482 1673 voluit,

1899 1702 1990 1743 aut
2031 1692 2117 1760 qui
2162 1691 2299 1746 foeda
2345 1703 2515 1746 morte
2555 1695 2663 1748 cilo
2703 1710 2822 1748 eum
2868 1698 3074 1763 rapuit,
3112 1712 3269 1764 quem
3310 1699 3487 1751 sciunt

1899 1799 2084 1836 omnes
2111 1801 2122 1836 :
2155 1784 2237 1837 liic
2271 1786 2320 1838 in
2347 1785 2551 1838 Joanne
2577 1827 2589 1847 ,
2620 1787 2878 1854 sacrilego
2900 1829 2913 1848 ,
2949 1796 3002 1840 nt
3031 1787 3207 1841 dicitis
3232 1829 3246 1851 ,
3280 1789 3481 1858 aliquid

1900 1873 2088 1926 liorum
2115 1884 2325 1945 patrare
2353 1890 2455 1928 non
2480 1876 2669 1939 valuit;
2702 1875 2795 1929 sed
2827 1876 2926 1929 hoc
2957 1885 3009 1929 et
3042 1877 3130 1928 illo
3158 1875 3403 1946 indiguit,
3428 1888 3484 1932 ut

1897 1964 2156 2018 Joannem
2185 1979 2304 2018 eum
2335 1965 2621 2032 ignominia
2651 1966 2966 2033 expelleret,
2994 1966 3159 2020 multo
3188 1965 3304 2035 plus
3329 1982 3394 2020 ex
3421 1983 3488 2022 co

1897 2056 2079 2125 gloria:
2110 2056 2210 2124 ipsi
2239 2055 2568 2109 concilians?
2613 2056 2806 2109 Errant
2835 2057 3022 2124 igitur,
3056 2056 3169 2109 vim
3190 2056 3338 2111 verbi
3369 2055 3486 2127 ejus

1899 2149 2216 2202 nescientes.
2249 2147 2552 2216 Sacrilegus
2575 2147 2716 2200 enim
2747 2147 2835 2200 ille
2867 2148 3078 2216 proprie
3107 2156 3226 2212 est,
3257 2163 3360 2201 non
3392 2148 3486 2217 qui

1899 2253 2084 2290 nurum
2108 2279 2121 2300 ,
2154 2246 2244 2290 aut
2288 2246 2564 2306 argentum
2586 2276 2601 2301 ,
2633 2245 2722 2290 aut
2749 2246 2924 2288 vestes
2951 2240 3146 2288 sericas
3167 2276 3182 2300 ,
3217 2237 3481 2290 tinearum

1897 2328 2100 2393 cibum,
2126 2329 2446 2397 pauperibus
2469 2327 2755 2396 elargitur;
2789 2326 2881 2380 sed
2905 2327 2989 2395 qui
3021 2327 3261 2394 pecunia,
3284 2337 3372 2380 aut
3392 2344 3483 2380 as-

1898 2417 2197 2471 sentatione
2219 2459 2234 2480 ,
2265 2428 2355 2470 aut
2383 2417 2555 2485 epulis
2586 2417 2883 2471 doctrinam
2915 2417 3218 2471 Servatoris
3244 2426 3298 2471 et
3343 2433 3486 2487 pra:-

1898 2517 2048 2579 cepta
2080 2508 2257 2561 vendit
2281 2523 2295 2570 ;
2319 2507 2512 2562 deinde
2548 2507 2637 2577 qui
2675 2523 2886 2561 sacrum
2918 2507 3091 2560 virum
3123 2508 3228 2560 vlta
3270 2517 3323 2561 et
3367 2509 3484 2562 elo-

1897 2599 2114 2669 quentia
2141 2608 2385 2651 ornatum
2413 2598 2630 2652 divexat
2650 2640 2665 2661 ,
2697 2614 2792 2666 per
2823 2613 2981 2666 quem
3019 2598 3289 2662 Servator,
3322 2600 3486 2654 veluti
3513 2619 3518 2622 ·

1899 2707 1996 2761 per
2018 2700 2280 2744 craterem
2308 2699 2362 2743 et
2388 2705 2479 2744 vas
2509 2690 2822 2758 pretiosum,
2855 2690 3003 2743 verbi
3030 2691 3358 2744 amatoribus
3388 2691 3485 2743 ad-

1894 2781 2131 2849 jumenta
2160 2780 2343 2832 salutis
2373 2778 2707 2847 propinabat.
2745 2779 2820 2832 Illi
2852 2778 3009 2846 igitur
3034 2780 3276 2848 Sacrilegi
3300 2781 3486 2833 dican-

1901 2877 2004 2930 tur,
2025 2869 2111 2937 qui
2134 2867 2478 2935 apostolicam
2506 2865 2797 2918 Ecclesium
2822 2866 3109 2933 t'eprzcdati
3133 2877 3276 2933 sunt,
3297 2869 3490 2923 talibus

1899 2973 2015 3011 eam
2065 2956 2364 3024 pastoribus
2401 2956 2726 3023 spoliantes,
2771 2965 2824 3008 et
2870 2957 3233 3010 ordinationes
3264 2961 3486 3026 pecunia

1903 3047 2221 3109 vendentcs,
2255 3045 2318 3098 ad
2353 3059 2484 3113 quos
2510 3044 2728 3111 jamjam
2765 3045 3036 3112 perveniet
3074 3045 3253 3099 divina
3282 3047 3486 3115 justitia

1901 3138 1965 3190 ad
1992 3137 2421 3192 emendationem
2453 3137 2685 3204 ipsorum
2721 3136 3096 3204 improbitatis.
3129 3137 3185 3190 Si
3216 3139 3359 3193 enim
3395 3141 3487 3209 qui

1900 3229 2070 3298 legem
2098 3230 2290 3299 Moysis
2318 3228 2687 3281 adulterabaut
2720 3244 2812 3296 per
2841 3229 3056 3281 nimiam
3087 3230 3484 3299 negligentiam,

1899 3337 1928 3375 e
1956 3323 2154 3389 templo
2180 3338 2208 3373 a
2241 3322 2528 3375 Servatore
2554 3322 2708 3388 ejecti
2742 3331 3009 3375 suntcum
3043 3321 3272 3391 ﬂagello,
3296 3335 3347 3377 et
3370 3327 3489 3394 qui-

1898 3413 2020 3466 dem
2043 3428 2072 3466 e
2095 3413 2360 3480 funiculis,
2385 3412 2504 3480 quia
2538 3414 2676 3464 intus
2704 3412 2975 3466 columbas
3006 3414 3487 3483 vendebant:un

1900 3503 1972 3558 illi
2001 3519 2142 3557 nunc
2174 3504 2378 3571 passuri
2411 3511 2554 3564 sunt,
2589 3504 2674 3569 qui
2719 3515 3087 3570 cauponantur
3127 3505 3250 3556 novi
3296 3503 3488 3557 Testa-

1901 3593 2064 3648 menti
2091 3591 2471 3653 sacerdotium,
2500 3592 2598 3642 nisi
2632 3601 2738 3645 uta
2772 3602 3038 3657 pastorum
3072 3593 3310 3662 principe
3342 3594 3487 3663 virga

1907 3668 2084 3721 ferrea
2114 3669 2510 3721 conterantur?
2543 3678 2599 3721 ut
2629 3671 2703 3723 ait
2726 3676 3028 3740 Apostolus
3059 3694 3071 3729 :
3109 3677 3212 3742 Qui
3238 3681 3397 3733 violat
3421 3682 3498 3736 te-

1898 3772 2011 3826 gem
2037 3755 2257 3826 tlloysis,
2295 3755 2487 3827 absque
2510 3759 2874 3814 misericordia
2917 3765 3011 3816 sub
3047 3765 3252 3821 duobus
3276 3780 3368 3822 aut
3393 3773 3497 3825 tri-

1901 3848 1995 3901 bus
2019 3849 2234 3900 testibus
2258 3849 2504 3902 moritur.
2531 3850 2746 3915 Quanto
2772 3856 2974 3920 putatis
3001 3859 3273 3914 acerbiore
3299 3862 3497 3932 dignus

1897 3941 2194 3996 censebitur
2224 3952 2374 4008 pinna
2409 3943 2496 4010 qui
2526 3942 2620 3996 Dei
2663 3942 2866 3998 Filium
2897 3950 3227 4004 conculcavit
3248 3994 3262 4016 ,
3295 3966 3343 4006 et
3371 3975 3497 4010 sau-

1896 4035 2105 4102 guinem
2145 4032 2469 4086 Testamcnti
2502 4034 2764 4100 pollutum
2785 4040 3133 4102 existimavit,
3162 4046 3212 4096 in
3244 4061 3345 4115 quo
3370 4065 3497 4101 san—

1899 4126 2167 4194 ctiﬁcatus
2192 4134 2290 4188 est,
2317 4135 2362 4177 et
2396 4124 2655 4192 Spiritum
2688 4131 2876 4197 gratia:
2910 4135 3231 4188 contumelia
3269 4139 3446 4206 affecit
3469 4144 3496 4195 .’

1900 4217 2108 4270 Scimus
2142 4217 2280 4268 enim
2308 4217 2396 4285 qui
2427 4215 2588 4269 dicit:
2617 4216 2752 4270 Mihi
2778 4221 3030 4280 vindicta.
3056 4240 3149 4292 ego
3179 4228 3492 4294 retribuam,

1899 4309 2026 4361 dicit
2059 4306 2333 4360 Dominus.
2364 4304 2702 4361 "errandum
2730 4320 2804 4363 cst
2831 4311 3062 4366 incidere
3090 4317 3141 4367 in
3167 4333 3358 4372 manus
3397 4320 3493 4375 Dei

1899 4401 2112 4455 viventis
2139 4399 2313 4469 (Rom.
2346 4399 2426 4452 1‘2.
2458 4400 2556 4465 19;
2587 4399 2747 4455 Hebr.
2781 4403 2866 4456 10.
2887 4404 3046 4459 28-31
3073 4408 3110 4473 ).
3140 4409 3282 4463 Deus
3307 4424 3492 4468 autem

1899 4501 1987 4568 qui
2020 4500 2161 4552 hunc
2188 4499 2333 4566 pium
2357 4505 2408 4549 et
2429 4504 2670 4549 sanctum
2700 4502 2990 4562 pastorem,
3015 4500 3070 4544 et
3090 4491 3307 4559 justitim
3335 4491 3485 4544 lumi—

1902 4606 2029 4644 nare
2059 4587 2370 4658 glorifit'avit
2393 4627 2406 4648 ,
2439 4587 2525 4637 det
2567 4585 2680 4653 ipse
2722 4584 2873 4637 nobis
2905 4592 3108 4650 partem
3141 4591 3193 4635 et
3221 4580 3484 4636 ltereditao

1902 4691 2006 4733 tem
2036 4695 2154 4732 cum
2200 4680 2287 4730 illo
2334 4678 2574 4729 invenire
2615 4676 2665 4728 in
2714 4672 2990 4727 tremendo
3026 4671 3153 4740 justi
3195 4671 3376 4739 judieii
3408 4668 3488 4723 sui

1900 4771 1986 4824 die
2013 4789 2024 4824 ;
2050 4771 2133 4824 cui
2164 4769 2421 4837 competit
2447 4767 2636 4836 gloria,
2667 4766 2856 4825 honor.
2889 4763 3143 4831 majestas
3170 4773 3220 4816 et
3248 4761 3484 4831 magniﬁ-

1901 4863 2101 4926 centia,
2130 4861 2268 4915 Patri
2295 4868 2349 4913 et
2377 4857 2510 4912 Filio
2538 4867 2591 4910 et
2622 4855 2840 4924 Spiritui
2870 4864 3077 4915 sancto,
3112 4867 3252 4907 nunc
3273 4861 3326 4906 et
3350 4866 3487 4907 seut-

1906 4971 2020 5024 per,
2049 4963 2102 5010 et
2129 4953 2180 5006 in
2209 4951 2403 5006 stecula
2431 4949 2766 5007 smeulortun.
2799 4947 2988 5000 Amen.
