4264 6306
131 126 386 242 τ

307 420 376 476 85
1480 410 1656 467 ΝυΝο
1698 409 1953 466 PRIMUM
1997 409 2386 465 ADORNATA.
3519 407 3588 462 86

311 531 408 584 tt-rt
435 529 714 594 Socrates,
738 530 824 597 qui
858 527 1029 598 pergit
1056 535 1110 581 et
1133 526 1205 580 ait
1236 543 1250 580 :
1285 543 1303 574 ι
1340 524 1404 578 Et
1431 524 1490 578 ot
1536 527 1657 575 vitae
1699 523 1889 575 sancti-

313 621 542 673 moniam
575 636 680 672 non
707 621 777 672 ita
805 628 992 672 cautus
1015 618 1155 671 circa
1179 615 1352 668 futura
1375 613 1468 679 ;ob
1501 612 1890 681 simplicitatem

311 725 436 764 vero
454 709 603 762 aditu
635 709 822 761 facilis.
855 706 1140 761 lmmodica
1183 708 1343 758 etiam
1391 703 1600 758 dicendi
1649 702 1894 756 libertate

311 803 361 855 in
395 799 678 868 colloquiis
707 799 970 853 utebatur.
992 797 1060 851 Et
1085 798 1136 852 in
1167 795 1407 850 docendo
1431 792 1642 863 quidem
1672 793 1891 845 multum

305 893 528 960 juvabat
553 892 620 943 ad
645 883 1009 944 informandus
1030 887 1330 943 auditorum
1355 900 1528 938 mores
1544 901 1559 946 ;
1574 884 1624 937 in
1643 897 1890 948 congres-

309 982 458 1034 sibus
479 997 605 1034 vero
626 980 959 1047 arrogantior
985 977 1258 1031 videbatur
1281 976 1343 1028 iis
1369 975 1455 1044 qui
1475 975 1637 1042 ipsius
1659 973 1892 1024 animum

310 1087 418 1123 non
447 1079 724 1123 noverant.
763 1087 782 1120 ι

385 1161 510 1214 Haec
557 1158 799 1213 fortassis
850 1156 1123 1211 acerbiora
1168 1154 1485 1208 videbuntur
1536 1168 1657 1207 esse
1700 1153 1763 1206 iis
1805 1152 1892 1220 qui

314 1249 684 1321 Cbrysostomi
708 1239 1062 1317 eloquentiam
1092 1257 1145 1301 et
1171 1247 1334 1298 animi
1362 1245 1777 1314 magnitudinem
1806 1243 1896 1295 mi-

310 1351 534 1396 rantur:
569 1355 754 1394 verum
783 1339 832 1392 in
860 1339 1058 1392 sanctis
1089 1337 1232 1390 illam
1260 1335 1448 1405 agendi
1481 1336 1786 1388 varietatem
1809 1333 1897 1386 ob-

315 1447 620 1487 servamus.
652 1431 756 1484 Alii
785 1445 1010 1497 namque
1036 1428 1336 1482 divinarum
1375 1442 1550 1479 rerum
1594 1425 1768 1479 studio
1812 1424 1892 1477 in-

308 1525 480 1588 censi,
513 1537 618 1576 non
645 1521 822 1574 habita
851 1530 1149 1589 temporum
1197 1530 1650 1586 personarumque
1691 1517 1898 1568 ratione

311 1617 378 1668 ad
422 1628 603 1668 mores
642 1611 1004 1669 informandos
1047 1609 1288 1663 feruntur
1328 1607 1600 1662 ardentius
1650 1623 1661 1657 :
1710 1605 1799 1659 alii
1841 1612 1897 1657 ut

312 1704 607 1759 dissolutos
631 1711 971 1771 compescant
1002 1715 1177 1754 mores
1201 1698 1443 1753 doctrina
1482 1695 1639 1751 simul
1678 1704 1896 1750 utuntur

316 1806 366 1849 ει
387 1805 524 1849 arte.

387 1884 641 1937 Oratoric
673 1883 773 1936 arti
803 1893 850 1936 et
879 1881 1212 1952 philerOphia:
1232 1880 1316 1932 dat
1339 1895 1564 1947 operam.
1597 1905 1647 1917 υ·
1698 1876 1752 1929 In
1781 1875 1894 1929 elo-

314 1975 530 2044 quentia
573 1983 626 2028 et
662 1973 893 2026 oratoria
940 1982 1055 2025 arte
1076 1971 1346 2024 doctorem
1378 1968 1560 2022 habuit
1597 1967 1894 2031 Libanium,

314 2070 367 2124 in
396 2066 727 2138 philosophia
761 2081 889 2120 vero
929 2061 1371 2132 Andragathium,
1403 2070 1649 2114 narrante
1677 2059 1896 2114 Socrate

317 2157 556 2228 (Pallad.
583 2174 634 2226 p.
667 2156 791 2208 240.
845 2155 991 2207 Socr.
1023 2153 1060 2206 ι.
1095 2153 1147 2218 6,
1178 2168 1224 2205 r.
1258 2151 1335 2221 5).
1371 2150 1517 2205 Licet
1545 2165 1704 2219 porro
1743 2159 1866 2202 ante

311 2265 475 2319 quam
519 2249 831 2317 vigesimum
884 2261 1080 2298 annum
1121 2245 1404 2312 attigisset,
1455 2242 1521 2296 de
1572 2239 1895 2310 capessenda

316 2344 420 2395 vita
448 2341 740 2394 m0nastica
768 2353 910 2406 sa-pe
933 2339 1206 2405 Cogitaret,
1249 2335 1528 2399 abductus,
1569 2344 1628 2387 ut
1667 2333 1894 2398 videtur,

313 2435 382 2488 ab
402 2431 648 2484 oratoriae
690 2433 819 2483 artis
867 2439 919 2481 ct
967 2427 1316 2496 philosophia:
1368 2425 1562 2490 studio,
1611 2424 1897 2478 theatrales

315 2523 470 2576 ludos
496 2522 832 2589 frequentare
853 2519 1034 2586 C(Bpll,
1066 2527 1119 2570 et
1149 2517 1198 2569 in
1251 2516 1366 2568 foro
1397 2515 1686 2568 oratoriam
1726 2523 1896 2567 artem

313 2615 574 2670 exercuit.
610 2611 1029 2666 Declamationes
1054 2609 1236 2662 habuit
1279 2608 1470 2661 multas
1523 2605 1678 2675 (Isid.
1725 2605 1893 2660 l’elas.

315 2706 403 2758 lib.
428 2706 483 2762 ἓ.
511 2705 660 2772 epist.
691 2701 761 2757 ιε».
787 2704 802 2768 )
833 2743 847 2766 ,
877 2715 1142 2768 unamque
1171 2700 1313 2752 misit
1343 2699 1561 2752 Libanio
1610 2699 1659 2751 in
1689 2697 1896 2750 laudem

309 2780 700 2864 imperatorum
726 2792 1117 2856 concinnatam,
1158 2805 1316 2859 quam
1358 2789 1427 2844 ita
1467 2788 1700 2842 celebrat
1743 2786 1898 2842 Liba—

314 2891 436 2943 nius
468 2905 481 2939 :
523 2905 541 2937 i
577 2885 707 2938 Cum
739 2898 982 2951 magnam
1015 2890 1156 2935 tuam
1185 2890 1239 2935 et
1264 2880 1561 2950 elegantem
1601 2879 1896 2932 orationem

313 2979 670 3047 accepissem,
699 2977 825 3028 viris
846 2974 1158 3044 quibusdam
1186 2988 1302 3026 eam
1332 2972 1431 3039 legi
1450 3010 1465 3034 ,
1507 2971 1594 3038 qui
1638 2969 1896 3022 orationi-

315 3076 418 3128 bus
447 3074 576 3125 dant
600 3085 817 3140 Operam
850 3087 861 3121 :
892 3082 1115 3137 quorum
1147 3065 1326 3119 nullus
1348 3071 1465 3117 erat
1491 3063 1579 3132 qui
1610 3078 1712 3115 non
1742 3062 1901 3114 salta-

313 3171 419 3223 ret,
449 3161 740 3214 clamorem
766 3157 966 3220 ederet,
987 3170 1154 3224 eaque
1177 3154 1354 3206 omnia
1379 3151 1597 3216 faceret,
1639 3166 1758 3219 qua:
1807 3149 1905 3202 ho-

313 3253 491 3307 mines
521 3249 884 3304 admirationc
907 3245 1134 3315 DCI‘Clllai
1160 3243 1336 3298 facere
1365 3243 1555 3296 solent.
1589 3241 1702 3309 Ego
1747 3241 1902 3309 igitur

314 3344 591 3412 voluptate
617 3340 834 3403 affectus
858 3353 996 3397 sum,
1025 3335 1165 3405 quod
1191 3335 1258 3388 ad
1286 3332 1551 3388 forensem
1596 3341 1763 3385 artem
1810 3346 1903 3385 ex-

314 3436 605 3490 hibendam
638 3429 1121 3486 demonstrationes
1170 3441 1379 3494 quoque
1421 3423 1697 3492 adjungas.
1742 3421 1902 3491 Atqui

315 3537 376 3582 et
405 3536 454 3579 te
475 3526 687 3579 beatum
719 3520 970 3590 pra-dico,
993 3519 1080 3588 qui
1130 3516 1196 3570 ad
1242 3517 1381 3570 hunc
1420 3513 1634 3568 modum
1686 3513 1903 3567 laudare

316 3630 515 3686 queas;
551 3617 779 3682 itemque
804 3627 898 3665 eos
923 3612 1009 3680 qui
1040 3609 1196 3664 talem
1229 3622 1528 3677 prmeonem
1561 3606 1699 3659 nacti
1745 3615 1900 3667 sunt;

320 3711 424 3762 hoc
450 3716 533 3761 est
555 3714 607 3758 et
638 3711 866 3772 patrem,
894 3701 981 3770 qui
1009 3699 1292 3767 Imperium
1324 3696 1489 3758 dedit,
1537 3708 1588 3748 ct
1638 3696 1772 3749 tilios
1814 3695 1900 3764 qui

319 3805 662 3867 acceperunt.
702 3813 720 3845 ι

394 3886 579 3955 Neque
608 3883 801 3938 mirum
829 3881 1089 3935 videbitur
1135 3880 1198 3932 iis
1243 3879 1330 3947 qui
1379 3878 1464 3931 vel
1515 3877 1903 3945 extemporales

318 3974 689 4045 Cbrysostomi
721 3971 887 4026 nostri
915 3973 1182 4025 orationes
1211 3968 1428 4022 laudant
1457 3979 1509 4022 et
1538 3968 1826 4027 celebrant.
1859 3967 1902 4019 si

319 4067 494 4120 oratio
520 4062 725 4127 isthmc,
758 4077 912 4131 quam
937 4071 1051 4114 arte
1086 4069 1139 4112 et
1167 4059 1467 4114 urbanitate
1495 4058 1789 4118 limaverat,
1818 4056 1904 4109 Li-

320 4155 486 4208 banio
521 4153 837 4220 exterisque
863 4150 1165 4204 oratoribus
1203 4149 1271 4201 ita
1303 4148 1576 4217 placuerit.
1609 4146 1662 4200 In
1691 4147 1754 4200 iis
1779 4161 1904 4200 vero

321 4248 511 4310 etiam,
547 4258 680 4314 quas
709 4242 883 4296 studio
911 4241 1076 4294 multo
1119 4240 1420 4300 concinnat,
1466 4237 1605 4294 nulla
1656 4252 1903 4304 umquam

320 4339 558 4407 suspicio
583 4335 928 4406 apparitionis
948 4343 1002 4388 et
1017 4333 1316 4387 artiﬁciosa:
1336 4332 1624 4400 diligentia:
1646 4331 1901 4394 nascitur,

320 4431 465 4501 quod
488 4437 572 4484 est
594 4429 819 4482 oratoris
846 4427 1042 4480 summi
1071 4440 1283 4479 munus.

396 4521 526 4587 Quae
553 4533 679 4572 vero
701 4527 879 4572 narrat
901 4516 1317 4587 Cbrysostomus
1340 4514 1391 4567 in
1424 4513 1558 4568 libro
1585 4514 1647 4567 ad
1685 4513 1903 4566 Viduam

319 4611 593 4681 juniorem
620 4609 687 4662 Τ.
735 4604 776 4670 Ι,
815 4606 918 4660 col.
958 4609 1083 4669 60!,
1112 4607 1178 4660 de
1217 4606 1438 4660 Libanio
1483 4605 1662 4659 forsan
1712 4605 1906 4659 intelli-

319 4699 495 4769 genda
526 4698 822 4752 videantur.
853 4698 940 4750 Ait
976 4697 1064 4749 ille
1087 4696 1358 4750 doctorem
1396 4711 1571 4760 suum,
1603 4696 1692 4764 qui
1723 4696 1906 4748 admo-

320 4792 450 4844 dum
484 4791 882 4858 superstitiosus
903 4798 1018 4843 erat
1053 4797 1209 4855 atque
1254 4788 1492 4855 gentilis,
1526 4787 1781 4857 quosdam
1828 4789 1906 4842 in-

324 4891 630 4950 terrogasse
660 4881 934 4950 eujusnam
961 4879 1097 4932 filius
1123 4889 1262 4933 esset
1303 4878 1555 4933 Joannes.
1598 4878 1907 4947 Responde-

323 4983 451 5026 runt
479 4971 577 5035 illi,
612 4970 794 5024 Vidua:
821 4969 1096 5038 cujusdam
1126 4983 1244 5022 esse
1266 4967 1452 5021 tilium.
1483 4967 1618 5022 Tum
1641 4967 1729 5022 ille
1756 4984 1903 5036 qua:-

321 5065 469 5128 sivit,
498 5062 651 5130 cujus
675 5063 842 5116 etatis
870 5070 1010 5115 esset
1055 5069 1245 5122 mater,
1275 5069 1329 5113 et
1354 5075 1382 5112 a
1425 5069 1622 5128 quanto
1669 5068 1907 5128 tempore

326 5155 483 5208 vidua
515 5162 679 5207 esset.
705 5152 984 5221 Reponunt
1013 5151 1086 5204 illi
1123 5149 1469 5220 quadraginta
1497 5165 1760 5204 annorum
1788 5166 1905 5205 esse

325 5255 576 5308 matrem,
615 5253 666 5298 et
703 5243 811 5313 jam
861 5243 1168 5310 vigesimum
1211 5242 1478 5295 viduitatis
1509 5256 1702 5295 annum
1727 5258 1903 5311 agerc.

325 5336 479 5390 Tunc
527 5336 790 5389 exclamat
838 5333 928 5387 ille
970 5349 981 5383 :
1017 5331 1201 5401 Papae,
1245 5332 1428 5399 quales
1469 5333 1716 5386 mulieres
1769 5333 1905 5400 apud

324 5429 658 5482 Christianos
689 5428 844 5480 sunt!
868 5427 1058 5489 Tanta,
1112 5424 1283 5493 pergit
1334 5425 1769 5494 Chrysostomus,
1799 5441 1902 5478 non

330 5522 488 5576 modo
515 5521 652 5589 apud
683 5535 802 5583 nos,
831 5519 922 5574 sed
975 5521 1135 5572 etiam
1184 5518 1322 5588 apud
1368 5518 1592 5586 gentiles
1641 5519 1905 5572 viduitatis

329 5618 441 5672 huis
470 5625 551 5670 est
579 5623 634 5668 et
654 5613 952 5666 admiratio.

400 5705 590 5761 Narrat
617 5703 878 5772 Georgius
917 5703 1334 5767 Alexandrinus,
1363 5703 1622 5758 Joannem
1667 5714 1904 5759 nostrum

327 5795 541 5866 juvenili
573 5805 731 5851 :ctate
772 5795 1074 5859 ﬂorentem,
1102 5794 1337 5849 Athenas
1375 5812 1434 5850 se
1483 5798 1792 5865 contulisse,
1839 5807 1894 5850 ut

663 5914 933 5975 PATuOL.
983 5913 1026 5970 ti
1041 5931 1099 5972 ll.
1151 5913 1305 5975 XLV
1320 5913 1397 5974 ll.

2010 539 2074 575 ne
2101 522 2222 591 quid
2269 523 2320 576 in
2369 521 2545 577 Studio
2583 522 2982 593 disciplinarum
3033 533 3180 578 retro
3230 523 3586 592 relinqueret;

2003 620 2160 679 atque
2189 613 2239 665 in
2273 611 2370 666 ista
2402 612 2531 667 urbe
2574 611 2644 666 ita
2686 612 2997 682 profecisse,
3041 621 3097 666 ut
3139 627 3326 666 onmes
3367 613 3589 665 omnino

2000 713 2298 770 superaret,
2321 719 2371 755 lll
2393 718 2556 772 seque
2573 704 2863 757 concitaret
2882 703 3286 758 Atheniensium
3313 702 3584 756 invidiam.

2002 793 2198 848 Verum
2232 795 2341 847 haec
2373 804 2553 848 narrat
2579 809 2714 848 unus
2742 795 2828 848 ille
2857 793 3114 863 Georgius
3133 794 3409 860 fabulator,
3428 809 3587 863 quem

2002 893 2182 936 mouet
2222 883 2442 938 Photius
2488 885 2708 937 omnino
2755 883 3154 952 deSpiciendum
3199 898 3338 948 esse,
3377 883 3590 952 quando

2001 976 2202 1029 scilicet
2226 992 2287 1030 ea
2321 977 2626 1044 rel'ert,quae
2642 992 2670 1029 a
2693 976 2899 1030 czrtcris
2920 975 3267 1044 scriptoribus
3287 991 3401 1028 azvo
3413 973 3586 1044 Chry-

2001 1066 2218 1118 sostomi
2249 1067 2521 1133 proximis,
2547 1081 2651 1120 non
2682 1074 3062 1119 memorantur.

2075 1158 2117 1208 Α
2143 1155 2336 1210 Basilio
2355 1158 2540 1227 juvene
2561 1158 2629 1210 ad
2651 1159 2885 1228 pietatem
2907 1157 3189 1226 pristinam
3214 1164 3489 1217 revocatur.
3521 1185 3588 1195 --

2004 1248 2128 1302 Erat
2159 1264 2315 1318 porro
2343 1249 2416 1303 illi
2449 1265 2568 1303 eum
2593 1251 2786 1317 juvene
2811 1249 3059 1318 quodam,
3096 1247 3182 1302 cui
3211 1262 3401 1303 nomen
3433 1246 3586 1302 Basi-

2004 1340 2122 1402 lius,
2150 1352 2292 1393 arcta
2325 1339 2711 1409 colloquiorum
2742 1339 2970 1394 societas
3011 1337 3119 1406 (De
3140 1337 3433 1392 Sacerdotio
3462 1335 3502 1399 ι.
3535 1338 3587 1390 t.

2009 1448 2053 1484 ε.
2084 1433 2139 1500 4)
2171 1448 2184 1484 :
2214 1432 2302 1500 qui
2333 1432 2561 1485 Basilius
2589 1431 2905 1486 Christianis
2934 1431 3165 1485 imbutus
3194 1429 3502 1503 praeceptis,
3535 1439 3591 1490 et

2001 1523 2065 1576 ad
2099 1521 2385 1592 perfectius
2407 1523 2528 1577 vita:
2554 1537 2718 1589 genus
2752 1521 3028 1582 anhelans.
3054 1521 3118 1576 ad
3148 1535 3324 1589 parem
3353 1521 3473 1573 vita:
3500 1535 3588 1580 ra-

2003 1612 2199 1666 tionem
2229 1612 2485 1667 Joanuem
2512 1614 2738 1671 amicum
2765 1613 2982 1670 allicere
3010 1621 3063 1672 et
3088 1627 3115 1664 a
3156 1610 3275 1671 foro
3312 1609 3589 1670 retrahere

2003 1703 2393 1758 contendebat:
2417 1705 2735 1773 demumque
2762 1703 2810 1756 id
2841 1703 2980 1772 quod
3005 1702 3251 1772 cupiebat
3267 1711 3590 1772 assequutus

2003 1805 2083 1851 cst
2115 1795 2343 1866 (Sozam.
2373 1795 2464 1849 lib.
2518 1795 2570 1849 8.
2605 1812 2648 1847 c.
2680 1793 2762 1865 2).
2796 1793 2962 1863 Hujus
2993 1793 3134 1848 enim
3183 1792 3462 1869 colloquiis
3495 1805 3585 1850 re-

2002 1897 2212 1941 creatus
2239 1886 2472 1942 Joannes
2491 1903 2548 1941 se
2577 1890 2641 1940 ad
2669 1887 2889 1956 pristina
2925 1885 3133 1954 pietatis
3167 1884 3340 1938 studia
3370 1897 3589 1940 revoca-

2003 1977 2076 2029 vit
2108 1977 2281 2047 (Socr.
2307 1977 2342 2030 ι.
2373 1976 2425 2030 6.
2459 1993 2505 2028 ε.
2535 1976 2589 2045 5)
2619 1994 2630 2030 :
2661 1990 2722 2028 ac
2763 1983 2961 2029 mutata
2987 1983 3134 2028 veste
3159 1989 3187 2026 a
3219 1974 3331 2027 foro
3366 1982 3419 2026 et
3462 1987 3589 2028 ora-

2004 2068 2154 2120 toria:
2181 2068 2312 2121 artis
2340 2067 2606 2121 exercitiis
2635 2065 2906 2130 abstinuit,
2935 2063 3326 2136 lectionemque
3351 2060 3589 2136 Scriptu-

2002 2173 2179 2212 rarum
2222 2167 2275 2212 et
2313 2157 2626 2212 Christianae
2661 2158 2781 2209 vita:
2808 2153 2979 2209 officia
3009 2135 3301 2226 amplexus,
3347 2135 3588 2214 sanctum

2002 2248 2297 2316 disciplina:
2344 2263 2547 2316 genus,
2591 2262 2618 2298 a
2659 2261 2763 2315 quo
2801 2260 3084 2313 numquam
3134 2252 3313 2317 postea
3359 2241 3588 2308 destitit,

2005 2343 2136 2395 inire
2165 2341 2346 2410 coepit.

2074 2432 2372 2502 Baptizatur
2417 2441 2462 2484 et
2509 2431 2684 2485 Lector
2728 2431 2989 2484 ordinatur
3036 2445 3168 2487 auno
3211 2427 3408 2482 circiter
3459 2426 3586 2483 ὄϐα.

2003 2522 2204 2577 -—Erat
2228 2533 2351 2577 tunc
2380 2523 2670 2577 Antiochia:
2697 2522 2976 2590 episcopus
2994 2519 3228 2574 Meletius
3254 2515 3420 2589 (Pall.
3441 2515 3584 2573 Dial.

2007 2634 2058 2685 ρ.
2090 2616 2181 2671 40.
2207 2613 2320 2687 Η),
2354 2616 2432 2669 vir
2459 2615 2735 2669 sanctitate
2758 2613 3096 2681 conspicuus,
3121 2610 3207 2680 qui
3241 2626 3358 2662 eum
3389 2608 3593 2667 videret

2003 2707 2262 2762 Joannem
2288 2707 2535 2775 juvenem
2575 2705 2786 2773 ingenio
2811 2712 2864 2756 et
2894 2701 3101 2770 egregia
3144 2699 3320 2753 indole
3363 2698 3586 2770 pollere,

2006 2798 2177 2865 ipsutn
2199 2796 2262 2849 ad
2291 2796 2615 2849 consortium
2645 2805 2698 2847 et
2726 2793 2986 2860 colloquia
3023 2807 3115 2844 sua
3147 2791 3448 2860 frequenter
3493 2787 3591 2842 atl—

2005 2887 2266 2952 mittebat,
2291 2900 2515 2953 cumque
2537 2884 2604 2938 de
2627 2884 2716 2937 illo
2739 2898 2981 2950 magnam
3011 2897 3158 2950 spem
3181 2880 3505 2948 conciperet,
3529 2892 3592 2932 ac

2007 2977 2339 3047 prophetico,
2379 2983 2434 3028 ut
2479 2975 2645 3037 aiunt,
2693 2973 2880 3042 Spiritu
2921 2971 2984 3023 ad
3029 2971 3227 3040 majora
3269 2970 3590 3030 destinatum

2009 3076 2386 3138 pra'nosceret,
2405 3080 2524 3119 cum
2554 3079 2647 3133 per
2678 3073 2784 3117 tres
2812 3075 2978 3115 annos
3015 3075 3194 3119 secum
3223 3069 3461 3114 versatus
3500 3073 3590 3121 es:

2007 3167 2107 3221 set,
2140 3160 2308 3228 ipsum
2339 3158 2484 3225 prius
2511 3171 2662 3209 sacro
2689 3154 2898 3208 lavacro
2927 3153 3143 3206 tinctum
3175 3152 3420 3205 lectorem
3451 3150 3595 3203 ordi-

2009 3251 2172 3302 navit.
2227 3249 2509 3314 POstquam
2554 3255 2730 3297 autem
2782 3242 3103 3311 baptismum
3149 3240 3370 3308 accepit,
3427 3239 3596 3310 inquit

2009 3336 2293 3400 Palladius,
2337 3349 2620 3403 numquam
2662 3331 2744 3386 vel
2793 3331 3010 3400 juravit,
3058 3330 3137 3383 vel
3177 3328 3398 3399 alioujus
3438 3327 3594 3381 fama:

2007 3430 2253 3495 detraxit,
2285 3428 2366 3480 vel
2396 3427 2666 3489 mentitus,
2690 3424 2769 3478 vel
2801 3429 3123 3494 imprecatus
3148 3431 3245 3484 est,
3267 3422 3345 3479 vel
3377 3420 3592 3477 facetias

2011 3521 2234 3573 libenter
2256 3518 2458 3586 excepit
2492 3515 2653 3585 (Pall.
2683 3514 2817 3567 Dial.
2849 3531 2901 3582 p.
2940 3513 3059 3567 l85.
3093 3512 3236 3581 184).

2084 3613 2214 3664 Dum
2250 3609 2421 3662 Basilii
2453 3609 2612 3677 igitur
2638 3606 2908 3661 consortio
2949 3604 3196 3674 frequens
3233 3599 3497 3661 frueretur
3540 3613 3595 3666 et

2008 3705 2165 3756 ambo
2192 3702 2258 3755 de
2289 3702 2446 3754 rebus
2472 3699 2663 3753 divinis
2705 3698 2965 3770 colloquia
3013 3697 3295 3758 miscerent
3335 3694 3447 3765 (De
3489 3695 3594 3753 Sa—

2009 3793 2228 3844 ccrdotio
2257 3791 2343 3843 lib.
2379 3791 2455 3859 l),
2488 3805 2550 3843 ac
2578 3788 2810 3842 Joannes
2832 3771 2868 3840 al
2890 3789 3002 3842 foro
3030 3796 3082 3846 et
3129 3786 3471 3846 sweularihus
3499 3801 3595 3855 pe-

2011 3885 2150 3936 nitus
2179 3882 2498 3946 abstractus,
2529 3896 2691 3934 unum
2721 3879 2969 3933 Basilium
2996 3879 3451 3946 frequentaret,ac
3471 3892 3598 3942 eum

2013 3977 2102 4030 illo
2131 3977 2198 4031 de
2218 3976 2409 4029 divinis
2435 3988 2648 4042 semper
2674 3982 2727 4027 et
2751 3971 2817 4026 de
2846 3973 2950 4024 vita
2989 3969 3279 4024 monastiea
3311 3970 3468 4024 verba
3519 3968 3597 4020 fa-

2009 4077 2173 4133 ceret,
2200 4067 2442 4129 Basilius,
2470 4065 2555 4134 qui
2583 4067 2698 4118 sine
2725 4063 2926 4117 Joanne
2953 4075 3053 4114 nou
3072 4061 3285 4120 vitalem
3309 4061 3406 4120 sibi
3431 4061 3596 4117 vitam

2009 4176 2130 4228 esse
2159 4158 2396 4229 putabat,
2424 4167 2478 4211 et
2498 4157 2586 4224 qui
2609 4157 2800 4224 szepius
2822 4154 2888 4208 ab
2918 4154 3032 4222 ejus
3059 4152 3411 4212 contubernio
3436 4151 3596 4206 avelli

2011 4250 2318 4318 cogebatur,
2346 4247 2535 4302 Joanni
2561 4245 2850 4314 proposuit,
2884 4253 2940 4296 ut
2969 4244 3125 4296 ambo
3152 4243 3382 4311 paternis
3399 4242 3598 4318 relictis

2011 4340 2232 4412 :edibuq,
2266 4339 2316 4390 in
2347 4336 2599 4408 peculiari
2625 4335 2849 4404 quadam
2880 4334 3041 4387 domo
3063 4333 3216 4386 sedes
3239 4342 3520 4412 ponerent,
3544 4343 3600 4386 et

2012 4430 2166 4482 simul
2199 4429 2360 4486 .vitam
2399 4427 2658 4480 ducerent
2687 4425 2992 4480 monastica:
3021 4425 3270 4477 similem.
3301 4423 3593 4478 Consilium

2014 4519 2223 4574 tandem
2255 4518 2496 4588 probavit
2521 4515 2785 4579 Joannes;
2827 4514 2918 4569 sed
2967 4529 3024 4568 re
3067 4523 3338 4586 comperta
3380 4513 3600 4570 Joannis

2014 4620 2202 4677 mater,
2223 4626 2339 4679 qua:
2363 4609 2574 4662 unicum
2607 4608 2772 4670 lilium
2801 4606 3085 4661 admodum
3107 4607 3378 4677 diligebat,
3423 4609 3594 4676 ipsum

2014 4701 2240 4770 profusis
2267 4700 2516 4771 lacrymis
2546 4700 2738 4753 obnixe
2770 4708 3015 4767 precatur
3053 4713 3118 4752 ne
3145 4714 3201 4752 se
3231 4698 3460 4764 deserat,
3496 4714 3602 4752 nec

2013 4807 2070 4846 se
2089 4792 2259 4846 vidua!
2284 4801 2336 4846 et
2365 4801 2470 4844 tam
2501 4792 2635 4844 bene
2661 4790 2861 4844 affectae
2894 4790 3077 4843 matris
3108 4789 3430 4842 consortium
3450 4791 3599 4855 alteri

2016 4893 2315 4952 postponat,
2349 4882 2410 4934 iis
2440 4896 2530 4936 usa
2560 4880 2755 4944 verbis,
2787 4896 2905 4949 qua:
2933 4880 3346 4949 Chrysostomus
3376 4879 3487 4948 ipsc
3515 4897 3593 4934 re-

2016 4974 2134 5034 fert,
2161 4987 2382 5041 qumque
2404 4971 2700 5039 potuissent
2725 4969 2973 5039 juvenem
3002 4969 3208 5023 Joanne
3245 4970 3422 5024 minus
3467 4969 3603 5034 bene

2015 5063 2259 5117 allectum
2292 5079 2319 5115 a
2368 5063 2643 5133 proposito
2690 5077 2959 5118 revocare.
3013 5061 3194 5114 Matris
3236 5061 3414 5138 itaque
3465 5062 3605 5117 votis

2014 5156 2389 5224 obtemperans
2416 5154 2667 5215 Joannes,
2693 5169 2813 5206 eum
2847 5153 2932 5205 illa
2959 5167 3054 5220 pro
3085 5168 3232 5205 more
3258 5167 3356 5206 suo
3387 5156 3595 5205 mansit.

2091 5248 2142 5299 In
2173 5257 2410 5300 materna
2435 5247 2608 5315 itaque
2635 5245 2793 5298 domo
2819 5261 2846 5297 a
2871 5245 3094 5313 negotiis
3120 5259 3310 5298 vacans
3335 5246 3593 5305 sarculari-

2017 5337 2113 5390 bus
2147 5337 2427 5406 (Antlmsa
2456 5338 2651 5405 quippe
2710 5351 2819 5388 rem
2865 5335 3173 5387 familiarem
3207 5349 3419 5388 omnem
3451 5350 3594 5388 cura-

2018 5429 2165 5496 bat),
2197 5428 2428 5481 Joannes
2453 5427 2650 5480 divina:
2683 5436 2884 5479 tantum
2919 5425 3265 5494 philosophia:
3293 5425 3446 5478 dabat
3477 5440 3594 5493 ope-

2016 5537 2126 5574 ram
2149 5560 2161 5583 ,
2197 5533 2389 5587 corpus
2417 5532 2691 5571 marerans
2735 5517 2982 5585 jejuuiis,
3029 5514 3238 5584 vigiliis,
3272 5513 3420 5568 humi
3459 5529 3611 5569 recu-

2016 5615 2147 5666 bans
2167 5653 2179 5676 ,
2213 5626 2403 5679 pravos
2443 5610 2661 5665 allectus
2699 5624 2887 5664 omnes
2913 5609 3192 5662 eliminatis
3213 5650 3226 5671 ,
3255 5624 3402 5662 value
3426 5607 3609 5678 gloria».

2018 5707 2217 5760 fumum
2260 5703 2534 5773 depellens
2572 5711 2623 5756 et
2669 5701 2950 5770 dissipans.
2983 5700 3197 5770 Lingua:
3241 5714 3366 5754 vero
3395 5716 3459 5753 ne
3483 5699 3609 5769 quid

2017 5804 2199 5849 contra
2249 5793 2545 5862 proximum
2611 5791 2730 5844 mali
2784 5791 3076 5857 proferret,
3123 5791 3359 5858 perpetui
3415 5788 3606 5844 silentii

3239 5909 3277 5965 9
