4264 6306
671 429 737 485 3'7
1752 428 1806 484 3.
1839 427 2115 486 JOASNIS
2152 429 2627 489 CHRYSOSTOMI
2672 433 2850 497 \‘lTA,
3872 439 3946 490 Si}

662 551 894 595 claustra
951 550 1228 610 posuerat;
1298 541 1558 595 neminem
1614 544 1804 610 quippe
1861 544 2241 612 alloquebatur.

669 631 805 684 {line
836 631 970 698 apud
1000 632 1276 685 nonnullos
1306 633 1482 699 opinio
1508 639 1621 684 erat
1647 647 1887 700 asperum
1921 635 2063 687 illum
2090 651 2207 688 esse
2232 677 2246 698 ,

668 734 756 786 qui
786 721 1068 771 lmmanatu
1108 720 1396 788 quamlibet
1441 721 1743 774 societatem
1776 723 2010 790 fugeret:
2044 738 2104 776 ac
2129 738 2247 775 cum

672 808 864 860 similia
896 809 1106 878 quidam
1136 809 1295 863 inulla
1326 809 1620 879 proferrem
1645 820 1699 862 et
1729 826 1938 864 rtunore
1965 816 2148 864 tumtio
2179 813 2248 866 'id

671 896 760 950 ille
793 912 895 949 nou
924 898 1206 967 ignoraret,
1235 899 1370 952 haud
1399 901 1618 953 libenter
1643 900 1799 954 talem
1823 900 1890 954 de
1913 916 1970 954 se
1999 903 2252 969 suspicio-

672 1003 791 1040 ucm
827 988 1002 1040 haberi
1036 991 1291 1057 comperit
1332 1006 1345 1040 :
1387 991 1566 1044 maluit
1595 1002 1766 1048 tamen
1799 993 1980 1053 eadem
2032 1009 2250 1062 pergere

672 1080 753 1131 via
783 1080 1220 1148 solitudinemque
1248 1096 1342 1150 pro
1387 1097 1533 1136 more
1580 1084 1757 1138 colere
1801 1100 1814 1135 :
1862 1096 2109 1152 expertus
2140 1085 2248 1138 for-

675 1178 817 1222 tasse
843 1209 857 1233 ,
890 1168 1015 1222 dum
1062 1170 1111 1222 in
1145 1170 1256 1223 foro
1285 1186 1581 1226 versaretur
1603 1214 1617 1236 ,
1672 1174 1755 1226 vix
1793 1189 1946 1242 posse
1978 1176 2248 1230 hominum

670 1259 939 1313 Consortio
969 1260 1349 1330 colloquiisque
1376 1261 1666 1329 fruentem,
1700 1263 1751 1318 in
1783 1265 1870 1318 illa
1898 1267 2102 1319 virtutis
2131 1270 2208 1318 via
2231 1305 2245 1328 ,

671 1364 828 1416 quam
857 1349 967 1418 ipse
993 1352 1264 1420 amplexus
1289 1361 1420 1415 erat.
1448 1354 1560 1407 sine
1588 1354 1733 1423 lapsu
1764 1357 2023 1424 progredi.

742 1438 929 1508 Neque
955 1450 1127 1493 tamen
1154 1441 1222 1493 ita
1249 1453 1604 1510 sequestratus
1628 1455 1740 1498 erat
1769 1447 1834 1498 ab
1856 1446 2133 1502 hominumn
2165 1462 2250 1500 so-

673 1529 885 1591 cietate,
922 1539 975 1582 ut
1003 1531 1267 1584 sodalibus
1292 1542 1345 1586 et
1374 1533 1556 1586 amicis
1585 1535 1824 1590 omnibus
1873 1537 2250 1591 intercluderet

675 1619 898 1675 aditum.
932 1622 1176 1674 Basilium
1225 1624 1363 1676 enim
1389 1664 1403 1687 ,
1449 1625 1537 1693 qui
1572 1640 1664 1692 par
1706 1626 1908 1680 vivendi
1959 1628 2246 1680 institutum

671 1709 1003 1771 sectabatur,
1035 1711 1097 1762 ad
1145 1712 1400 1780 Colloquia
1419 1754 1432 1776 ,
1466 1725 1519 1766 tit
1550 1714 1774 1769 vidimus
1793 1756 1805 1776 ,
1834 1715 2131 1782 frequenter
2158 1717 2250 1770 ad-

676 1799 939 1852 mittebat.
969 1800 1148 1868 Neque
1175 1819 1388 1869 prorsus
1417 1806 1710 1873 negligcbat
1738 1807 1943 1860 Sodalcs
1966 1809 2078 1861 illos
2099 1850 2113 1871 ,
2160 1807 2247 1876 qui

670 1888 857 1941 iisdem
875 1904 1054 1942 secum
1087 1890 1208 1944 olim
1237 1892 1528 1961 disciplinis
1552 1897 1718 1954 tiucti,
1751 1898 2054 1951 surcularem
2089 1903 2246 1951 vitam

677 1981 1130 2047 amplectebantur
1153 1995 1204 2037 cl
1234 1984 1528 2041 forensibus
1568 1990 1754 2044 studiis
1789 1991 1982 2043 tlahaut
2010 2006 2245 2060 operam.

679 2088 697 2118 ι
731 2070 998 2124 Persuasit
1027 2075 1186 2136 cnim,
1221 2077 1386 2145 inquit
1419 2077 1668 2135 Socrates
1694 2082 1880 2150 (Socr.
1913 2083 1950 2134 ι.
1980 2082 2031 2136 6.
2065 2099 2110 2134 c.
2145 2084 2209 2152 5)
2232 2125 2244 2147 ,

678 2156 962 2214 Theodoro
989 2173 1040 2215 et
1066 2162 1289 2217 Maximo
1309 2169 1678 2238 condiscipulis
1703 2173 1830 2235 suis,
1861 2175 1948 2242 qtti
2000 2191 2100 2228 una
2130 2191 2246 2228 cmn

675 2247 790 2312 ipso
821 2249 1093 2305 Lihanium
1122 2259 1403 2323 sophistam
1435 2262 1726 2325 audierant,
1759 2276 1813 2317 ut
1834 2267 2012 2318 relicta
2045 2268 2248 2334 profes-

573 2407 585 2419 ο
673 2334 842 2395 sione,
866 2351 981 2405 qnze
1008 2341 1133 2392 nihil
1164 2354 1352 2408 praeter
1375 2358 1630 2414 qtuestmu
1654 2361 1933 2417 spectaret,
1957 2356 2246 2422 simplicem

676 2425 849 2489 potius
893 2441 953 2480 ac
1005 2437 1212 2484 tenuem
1262 2435 1421 2488 vitam
1465 2439 1926 2506 amplecterentur.
1985 2465 2000 2493 ι
2039 2445 2116 2498 Ex
2168 2446 2248 2499 his

677 2514 987 2570 Theodorus
1010 2519 1340 2588 Mopsuestize
1385 2528 1434 2579 in
1462 2528 1640 2582 Cilicia
1679 2534 2010 2599 postmodum
2039 2538 2244 2603 episeo-

670 2619 772 2673 ptis
802 2606 930 2669 fuit;
966 2610 1220 2665 Maximus
1265 2631 1389 2670 vero
1433 2619 1686 2675 Seleucia:
1735 2624 1784 2676 iu
1839 2625 2049 2678 Isauria.
2103 2629 2250 2681 llouc

676 2709 832 2786 porro
873 2698 1149 2755 Maximum
1183 2705 1324 2758 illum
1375 2718 1520 2775 putat
1569 2712 1729 2766 fuisse
1759 2715 1965 2768 “eruta.-
1993 2721 2090 2769 tius
2112 2761 2124 2780 ,
2159 2721 2245 2786 qui

675 2783 1037 2853 Chrysnstomi
1070 2795 1265 2846 amicus
1293 2805 1344 2848 et
1369 2798 1566 2868 collega
1593 2811 1725 2866 crat,
1751 2807 1942 2873 quique
1969 2783 2248 2860 conciona-

677 2873 833 2927 bator
854 2877 1074 2934 alternis
1099 2897 1217 2937 cum
1240 2885 1331 2939 illo
1359 2887 1578 2953 vicibus,
1608 2902 1665 2947 ttt
1691 2893 1856 2949 fertur
1898 2896 2064 2950 Temo
2093 2902 2248 2953 tertio

669 2966 773 3018 col.
801 2965 1054 3029 223,226.
1088 2973 1373 3029 Maximum
1406 2993 1616 3048 quoque
1644 2995 1899 3037 memorat
1929 2985 2248 3058 Chrysosto-

670 3070 789 3108 tuus
811 3059 914 3111 sibi
946 3063 1176 3116 amicum
1209 3067 1258 3118 iu
1293 3070 1514 3134 epistola
1547 3072 1851 3138 quadamad
1876 3077 2246 3148 Olympiadem

670 3147 757 3217 (Τ.
788 3151 838 3204 5.
863 3169 908 3204 c.
935 3153 1056 3208 610.
1086 3157 1122 3208 ι.
1146 3158 1220 3223 1).
1244 3159 1473 3215 Maximo
1493 3165 1650 3217 etiam
1674 3167 1771 3220 sibi
1799 3171 1972 3224 amico
1992 3177 2248 3240 episcopo

669 3242 884 3309 scripsit
923 3244 1008 3298 ille
1034 3244 1117 3316 (Τ.
1159 3250 1211 3302 5.
1254 3266 1299 3301 ε.
1341 3252 1486 3321 700).
1531 3254 1718 3310 \‘ertuu
1747 3275 1810 3310 an
1839 3260 1886 3312 in
1914 3263 1974 3314 iis
2003 3264 2130 3318 locis
2165 3276 2246 3320 ter

667 3333 808 3387 idem
830 3351 1171 3405 metueretur,
1193 3357 1258 3393 an
1280 3359 1422 3403 vero,
1445 3347 1485 3399 si
1506 3348 1685 3416 plures
1703 3355 1826 3412 sint,
1847 3372 2034 3408 eorum
2054 3359 2245 3426 aliquis

677 3419 769 3475 ille
795 3424 864 3478 sit
891 3425 956 3480 de
980 3443 1085 3495 quo
1111 3430 1218 3498 jam
1246 3435 1446 3501 agitur,
1478 3440 1683 3491 nonnisi
1723 3441 2006 3495 divinando
2036 3419 2250 3513 dicino-

678 3519 782 3566 test
805 3516 993 3569 :multi
1023 3519 1212 3587 quippe
1244 3533 1365 3577 tunc
1390 3535 1538 3578 erant
1569 3531 1778 3583 nomine
1803 3531 2031 3586 Maximi.

750 3601 990 3670 Epistula:
1009 3609 1074 3658 ad
1099 3607 1408 3666 Theodorum
1437 3614 1650 3681 lapsum.
1674 3649 1732 3680 -ν
1772 3620 2077 3678 Theodorus
2100 3641 2245 3693 vero,

683 3691 771 3783 qui
801 3694 1056 3747 suadente
1079 3695 1303 3763 Joanne,
1333 3701 1585 3757 abdicatis
1611 3707 1764 3760 rebus
1793 3709 2105 3778 forensibus,
2141 3691 2249 3783 pie-

681 3777 800 3831 tatis
828 3783 1090 3837 exercitiis
1113 3800 1231 3842 sese
1260 3799 1422 3844 totum
1449 3793 1738 3863 dediderat,
1769 3800 1817 3851 in
1846 3804 2112 3870 proposito
2141 3777 2247 3860 non

679 3868 768 3923 diu
803 3875 1056 3942 perstitit;
1080 3879 1402 3936 scdrursum
1428 3886 1491 3937 ad
1517 3888 1688 3955 prisca
1719 3868 1961 3946 reversus
1986 3935 1998 3956 ,
2025 3898 2248 3950 διε-θυιδ-

678 3960 754 4055 ria
780 3967 984 4031 negotia
1015 3976 1238 4024 tractare
1276 3977 1466 4041 erepit,
1506 3973 2242 4055 voluptatibusqueidcditus,

680 4051 977 4146 lle-rniionis
1008 4061 1161 4114 etiam
1201 4066 1386 4131 puellze
1416 4068 1685 4135 cujusdam
1722 4051 1902 4128 amore
1947 4051 2242 4146 flagrabat":

678 4141 867 4208 quibus
893 4151 1177 4214 compertis
1199 4151 1431 4209 'Joanncs
1475 4157 1657 4212 intimo
1695 4161 1892 4218 doloris
1916 4141 2075 4221 sensu
2119 4171 2249 4225 alle-

677 4244 814 4334 ctus,
834 4240 1125 4296 orationem
1151 4247 1248 4315 ipsi
1269 4249 1624 4318 longissimam
1646 4257 1919 4327 misit,qna
1936 4262 2084 4317 illum
2098 4269 2246 4333 quasi

677 4329 785 4390 jam
816 4329 954 4383 vitiis
977 4330 1207 4393 deditum
1223 4341 1529 4407 compellat,
1561 4343 1624 4396 ad
1657 4347 2014 4412 pmnitentiam
2054 4329 2248 4407 cohor-

681 4423 821 4480 tans,
852 4419 915 4472 ad
945 4435 1230 4491 secessum,
1262 4429 1326 4481 ad
1357 4432 1630 4496 pristinum
1662 4437 1780 4488 vita:
1809 4453 1993 4506 genus,
2024 4443 2164 4510 quod
2191 4460 2250 4498 se

683 4507 936 4602 suadente
965 4525 1268 4602 susceperat
1298 4518 1514 4585 (T.i.c.
1534 4522 1685 4594 305).
1717 4507 2134 4602 Exemplumque
2173 4534 2251 4588 af-

680 4593 778 4647 fert
803 4596 1016 4665 juvenis
1032 4604 1300 4671 cujusdam
1328 4607 1590 4669 l’lsmnieis
1620 4593 1810 4670 Urbani
1843 4593 1951 4681 filii,
1980 4593 2251 4678 nobilitate

765 4689 954 4755 opibus
980 4693 1255 4762 pollentis,
1289 4700 1376 4767 qui
1405 4715 1555 4767 cum,
1588 4705 1676 4772 pio
1701 4717 1872 4762 motus
1901 4710 2124 4779 affectu,
2172 4716 2251 4767 lu-

680 4777 1018 4846 dimagistris,
1051 4784 1199 4840 fastui
1227 4792 1554 4863 terrenisque
1581 4798 1824 4854 omnibus
1851 4801 2062 4872 longum
2109 4777 2252 4860 vale-

678 4868 918 4935 dixisset,
954 4874 1004 4927 in
1036 4887 1242 4932 montes
1269 4885 1598 4952 ascenderat,
1629 4897 1680 4942 et
1702 4890 1763 4943 ad
1792 4868 2058 4948 summum
2090 4898 2254 4950 virtu-

679 4962 750 5015 tis
787 4963 1003 5033 gradum
1050 4971 1704 5044 pervenisse-videbatur;
1733 4983 1824 5035 sed
1878 4997 2058 5052 postea
2103 5005 2130 5040 a
2163 5004 2252 5042 co-

678 5057 850 5121 gnatis
881 5054 1139 5116 abductus
1161 5073 1214 5118 et
1242 5068 1306 5118 ad
1340 5066 1556 5133 pristina
1602 5080 1896 5136 revocatus,
1929 5089 1956 5128 a
1985 5078 2254 5131 montibus

679 5144 731 5200 in
761 5147 992 5204 medium
1020 5151 1188 5208 forum
1217 5170 1273 5210 se
1299 5159 1540 5226 contulit,
1573 5161 1658 5215 ubi
1686 5176 1821 5231 equo
1849 5175 2028 5220 vectus
2049 5209 2063 5229 ,
2095 5178 2148 5222 et
2178 5167 2256 5221 fa-

680 5242 947 5296 mulorum
1008 5245 1443 5318 adulatorumque
1496 5253 1642 5307 turba
1700 5256 1943 5322 cinctus,
2005 5259 2253 5313 omnibus

679 5333 985 5398 Spectacula
1012 5346 1126 5390 erat
1157 5355 1170 5392 :
1201 5339 1518 5408 domumque
1543 5357 1571 5394 a
1605 5345 1702 5411 piis
1739 5347 2047 5413 quilmsdam
2077 5349 2252 5402 homi-

680 5422 841 5479 nibus
868 5426 1062 5480 sensim
1089 5428 1154 5482 ad
1184 5445 1364 5485 sanam
1397 5441 1626 5487 mentem
1655 5435 1930 5500 reductus,
1965 5439 2252 5492 Solitariam

682 5511 840 5564 vitam
873 5515 1104 5582 repetiit,
1135 5527 1187 5572 et
1216 5519 1280 5573 ad
1304 5523 1509 5576 virtutis
1530 5524 1732 5592 apicem
1754 5525 1965 5580 demum
1994 5532 2250 5596 pervenit.

680 5601 836 5656 Aliud
863 5603 1062 5673 profert
1091 5613 1388 5681 exemplum
1413 5615 1530 5679 viri,
1554 5616 1642 5684 qui
1669 5632 1786 5671 cum
1819 5632 1912 5688 per
1942 5619 2131 5673 multos
2161 5638 2255 5675 an-

681 5709 779 5748 nos
803 5697 961 5752 vitam
982 5701 1220 5756 duxisset
1256 5705 1541 5774 angelicam
1562 5746 1579 5772 ,
1608 5721 1673 5760 eo
1697 5708 1908 5762 demum
1945 5725 2253 5779 progressus

680 5798 761 5846 est
785 5798 839 5846 ut
866 5791 918 5847 in
948 5791 1169 5861 lupanar
1187 5810 1246 5850 sc
1282 5797 1570 5861 conferret,
1605 5797 1696 5852 sed
1726 5808 1905 5866 postea
1941 5815 1970 5852 a
1996 5802 2138 5856 socio
2186 5802 2250 5855 ad

2365 546 2590 614 priscam
2623 547 2779 599 vitam
2814 554 3113 610 revocatus,
3145 547 3193 610 in
3222 547 3408 598 cellula
3427 561 3493 599 se
3524 547 3813 610 (ιυιιριυμίι,
3846 549 3953 601 ιιιή

2363 656 2496 708 pane
2520 641 2687 692 solum
2734 650 2780 691 et
2813 654 2946 707 aqua
2974 639 3130 690 vitam
3177 647 3478 690 sustentans
3499 680 3511 699 ,
3545 647 3714 691 tantos
3761 655 3944 705 ptent-

2359 731 2535 782 tentize
2564 727 2761 782 fructus
2791 729 3003 792 emisit,
3052 737 3107 782 ut
3156 729 3311 780 etiam
3355 728 3622 781 miraculis
3661 729 3944 782 claruerit.

2358 820 2518 873 Addit
2562 819 2721 873 etiam
2781 820 3080 884 Valerium,
3121 818 3494 884 Florentium,
3543 819 3941 891 Porphyrium,

2357 912 2594 978 aliosque
2661 910 2806 964 viros
2870 914 3137 982 sapientes
3197 907 3462 964 Theodori
3513 909 3684 964 vicem
3750 910 3944 965 dolere

2359 999 2464 1071 (Τ.
2495 1003 2604 1058 Le.
2627 1000 2776 1070 διδ).

2428 1089 2670 1160 Epistolas
2711 1090 2780 1143 ad
2825 1089 3144 1145 Theodorum
3181 1091 3400 1157 lapsum.
3429 1118 3498 1129 -—-
3535 1088 3774 1158 Cumque
3827 1107 3940 1143 non

2357 1190 2537 1250 posset
2555 1181 2732 1235 statim
2759 1179 3096 1235 Theodorum
3125 1195 3156 1233 a
3188 1179 3277 1232 tali
3302 1181 3645 1248 vitmgcnere
3671 1195 3934 1242 avocare,

2355 1273 2472 1328 aliis
2498 1274 2734 1342 epistolis
2759 1283 2808 1328 ct
2832 1273 3043 1342 quidem
3092 1271 3274 1326 multis
3294 1313 3308 1334 ,
3341 1279 3398 1322 ut
3424 1271 3681 1338 exlipsius
3711 1269 3938 1325 Joannis

2357 1373 2571 1415 narratu
2603 1364 2907 1432 percipitur,
2938 1363 3084 1416 illum
3129 1361 3357 1414 sollicite
3391 1362 3524 1412 ursit
3553 1371 3607 1412 ut
3640 1359 3807 1428 prisca
3843 1375 3935 1414 re-

2355 1463 2573 1521 peteret.
2607 1454 2715 1506 Etsi
2749 1469 2874 1507 vero
2899 1469 3004 1506 non
3023 1462 3202 1520 aperte
3231 1451 3375 1514 dicit,
3401 1450 3734 1505 Theodortun
3764 1451 3938 1504 literis

2353 1543 2463 1596 suis
2502 1543 2841 1611 respondisse
2861 1584 2874 1605 .
2905 1559 2968 1597 ex
3000 1545 3114 1611 ejus
3145 1543 3316 1598 verbis
3343 1541 3491 1610 argui
3531 1556 3686 1609 posse
3724 1542 3938 1595 videtur

2355 1633 2689 1688 Theodorum
2718 1635 2954 1702 epistolis
2997 1633 3359 1703 Chrysostomi
3409 1630 3770 1700 frequentibus
3798 1647 3934 1684 eou-

2353 1728 2567 1780 citatnm
2599 1768 2612 1790 ,
2645 1725 2984 1793 restiondisse
3009 1723 3080 1777 illi
3112 1743 3124 1775 :
3155 1739 3212 1776 se
3243 1722 3371 1776 nihil
3414 1733 3597 1775 contra
3634 1723 3721 1788 jus
3751 1723 3938 1789 fasque

2355 1821 2565 1883 facere,
2612 1819 3061 1886 liermionenique
3083 1831 3302 1881 amare,
3349 1815 3471 1882 quia
3519 1813 3663 1866 illam
3710 1829 3934 1866 uxorem

2352 1912 2547 1963 ducere
2572 1909 2855 1977 cogitauat.
2883 1906 2992 1960 Sub
3019 1907 3129 1959 hrec
3155 1916 3332 1958 autem
3360 1904 3744 1975 Chysostomus
3771 1904 3934 1955 aliam

2356 2002 2451 2068 ipsi
2479 2001 2755 2069 epistolam
2791 1998 2963 2057 misit,
2995 2013 3094 2065 qua
3125 1997 3270 2049 illum
3300 1995 3664 2048 vehementius
3692 1995 3930 2047 concita—

2355 2093 2462 2154 bat,
2497 2100 2550 2142 ut
2581 2091 2755 2143 mi:s’s
2784 2089 3028 2141 omnibus
3053 2086 3394 2141 szeculatibus
3445 2086 3601 2139 rebus
3642 2085 3935 2154 pristinum-

2355 2183 2473 2232 vita?
2501 2194 2664 2248 genus
2692 2187 2975 2244 repeteret.

2422 2272 2548 2336 Qua-3
2572 2270 2680 2336 jam
2711 2269 2939 2322 diximus
2966 2285 3026 2321 ex
3057 2267 3187 2333 ipsis
3231 2265 3598 2336 Chrysostomi
3633 2264 3803 2317 verbis
3831 2280 3932 2316 ex-

2352 2371 2537 2430 cerpta
2556 2364 2723 2418 fuere.
2742 2362 2917 2431 [autge
2933 2361 3088 2413 aliter
3106 2375 3215 2412 rem
3243 2359 3514 2411 Constituit
3541 2357 3931 2419 'l'illemontius,

2352 2453 2438 2519 qui
2472 2460 2615 2519 putat
2647 2452 2867 2518 primam
2901 2450 3041 2501 illam
3079 2449 3142 2500 ad
3178 2448 3514 2501 Theodorum
3564 2448 3777 2498 missam
3809 2463 3935 2499 ora-

2356 2543 2573 2603 tionem,
2599 2557 2702 2594 non
2730 2541 2794 2592 ad
2838 2540 2980 2591 illum
3025 2540 3112 2608 qui
3168 2547 3344 2607 postea
3377 2539 3658 2609 cpiscopus
3684 2536 3932 2606 Mopsue—

2353 2633 2467 2684 sti:e
2497 2631 2620 2693 fuit;
2662 2630 2752 2682 sed
2783 2630 2848 2681 ad
2887 2630 3046 2681 alium
3090 2627 3456 2695 cognominem
3486 2629 3699 2679 missam
3730 2628 3891 2702 fuisse
3913 2667 3930 2689 ,

2351 2723 2436 2790 qui
2470 2723 2709 2774 similiter
2739 2731 3013 2790 postquam
3047 2719 3299 2771 mundum
3329 2719 3629 2786 reliquerat,
3659 2732 3839 2769 rursus
3864 2719 3930 2770 ad

2351 2813 2624 2867 Sa:cularia
2657 2813 2982 2864 convolarat.
3019 2812 3143 2878 Ejus
3173 2820 3478 2878 argumenta
3518 2813 3693 2864 pluuia
3723 2812 3929 2877 depuli-

2353 2922 2503 2966 mus,
2539 2904 2768 2971 illudque
2800 2903 2847 2954 in
2883 2903 3092 2972 primis,
3141 2901 3277 2970 quod
3325 2902 3436 2968 ipse
3484 2903 3765 2953 maximum
3815 2917 3933 2955 0m-

2355 2995 2499 3046 nitun
2546 3009 2663 3046 esse
2701 3003 2894 3063 putat,
2921 3004 3106 3060 estque
3157 2991 3452 3059 hujttsmodi
3482 3010 3492 3043 :
3522 2991 3830 3046 Theodorus
3878 2994 3930 3046 iu

2352 3086 2582 3140 secunda
2625 3085 2841 3152 cpistola
2894 3093 3212 3136 memoratus
3247 3080 3487 3134 uetulum
3533 3083 3711 3150 viginti
3763 3099 3931 3138 annos

2352 3179 2684 3247 expleverat;
2718 3177 2764 3227 in
2799 3176 2967 3243 prima
3019 3189 3143 3226 vero
3171 3173 3301 3225 dixit
3331 3173 3613 3226 Theodoro
3660 3190 3761 3226 non
3812 3175 3933 3241 plus

2349 3267 2727 3336 quinquaginta
2756 3267 2873 3318 vitm
2903 3278 3068 3316 annos
3099 3264 3193 3330 ipsi
3244 3277 3557 3329 superesse,
3609 3273 3659 3315 ut
3702 3265 3766 3317 ad
3807 3266 3925 3316 ulti-

2352 3374 2490 3410 mam
2518 3365 2841 3408 senectutem
2864 3355 3174 3421 perveniret.
3203 3353 3436 3420 l‘linequc
3462 3354 3632 3420 arguit
3655 3354 3740 3407 ille
3757 3354 3929 3407 Theo-

2351 3447 2537 3498 dorum
2555 3446 2695 3496 illum
2715 3445 2936 3512 prituttm
2952 3441 3296 3511 quadraginta
3319 3457 3576 3494 annorum
3601 3453 3723 3494 tunc
3741 3441 3923 3501 fuisse.

2353 3535 2494 3589 illam
2528 3535 2762 3587 ultimam
2787 3541 3110 3586 senectutem
3131 3532 3197 3584 de
3224 3531 3576 3598 uenagenario
3606 3540 3802 3584 tantum
3825 3532 3928 3586 diri

2354 3642 2508 3694 posse
2538 3636 2744 3694 putans.
2779 3622 3091 3679 Theodorus
3121 3638 3246 3674 vero
3272 3623 3424 3686 alter,
3471 3623 3558 3689 qui
3589 3633 3709 3676 tunc
3741 3625 3930 3691 vigesi-

2353 3733 2494 3770 mum
2523 3731 2715 3769 annum
2745 3714 2972 3784 agebat,
2997 3713 3186 3766 additis
3217 3721 3396 3780 postea
3428 3713 3796 3781 quinquaginta
3829 3731 3927 3766 an-

2353 3811 2434 3863 nis
2462 3808 2897 3876 septuagenarins
2925 3816 3122 3858 tantum
3152 3804 3356 3857 fuisset.
3409 3803 3516 3855 llcc
3558 3817 3927 3872 argumentum

2355 3904 2404 3954 ui
2437 3901 2588 3952 fallor
2614 3900 2823 3966 egregie
2850 3897 3023 3964 depuli
3056 3897 3105 3947 in
3130 3894 3324 3951 Mouito
3350 3894 3410 3947 T.
3448 3895 3471 3946 Ι
3511 3895 3677 3946 initio.
3699 3894 3801 3949 Sed
3843 3909 3929 3948 sc-

2353 3991 2585 4045 cuudum
2617 3990 2729 4044 hare
2769 3990 2819 4042 in
2849 3988 3018 4041 locum
3060 3987 3244 4049 incidi,
3282 4001 3434 4052 quem
3467 3985 3698 4039 nondum
3742 3987 3928 4038 adver-

2352 4092 2540 4145 teram,
2575 4083 2624 4135 in
2655 4095 2760 4150 quo
2806 4079 3012 4133 videtur
3035 4077 3446 4143 Chrysostomns
3481 4075 3601 4129 data
3627 4092 3784 4144 opera
3813 4077 3926 4128 Til-

2352 4173 2586 4227 lcmootii
2645 4173 2804 4224 telum
2847 4169 3137 4236 depellere.
3184 4164 3584 4219 Commentario
3629 4181 3818 4233 uenuze
3874 4166 3925 4217 in

2355 4261 2640 4331 Epistulam
2683 4261 2708 4314 1
2755 4257 2819 4310 ad
2842 4257 3143 4311 Corinthios
3161 4255 3243 4322 (Τ.
3264 4257 3346 4308 10.
3369 4271 3416 4310 c.
3434 4252 3522 4304 55.
3543 4251 3572 4306 l.
3589 4252 3706 4321 5'2),
3733 4256 3798 4307 de
3823 4255 3926 4307 Se.-

2352 4363 2496 4407 crale
2550 4352 2770 4420 loquens
2811 4348 2916 4401 ait:
2943 4345 3008 4400 Et
3054 4361 3168 4399 cum
3207 4347 3275 4397 ad
3323 4355 3594 4398 extre-niam
3630 4355 3926 4397 senectutem

2355 4442 2650 4510 pervenisset
2682 4456 2699 4493 :
2727 4437 2916 4490 dicebat
2939 4437 3068 4489 enim
3089 4448 3141 4488 se
3161 4449 3408 4486 amtormn
3459 4435 3773 4502 septuaginta
3799 4451 3924 4496 esse,

2353 4530 2553 4600 quando
2579 4530 2726 4583 vitam
2746 4527 2988 4595 despexit.
3021 4525 3134 4580 Jam
3168 4524 3314 4577 vides
3341 4524 3411 4576 ita
3458 4523 3772 4592 explicanda
3804 4539 3862 4577 es
3895 4540 3926 4576 c

2354 4620 2466 4673 loca
2494 4634 2523 4672 a
2549 4617 2882 4672 Tillcmontio
2911 4617 3085 4675 allata,
3110 4613 3246 4666 utde
3270 4612 3456 4667 eodem
3475 4613 3524 4665 in
3553 4622 3775 4680 utraque
3802 4614 3920 4680 epi-

2354 4710 2484 4764 stola
2514 4708 2792 4761 Theodoro
2813 4706 3086 4775 loquatur.
3118 4705 3171 4758 ln
3201 4704 3368 4772 prima
3394 4703 3520 4756 dicit
3548 4717 3713 4756 annos
3733 4717 3920 4770 super-

2354 4815 2472 4855 esse
2497 4798 2869 4868 quinquaginta
2898 4809 2955 4850 ut
2978 4796 3042 4849 ad
3069 4806 3358 4850 extremam
3389 4804 3715 4847 senectutem
3748 4809 3928 4861 perve-
4009 4866 4018 4874 _

2355 4892 2484 4957 niat,
2522 4893 2571 4944 in
2596 4888 2827 4945 secunda
2845 4904 2970 4942 vero
2989 4888 3132 4941 illum
3156 4899 3348 4939 annum
3377 4884 3588 4938 circiter
3617 4883 3930 4953 vigesimum

2355 4984 2618 5052 attigisse:
2644 4982 2695 5035 in
2717 4979 2878 5034 allato
2899 4987 3072 5031 autem
3095 4978 3210 5030 loco
3231 4975 3556 5043 septuaginta
3575 4987 3740 5026 annos
3756 4983 3929 5036 natus,

2357 5084 2609 5129 extrema:
2649 5069 2936 5125 senectutis
2956 5083 3076 5122 esse
3100 5065 3313 5120 dicitur.
3336 5063 3521 5116 Iisdem
3563 5078 3688 5116 usus
3718 5063 3934 5116 vocibus

2356 5167 2770 5235 Chrysostomus
2787 5161 2890 5216 duo
2917 5160 3000 5213 illa
3023 5160 3157 5223 loca,
3173 5170 3290 5225 qua:
3307 5155 3672 5209 Tillcmontius
3701 5167 3937 5222 pugnare

2358 5256 2594 5325 putabat,
2617 5253 2883 5314 conciliat,
2907 5261 3173 5317 unumque
3194 5261 3312 5299 esse
3331 5244 3668 5298 Theodorum
3701 5241 3909 5310 probat.

2388 5386 2390 5388 -
2429 5347 2579 5399 Circa
2610 5359 2806 5398 armum
2837 5356 2982 5403 vero,
3011 5354 3117 5408 quo
3147 5337 3228 5389 lue
3257 5335 3465 5404 seriptre
3511 5340 3636 5388 sunt
3663 5332 3924 5399 epistolae,

2362 5451 2388 5488 a
2419 5435 2758 5488 'l‘illemontio
2789 5447 2894 5486 non
2949 5427 3232 5483 dissentior
3261 5426 3398 5478 circa
3444 5422 3751 5480 secundam,
3776 5434 3934 5488 qnam

2361 5537 2509 5595 potat
2534 5526 2780 5593 scriptam
2805 5523 2965 5576 fuisse
2993 5535 3131 5574 anno
3146 5518 3250 5572 569
3275 5536 3286 5569 :
3315 5513 3369 5568 at
3419 5523 3603 5567 contra
3652 5527 3805 5580 quam
3837 5511 3924 5564 ille

2359 5618 2662 5678 arbitratur,
2711 5615 2929 5682 primam
2980 5624 3186 5679 quoque
3220 5607 3406 5660 eodem
3445 5604 3655 5657 circiter
3702 5610 3936 5669 tempore

2365 5708 2538 5761 datam
2571 5708 2729 5759 fuisse
2752 5707 2800 5757 iu
2828 5702 3015 5757 eodem
3065 5700 3261 5753 Mouito
3293 5697 3527 5766 probavi.
3565 5693 3736 5748 Unum
3759 5703 3937 5743 tamen

2376 5809 2456 5853 est
2490 5799 2625 5867 quod
2657 5797 2922 5866 negotium
2969 5793 3229 5847 facessere
3277 5789 3460 5859 possit.
3498 5788 3581 5841 Ait
3624 5784 3942 5857 Chryse-te-
