4264 6306
370 409 436 468 89
1512 410 1691 469 nunc
1731 375 1990 469 renum
2031 410 2422 469 sponsam.
3593 438 3663 495 οὐ

373 541 488 597 tuus
518 524 575 582 in
595 525 823 596 epistola
836 530 1017 595 prima,
1038 521 1368 582 c.502.l.l2:
1388 524 1537 578 Nune
1566 525 1764 595 quidem
1794 524 1954 576 lrisii-

370 617 441 679 tia
473 621 691 687 fratrum
740 618 951 671 chorum
992 627 1225 687 occupat,
1251 616 1481 681 voluptas
1502 627 1547 670 et
1573 616 1750 670 lwtitia
1776 614 1955 681 iri/ide-

370 708 492 767 lium
521 717 1045 772 conventtimmecnou
1060 710 1300 778 juveuttm
1329 708 1429 761 otio
1462 709 1621 777 magis
1647 706 1951 759 deditorum.

368 799 463 863 Hic
488 801 713 855 fratrum
744 801 966 855 chorum
995 801 1105 854 vult
1125 800 1422 870 significare
1452 796 1824 852 Tillemontins
1840 810 1953 852 cm-

367 898 475 942 tum
504 889 912 956 monachorum,
943 890 1171 959 hincque
1202 888 1413 958 probari
1438 895 1585 956 putat
1611 886 1951 940 Theodorum

364 982 524 1039 istum
569 982 734 1035 alium
778 996 807 1034 a
850 981 1239 1049 Mopsuesteno.
1286 979 1482 1033 Verum
1528 978 1595 1031 de
1629 977 1954 1050 monasterio

361 1082 415 1124 et
468 1072 537 1125 de
587 1071 865 1127 monachis
925 1087 992 1127 ne
1054 1074 1139 1142 γρῦ
1187 1070 1400 1141 quidem
1462 1070 1545 1122 hic
1600 1068 1728 1122 dicit
1775 1066 1951 1136 Chry-

359 1172 654 1224 sustomus,
696 1162 763 1216 de
783 1162 971 1230 quibus
990 1161 1313 1215 mentionem
1362 1158 1501 1212 haud
1526 1157 1686 1211 dubie
1718 1156 1953 1210 facturus

358 1260 495 1316 emt,
525 1252 569 1304 si
605 1251 692 1305 ille
718 1266 785 1305 ex
838 1253 1161 1307 monasterio
1191 1252 1424 1315 cxiisset,
1462 1250 1556 1305 sed
1589 1266 1682 1319 per
1730 1249 1951 1303 fratrum

360 1340 589 1395 chorum
624 1340 707 1395 hic
735 1342 954 1395 omnino
980 1357 1173 1397 vocare
1214 1341 1423 1397 videtur
1459 1342 1683 1395 chorum
1713 1338 1951 1394 fidelium

360 1440 507 1487 recte
530 1434 844 1497 viventium,
869 1449 1004 1505 quos
1028 1449 1133 1487 non
1189 1434 1359 1487 semel
1414 1436 1606 1487 fratres
1635 1432 1724 1487 ille
1774 1442 1948 1499 \ocat,

358 1531 411 1577 et
476 1526 699 1594 Opponit
742 1526 1025 1581 conventui
1063 1525 1355 1582 infidelium
1385 1536 1438 1581 et
1480 1526 1733 1594 juvenum
1765 1541 1949 1579 eorum

359 1615 446 1682 qui
477 1617 589 1668 otio
614 1626 667 1669 et
691 1617 936 1684 segnitiei
963 1616 1127 1670 dediti
1152 1618 1451 1671 erant.lmo
1485 1632 1631 1681 vero,
1661 1617 1803 1687 quod
1822 1630 1951 1671 sane

358 1705 525 1768 miror
554 1706 727 1761 virum
767 1710 1002 1762 omnium
1037 1709 1190 1778 longe
1231 1711 1687 1765 accuratissimum
1720 1726 1825 1765 non
1852 1710 1950 1763 ad-

359 1798 601 1860 Vertisse,
627 1798 678 1851 in
707 1798 872 1867 prima
898 1800 1146 1855 secunda:
1165 1800 1400 1869 epistola:
1426 1800 1668 1873 periodo,
1692 1801 1764 1855 ait
1786 1802 1952 1871 Chry-

357 1897 627 1947 sostomus
654 1889 838 1944 dolere
868 1905 946 1955 se,
968 1890 1107 1962 quod
1138 1907 1197 1946 se
1225 1907 1289 1945 ex
1335 1895 1550 1963 fratrum
1589 1893 1820 1963 catalogo
1851 1894 1949 1947 de-

358 1975 563 2031 leverit.

430 2067 534 2122 Tot
586 2068 954 2141 Chrysostomi
1008 2072 1176 2127 literis
1214 2073 1425 2128 tandem
1458 2085 1735 2129 revocatus
1778 2074 1951 2131 Theo-

365 2157 530 2214 dorus
569 2176 672 2213 una
708 2177 827 2215 cum
874 2162 1101 2220 Maximo
1143 2164 1291 2233 (Sos.
1335 2166 1372 2221 ι.
1410 2167 1462 2220 8.
1497 2182 1543 2218 c.
1586 2167 1664 2237 ‘2),
1711 2178 1762 2221 et
1807 2167 1946 2221 haud

354 2252 513 2319 dubie
536 2253 733 2309 Basilio
754 2254 1011 2310 Joannem
1037 2258 1405 2328 frequentabat
1436 2260 1608 2330 (Socr.
1636 2262 1673 2314 ι.
1698 2261 1750 2315 6.
1775 2277 1820 2315 c.
1849 2262 1903 2331 5)
1932 2282 1943 2314 :

356 2358 569 2413 unoque
600 2345 834 2408 collecti,
866 2362 1043 2401 veram
1074 2349 1463 2417 philosophiam
1497 2350 1608 2404 sive
1636 2353 1946 2407 monasticu:

352 2434 584 2495 similem
616 2435 774 2488 vitam
814 2438 1173 2492 sectabantur.
1205 2440 1533 2508 Scripturam
1565 2456 1696 2495 vero
1738 2457 1944 2497 sacram

353 2536 405 2579 et
432 2526 735 2582 doctrinam
767 2530 1183 2584 ecclesiasticam
1223 2532 1498 2586 discebant
1542 2549 1639 2585 una
1675 2549 1794 2589 cum
1828 2550 1942 2587 mo-

354 2619 577 2673 nasticis
620 2622 921 2685 exercitiis,
972 2622 1281 2677 doctoribus
1326 2622 1579 2689 Diodoro,
1624 2627 1712 2692 qui
1761 2636 1942 2692 postea

352 2711 636 2768 Tarsensis
673 2715 956 2783 episcopus
998 2714 1115 2778 fuit,
1148 2726 1203 2769 et
1241 2715 1503 2781 Carterio,
1547 2716 1634 2784 qui
1681 2730 1781 2767 una
1823 2730 1941 2769 cum

353 2802 589 2863 Diodoro
620 2806 942 2858 monasteria
972 2805 1301 2860 Antiochena
1330 2807 1569 2860 curabat.

417 2893 648 2948 Joannes
690 2895 1021 2963 episcopalem
1051 2895 1346 2967 dignitatem
1377 2896 1538 2965 fugit,
1582 2896 1821 2966 illumque
1848 2892 1962 2949 Ba?

347 2988 461 3041 tilio
482 2989 705 3057 conferri
740 2999 904 3040 curat.
932 3018 1000 3026 —
1028 2988 1120 3041 llis
1161 3002 1290 3058 ergo
1332 2989 1523 3042 studiis
1551 3004 1766 3058 operam
1798 2988 1939 3042 dedit

347 3078 495 3133 istaec
527 3089 708 3133 saneta
731 3088 786 3133 et
814 3078 1009 3133 selecta
1034 3080 1308 3147 juventus.
1328 3079 1561 3133 Joannes
1578 3095 1703 3133 vero
1725 3080 1939 3135 assidue

346 3189 466 3227 cum
516 3174 713 3226 Basilio
757 3173 1021 3240 colloquia
1068 3172 1327 3227 miscebat
1367 3172 1571 3243 (Chrys.
1615 3174 1677 3225 de
1720 3172 1933 3226 Sacerd.

345 3266 385 3316 ι.
419 3266 493 3333 1),
532 3275 590 3323 ιιι
634 3265 746 3332 ipse
788 3262 948 3317 refert
986 3263 1120 3317 libro
1167 3264 1339 3332 primo
1384 3264 1451 3320 de
1494 3264 1828 3327 Sacerdotio,
1870 3264 1937 3317 de

345 3356 464 3406 vita:
496 3357 801 3418 sanctitate,
826 3354 891 3408 de
915 3355 1193 3408 virtutibus
1218 3355 1465 3409 asceticis
1491 3355 1661 3431 deque
1682 3356 1798 3410 aliis
1821 3357 1937 3426 qui-

343 3444 578 3499 buslibet
604 3446 668 3499 ad
700 3448 946 3514 pietatem
978 3447 1363 3515 spectantibus.
1396 3448 1527 3500 Dum
1568 3449 1617 3501 in
1648 3447 1729 3503 his
1754 3464 1933 3501 versa-

343 3548 552 3603 rentur,
610 3547 891 3607 postquam
946 3554 1084 3591 anno
1136 3538 1239 3593 570
1294 3538 1531 3592 Meletius
1586 3540 1637 3591 in
1685 3539 1932 3593 exsilium

346 3628 545 3681 missus
581 3630 774 3694 fuerat,
803 3644 925 3682 cum
954 3630 1285 3698 episcoiiales
1314 3631 1555 3699 quaedam
1589 3630 1744 3683 sedes
1776 3646 1932 3684 vaca-

341 3730 484 3786 rent,
516 3736 699 3773 rumor
722 3736 939 3789 sparsus
961 3732 1061 3785 Cal,
1093 3720 1354 3775 Joannem
1381 3730 1433 3773 et
1455 3720 1705 3775 Basilium
1736 3733 1792 3775 ut
1816 3722 1932 3775 illas

339 3810 498 3865 sedes
544 3810 829 3879 implerent
868 3811 933 3863 ad
976 3812 1330 3880 episeopalcm
1368 3812 1676 3881 dignitatem
1722 3826 1934 3880 pronio-

340 3903 546 3957 vendas
577 3918 716 3957 esse.
753 3902 832 3957 lle
859 3912 1128 3971 comperta
1156 3903 1391 3957 Joannes
1428 3904 1617 3957 timore
1657 3905 1932 3972 perculsus

339 4006 425 4049 est
451 4015 462 4049 :
494 4012 554 4050 se
576 3997 742 4060 enim,
770 3997 837 4048 ita
868 4010 1055 4063 nempe
1085 3995 1356 4049 modestus
1386 4004 1521 4060 erat,
1548 4005 1693 4049 tanto
1721 3997 1929 4050 muneri

339 4088 497 4159 longe
522 4089 781 4156 itnparem
814 4088 1062 4155 putabat;
1090 4102 1156 4144 ne
1180 4102 1304 4159 vero
1329 4087 1397 4142 ad
1426 4087 1474 4140 id
1506 4088 1722 4141 honoris
1747 4088 1829 4143 vel
1853 4089 1929 4141 in-

340 4181 484 4234 .vitus
512 4189 816 4249 raperetur,
846 4194 967 4234 sese
994 4157 1294 4233 occultandi
1317 4180 1599 4233 consilium
1625 4181 1757 4233 iniit.
1790 4178 1932 4233 Inter

340 4273 458 4326 lnee
495 4273 724 4325 Basilius
766 4271 987 4340 hujusce
1031 4273 1103 4326 rei
1149 4271 1286 4325 fama
1335 4282 1628 4341 permotus,
1669 4272 1928 4326 Joannem

340 4363 578 4430 amicum
612 4373 669 4417 et
696 4373 999 4417 consortem
1029 4364 1178 4429 adiit,
1212 4377 1367 4436 quem
1398 4362 1513 4417 hcce
1555 4364 1797 4432 ignorare
1838 4379 1931 4431 pu-

340 4454 510 4507 tabat.
544 4454 620 4507 Illi
665 4468 793 4508 vero
833 4468 944 4508 rem
986 4454 1176 4523 aperit,
1210 4454 1334 4523 quid
1374 4454 1581 4509 consilii
1613 4454 1929 4523 capiendum

338 4549 417 4605 sit
468 4556 643 4615 rogat,
692 4561 758 4599 an
807 4546 1319 4614 obtemperandum,
1363 4562 1430 4599 an
1480 4546 1821 4616 fugiendum,
1878 4546 1930 4599 in

338 4646 630 4705 utrumque
684 4645 917 4705 paratus,
971 4646 1024 4691 ct
1072 4636 1228 4690 amici
1280 4637 1537 4704 judicium
1590 4648 1926 4706 exspectans.

338 4727 577 4781 Joannes
618 4739 818 4787 autem,
847 4728 933 4796 qui
969 4737 1025 4780 ut
1055 4742 1112 4780 se
1142 4729 1415 4796 indignum
1448 4736 1595 4783 tanto
1626 4729 1801 4782 officio
1842 4744 1929 4782 re-

338 4816 520 4882 batur,
546 4817 619 4871 ita
643 4817 893 4870 Basilium
925 4817 1016 4871 illo
1039 4817 1432 4885 dignissimum,
1465 4830 1572 4871 tum
1597 4835 1663 4877 ex
1688 4828 1931 4873 anteacta

340 4908 473 4967 vita.
509 4917 724 4963 tumes
756 4916 903 4960 tanto
933 4908 1273 4976 capessenda:
1306 4910 1515 4963 virtutis
1542 4910 1843 4975 desiderio;
1874 4928 1932 4965 se

338 4996 597 5049 damnum
641 4995 894 5049 ﬁet-lesia:
933 4996 1131 5049 Christi
1176 4998 1465 5051 maximum
1507 5000 1774 5053 illaturum
1812 5015 1933 5054 esse

342 5096 562 5158 putans,
609 5086 652 5137 si
699 5096 803 5139 tam
839 5086 1082 5154 probum,
1123 5092 1227 5139 tam
1268 5087 1334 5140 ad
1376 5089 1601 5145 salutem
1643 5090 1931 5143 multorum

344 5178 620 5241 idoneum,
654 5191 683 5229 a
714 5193 938 5231 munere
968 5178 1308 5245 suscipiendo
1335 5188 1622 5243 averteret,
1656 5181 1934 5249 respondit

344 5268 443 5329 illi,
490 5269 567 5319 rei
607 5267 1054 5322 consultationem
1097 5268 1237 5322 aliud
1272 5268 1321 5321 in
1368 5279 1575 5338 tempus
1614 5271 1929 5323 mittendam

342 5373 487 5424 esse,
519 5358 653 5411 nihil
691 5373 904 5429 urgere,
949 5359 1078 5412 nihil
1128 5368 1449 5429 prmmature
1491 5361 1756 5429 agendum
1788 5376 1929 5415 esse.

343 5451 463 5517 uno
494 5448 776 5503 tenderent.
814 5450 960 5503 ista‘c
996 5464 1103 5503 non
1147 5450 1432 5503 advertens
1488 5451 1746 5514 Basilius,
1775 5452 1930 5504 amici

340 5544 629 5597 consilium
659 5543 936 5612 amplexus
957 5551 1059 5598 est.

418 5634 528 5687 llac
564 5636 646 5703 pia
677 5633 859 5687 fraude
890 5649 1016 5687 usus
1062 5645 1143 5687 est
1170 5634 1425 5697 Joannes,
1458 5645 1512 5688 et
1538 5636 1658 5704 quia
1699 5652 1809 5689 rem
1842 5653 1931 5688 nr-

342 5743 472 5796 gere
506 5742 609 5780 non
651 5725 946 5792 ignorabat,
978 5740 1096 5779 sese
1135 5727 1435 5780 occultavit.
1478 5727 1623 5780 llautl
1662 5728 1730 5779 ita
1771 5728 1935 5779 multo

348 5824 526 5893 elapso
568 5830 827 5889 tempore,
870 5836 989 5874 cum
1036 5821 1078 5873 is
1118 5821 1204 5890 qui
1248 5820 1584 5874 ordinaturus
1624 5832 1733 5875 erat
1771 5820 1930 5874 adve-

2068 525 2253 605 uisset,
2288 538 2469 597 raptus
2498 529 2721 589 Basilius
2740 536 3017 595 adducitur
3050 552 3105 595 ut
3130 546 3409 615 episeopns
3434 552 3653 611 ordina-

2067 624 2231 708 retur.
2262 616 2501 708 Cumque
2525 623 2874 682 reluctaretur
2900 629 3006 696 ille,
3035 633 3247 703 quidam
3275 616 3343 698 ex
3372 616 3651 708 praesenti-

2064 700 2164 767 bus
2184 704 2230 757 ei
2256 707 2411 761 verba
2429 707 2710 777 dederunt,
2732 700 3348 791 clamantes,'absnrdum
3369 700 3509 795 esse,
3530 747 3652 786 enm

2064 795 2151 861 qui
2166 797 2412 863 omnibus
2436 799 2663 894 ferocior
2681 806 2954 863 videbatur
2966 808 3245 883 (Joannem
3261 816 3648 894 designantes),

2062 898 2182 979 cum
2215 902 2400 957 magna
2439 892 2698 948 modestia
2738 896 2953 953 Patrum
2995 902 3188 970 placito
3220 892 3651 979 obtemperasse;

2062 975 2209 1070 illum
2251 990 2461 1045 autem,
2506 984 2659 1055 longe
2702 988 3098 1057 prudentiorem
3143 1004 3197 1051 et
3245 975 3647 1070 modestiorem,

2062 1064 2287 1123 ferocire
2313 1080 2368 1125 et
2392 1087 2579 1129 vanam
2610 1077 2831 1145 gloriam
2864 1094 3136 1153 appetere.
3165 1087 3273 1143 llac
3294 1091 3517 1149 delusus
3537 1064 3651 1150 arte

2062 1158 2336 1258 ordina-tus
2376 1175 2458 1219 est
2484 1166 2709 1223 Basilius
2737 1173 3019 1243 episc0pns
3049 1158 3353 1248 Baphaneae
3388 1164 3444 1237 in
3474 1185 3649 1258 Syria,

2062 1258 2118 1302 ut
2142 1251 2483 1317 probabiliter
2512 1259 2777 1315 existimat
2805 1262 3082 1321 Baronius.

2132 1339 2281 1395 Circa
2304 1360 2502 1401 annum
2534 1364 2677 1413 vero,
2703 1368 2808 1421 quo
2833 1353 2948 1409 hmc
2967 1368 3115 1427 gesta
3145 1360 3309 1429 fuere,
3343 1364 3652 1423 llermantio

2060 1440 2113 1485 et
2142 1431 2480 1490 Tillemontio
2505 1440 2815 1511 adstipulor,
2848 1448 2936 1516 qui
2962 1449 3147 1504 eadem
3177 1452 3242 1507 ad
3268 1470 3464 1510 annum
3491 1460 3647 1513 Chri-

2061 1523 2127 1575 sti
2174 1524 2298 1592 572,
2343 1528 2421 1582 vel
2466 1531 2677 1585 circiter
2716 1535 2980 1603 referunt,
3030 1550 3323 1614 putantque
3366 1563 3470 1601 non
3509 1550 3648 1605 ultra

2060 1628 2254 1677 annum
2287 1619 2390 1674 574
2421 1635 2577 1689 posse
2601 1623 2822 1680 differri.
2858 1628 3028 1685 Unum
3058 1644 3138 1687 est
3164 1636 3301 1703 quod
3325 1652 3352 1689 a
3378 1640 3466 1693 tali
3499 1656 3646 1694 coni-

2062 1710 2276 1775 putandi
2309 1713 2511 1767 ratione
2536 1726 2783 1772 avertere
2813 1722 3001 1790 possit,
3026 1725 3165 1791 quod
3193 1742 3385 1797 nempe
3415 1729 3649 1785 Joannes

2059 1809 2185 1857 tunc
2219 1802 2309 1869 25,
2342 1806 2424 1858 vel
2463 1807 2525 1859 ad
2555 1822 2818 1864 summum
2846 1812 2914 1867 27
2948 1824 3149 1869 tantum
3180 1834 3439 1876 annorum
3470 1834 3612 1878 esset
3633 1808 3657 1886 ξ

2058 1902 2113 1947 et
2155 1895 2375 1950 Basilius
2420 1898 2657 1968 ejusdem
2694 1902 2907 1959 circiter
2945 1910 3137 1978 (etatis,
3169 1926 3287 1980 qua:
3331 1913 3395 1967 ad
3442 1925 3643 1973 tanmm

1980 2047 1990 2054 _
2059 1990 2453 2058 suscipiendum
2488 2010 2679 2047 munus
2712 2012 2815 2051 non
2860 1998 3046 2053 idottea
3088 2002 3342 2057 videatur.
3387 2006 3490 2060 Sed
3525 2007 3646 2061 licet

2058 2088 2208 2144 actas,
2240 2096 2339 2149 qua
2368 2084 2600 2151 episeopi
2628 2086 2961 2153 ordinantur,
2990 2090 3158 2158 major
3182 2100 3235 2144 ut
3260 2093 3545 2162 plurimum
3572 2114 3646 2150 re-

2057 2171 2319 2239 quiratur,
2351 2190 2451 2227 non
2485 2176 2677 2229 desunt
2704 2179 2947 2247 exempla
2979 2196 3163 2235 eormn
3188 2184 3275 2251 qui
3302 2196 3424 2239 ante
3450 2186 3519 2249 Q5
3546 2202 3642 2239 an-

2057 2280 2182 2317 num
2228 2267 2459 2343 episcopi
2505 2270 2694 2323 adlecti
2741 2280 2791 2324 et
2827 2273 3098 2327 constituti
3139 2284 3281 2336 sunt,
3321 2285 3371 2329 et
3408 2278 3641 2346 alioquin

2057 2354 2169 2422 ipse
2208 2356 2433 2411 Basilius
2475 2360 2612 2428 apud
2656 2360 3096 2432 Cbrysostomum
3144 2366 3215 2417 ait
3265 2366 3314 2419 in
3365 2368 3565 2421 crimen
3614 2388 3641 2420 a

2054 2447 2321 2499 nonnullis
2351 2459 2565 2501 vocatos
2605 2449 2765 2505 fuisse
2792 2467 2904 2518 eos,
2935 2454 3021 2521 qui
3063 2468 3121 2507 se
3159 2448 3555 2521 ordinaverant,
3592 2470 3645 2512 et

2053 2537 2141 2606 qui
2169 2536 2425 2591 Joannem
2457 2549 2509 2590 nt
2540 2541 2846 2612 episcopum
2873 2556 3250 2597 consecrarent
3275 2544 3469 2608 frustra
3506 2563 3639 2619 (ιιιηοι

2052 2628 2285 2692 sierant;
2326 2638 2504 2696 utpote
2530 2630 2618 2699 qui
2652 2641 2725 2684 tot
2757 2632 3018 2701 tantisque
3050 2636 3245 2705 relictis
3274 2637 3398 2690 viris
3419 2678 3434 2701 ,
3466 2640 3641 2709 (παρις-

2051 2728 2269 2781 arentes,
2318 2717 2430 2771 heri
2475 2735 2535 2773 ac
2582 2720 2964 2774 nudiustertius
3008 2724 3059 2777 ιιι
3104 2725 3449 2779 surcularilms
3498 2728 3640 2779 cut-is

2051 2809 2332 2873 volutatos,
2378 2822 2431 2864 ιιι
2473 2810 2536 2864 ad
2585 2812 2743 2867 breve
2790 2823 2998 2884 tempus
3038 2817 3315 2883 supercilia
3357 2818 3641 2871 contrahe-

2049 2908 2185 2961 rent,
2213 2900 2380 2969 pnllas
2410 2896 2911 2967 vestes-induerent,
2946 2906 3228 2974 vultusque
3262 2907 3526 2963 triSIitiam
3560 2910 3635 2960 si-

2049 2991 2331 3053 mularent,
2363 2992 2650 3059 derepente
2686 2992 2751 3046 ad
2780 3003 2980 3047 tantmn
3013 2996 3270 3050 honorem
3294 2998 3635 3064 adduxerim,

2046 3088 2299 3149 quantum
2332 3096 2396 3134 ne
2426 3080 2475 3134 in
2506 3083 2707 3137 somnis
2736 3083 2947 3151 quidem
2989 3086 3200 3155 assequi
3234 3089 3594 3155 speravissent
3620 3108 3633 3144 :

2046 3186 2151 3240 quo
2176 3172 2414 3240 arguitur
2441 3172 2725 3226 admodum
2762 3174 2985 3242 juvenes
3016 3186 3139 3229 tunc
3183 3177 3347 3233 fuisse
3374 3178 3632 3235 Joannem

2043 3275 2095 3318 et
2127 3264 2377 3318 Basiliam
2407 3265 2519 3333 ejus
2549 3266 2987 3334 condiscipulum.

2114 3353 2202 3409 Sic
2243 3354 2293 3406 in
2340 3356 2647 3423 episcopum
2684 3365 2959 3425 coaptatus
2989 3357 3216 3413 Basilius
3246 3361 3423 3415 statim
3465 3360 3631 3421 Joan-

2044 3460 2164 3498 nem
2214 3445 2355 3510 adit,
2407 3455 2457 3498 et
2503 3446 2735 3515 graviter
2773 3462 2892 3501 cum
2940 3448 3031 3503 illo
3079 3453 3447 3520 Conqueritur,
3490 3457 3630 3521 quod

2043 3535 2228 3590 fraude
2250 3552 2341 3589 sua
2368 3537 2432 3589 ad
2459 3546 2657 3590 tantum
2683 3554 2817 3592 onus
2846 3540 3241 3607 suscipiendum
3273 3553 3488 3597 Coactus
3518 3546 3629 3598 fite-

2043 3628 2111 3681 rit
2154 3628 2357 3697 (Chrys.
2399 3628 2461 3681 de
2492 3628 2703 3682 Sacerd.
2739 3638 2775 3682 t.
2809 3634 2858 3684 ‘l.
2896 3631 2932 3684 ι.
2980 3631 3053 3699 Ι).
3085 3632 3218 3686 Tttm
3263 3632 3530 3696 Joannes.
3573 3648 3630 3689 ut

2041 3732 2159 3771 sese
2201 3729 2467 3787 purgaret,
2501 3718 2695 3773 fatetur
2734 3736 2917 3774 revera
2961 3737 3097 3775 onus
3134 3738 3256 3778 esse
3290 3726 3511 3793 grande,
3544 3732 3627 3780 cui

2042 3808 2265 3863 ferendo
2298 3826 2353 3864 se
2384 3812 2640 3879 imparem
2678 3826 2798 3865 esse
2838 3814 3018 3866 multis
3048 3814 3115 3867 de
3141 3816 3338 3880 eausis,
3368 3832 3499 3886 quas
3528 3818 3625 3869 ihi-

2040 3902 2160 3957 dem
2198 3902 2419 3973 profert,
2455 3905 2677 3972 probare
2716 3905 2928 3970 nititur;
2971 3906 3063 3959 sed
3095 3918 3520 3978 quantacumque
3561 3913 3628 3962 sit

2042 3998 2379 4067 episcopatus
2411 4007 2551 4051 recte
2580 3999 2797 4067 gerendi
2828 3997 3132 4061 difficultas,
3166 4010 3416 4070 oportere
3446 4012 3623 4055 tamen

2041 4090 2183 4143 viros
2212 4090 2355 4158 eligi,
2387 4090 2475 4157 qui
2515 4089 2564 4143 id
2605 4090 2839 4142 numeris
2878 4089 3244 4157 susciperent,
3280 4104 3508 4159 cumque
3541 4094 3627 4145 ille

2040 4180 2293 4242 Basilium
2325 4180 2447 4233 huic
2486 4179 2794 4237 exercenda:
2824 4178 3065 4247 dignitati
3106 4179 3337 4233 maxime
3376 4181 3624 4253 idoneum

2039 4271 2408 4333 arbitraretur,
2436 4270 2565 4330 nihil
2596 4270 2811 4335 mirum,
2839 4270 2881 4323 si
2907 4270 2971 4322 ad
2996 4269 3046 4322 id
3067 4268 3228 4323 ofticii
3254 4270 3424 4338 ipsum
3443 4270 3623 4339 deligi,

2039 4374 2292 4435 quantum
2326 4360 2405 4422 fas
2443 4360 2545 4414 sibi
2573 4369 2685 4413 erat
2706 4402 2721 4425 ,
2762 4360 3046 4413 curaverit.
3078 4358 3247 4414 Totus
3277 4375 3404 4413 vero
3431 4359 3623 4429 dialogi

2041 4469 2189 4511 more
2218 4468 2395 4507 sermo
2424 4451 2744 4515 contexitur,
2780 4451 2864 4505 ubi
2907 4461 3010 4503 tam
3041 4450 3295 4518 prteclare
3333 4450 3400 4504 de
3438 4465 3621 4503 sacer-

2039 4544 2219 4604 dotum
2247 4542 2523 4615 dignitate,
2554 4540 2748 4605 oflicio,
2781 4541 3089 4595 muneribus
3118 4540 3364 4594 edisserit
3386 4540 3622 4609 Chryso—

2040 4646 2279 4700 stomus,
2310 4644 2366 4687 ut
2412 4634 2495 4687 vix
2539 4648 2718 4702 parem
2767 4632 2863 4685 hac
2894 4632 2961 4686 de
3001 4647 3059 4686 re
3090 4646 3395 4685 sermonem
3434 4632 3625 4685 alicubi

2041 4726 2295 4796 reperias.

2111 4818 2262 4871 Circa
2292 4826 2522 4884 tempus,
2554 4830 2659 4886 quo
2683 4814 2781 4867 hos
2816 4829 3091 4871 sermones
3117 4812 3278 4871 edidit
3306 4812 3628 4882 Cbrysosto-

2040 4924 2179 4971 mus,
2224 4924 2331 4961 non
2377 4923 2477 4960 una
2516 4916 2599 4960 est
2638 4907 2956 4976 scriptorum
2999 4906 3281 4967 sententia,
3323 4919 3495 4973 neque
3539 4919 3631 4955 an.

2040 4999 2220 5053 diendi
2246 5007 2371 5052 sunt
2396 4998 2482 5065 qui
2506 4998 2693 5050 volunt
2716 5012 2781 5051 eo
2807 4997 2922 5066 ipso
2942 4995 3133 5065 dialogi
3156 5011 3278 5050 cum
3308 4995 3501 5049 Basilio
3532 4995 3631 5047 ha-

2042 5091 2133 5145 biti
2154 5100 2411 5158 tempore.
2433 5088 2594 5149 hosce
2618 5088 2779 5143 libros
2802 5096 2859 5141 nt
2879 5103 3019 5141 nunc
3040 5087 3324 5150 habentur,
3346 5087 3630 5154 scripsisse

2041 5181 2321 5237 Joannem.
2351 5179 2481 5234 Nam
2522 5180 2601 5233 vel
2642 5182 2753 5247 ipsa
2787 5178 3031 5233 ordiendi
3074 5180 3211 5231 ratio
3252 5178 3463 5245 aliquod
3519 5178 3631 5230 ela.

2042 5288 2195 5343 psum
2227 5282 2435 5339 tempus
2455 5269 2775 5334 subiudicat,
2795 5277 2849 5323 et
2875 5270 3043 5322 series
3064 5278 3171 5323 tota
3190 5284 3299 5323 rem
3320 5268 3626 5322 meditatam

2043 5373 2097 5417 et
2118 5364 2170 5416 in
2197 5362 2307 5417 otio
2336 5362 2647 5415 adornatam
2676 5374 2786 5429 prae
2825 5374 2884 5414 se
2912 5358 3031 5412 fert.
3065 5359 3153 5413 Ait
3190 5359 3441 5413 Socrates
3469 5358 3631 5413 Joan-

2045 5469 2186 5517 nem,
2232 5468 2352 5507 cnm
2400 5452 2654 5510 diaconus
2699 5460 2861 5514 esset,
2905 5466 3095 5519 nempe
3133 5451 3201 5505 ab
3241 5465 3384 5503 anno
3422 5450 3520 5503 581
3565 5448 3633 5503 ad

2043 5560 2238 5603 annum
2265 5544 2389 5609 586,
2418 5558 2526 5614 quo
2557 5542 2836 5613 presbyter
2876 5542 3156 5595 ordinatus
3197 5540 3327 5605 fuit,
3363 5540 3528 5594 libros
3565 5538 3634 5597 de

2042 5635 2354 5693 Sacerdotio
2380 5618 2610 5695 edidisse
2637 5632 2810 5704 (Socr.
2842 5632 2882 5685 Ι.
2914 5632 2968 5685 6.
3008 5648 3054 5684 c.
3085 5631 3163 5703 '5).
3198 5629 3468 5685 Palladius
3507 5645 3635 5684 vero

2047 5728 2333 5785 secundum
2381 5727 2874 5795 interpretationem
2924 5724 3166 5778 Latinam
3208 5723 3480 5777 Ambrosii
3531 5721 3634 5776 Ca-

2050 5822 2426 5883 maldulensis,
2469 5819 2723 5873 Joannem
2767 5819 2819 5873 in
2852 5816 3136 5871 solitudine
3174 5815 3271 5869 hos
3307 5814 3470 5868 libros
3504 5815 3622 5869 emi-
