4264 6306
673 390 733 446 9|
1767 388 1821 442 ς.
1862 378 2136 444 ΙυᾸΝΝΙΒ
2166 386 2355 443 ΕΙΙΙὶΥ

1767 388 1821 442 ς..
1862 378 2136 444 ,1οᾸΝΝΙΒ
2166 386 2642 447 »ΕΙΙΙὶΥΒΟδΤΟΜί
2672 387 2844 451 “TA.

672 504 803 554 sissc
840 500 990 567 dixit,
1031 516 1221 573 nentpe
1262 503 1329 555 ab
1367 518 1505 555 anno
1548 503 1759 556 cit-riter
1799 503 1899 556 δῖῖί
1942 502 2005 556 ad
2050 518 2246 555 annum

672 591 795 655 58t,
823 605 928 659 quo
959 608 1023 646 ex
1048 592 1330 647 solitudine
1354 593 1405 645 itt
1434 592 1616 645 urbem
1651 592 1821 647 rediit.
1850 592 2139 646 Palladium
2171 595 2248 647 iu-

670 692 982 738 t‘uttetanter
1020 698 1386 753 sequeremur,
1431 684 1475 740 si
1530 685 1581 738 in
1627 685 1814 741 Grteeo
1865 694 2043 747 textu,
2089 700 2247 754 quem

669 774 836 829 edidit
866 773 1141 831 Emericus
1166 776 1420 846 Bigotins,
1446 776 1630 832 eadem
1660 776 1981 846 legerentur;
2011 776 2102 831 sed
2124 791 2246 831 cum

673 866 743 919 ibi
776 881 842 920 ne
868 868 1075 921 minime
1098 866 1311 937 quidem
1341 868 1438 924 hac
1463 868 1530 924 de
1560 885 1615 923 re
1641 878 1962 938 compareat,
1987 885 2018 925 a
2043 870 2247 927 calculo

672 954 893 1010 ferendo
917 957 1349 1025 supersedemns.

741 1048 894 1098 Anno
914 1046 1035 1108 374,
1063 1062 1183 1101 cum
1206 1047 1380 1103 adhuc
1406 1048 1696 1103 Antiochia!
1728 1057 1966 1104 maneret
1989 1050 2241 1118 Joannes,

670 1134 721 1187 in
762 1135 1049 1201 periculum
1082 1137 1284 1200 incidit,
1313 1138 1469 1207 quale
1510 1147 1689 1193 narrat
1728 1139 1843 1208 ipse
1884 1143 1935 1201 in
1962 1142 2248 1195 Commen-

668 1219 806 1272 tario
830 1221 880 1272 in
907 1223 1036 1275 Acta
1061 1223 1437 1288 Apostolorum
1475 1223 1561 1297 (Τ.
1593 1226 1645 1280 9.
1678 1243 1723 1280 ε.
1753 1226 1879 1280 274.
1911 1244 1964 1280 η.
2005 1227 2080 1296 5).
2111 1227 2243 1282 Cum

665 1313 768 1364 sub
799 1312 1023 1379 Valente
1055 1314 1383 1384 lmpcratore
1410 1318 1723 1385 perquisitio
1740 1334 1927 1387 magna
1947 1318 2246 1374 Antiochia:

667 1400 806 1456 facta
836 1411 917 1457 est
947 1401 1200 1458 librorum
1229 1407 1554 1475 magicorum
1585 1416 1639 1462 ct
1667 1408 2071 1478 praestigiarum,
2100 1411 2243 1465 mili-

667 1501 852 1560 tesque
894 1494 1095 1548 circum
1146 1495 1331 1550 urbem
1379 1498 1533 1566 positi
1581 1506 1725 1565 sunt,
1773 1513 1842 1554 ne
1879 1500 1998 1569 quis
2036 1501 2242 1555 crimini

662 1578 971 1651 ltujusmodi
1001 1584 1287 1651 obnoxius,
1331 1585 1471 1640 elabi
1507 1596 1721 1657 posset;
1758 1597 1868 1642 tum
1908 1589 2119 1656 quidam
2152 1592 2240 1660 qui

666 1669 858 1725 librum
886 1671 1184 1737 bujusmodi
1215 1674 1410 1729 fecerat
1434 1688 1488 1730 et
1514 1676 1820 1745 scripserat,
1852 1694 1917 1733 nc
1946 1679 2245 1748 deprehen-

666 1759 900 1824 dcretttr,
949 1762 1137 1815 librum
1184 1764 1235 1816 in
1282 1763 1477 1819 ﬂumen
1522 1766 1761 1835 projecit.
1796 1766 1902 1821 Sed
1941 1783 2061 1823 cum
2103 1768 2239 1822 ltaud

666 1848 841 1904 dubiis
864 1851 1070 1906 iudieiis
1090 1862 1271 1907 uotum
1293 1866 1433 1910 esset
1454 1855 1643 1909 librant
1668 1857 1734 1909 ab
1758 1858 1845 1911 illo
1866 1860 2238 1913 concinnatum

663 1941 853 2002 fuisse,
873 1957 901 1995 a
930 1944 1182 1999 militibus
1208 1955 1393 2012 captus
1418 1957 1515 2011 est,
1545 1949 1633 2017 qui
1663 1957 1719 2001 ut
1745 1948 1938 2003 librum
1967 1949 2121 2005 daret
2149 1968 2240 2005 ex-

651 2032 931 2098 1w!cbaﬂl.
960 2033 1053 2087 Ille
1082 2050 1221 2089 vero
1242 2035 1349 2105 jam
1380 2035 1506 2091 dare
1532 2053 1635 2091 non
1666 2047 1889 2107 poterat,
1928 2041 2044 2105 sed,
2080 2052 2134 2096 ιιι
2161 2043 2239 2097 vi-

659 2122 833 2183 detur,
868 2137 943 2176 ~sc
972 2122 1177 2179 fecisse
1221 2127 1464 2195 negabat,
1508 2144 1691 2183 verum
1728 2132 1894 2184 auctis
1937 2133 2143 2188 indiciis
2185 2143 2241 2188 et

663 2212 1079 2278 probationibus,
1105 2230 1291 2284 paruas
1313 2216 1477 2270 dedit.
1508 2219 1638 2273 Dum
1667 2210 1938 2289 eonjectus
1967 2224 2015 2276 itt
2042 2223 2235 2279 ﬂumen

663 2300 798 2354 liber
840 2302 1203 2371 incompactus
1243 2300 1631 2376 supernatat'et,
1671 2312 1862 2366 accidit
1908 2324 1965 2367 ut
2005 2314 2235 2375 Joannes

662 2400 844 2444 noster
867 2406 986 2446 cum
1012 2394 1158 2449 socio
1186 2394 1251 2450 ad
1280 2400 1586 2469 martyrium
1609 2415 1701 2454 seu
1733 2404 2008 2457 ecclesiam
2039 2404 2230 2477 Marty-

660 2495 776 2532 rum
807 2496 1050 2551 pergens,
1078 2485 1227 2553 juxta
1265 2487 1463 2543 ﬂumen
1498 2492 1599 2545 iter
1629 2491 1846 2548 faceret.
1887 2495 2076 2553 Socius
2112 2511 2236 2553 vero

663 2571 843 2638 ipsius,
873 2586 931 2627 ut
960 2579 1024 2629 ad
1054 2593 1199 2631 oram
1229 2594 1659 2649 supernatantem
1701 2587 1895 2642 librum
1928 2591 2091 2658 vidit,
2138 2594 2237 2647 lin-

663 2667 801 2714 tenta
830 2678 947 2718 esse
993 2669 1210 2732 putavit,
1252 2684 1314 2723 ac
1358 2670 1691 2729 descendens
1729 2680 1953 2748 accepit.
1999 2681 2232 2738 Joannes

660 2763 786 2802 vero
803 2762 1084 2822 antequam
1102 2758 1227 2825 quid
1258 2759 1307 2813 id
1329 2770 1472 2815 esset
1491 2765 1735 2829 sciretur,
1766 2779 1991 2837 repertre
2018 2774 2092 2825 rei
2118 2789 2235 2842 par-

658 2845 763 2891 tem
790 2840 859 2893 ad
884 2858 943 2895 se
973 2846 1235 2911 pertinere
1269 2850 1487 2905 ridendo
1515 2857 1886 2912 contendebat.
1914 2861 2049 2915 Tum
2082 2840 2235 2918 revo-

656 2927 764 2981 luta
807 2932 999 3001 pagina
1052 2938 1227 2991 socius
1273 2943 1471 3009 magica
1512 2947 1707 3014 scripta
1762 2949 1979 3004 invenit.
2030 2956 2233 3010 Accidit

656 3028 830 3073 autem
864 3031 919 3075 ut
946 3024 1131 3079 eodem
1160 3035 1402 3097 tempore
1432 3034 1581 3087 miles
1607 3038 1873 3093 transiret.
1902 3041 2033 3096 lliue
2062 3053 2233 3100 terror

657 3118 941 3179 utrumque
964 3113 1189 3178 invasit;
1224 3118 1413 3174 librum
1445 3123 1675 3193 abjieere
1706 3142 1808 3182 non
1835 3132 2130 3200 audebant,
2167 3152 2232 3192 ne

658 3201 958 3258 viderentur
978 3208 1092 3275 ejus
1114 3220 1357 3266 auctores
1375 3229 1510 3270 esse.
1532 3218 1764 3274 Tandem
1788 3238 1915 3277 vero
1933 3226 2227 3295 projeccre,

660 3302 709 3344 et
747 3292 853 3345 Deo
874 3295 1091 3362 jurante
1119 3315 1146 3352 a
1175 3303 1409 3369 periculo
1429 3309 1595 3376 erepti
1626 3320 1769 3364 sunt.

723 3380 1090 3441 Monachorttm
1145 3391 1195 3443 in
1251 3393 1498 3449 montibus
1552 3399 1831 3456 Antiochia
1884 3404 2058 3459 vicinis
2106 3410 2225 3461 vita.

655 3470 849 3526 -——lloc
881 3473 1117 3531 fortassis
1145 3492 1336 3535 eventu
1368 3488 1648 3554 perculsus
1676 3490 1929 3559 Joannes,
1958 3512 2225 3553 secessum

651 3560 718 3612 ad
748 3567 1067 3620 monasteria
1105 3570 1156 3621 in
1186 3574 1452 3628 montibus
1481 3576 1774 3634 Antiochia:
1804 3583 1988 3639 vicinis
2020 3588 2187 3654 posita
2216 3633 2228 3647 .

651 3665 806 3716 quem
842 3652 1043 3719 jamdiu
1087 3659 1265 3714 animo
1308 3678 1650 3732 conceperat,
1694 3671 1965 3727 ardentius
2006 3652 2223 3745 appetiit

649 3738 822 3837 (Pali.
856 3742 992 3798 Dial.
1017 3765 1068 3817 p.
1109 3750 1217 3813 41).
1251 3752 1432 3824 Neque
1476 3747 1615 3811 euiu't
1653 3762 1726 3813 illi
1757 3738 2053 3834 quidquam
2080 3738 2220 3837 pra--

647 3833 893 3889 sfabilius
929 3839 1204 3895 videbatur
1250 3860 1369 3899 esse
1411 3850 1512 3902 vita
1559 3852 1665 3914 iila,
1711 3870 1827 3924 qua:
1878 3833 1984 3920 tota
2033 3833 2225 3917 divitiis

652 3922 811 3991 rebus
841 3927 1046 3981 addicta
1086 3944 1246 3986 esset.
1296 3936 1356 3990 Et
1384 3938 1510 4006 ipse
1539 3922 1751 4010 quidem
1778 3946 1886 4014 jam
1923 3928 2082 4016 penes
2115 3970 2224 4006 tua-

650 4019 785 4066 trem
813 4016 973 4070 vitam
1004 4020 1226 4076 ducebat
1262 4030 1567 4085 monasticae
1609 4049 1710 4087 non
1752 4037 2067 4102 absimilem,
2105 4057 2224 4111 pre-

644 4103 865 4165 cationi,
892 4106 1107 4180 jejuniis
1132 4152 1145 4173 ,
1179 4113 1387 4181 vigiliis,
1422 4118 1815 4189 Scripturarum
1847 4127 2057 4183 lectioni
2085 4136 2219 4186 assi-

644 4190 752 4243 due
782 4194 1034 4261 intentus,
1069 4201 1301 4257 inclusus
1332 4222 1543 4277 semper
1574 4228 1811 4281 manens,
1842 4227 1893 4271 et
1915 4235 2221 4290 segregatus

643 4296 671 4331 :t
696 4286 890 4337 saeculo
915 4299 964 4340 et
984 4302 1011 4341 a
1040 4293 1382 4348 stecularibus
1400 4301 1655 4367 negotiis;
1679 4313 1909 4360 attamen
1933 4286 1995 4362 ad
2015 4286 2222 4368 montes

645 4368 789 4424 illum
823 4377 1075 4432 evocabat
1105 4383 1206 4435 vita
1238 4386 1321 4439 illa
1356 4392 1734 4446 monachorum
1771 4400 2029 4466 angelica,
2060 4418 2217 4471 quam

644 4476 747 4515 non
782 4468 943 4519 semel
978 4470 1087 4537 ipse
1116 4472 1385 4530 describit.
1420 4479 1494 4533 Iili
1535 4499 1786 4553 namque,
1816 4490 1903 4556 qui
1946 4468 2215 4548 smeularia

642 4554 818 4607 omnia
844 4556 1231 4624 abdicaverant,
1261 4566 1349 4619 ditt
1388 4581 1510 4625 ante
1538 4571 1711 4627 lucem
1737 4554 1968 4645 quotidie
1998 4598 2217 4653 surgere

642 4656 1046 4717 eottsueverant,
1076 4664 1129 4707 et
1172 4672 1271 4711 una
1314 4662 1519 4715 collecti
1558 4679 1743 4731 preces
1777 4668 2071 4726 fundebant
2112 4676 2214 4728 lto-

641 4737 789 4789 mino
828 4742 1210 4811 supplicantes,
1260 4759 1315 4802 ut
1362 4751 1412 4803 itt
1451 4754 1625 4806 medio
1671 4758 2021 4823 perieulortun
2060 4763 2214 4830 ltujus

640 4825 938 4883 vitarillznsi
969 4838 1321 4903 praeterirent,
1344 4856 1406 4895 ac
1435 4842 1650 4899 demum
1681 4856 1801 4900 ante
1828 4849 2060 4905 tribunal
2084 4825 2210 4909 illud

634 4927 931 4969 extreututu
970 4919 1086 4975 sine
1131 4933 1274 4974 metu
1326 4933 1381 4977 et
1426 4924 1623 4978 damno
1666 4927 2004 4984 accederent.
2037 4932 2215 4988 Tunc-

632 5027 739 5081 que
781 5021 1062 5081 surgeutcs
1101 5012 1262 5071 horas
1292 5018 1577 5069 matutinas
1608 5019 1927 5086 psallebant,
1978 5040 2073 5076 uec
2103 5042 2218 5080 mo-

633 5104 757 5157 dico
810 5104 860 5158 itt
914 5104 997 5159 bis
1036 5107 1223 5163 officiis
1276 5110 1543 5179 insnmpto
1588 5121 1848 5181 tempore,
1881 5118 1945 5171 ad
1980 5119 2212 5174 laborem

634 5212 889 5250 manuum
922 5199 1300 5266 properabant.
1339 5201 1472 5255 Tum
1514 5202 1603 5256 alii
1648 5214 1843 5261 terram
1890 5207 2091 5278 fodere,
2126 5215 2215 5270 alii

632 5288 780 5341 olera
822 5298 876 5341 et
919 5288 1187 5356 legumina
1231 5288 1448 5356 curare,
1499 5293 1587 5347 alii
1629 5309 1819 5364 aquam
1863 5314 2092 5368 geSIare,
2127 5308 2214 5363 alii

632 5378 796 5429 cistas
844 5389 897 5432 et
952 5380 1125 5435 cilicia
1180 5383 1389 5452 aliaque
1444 5384 1745 5453 bttjusmodi
1801 5400 1986 5447 texere
2045 5413 2057 5447 :
2118 5413 2217 5452 nec

632 5467 856 5521 deerant
904 5470 996 5538 qtti
1053 5472 1203 5526 libris
1246 5476 1545 5529 scribendis
1598 5487 1652 5531 et
1701 5484 2071 5539 exscribendis
2118 5489 2215 5540 da-

636 5569 755 5612 rent
784 5576 1001 5630 operam
1036 5562 1122 5633 (Τ.
1152 5565 1202 5617 7.
1234 5582 1279 5618 c.
1313 5566 1435 5621 643.
1469 5585 1522 5631 tt,
1554 5569 1604 5623 5.
1637 5570 1759 5625 651.
1796 5591 1845 5628 η.
1893 5575 1944 5628 5.
1980 5577 2040 5630 T.
2084 5581 2131 5633 l.
2166 5598 2213 5633 ιτ.

635 5649 758 5703 645.
780 5666 831 5703 rt.
860 5652 937 5723 3).

702 5742 913 5801 Partem
982 5750 1141 5814 etiam
1208 5748 1583 5804 matutiuarum
1656 5752 1905 5809 horarum
1971 5759 2203 5825 Ιυεριιιιιε

3889 394 3965 454 9'1

2357 498 2411 551 S.
2440 498 2724 567 Scriptura:
2754 500 2901 552 libris
2928 498 3257 554 instituebant
3287 545 3300 565 ,
3336 501 3563 571 Indeque
3589 503 3843 575 quidquid
3886 505 3959 560 at!

2356 590 2643 643 severioris
2693 590 2988 656 disciplinae
3040 593 3207 661 legem
3254 594 3541 660 pertineret
3591 593 3941 649 hauriebam.

2358 678 2600 734 Uuircrsi
2633 695 2813 751 porro,
2847 691 2955 734 tum
2987 682 3018 734 ii
3048 684 3135 750 qtti
3160 682 3467 737 excolendae
3501 693 3657 738 terrae
3684 687 3956 739 exercitio

2354 784 2474 825 sese
2500 770 2775 833 dederant,
2820 781 2933 826 tttttt
2971 774 3061 827 alii
3102 776 3188 844 qui
3237 776 3288 827 in
3332 775 3539 830 cellulis
3581 776 3692 830 suis
3724 779 3951 834 texendi

2354 860 2437 914 vel
2466 862 2761 915 consuendi
2792 862 3021 917 ofliciutn
3063 865 3408 934 peragebant,
3442 876 3699 936 perpetuo
3723 868 3955 922 silentio

2352 949 2549 1005 addicti
2577 959 2753 1007 erant.

2423 1041 2479 1095 Si
2508 1052 2682 1097 tamen
2707 1043 2991 1098 stcculares
3012 1044 3191 1115 aliqui,
3222 1054 3330 1101 tam
3363 1056 3568 1102 sancta:
3589 1090 3605 1116 ,
3638 1055 3744 1103 tam
3772 1060 3952 1105 arcta:

2352 1130 2474 1185 viue
2516 1132 2651 1186 fatua
2690 1134 2940 1202 permoti,
2983 1134 3049 1188 ad
3085 1136 3304 1191 cellulas
3350 1153 3533 1192 eorum
3580 1140 3945 1205 accederent;

2353 1235 2456 1274 non
2494 1221 2603 1292 jam
2645 1224 2889 1279 tacebant
2922 1226 3016 1290 illi,
3059 1227 3152 1281 sed
3187 1229 3254 1281 de
3298 1230 3361 1282 iis
3385 1244 3504 1298 qua:
3549 1230 3613 1284 ad
3657 1234 3947 1299 pra‘sentis

2350 1310 2471 1364 vita:
2504 1323 2863 1383 contemptum
2888 1324 2941 1369 et
2975 1315 3162 1370 futurte
3194 1318 3466 1387 bcatmque
3480 1319 3798 1374 desiderium
3822 1323 3948 1376 alii-

2349 1416 2473 1456 cere
2516 1412 2759 1470 poterant
2792 1406 2928 1461 baud
2971 1407 3236 1461 illibenter
3277 1410 3436 1464 verba
3466 1409 3746 1465 faciebant.
3782 1412 3944 1468 Unde

2349 1491 2614 1546 interdum
2662 1495 2959 1561 accidebat,
3005 1508 3063 1552 ut
3108 1499 3141 1552 ii
3188 1500 3277 1569 qui
3325 1501 3423 1555 bos
3474 1503 3734 1557 invisendi
3772 1518 3941 1559 causa

2348 1589 2551 1635 tantum
2599 1596 2876 1650 venerant,
2921 1587 3012 1641 illo
3054 1590 3299 1657 perculsi»
3328 1592 3655 1659 spectaculo,
3701 1592 3941 1664 idipsum

2347 1672 2469 1725 vitr
2497 1690 2663 1743 genus
2690 1677 3160 1746 amplecterentur.

2420 1764 2542 1819 Dies
2580 1766 2631 1819 in
2665 1777 2843 1835 partes
2875 1779 3101 1839 quatuor
3133 1771 3410 1827 distributa
3452 1775 3589 1845 apud
3630 1775 3757 1830 tllos
3775 1789 3936 1845 erat;

2346 1852 2568 1922 singula:
2615 1870 2740 1910 vero
2783 1869 2961 1926 partes
3011 1860 3196 1916 divino
3240 1862 3417 1917 ofﬁcio
3469 1867 3936 1935 terminabuntur;

2343 1940 2522 1997 Tertia
2552 1960 2764 2015 nempe,
2795 1946 2976 2015 Sexta,
3006 1949 3151 2004 Noua
3179 1962 3232 2005 et
3261 1953 3528 2023 Vesperis,
3555 1972 3672 2025 qutc
3702 1959 3937 2014 alternis

2342 2032 2519 2088 eboris
2570 2037 2895 2103 psalmorum
2952 2050 3111 2095 cantu
3161 2044 3589 2100 telcbrabantur.
3640 2046 3935 2117 Postquam

2342 2141 2472 2179 vero
2494 2128 2684 2196 jejuni,
2705 2129 2844 2183 diem
2875 2140 3040 2185 totum
3072 2133 3123 2186 itt
3149 2135 3627 2202 precibusalabtzre
3650 2154 3932 2204 manuum,

2344 2218 2582 2286 psalmis,
2632 2235 2782 2276 sacra
2824 2222 3049 2279 lcetione
3092 2234 3483 2295 transegeraat,
3518 2228 3581 2281 ad
3611 2231 3784 2283 cibum
3829 2248 3934 2285 su-

2343 2308 2591 2363 mendum
2616 2311 2827 2365 tandem
2850 2315 3454 2373 conveniebant..Cmn:c
3474 2329 3761 2387 apparatus
3784 2328 3933 2377 totus

2338 2408 2456 2453 erat
2495 2400 2644 2469 panis
2672 2416 2791 2454 eum
2834 2403 2973 2469 sale,
3009 2404 3171 2474 aliqui
3207 2406 3385 2460 oleum
3426 2407 3720 2473 addebant,
3767 2404 3932 2465 δὲτιιί

2339 2499 2517 2544 autem
2560 2500 2613 2545 ct
2653 2491 2975 2548 inﬁrmiores
3017 2495 3163 2549 olera
3207 2496 3291 2550 vel
3335 2497 3597 2567 legumina
3640 2517 3652 2552 :
3692 2515 3825 2569 aqua
3870 2502 3925 2555 in

2342 2589 2522 2649 potum
2567 2582 2697 2635 satis
2743 2593 2876 2637 erat.
2924 2583 3049 2638 Post
3092 2600 3298 2641 cumam
3345 2589 3475 2641 fusis
3520 2590 3764 2657 precibus
3809 2591 3923 2644 Deo

2337 2672 2534 2741 gratias
2560 2673 2808 2742 agebant,
2836 2677 3133 2747 exindeque
3162 2678 3411 2734 sedentes
3438 2696 3544 2735 uua
3573 2682 3639 2736 de
3667 2683 3825 2737 rebus
3849 2686 3917 2738 ad

2340 2764 2565 2818 salutem
2595 2775 2648 2819 et
2678 2766 2951 2821 cmlestem
2980 2770 3139 2823 vitam
3171 2774 3532 2839 spectantibus
3561 2774 3723 2828 verba
3756 2773 3919 2830 faeie-

2338 2854 2484 2920 bant,
2513 2855 2726 2909 demum
2770 2856 2900 2911 fusis
2940 2860 3205 2928 precibus,
3240 2861 3294 2915 in
3325 2864 3519 2918 storeis
3560 2863 3703 2916 humi
3733 2865 3922 2933 positis

2336 2946 2615 3013 cubantes,
2643 2948 2954 3002 tenuissimo
2993 2949 3113 3003 cibo
3151 2965 3396 3005 somnum
3426 2953 3755 3007 levissimum
3787 2957 3920 3008 sub-

2336 3035 2693 3100 ministrante,
2744 3037 2947 3107 aliquot
2992 3038 3140 3093 boris
3192 3041 3555 3109 quiescebant.
3598 3043 3921 3113 demttmque

2337 3124 2587 3194 praefecto
2615 3126 2801 3181 leviter
2829 3139 3207 3184 commonente
3237 3139 3290 3184 ct
3317 3130 3434 3185 sine
3464 3133 3687 3202 strepitu
3719 3149 3917 3202 exper-

2334 3214 2547 3284 gefacti,
2579 3218 2866 3287 surgebant
2891 3219 2956 3273 ad
2985 3221 3160 3289 priora
3188 3222 3496 3290 repetenda.
3515 3222 3752 3278 Vestitus
3774 3235 3917 3281 totus

2334 3307 2546 3374 ex'pilis
2569 3322 2849 3377 caprarum
2870 3310 2952 3365 vel
2972 3310 3299 3366 camelorum
3324 3322 3455 3377 erat,
3480 3322 3575 3369 aut
3598 3330 3662 3370 ex
3691 3317 3917 3386 pellibus

2336 3410 2430 3450 usu
2465 3398 2622 3452 tritis.

2404 3491 2479 3544 Ex
2521 3508 2770 3547 manuum
2814 3493 2994 3551 labore
3035 3510 3139 3549 non
3184 3496 3283 3550 sibi
3328 3496 3489 3551 modo
3518 3497 3717 3553 victum
3760 3512 3915 3568 para.

2333 3579 2490 3643 bant;
2539 3582 2634 3635 sed
2685 3597 2805 3635 cum
2857 3581 2927 3637 ita
2985 3586 3158 3639 tenuis
3206 3600 3358 3639 canta
3409 3600 3659 3655 perquam
3708 3588 3911 3643 minimi

2331 3680 2575 3740 sumptus
2597 3683 2889 3742 rsset,qu:e
2912 3685 3223 3744 supererant
3252 3677 3422 3729 omnia
3448 3680 3766 3748 pauperibus
3793 3696 3914 3734 ero-

2330 3761 2543 3827 gabant.
2573 3763 2627 3816 Si
2655 3765 2773 3832 quis
2796 3779 2924 3819 vero
2952 3766 3144 3835 hespes
3165 3768 3465 3833 accederet,
3495 3769 3726 3825 libenter
3750 3786 3779 3824 a
3805 3786 3912 3824 mn-

2332 3854 2515 3907 nacbis
2537 3856 2923 3924 excipiebatur,
2943 3858 3031 3927 qui
3056 3858 3176 3917 lotis
3197 3860 3310 3927 ejus
3338 3860 3579 3926 pedibus,
3599 3876 3731 3930 quos
3747 3878 3909 3931 penes

2331 3956 2390 3996 se
2416 3943 2680 3997 habebant
2706 3945 2854 3998 cibos
2885 3946 2980 4015 ipsi
3009 3947 3502 4012 subministrabant,
3535 3950 3706 4019 deque
3733 3969 3908 4006 rerum

2331 4043 2655 4088 terrenarum
2699 4036 2835 4090 ﬂuxa
2872 4038 3176 4092 Conditione
3214 4040 3613 4111 CTlt‘Slltttthllc
3656 4042 3908 4100 felicitate

2328 4125 2488 4178 verba
2520 4125 2801 4192 faciebant,
2834 4137 2890 4180 ut
2921 4143 3079 4197 supra
3100 4129 3350 4184 diximus.

2402 4214 2564 4269 llauc'
2586 4218 2705 4270 vita:
2738 4218 2995 4271 rationem
3037 4221 3312 4288 suscipere
3332 4221 3566 4276 Joannes
3602 4234 3783 4279 noster
3809 4240 3906 4278 cu-

2328 4305 2521 4373 piebat,
2569 4316 2733 4376 utqu
2776 4308 2839 4360 ad
2884 4309 3025 4362 illam
3070 4324 3128 4363 se
3171 4322 3527 4381 compararet,
3564 4314 3722 4366 etiam
3762 4315 3904 4368 denti

2326 4396 2577 4447 exercitia
2618 4398 2858 4464 quaedam
2900 4400 3188 4453 monastica
3224 4402 3561 4465 sectabatur;
3605 4418 3789 4455 verum
3837 4404 3906 4457 ab

2328 4486 2428 4540 huc
2480 4489 2749 4556 proposito
2798 4489 3103 4545 deterrebat
3149 4491 3291 4546 illum
3340 4494 3459 4546 vitae
3502 4494 3765 4563 asperitas
3814 4494 3904 4551 illa

2323 4592 2477 4645 quam
2506 4580 2666 4631 modo
2693 4579 3091 4649 d-scripsimus.
3123 4582 3193 4635 Ea
3224 4582 3291 4636 de
3321 4598 3378 4637 re
3398 4584 3689 4639 audiendus
3712 4586 3801 4640 ille
3821 4592 3906 4642 est

2312 4673 2417 4741 (Ad
2441 4671 2747 4724 Demetrium
2771 4674 2832 4725 de
2855 4673 3032 4741 Camp.
3059 4682 3095 4726 ι.
3124 4674 3173 4727 1.
3190 4688 3235 4725 c.
3258 4672 3384 4726 M5.
3408 4674 3447 4743 Ιἶ
3466 4672 3552 4741 25,
3571 4684 3585 4719 :
3602 4674 3725 4725 Cum
3744 4676 3905 4743 nuper

2311 4779 2402 4832 ego
2422 4764 2769 4826 decrevissem,
2791 4764 2968 4815 relicta
2998 4762 3132 4826 urbe,
3166 4763 3234 4815 ad
3263 4764 3590 4815 tabernacula
3619 4763 3897 4817 monacho-

2313 4872 2426 4909 rum
2442 4858 2691 4923 secedere,
2718 4856 2931 4910 sollicite
2944 4857 3225 4922 quccrebam
3244 4868 3290 4908 et
3310 4856 3624 4922 sciscitabar,
3648 4857 3904 4913 undenam

2319 4941 2711 4993 necessariorum
2739 4953 3044 5011 conmeatus
3074 4943 3343 5011 adfuturus
3367 4957 3525 5008 esset,
3559 4956 3603 4999 et
3631 4964 3749 5000 num
3786 4949 3897 5015 ﬁeri

2318 5038 2481 5097 posset
2513 5040 2564 5082 ut
2596 5031 2741 5100 panis
2771 5048 2940 5085 recens
2967 5042 3012 5085 ct
3042 5034 3256 5086 diurnas
3286 5035 3629 5088 comederctttr
3654 5053 3672 5090 :
3700 5055 3763 5090 an
3788 5040 3900 5107 quis

2317 5139 2397 5175 me
2424 5133 2689 5176 coacturus
2729 5133 2853 5176 esset
2891 5124 3062 5177 eodem
3100 5126 3173 5177 uti
3216 5127 3324 5178 oleo
3366 5143 3455 5193 pro
3500 5128 3703 5180 lucerna
3732 5138 3777 5180 et
3809 5146 3901 5195 pro

2316 5215 2460 5277 cibo;
2495 5230 2560 5266 an
2603 5215 2715 5281 quis
2756 5229 2834 5267 me
2864 5214 3171 5283 impulsurus
3210 5217 3277 5267 ad
3318 5216 3549 5269 miseram
3592 5217 3899 5287 legmuimtm

2315 5318 2514 5369 escam;
2554 5320 2619 5355 an
2663 5304 3011 5374 assignatum:
3049 5319 3177 5373 opus
3219 5304 3425 5367 durum,
3464 5314 3514 5356 ut
3556 5316 3660 5367 est,
3703 5308 3895 5375 fodere,

2317 5397 2453 5465 ligna
2483 5395 2700 5465 deferre,
2736 5412 2918 5464 aquam
2944 5407 3280 5464 comportare,
3314 5407 3359 5449 ct
3388 5407 3569 5451 castera
3600 5400 3767 5451 oumia
3797 5399 3897 5450 [me

2307 5488 2535 5555 jusmodi
2576 5486 2884 5553 ministeria;
2921 5497 2967 5539 et
3004 5498 3058 5540 ut
3093 5490 3382 5541 summatim
3419 5489 3605 5552 dicam,
3635 5491 3791 5542 multa
3831 5490 3895 5543 de

2312 5580 2474 5645 quiete
2495 5579 2720 5646 corporis
2747 5580 3095 5649 percontabar.
3123 5581 3190 5633 At
3222 5580 3318 5635 ltos
3342 5582 3445 5644 ille,
3474 5581 3561 5651 qui
3585 5594 3705 5635 sese
3727 5583 3893 5635 menti

2313 5669 2608 5724 offerebant
2654 5670 2873 5734 obices,
2910 5671 3117 5726 virtutis
3166 5681 3221 5727 et
3266 5674 3554 5727 severioris
3599 5672 3894 5741 disciplina

2317 5775 2497 5813 amore
2535 5761 2741 5826 ductus,
2776 5761 2988 5816 tandem
3027 5761 3314 5831 superavit,
3349 5771 3403 5816 et
3431 5760 3495 5817 ad
3520 5760 3606 5818 illa
3635 5761 3894 5817 montium
