4264 6306
344 375 409 432 π
1554 364 1736 423 Μ]Νο
1776 360 2037 421 PRIMUM
2078 360 2467 418 ADORNATA.
3552 378 3620 433 ω

344 486 686 541 tabernacula
710 484 1049 543 conscendit:
1069 483 1196 538 nihil
1216 490 1434 553 pscere
1457 479 1642 535 matris
1663 491 1850 549 preces
1876 484 1929 532 et

343 576 608 647 hct-3mm,
641 585 701 630 ut
729 576 873 630 illum
892 583 1195 632 averterent
1220 590 1249 629 a
1273 582 1379 628 tam
1408 572 1605 628 salubri
1634 570 1926 640 propositi),

340 667 431 721 sed
464 667 667 721 Christi
699 668 923 729 consilio
950 667 1229 736 obtemper
1334 705 1347 729 ,
1377 673 1601 742 matrem
1630 661 1844 730 reliquit
1873 668 1929 713 ut

342 753 512 825 ipsum
538 766 875 825 sequeretur.

408 846 635 901 Joannes
661 848 714 901 in
741 848 1043 902 monasterio
1063 863 1223 902 annos
1242 864 1272 915 q
1343 855 1460 900 tuor
1483 844 1810 914 transigit.-—
1830 842 1927 898 lllo

336 949 460 990 cum
488 938 726 992 venisset
758 935 926 1008 (Anno
958 937 1083 993 374.
1115 936 1193 991 uel
1228 936 1263 993 3
1298 936 1333 991 5
1361 934 1608 1005 ineunte),
1647 934 1699 988 in
1730 932 1923 1003 Syrum

334 1028 623 1099 quemdam
665 1029 882 1093 incidit,
920 1028 1273 1085 severissima:
1301 1026 1597 1096 disciplinas
1634 1038 1842 1091 senem,
1871 1031 1927 1078 et

335 1120 551 1175 duriora
581 1120 701 1191 ejus
721 1121 842 1175 vita:
864 1120 1103 1175 iustitt'ua
1129 1118 1367 1173 imitatus
1393 1126 1477 1172 est
1496 1116 1651 1170 anilis
1674 1124 1921 1185 quatuor,

336 1210 544 1267 luctans
563 1228 687 1267 cum
713 1213 1045 1282 voluptatum
1068 1210 1324 1281 scopulis,
1339 1225 1481 1280 quos
1507 1207 1666 1263 facile
1687 1221 1794 1262 non
1816 1215 1924 1260 tam

335 1302 521 1358 labore
550 1319 710 1373 quam
741 1305 949 1360 ratione
978 1301 1248 1374 superavit
1273 1300 1503 1369 (Pallad.
1533 1316 1585 1368 p.
1619 1298 1729 1367 41).
1760 1294 1924 1351 Paulo

333 1403 621 1464 postquam
649 1395 716 1449 ad
757 1405 967 1449 montes
996 1391 1280 1448 secedendi
1309 1405 1470 1446 causa
1508 1404 1569 1444 se
1601 1386 1919 1454 contulerat,

330 1498 361 1537 a
389 1484 663 1539 Demetrio
702 1484 875 1539 amico
917 1491 1133 1554 rogatus
1173 1482 1364 1537 librum
1402 1480 1472 1535 de
1498 1477 1923 1548 Compunctione

330 1576 541 1653 edidit,
578 1575 692 1632 Hoc
736 1577 966 1646 primum
1011 1575 1281 1647 specimen
1335 1571 1483 1628 dedit
1532 1569 1811 1640 scriptoris
1854 1567 1921 1623 ad

330 1683 543 1724 summa
583 1668 693 1722 nati
732 1686 746 1722 :
783 1667 867 1722 hic
913 1666 1167 1738 quidquid
1210 1664 1278 1721 ad
1317 1663 1647 1720 suadendum
1694 1661 1922 1718 validius

328 1759 623 1831 excogitari
655 1768 829 1830 potest
859 1758 1161 1815 adhibetur.
1205 1758 1331 1813 Post
1373 1756 1515 1813 hunc
1561 1755 1919 1812 vero-librum

329 1850 395 1905 ad
426 1850 760 1907 Stelechium
797 1850 1024 1905 alterum
1062 1849 1131 1905 de
1165 1848 1591 1919 Compunctione
1619 1846 1921 1903 ardentiore

330 1944 476 2015 stle
495 1943 661 1998 misit.
692 1942 747 1997 In
789 1943 959 2012 primo
986 1940 1051 1997 ad
1082 1941 1407 1996 Demetrium
1434 1955 1493 1995 se
1530 1954 1701 2009 nuper
1733 1938 1801 1993 ad
1838 1949 1918 1991 ta-

330 2030 616 2088 heruacula
645 2032 1029 2088 monachorum
1055 2031 1315 2089 accedere
1341 2030 1643 2086 decrevisse
1662 2030 1756 2097 ait,
1783 2039 1837 2084 et
1866 2030 1917 2085 iu

330 2122 685 2192 sequentibus
716 2138 774 2178 se
806 2123 913 2177 illic
941 2132 1050 2177 tum
1078 2120 1282 2176 versari
1314 2121 1546 2176 insinuat
1574 2138 1588 2174 :
1621 2136 1787 2191 quare
1814 2136 1918 2175 una

332 2211 430 2266 fuit
461 2212 704 2267 omnium
731 2212 911 2283 Opinio
938 2212 1039 2267 hoc
1060 2226 1194 2282 opus
1219 2211 1453 2268 edidisse
1474 2210 1733 2268 Joannem
1760 2211 1920 2281 paulo

330 2315 613 2376 postquam
642 2305 710 2361 ad
762 2306 1085 2360 monasteria
1123 2320 1181 2360 se
1210 2304 1529 2372 contulerat,
1566 2312 1623 2359 et
1655 2318 1780 2359 cum
1812 2304 1919 2359 illic

331 2405 670 2454 versaretur.
698 2398 897 2453 Verum
923 2394 1294 2452 Tillemontius
1319 2406 1504 2452 contra
1533 2396 1669 2450 hanc
1699 2404 1917 2450 senten-

329 2492 476 2556 tiam,
510 2505 669 2562 quam
701 2499 878 2546 tamen
917 2490 1137 2545 omnino
1178 2504 1283 2544 non
1313 2488 1540 2559 respuit,
1570 2504 1629 2544 se
1655 2488 1917 2543 validissi-

327 2596 474 2635 mum
500 2582 664 2637 telum
692 2590 1046 2651 contorquere
1076 2588 1246 2650 putat,
1274 2594 1394 2635 cum
1421 2580 1516 2646 ait,
1546 2578 1631 2634 hic
1657 2577 1915 2634 Joannem

327 2674 398 2726 ita
437 2674 603 2744 loqui,
645 2683 703 2728 ut
730 2682 840 2727 tum
878 2672 1156 2743 presbyter
1195 2671 1360 2727 fuisse
1394 2686 1614 2742 prorsus
1651 2670 1914 2726 videatur.

326 2762 525 2818 Verum
555 2775 612 2818 ut
638 2764 699 2818 in.
715 2764 913 2818 Muttito
933 2763 1000 2817 ad
1026 2762 1168 2817 hunc
1193 2762 1383 2817 librum
1407 2762 1658 2827 diximus,
1681 2770 1738 2816 ut
1755 2761 1915 2818 etiam

250 2879 271 2885 ο
326 2856 636 2910 monuimus
672 2864 797 2911 ante
839 2855 1031 2909 librum
1075 2854 1143 2910 de
1173 2853 1508 2925 Virginitate,
1544 2855 1616 2908 ita
1657 2854 1918 2911 familiare

323 2957 407 3001 est
430 2945 837 3017 Chrysostomo,
859 2931 1125 3001 variorum
1153 2960 1436 3017 personam
1460 2945 1701 3010 induere,
1725 2960 1917 3016 nempe

322 3040 725 3109 episcoporum,
768 3037 1229 3109 presbyterOrum,
1263 3036 1370 3092 imo
1400 3037 1562 3092 etiam
1604 3037 1918 3108 conjugato-

325 3144 466 3193 rum,
505 3128 649 3199 quod
681 3128 941 3198 exemplis
966 3127 1364 3197 comprobatur,
1405 3136 1463 3183 ut
1501 3129 1633 3183 nihil
1674 3128 1797 3183 hinc
1836 3130 1917 3183 in-

327 3216 451 3273 ferri
481 3233 640 3288 posse
662 3218 881 3273 omnino
902 3218 1166 3274 videatur.
1183 3217 1417 3289 Tempus
1444 3219 1604 3288 igitur
1623 3220 1712 3275 ille
1729 3232 1916 3291 aperte

325 3309 550 3373 iudicat,
602 3326 723 3364 cum
778 3317 963 3364 narrat
1009 3324 1071 3365 se
1118 3325 1288 3381 nuper
1334 3310 1402 3366 ad
1457 3313 1777 3367 monasteria
1830 3328 1917 3370 se-

398 3490 588 3547 Scribit
620 3490 859 3545 adversus
895 3499 1266 3563 Oppugnatores
1295 3492 1409 3547 vita:
1439 3492 1915 3548 ntonasticaialios-

322 3601 438 3655 que.
484 3578 565 3625 -—‘
616 3584 809 3639 Valens
863 3584 1196 3655 Imperator,
1243 3585 1333 3654 qui
1383 3586 1633 3642 Arianam
1681 3585 1912 3642 lttcresin

324 3676 652 3741 sectabatur,
684 3676 797 3731 dira
830 3677 880 3731 in
907 3675 1246 3751 Catholicos,
1290 3678 1627 3749 maximeque
1652 3679 1704 3732 in
1730 3696 1913 3734 mona-

324 3769 455 3822 chos
484 3767 703 3821 molitus
730 3775 832 3822 est.
863 3766 1203 3838 Tamenque,
1231 3767 1356 3822 dum
1374 3767 1553 3841 frater
1578 3769 1694 3840 ejus
1720 3768 1912 3825 Valen-

325 3858 561 3932 tinianus
586 3858 703 3928 pius
727 3866 781 3913 et
805 3856 1111 3912 Catholicus
1140 3858 1380 3923 viveret,
1416 3873 1485 3913 ne
1514 3857 1732 3916 fratrem
1760 3875 1914 3915 com-

325 3956 590 4012 moveret,
618 3964 645 3999 τι
667 3948 949 4003 vexatione
974 3947 1255 4003 inferenda
1278 3947 1589 4004 desistebat.
1624 3949 1913 4020 Postquam

324 4046 506 4092 autem
532 4035 935 4097 Valentinianus
959 4051 991 4091 e
1014 4036 1152 4091 vivis
1185 4046 1490 4092 excesserat
1528 4053 1668 4093 anno
1694 4040 1829 4105 574,
1862 4041 1913 4095 in

324 4126 634 4181 Catholicos
659 4125 873 4194 impune
897 4135 1209 4195 grassatur,
1252 4127 1587 4197 maximeque
1632 4128 1682 4182 in
1723 4145 1912 4184 mona-

323 4216 490 4281 chos;
540 4230 676 4286 quos
710 4215 868 4286 jussit
895 4232 959 4271 ex
984 4216 1198 4272 sedibus
1227 4217 1385 4287 pelli,
1416 4218 1481 4271 ad
1512 4218 1753 4273 militiam
1781 4235 1912 4275 (ξοη-

323 4307 509 4371 scribi,
538 4316 593 4362 et
620 4308 671 4361 in
699 4322 941 4362 carceres
966 4307 1179 4377 conjici.
1207 4308 1293 4363 Sic
1324 4308 1656 4363 Antiochiam
1686 4314 1911 4367 tumultu

325 4408 641 4468 terroreque
679 4398 902 4469 replevit
947 4400 1066 4468 (An.
1090 4398 1216 4454 575.
1250 4400 1327 4453 vel
1352 4400 1415 4454 37
1429 4399 1504 4471 ὃ).
1537 4400 1684 4457 Tunc
1711 4404 1915 4459 amicus

322 4490 543 4561 quidam
581 4490 801 4545 Joannis
839 4490 890 4544 in
922 4490 1207 4546 solitudine
1248 4490 1489 4562 degentis
1527 4493 1675 4559 illum
1704 4495 1835 4550 adiit
1859 4506 1915 4552 et

325 4589 573 4651 precatus
622 4589 744 4647 est,
803 4591 860 4635 ut
905 4581 1286 4637 monachorum
1332 4591 1387 4637 et
1436 4586 1743 4641 monasticce
1790 4587 1912 4642 vitae

322 4685 542 4725 causam
584 4670 892 4726 defenderet
933 4670 1135 4742 (Chrys.
1166 4673 1289 4729 ιιι.
1330 4678 1428 4733 col.
1481 4678 1585 4733 5'20
1652 4685 1699 4729 et
1728 4680 1908 4748 scqq.).

321 4760 462 4817 Rem
504 4771 609 4815 tam
637 4762 922 4817 immanem
951 4762 1035 4815 vix
1073 4762 1291 4816 credere
1320 4771 1528 4831 poterat
1550 4762 1784 4821 Joannes
1813 4784 1825 4819 :
1858 4778 1913 4822 at

326 4854 418 4909 ubi
442 4869 505 4909 ex
531 4853 689 4908 amici
706 4862 918 4908 narratu
947 4855 1277 4909 verissimam
1304 4870 1425 4910 esse
1454 4858 1735 4925 comperit,
1766 4867 1913 4915 tanto

324 4944 607 5015 perculsus
647 4943 831 5000 dolore
878 4945 1008 5012 luit,
1068 4955 1125 4999 ut
1171 4945 1222 4999 in
1274 4944 1536 5017 lacrymas
1582 4958 1909 5019 erumperet,

328 5040 604 5108 Deumque
633 5048 973 5108 precaretur,
1006 5039 1081 5093 uti
1109 5053 1169 5095 se
1195 5053 1266 5093 ex
1302 5038 1404 5095 hac
1433 5041 1539 5094 vita
1570 5041 1807 5108 tolleret,
1841 5058 1911 5099 ne

323 5126 521 5184 similia
563 5126 745 5183 videre
789 5136 1090 5199 cogeretur.
1146 5126 1280 5182 Tum
1326 5129 1485 5198 islqui
1518 5138 1772 5196 venerat,
1805 5147 1911 5186 non

321 5217 433 5287 jam
468 5226 676 5287 tempus
721 5216 1050 5289 lacrymandi
1088 5232 1207 5273 esse
1245 5217 1413 5285 dixit,
1460 5219 1554 5273 sed
1588 5229 1733 5273 tanto
1772 5222 1912 5275 man

325 5308 715 5365 occurrendum
738 5323 885 5374 esse,
937 5308 1077 5379 quod
1107 5310 1220 5380 ipse
1259 5318 1502 5379 poterat,
1557 5311 1601 5365 si
1656 5313 1911 5382 scriptum

326 5400 545 5466 ederet,
601 5414 707 5469 quo
756 5400 1062 5455 violentiam
1118 5399 1419 5470 huiusmodi
1472 5401 1660 5479 sedare
1708 5413 1907 5472 posset.

328 5490 636 5561 Respondet
675 5490 907 5547 Joannes
953 5501 1192 5548 metuere
1220 5507 1279 5548 se
1308 5508 1376 5548 ne
1403 5493 1629 5564 gentiles
1660 5494 1912 5550 Ecclesiae

330 5584 421 5639 Dei
443 5582 782 5648 insultarent,
811 5583 856 5639 si
883 5583 1019 5638 mala
1048 5583 1162 5653 ejus
1182 5599 1245 5639 ex
1270 5585 1467 5654 scripto
1495 5599 1591 5639 suo
1619 5586 1906 5642 discerent.

331 5674 559 5742 Iiepouit
608 5673 732 5737 ille,
783 5672 927 5727 ista‘c
971 5672 1147 5727 omnia
1193 5672 1301 5742 jam
1346 5674 1572 5743 gentiles
1602 5689 1908 5744 cognosse:

329 5762 766 5835 Christianasque
816 5779 931 5820 csse
977 5763 1274 5835 multosque
1321 5764 1417 5821 sibi
1449 5774 1615 5820 ’tmtos
1657 5765 1745 5836 qui
1788 5766 1908 5821 talia

2042 486 2429 547 perpetrarent.
2475 475 2608 532 Tum
2640 493 2766 536 vero
2801 478 3036 537 Joannes
3064 486 3298 542 amicum
3321 485 3619 560 dimittens,

2033 583 2092 621 se
2121 567 2173 622 id
2205 567 2462 649 iacturum
2494 570 2763 639 pollicitus
2790 582 2872 631 est
2904 591 2916 627 :
2946 584 3109 646 atque
3132 575 3293 634 hosce
3317 588 3428 639 tres
3454 583 3620 639 libros

2031 660 2217 715 edidit.
2252 658 2450 717 Prioris
2476 663 2661 718 titulus
2687 674 2787 731 est,
2819 666 3071 723 Adversus
3101 669 3485 743 Oppugnatores
3504 675 3617 731 vita

2032 746 2322 807 monasticis
2351 770 2370 808 :
2400 754 2712 812 insecundo
2730 799 2746 823 ,
2771 758 2856 812 cui
2884 759 3065 816 titulus
3089 802 3104 824 ,
3131 761 3214 817 Ad
3238 764 3496 832 inﬁdelem
3520 785 3619 839 pa-

2033 851 2187 908 trem,
2229 843 2370 898 idem
2408 852 2775 912 argumentum
2809 851 3145 920 persequitur
3173 871 3187 906 :
3222 854 3275 909 in
3310 858 3501 923 tertio,
3534 862 3617 915 cui

2033 932 2245 997 titulus,
2277 934 2359 987 Ad
2382 934 2583 1003 ﬁdelem
2608 946 2833 1006 patrem,
2865 954 2979 995 rem
3008 944 3308 1000 accuratius
3338 948 3611 1017 expendit,

2029 1024 2367 1106 ostenditque
2408 1041 2567 1097 quant
2606 1028 2823 1086 dimciie
2865 1031 2935 1085 sit
2964 1032 3014 1087 in
3046 1034 3245 1090 mundo
3272 1042 3502 1096 versanti
3529 1058 3617 1097 sa-

2029 1115 2190 1171 lutem
2217 1119 2489 1189 consequi,
2522 1129 2575 1175 et
2592 1119 2729 1177 ﬁlios
2749 1123 3042 1179 secundum
3060 1125 3420 1185 Christianam
3446 1133 3615 1205 legem

2027 1207 2274 1264 educare.
2318 1209 2374 1265 in
2401 1213 2759 1269 masculorum
2789 1231 2918 1271 vero
2946 1220 3317 1278 concubitores
3356 1228 3620 1285 acerrime

2032 1299 2344 1355 invehitur:
2377 1303 2521 1372 quod
2566 1305 2829 1360 nefarium
2876 1310 3050 1366 scelus
3075 1312 3372 1369 Antiochia.-
3414 1317 3483 1373 ita
3531 1319 3617 1375 in-
3660 1318 3663 1321 ’

2025 1391 2286 1457 valuerat,
2320 1402 2376 1447 ut
2403 1393 2697 1462 periculum
2729 1406 2893 1464 esset,
2924 1399 3112 1471 inquit,
3145 1420 3214 1459 ne
3240 1421 3406 1463 sexus
3427 1410 3616 1466 mulie-

2027 1481 2138 1536 bris
2180 1480 2291 1551 jam
2341 1484 2644 1553 superﬂuus
2698 1488 3022 1546 efficeretur.
3081 1493 3139 1548 in
3190 1499 3426 1561 secundo
3479 1502 3618 1557 libro

2027 1569 2302 1626 historiam
2331 1572 2496 1629 refert
2534 1575 2809 1646 cujusdam
2848 1580 3005 1635 amici
3043 1583 3123 1637 sui
3148 1624 3164 1648 ,
3211 1589 3300 1655 qui
3337 1590 3617 1645 solitariam

2026 1660 2457 1732 sitamamplezus
2479 1669 2644 1735 fuerat
2669 1680 2689 1721 :
2718 1669 2864 1738 cujus
2885 1680 3027 1751 pater
3053 1672 3275 1741 infidelis
3298 1690 3423 1747 erat,
3456 1683 3613 1749 dices,

2025 1762 2281 1821 spectatus
2308 1763 2354 1808 et
2383 1755 2711 1811 clarissimus.
2757 1758 2815 1812 Is
2861 1764 3079 1829 primum
3124 1770 3391 1823 concitavit
3426 1774 3619 1842 princi-

2027 1861 2133 1913 pes,
2161 1845 2383 1901 minatus
2403 1857 2475 1902 est
2504 1849 2724 1917 cincala,
2758 1852 3027 1924 ipsumque
3041 1857 3206 1925 [ilium
3234 1863 3465 1919 omnibus
3490 1883 3614 1922 exu-

2028 1946 2136 1992 tum
2162 1940 2216 1993 in
2243 1940 2410 1996 aliena
2436 1951 2570 1997 terra
2599 1943 2800 2013 reliquit
2823 1986 2838 2011 ,
2869 1951 3159 2005 necessariis
3186 1953 3336 2008 etiam
3364 1957 3618 2015 alimentis

2026 2039 2248 2098 egentem
2272 2022 2298 2085 ἰ
2325 2030 2419 2086 hoc
2442 2032 2592 2087 modo
2618 2044 2803 2103 putans
2828 2036 3052 2091 seillam
3071 2041 3139 2093 ad
3156 2044 3335 2098 siccati
3358 2047 3508 2101 vitam
3537 2066 3619 2105 re-

2025 2120 2320 2175 ducturum.
2343 2121 2620 2194 Postquam
2636 2127 2962 2182 autemillum
2991 2130 3045 2183 in
3066 2132 3209 2187 nullo
3233 2136 3328 2188 sibi
3342 2138 3516 2194 cedere
3542 2142 3617 2194 vi-

2025 2209 2130 2275 dit,
2154 2212 2312 2266 victus
2328 2213 2529 2268 tandem
2559 2216 2871 2284 palinodiam
2891 2219 3087 2274 cecinit.
3110 2221 3183 2276 Ac
3203 2226 3402 2281 nuncin
3427 2229 3618 2286 [tonare

2024 2302 2189 2369 ﬁlium
2215 2304 2363 2359 habet
2381 2346 2396 2372 ,
2429 2322 2640 2378 euntque
2670 2301 2832 2380 magis
2853 2350 2868 2374 ,
2904 2327 3055 2381 quant
3080 2315 3126 2368 si
3149 2324 3293 2385 pater
3319 2335 3439 2373 suus
3460 2333 3608 2390 esset,

2022 2401 2289 2447 veneratur
2317 2412 2337 2451 :
2363 2410 2575 2465 cumque
2598 2396 2730 2452 alios
2768 2400 2947 2454 habeat
2991 2402 3127 2470 ﬁlivs
3146 2431 3166 2469 ι,
3208 2418 3491 2477 spectatos,
3523 2430 3612 2468 eos

2022 2499 2086 2538 ne
2111 2485 2291 2556 dignos
2319 2487 2521 2556 quidem
2558 2490 2647 2562 qui
2663 2494 2808 2546 servi
2839 2488 2993 2565 hujus
3022 2496 3123 2551 sint
3157 2498 3442 2563 arbitratur,
3464 2518 3484 2559 :
3502 2506 3616 2576 ipse

2022 2592 2227 2646 quoque
2252 2588 2459 2649 propter
2486 2581 2653 2649 ﬁlium
2675 2577 2827 2654 longe
2849 2585 3037 2641 clarior
3056 2598 3154 2642 est;

2095 2666 2150 2721 ln
2190 2669 2554 2726 tertioautem
2585 2671 2722 2728 libro
2767 2674 2989 2731 alteram
3035 2677 3199 2736 refert
3228 2681 3504 2743 historiam
3526 2688 3615 2759 ju-

2021 2762 2176 2814 venis
2204 2762 2480 2832 cujusdam
2509 2763 2865 2834 nobilissimi,
2894 2769 3044 2838 cujus
3076 2773 3395 2847 paedagogus
3427 2795 3614 2836 mena-

2020 2849 2155 2904 chus
2180 2860 2316 2929 erat,
2344 2868 2375 2908 a
2404 2871 2510 2925 quo
2539 2857 2830 2929 ptedagogo
2853 2868 3019 2919 totum
3040 2862 3276 2922 JOanoes
3301 2868 3609 2929 edidicerat.

2023 2940 2254 3011 Hujusce
2281 2945 2430 3012 pueri
2453 2955 2603 3015 pater
2633 2948 2918 3006 Christiani
2948 2951 3120 3009 olficia
3145 2972 3330 3025 parum
3365 2964 3605 3032 curabat,

2021 3042 2191 3087 mater
2232 3048 2360 3089 vero
2402 3036 2598 3104 pietate
2637 3040 2860 3107 praedita
2904 3053 3021 3097 erat
3058 3055 3113 3099 et
3158 3047 3443 3107 admodum
3487 3057 3613 3111 reli-

2020 3122 2189 3191 giosa.
2238 3124 2398 3180 Pater
2444 3126 2610 3213 lilium
2657 3128 2724 3185 ad
2772 3132 3058 3189 Saeculares
3104 3138 3277 3193 solum
3321 3142 3608 3213 dignitates

1966 3250 1971 3254 ι
2020 3228 2338 3283 promovere
2383 3208 2684 3288 cogitabat;
2733 3231 2905 3278 mater
2936 3240 3069 3281 vero
3098 3225 3149 3282 id
3181 3246 3341 3286 unum
3363 3208 3605 3303 curabat,

2021 3313 2078 3357 ut
2118 3305 2365 3397 perrvitte
2410 3309 2746 3367 sanctitatem
2794 3329 3016 3385 regnum
3046 3320 3259 3377 czeleste
3288 3338 3607 3397 mereretur,

2019 3402 2073 3449 et
2100 3395 2313 3465 quidem
2346 3414 2443 3468 per
2473 3400 2595 3456 vita:
2637 3407 2949 3462 monasticae
2977 3411 3252 3468 exercitia.
3297 3414 3376 3470 Ex
3403 3395 3605 3475 educas

2021 3485 2178 3577 tionis
2205 3497 2383 3543 autem
2410 3491 2568 3548 modo
2596 3502 2762 3549 totum
2792 3498 3055 3566 pendebat
3085 3520 3098 3555 :
3127 3517 3448 3577 quapropter
3474 3527 3610 3568 con-

2011 3575 2125 3646 jugi
2166 3577 2333 3633 suasit
2376 3588 2434 3635 ut
2463 3581 2610 3637 illum
2642 3586 2979 3642 Antiochiam
3014 3592 3289 3662 mitteret,
3320 3575 3376 3652 ut
3401 3599 3471 3655 ibi
3502 3603 3606 3657 litt-

2017 3682 2174 3737 guam
2215 3668 2455 3733 Latinam
2490 3682 2542 3729 et
2569 3673 2808 3732 Graecam
2835 3679 3095 3737 edisceret
3122 3695 3405 3758 antequam
3434 3692 3609 3751 balteo

2021 3759 2633 3855 prxcingereturgaqu-e
2661 3765 2825 3822 baltei
2854 3772 3167 3840 praecinctio
3196 3786 3320 3833 tunc
3347 3780 3414 3835 ad
3442 3766 3617 3855 magi-9

2019 3857 2219 3904 stratus
2257 3860 2311 3906 et
2359 3852 2725 3910 nobilissimos
2772 3857 2917 3914 viros
2966 3862 3282 3929 pertinebat.
3339 3866 3448 3925 Sub
3491 3852 3607 3930 haec

2017 3948 2193 3994 autem
2225 3942 2531 3998 solitarium
2552 3960 2618 4000 ex
2661 3949 2929 4023 montibus
2972 3957 3251 4023 evocavit,
3299 3959 3368 4013 ab
3406 3962 3604 4034 illoque

2022 4032 2210 4099 petiit,
2254 4042 2311 4087 ut
2339 4034 2430 4089 lilii
2460 4037 2541 4091 sui
2570 4038 2906 4097 Antiochiam
2934 4043 2999 4098 ad
3038 4047 3208 4103 studia
3240 4051 3480 4110 mittendi
3512 4032 3607 4113 eu-

2019 4139 2132 4178 ram
2166 4126 2410 4195 haberet,
2447 4129 2654 4201 ipsique
2681 4136 2953 4206 ptedagogi
2983 4136 3101 4193 loco
3123 4152 3283 4197 esset.
3310 4143 3605 4206 Obuiteba—

2021 4228 2108 4272 tur
2133 4217 2222 4273 ille
2250 4234 2312 4275 ac
2354 4220 2604 4289 dicebat,
2658 4223 2709 4278 id
2742 4224 2908 4281 officii
2954 4243 3059 4283 non
3105 4248 3261 4301 posse
3299 4251 3606 4309 competere

2019 4310 2302 4366 monacho.
2356 4312 2424 4367 At
2462 4314 2549 4367 illa
2591 4314 2803 4371 obnixis
2834 4320 3082 4387 precibus
3120 4326 3230 4379 tam
3262 4329 3608 4389 vehementer

2019 4401 2244 4467 institit,
2303 4412 2359 4457 ut
2408 4404 2621 4460 demum
2675 4409 2970 4465 monachus
3017 4412 3419 4485 obsequerethr.
3472 4421 3605 4479 Cutn

2019 4510 2185 4563 puero
2234 4496 2391 4565 igitur
2433 4494 2768 4553 Antiochiam
2820 4503 2987 4557 venit.
3042 4503 3277 4563 Joannes
3304 4525 3467 4578 vero,
3515 4518 3603 4586 qui

2018 4594 2142 4643 tunc
2173 4586 2223 4639 iu
2255 4588 2384 4641 urbe
2411 4597 2561 4653 erat,
2608 4599 2660 4644 et
2692 4590 2836 4645 illum
2868 4592 2921 4647 in
2962 4599 3285 4653 monasterio
3327 4601 3606 4673 degentem

2016 4678 2253 4745 viderat,
2314 4690 2653 4749 percontatus
2697 4691 2782 4737 est
2823 4684 2947 4753 quid
2991 4701 3165 4743 causa
3209 4703 3352 4747 esset
3401 4704 3457 4749 ut
3500 4698 3608 4753 tale

2018 4768 2252 4824 ofﬁcium
2283 4771 2597 4841 susciperet.
2654 4773 2746 4829 Ille
2775 4790 2903 4831 vero
2933 4793 3046 4833 rem
3074 4784 3308 4839 narravit
3338 4795 3394 4840 ut
3422 4802 3606 4858 supra.

2018 4857 2358 4928 Puerumque
2385 4862 2462 4915 sic
2483 4860 2849 4927 instituit,.sic
2876 4864 2943 4921 ad
2972 4872 3282 4928 monastica:
3315 4875 3434 4931 vita:
3458 4857 3611 4933 amo-

2018 4966 2131 5005 rem
2173 4949 2522 5006 inﬂammavit
2542 4995 2555 5018 ,
2592 4964 2655 5007 ιιι·
2677 4956 2834 5024 paulo
2864 4968 3049 5027 postea
3072 4960 3122 5015 in
3147 4963 3491 5023 solitudinem
3518 4986 3610 5027 se-

2017 5042 2264 5107 cederet,
2298 5051 2352 5097 et
2381 5043 2449 5097 ibi
2483 5046 2830 5104 monasticam
2858 5048 3020 5103 vitam
3060 5065 3355 5111 exerceret.
3404 5058 3604 5117 Verum

2015 5132 2248 5187 Joannes
2294 5144 2477 5189 noster
2523 5145 2768 5192 metuens
2809 5154 2876 5194 ne
2902 5150 3053 5209 pater
3077 5142 3231 5212 ejus,
3280 5147 3371 5217 qui
3416 5160 3607 5211 natura

2019 5221 2302 5279 iracundus
2330 5233 2445 5279 erat
2466 5265 2480 5288 ,
2518 5225 2831 5283 infurorem
2858 5244 3064 5299 versus,
3096 5244 3150 5288 et
3178 5236 3524 5308 pmdagogum
3553 5253 3611 5298 et

2018 5315 2312 5370 monachos
2353 5316 2494 5370 male
2535 5318 2823 5387 multaret,
2869 5320 3087 5378 domum
3121 5338 3363 5396 repetere
3387 5334 3605 5404 coegit:

2016 5403 2105 5458 ubi
2136 5403 2226 5460 ille
2255 5406 2600 5492 akpmdagogo
2628 5408 2705 5464 sic
2730 5409 3006 5468 institutus
3030 5455 3044 5477 ,
3078 5414 3292 5473 lectioni
3317 5418 3608 5492 Scriptum

2017 5508 2182 5549 sacrm
2206 5536 2220 5559 ,
2262 5489 2508 5565 jejuniis,
2538 5499 2730 5568 vigiliis
2756 5502 3071 5574 ueterisque
3098 5509 3407 5567 monasticis
3437 5489 3610 5569 excr-

2017 5586 2157 5642 ciliis
2181 5587 2339 5643 dabat
2370 5605 2598 5659 operam
2631 5609 2644 5645 :
2675 5607 2902 5664 cumque
2944 5595 3155 5667 ingenio
3197 5601 3431 5671 valeret,
3474 5608 3609 5664 alios

2017 5677 2177 5732 etiam
2220 5694 2412 5747 pueros
2464 5680 2528 5734 ad
2574 5680 2801 5751 idipsum
2848 5686 2972 5740 vita:
2999 5702 3170 5757 genus
3194 5690 3398 5747 allcxit.
3449 5694 3608 5753 Pater

2022 5785 2145 5823 vero
2176 5770 2337 5840 ipsius
2371 5771 2499 5827 nihil
2531 5788 2635 5829 non
2662 5775 2764 5846 egit
2799 5776 3023 5834 utilium
3044 5778 3109 5835 ab
3138 5779 3237 5839 hoc
3269 5783 3387 5839 vitae
3410 5801 3607 5858 genere
