4264 6306
677 320 740 375 95
1768 314 1821 366 s.
1854 311 2130 366 mmsis
2166 310 2641 367 cunvsosrout
2686 314 2863 378 \‘lTA,
3872 324 3943 378 se

675 444 973 499 averteret;
1003 446 1052 488 at
1082 433 1171 490 ille
1199 434 1421 489 feliciter
1438 432 1625 498 emptis
1654 431 1721 483 ita
1754 429 1973 483 firmiter
1999 428 2253 483 lucrebat.

678 539 732 582 ut
761 527 890 581 nihil
920 535 1099 597 posset
1120 541 1241 581 eum
1266 525 1370 578 alio
1395 518 1677 577 abducere.

752 616 951 671 Eodem
990 617 1203 671 circiter
1233 625 1472 682 tempore
1500 613 1743 666 emisisse
1787 610 1996 664 videtur
2023 609 2255 678 Chryso—

678 719 883 764 stomus
929 707 1240 777 opusculum
1282 703 1417 759 illud
1450 703 1698 770 elegans,
1741 700 1882 771 quod
1930 699 2254 762 inscribitur,

678 801 1004 869 (.‘omparatio
1036 799 1189 867 Regis
1214 809 1261 852 et
1286 796 1525 851 Monachi
1552 793 1637 866 (Τ.
1666 795 1718 848 1.
1745 808 1790 843 c.
1816 792 1916 844 387
1937 791 1981 862 ).
2011 790 2107 844 llic
2131 802 2258 845 vero

680 890 869 960 probat
909 905 1031 943 ettm
1072 889 1160 959 qui
1197 884 1545 957 ριιίιοδοριιὶξε
1570 925 1585 949 ,
1618 883 1668 938 id
1694 894 1775 938 ρει
1801 882 1924 935 vita:
1954 880 2257 935 monasticae

678 985 770 1038 dat
798 997 1048 1051 operam,
1100 994 1276 1049 regem
1302 992 1427 1032 vere
1454 976 1557 1031 dici
1588 990 1779 1045 posse;
1820 976 1925 1027 imo
1954 987 2078 1040 rege
2099 970 2256 1025 ditio-

679 1088 793 1127 rem
831 1082 885 1128 et
929 1071 1280 1141 potentiorem
1305 1111 1320 1134 ,
1351 1070 1402 1123 in
1445 1067 1584 1122 bello
1616 1060 1887 1145 fortiorem
1912 1103 1928 1129 ,
1958 1062 2259 1118 hominibus

678 1163 1017 1219 demerendis
1044 1175 1108 1216 ac
1138 1159 1398 1215 beneficio
1424 1154 1676 1213 ornandis
1712 1155 1969 1224 aptiorem
1993 1195 2007 1219 ,
2037 1151 2087 1206 in
2114 1152 2257 1207 obitu

678 1254 993 1309 beatiorem.

751 1344 819 1399 1n
869 1344 1108 1414 spelunca
1149 1359 1240 1412 per
1282 1342 1536 1395 biennium
1578 1340 1801 1393 inclusus
1849 1336 2031 1390 manet.
2078 1365 2147 1374 —
2200 1332 2255 1387 In

681 1436 948 1490 montibus
993 1443 1048 1489 et
1091 1434 1145 1487 in
1193 1432 1548 1487 tabernaculis
1598 1428 1979 1483 monachorum
2026 1426 2259 1480 Joannes

680 1534 861 1579 noster
890 1538 984 1593 per
1008 1522 1416 1592 quadriennium
1445 1508 1725 1575 asCeticam
1751 1520 1859 1587 egit
1890 1519 2049 1571 vitam
2080 1514 2101 1585 (
2125 1513 2251 1567 Pat-

681 1613 789 1666 (ad.
814 1630 867 1683 p.
898 1606 989 1683 41)
1012 1651 1027 1675 .
1080 1612 1132 1666 in
1173 1611 1391 1682 jejuniis
1415 1651 1429 1676 ,
1459 1610 1649 1681 vigiliis
1674 1649 1688 1672 ,
1717 1608 2044 1678 psalmorum
2074 1614 2255 1670 cantu,

680 1704 996 1771 exterisque
1023 1702 1282 1769 ejusmodi
1308 1696 1575 1755 exercitiis
1605 1698 1745 1755 diem
1771 1709 1826 1753 et
1863 1706 2065 1767 partem
2091 1696 2260 1749 noctis

684 1795 967 1847 maximam
998 1794 1294 1862 transigens
1317 1833 1333 1857 ,
1356 1792 1481 1854 ,solo
1505 1806 1640 1859 pane
1665 1799 1719 1845 et
1746 1804 1901 1859 aqua,
1931 1789 2125 1842 additis
2151 1788 2258 1841 for-

682 1894 824 1938 tasse
854 1883 1089 1938 oleribus
1110 1884 1193 1938 vel
1217 1882 1587 1952 leguminibus,
1613 1878 1864 1936 Victitans
1893 1896 1908 1935 :
1940 1894 2111 1949 neque
2144 1883 2255 1932 tam

680 1983 866 2028 severa
903 1971 1180 2042 disciplina
1206 1983 1261 2027 et
1287 1972 1454 2028 victus
1497 1971 1702 2027 ratione
1740 1970 2013 2026 remissior
2041 1968 2259 2024 effectus

680 2076 800 2130 esr,
850 2066 955 2119 imo
987 2080 1112 2119 vero
1140 2064 1410 2120 ardentior
1435 2063 1638 2129 evasit,
1678 2070 1734 2117 et
1760 2071 1877 2131 post
1898 2070 2129 2131 quatuor
2150 2060 2258 2113 ela-

684 2169 810 2224 psos
834 2170 1003 2209 annos
1030 2155 1082 2209 in
1112 2155 1421 2226 Speluncam
1452 2169 1511 2210 se
1538 2153 1687 2209 solus
1717 2152 1946 2207 inclusit.
1974 2149 2109 2217 Quid
2136 2165 2262 2204 vero

682 2242 801 2300 istic
829 2250 1030 2315 ageret,
1060 2262 1163 2299 non
1193 2256 1276 2301 est
1300 2245 1698 2316 disquirendum
1724 2286 1740 2309 ,
1775 2259 1949 2314 neque
1977 2258 2005 2297 a
2034 2243 2259 2311 scripto-

680 2336 827 2390 ribus
873 2345 1157 2401 narratur,
1208 2344 1411 2390 certum
1462 2345 1636 2390 tamen
1682 2334 1765 2389 est.
1810 2350 1930 2388 eum
1980 2332 2110 2388 nihil
2154 2348 2257 2387 non

680 2424 853 2493 egisse
877 2432 936 2477 ut
958 2438 1173 2478 carnem
1197 2424 1440 2480 domaret
1475 2433 1529 2478 et
1572 2424 1681 2478 Deo
1716 2421 2037 2477 ferventiore
2062 2422 2255 2492 junge-

682 2512 829 2568 retttr
850 2528 1050 2567 amore.
1080 2512 1180 2567 Per
1209 2514 1479 2568 biennium
1508 2515 1682 2568 autem
1713 2512 1830 2567 istic
1858 2512 2093 2566 inclusus
2118 2527 2259 2565 man-

680 2603 770 2668 Sit,
798 2603 1065 2671 longiores
1090 2602 1228 2659 haud
1246 2604 1405 2659 dubie
1428 2605 1666 2658 facturus
1683 2619 1879 2669 moras,
1911 2605 2009 2657 nisi
2035 2604 2256 2657 adversa

677 2680 981 2746 valetudine
1019 2692 1267 2747 laborans
1288 2734 1306 2758 ,
1352 2708 1416 2747 ex
1464 2694 1711 2763 spelunca
1738 2702 1791 2749 et
1816 2708 1879 2749 ex
1908 2693 2174 2747 montibus
2203 2693 2255 2747 in

683 2782 867 2837 urbem
919 2781 1094 2837 redire
1144 2792 1359 2838 coactus
1412 2792 1574 2839 esset.
1641 2782 1771 2837 Illud
1820 2794 1948 2838 vero
1995 2783 2256 2837 accidisse

678 2872 897 2924 omnino
942 2868 1149 2925 videtur
1193 2886 1333 2925 anno
1377 2872 1486 2940 jam
1536 2872 1775 2927 vertente
1824 2870 1928 2927 380
1958 2890 1970 2926 :
2000 2872 2071 2926 ita
2112 2869 2255 2926 enim

677 2956 943 3015 Constabit
965 2977 993 3014 a
1016 2962 1169 3015 nobis
1186 2962 1474 3016 constituta
1496 2971 1793 3032 temporum
1811 2963 1947 3016 ratio
1967 2980 1979 3015 :
2003 2962 2047 3016 si
2066 2963 2256 3033 nempe

679 3051 764 3104 vel
798 3055 1037 3105 vertente
1061 3066 1199 3103 anno
1224 3049 1349 3116 574,
1374 3051 1456 3106 vel
1483 3051 1698 3106 ineunte
1719 3051 1843 3116 575.
1876 3050 1941 3109 ad
1960 3062 2173 3105 montes
2200 3061 2256 3105 et

680 3141 1001 3195 monasteria
1041 3156 1099 3195 se
1125 3141 1412 3195 contulerit
1429 3181 1443 3207 ,
1474 3140 1649 3211 ibique
1674 3154 1769 3197 sex
1793 3157 1962 3197 annos
1986 3151 2077 3197 aut
2099 3143 2255 3199 circi-

681 3242 762 3285 ter
788 3231 1136 3301 transegerit,
1163 3240 1221 3286 ut
1246 3231 1512 3287 Palladius
1539 3231 1720 3288 refert.

748 3320 906 3374 Annis
934 3321 1056 3387 580,
1089 3320 1211 3375 331.
1241 3322 1424 3377 Redua:
1442 3322 1646 3376 domum
1673 3314 1843 3377 scribit
1862 3324 1930 3376 ad
1946 3323 2246 3395 Slagirium.

680 3404 742 3463 Τ.
778 3410 829 3465 1.
861 3428 908 3470 ε.
931 3414 1051 3471 425.
1083 3410 1356 3465 —Redux
1380 3404 1595 3466 domum
1616 3422 1670 3467 et
1691 3412 1995 3469 infirmitate
2014 3416 2251 3484 corporis

679 3502 926 3555 iahorans
965 3502 1200 3556 inclusus
1245 3515 1460 3557 manere
1485 3503 1810 3573 cogebatur,
1856 3503 2249 3561 advenientium

673 3591 880 3645 visendi
916 3606 1074 3645 causa
1102 3591 1391 3647 amicorum
1424 3594 1703 3663 colloquiis
1735 3595 1969 3648 animum
1999 3611 2249 3653 recreans

673 3690 727 3736 et
756 3682 1082 3753 mgritudinis
1111 3683 1445 3737 incommoda
1478 3684 1703 3739 leniens.
1748 3686 1912 3740 Paulo
1963 3695 2082 3755 post
2122 3687 2242 3741 red-

680 3772 811 3826 itum
839 3774 1011 3837 suum,
1037 3783 1086 3827 et
1116 3772 1351 3841 quidem,
1384 3773 1427 3827 si
1455 3773 1821 3829 Socrati'ftdes
1851 3776 1939 3843 sit,
1970 3785 2245 3845 postquam

672 3862 927 3916 diaconus
956 3876 985 3914 a
1013 3860 1221 3917 Meletio
1248 3862 1521 3917 ordinatus
1560 3862 1752 3930 fuerat,
1782 3864 1946 3919 libros
1972 3865 2037 3931 ad
2069 3866 2243 3935 Stagi-

670 3948 809 4003 rium
836 3966 867 4003 a
892 3950 1134 4006 da'mone
1178 3963 1418 4006 vexatum
1444 3994 1459 4020 ,
1504 3962 1557 4009 et
1596 3955 1696 4008 sibi
1728 3965 1882 4010 antea
1910 3942 2243 4023 familiarem,

673 4039 887 4108 Scripsit
931 4054 1071 4094 anno
1108 4041 1213 4095 380
1247 4049 1524 4109 vertente,
1566 4045 1647 4099 vel
1677 4045 1771 4099 58l
1812 4046 2043 4101 ineunte.
2095 4046 2244 4113 Quod

667 4137 843 4183 autem
872 4128 924 4183 id
954 4128 1149 4184 factum
1177 4133 1248 4184 sit
1272 4147 1392 4186 cum
1419 4132 1562 4187 domi
1588 4142 1750 4202 esset,
1770 4144 1823 4190 et
1849 4137 2036 4205 capitis
2060 4139 2244 4194 dolore

667 4217 1011 4287 corporisque
1061 4219 1367 4275 infirmitate
1412 4222 1658 4277 detentus
1690 4226 1869 4294 egredi
1903 4241 2008 4279 non
2040 4238 2239 4296 posset,

670 4305 785 4374 ipse
810 4304 1045 4360 declarat
1073 4308 1223 4361 initio
1246 4309 1402 4378 primi
1443 4309 1560 4364 libri
1590 4311 1673 4366 his
1698 4315 1908 4368 verbis:
1940 4314 2244 4385 Oportuerat

666 4394 755 4448 itas
782 4396 869 4447 tibi
891 4410 1027 4448 nunc
1050 4396 1224 4451 adesse
1245 4439 1259 4464 ,
1283 4408 1430 4466 atque
1458 4401 1510 4453 in
1533 4415 1871 4456 mrumnarum
1898 4415 2099 4457 tuarum
2124 4423 2242 4459 con-

662 4487 872 4539 sortium
895 4487 1108 4540 transire
1126 4529 1139 4553 ,
1166 4504 1227 4542 ac
1246 4489 1405 4543 verbis
1429 4489 1739 4545 exhortando
1762 4533 1776 4556 ,
1814 4498 1963 4563 opere
1987 4496 2239 4573 juvando,

668 4586 946 4647 cunctaque
969 4578 1163 4647 reliqua
1191 4594 1283 4646 pro
1314 4579 1444 4633 virili
1482 4590 1653 4633 nostra
1679 4592 1822 4651 parte
1857 4585 2119 4653 inferendo
2150 4587 2239 4639 ob-

662 4670 833 4734 sequia
854 4712 867 4735 ,
914 4679 1106 4739 portent
1134 4672 1356 4739 aliquam
1379 4673 1535 4726 lenire
1560 4676 1787 4728 maeroris
1816 4690 1836 4729 :
1864 4676 2099 4743 quoniam
2126 4693 2238 4730 vero

658 4768 706 4811 et
740 4759 962 4827 corporis
980 4760 1114 4813 mala
1139 4760 1368 4814 valetudo
1392 4784 1407 4827 ,
1438 4772 1483 4816 et
1509 4764 1729 4816 invectus
1758 4765 1808 4817 in
1841 4774 1989 4834 caput
2015 4776 2238 4819 nostrum

661 4848 842 4912 dolor,
890 4848 1027 4900 domi
1072 4864 1162 4903 nos
1191 4861 1393 4904 manere
1430 4845 1799 4920 compulerunt,
1830 4853 2066 4923 nobisque
2110 4857 2239 4908 tanti

660 4938 789 4990 lucri
819 4939 1145 4993 ministerium
1181 4942 1529 5007 abstulerunt;
1571 4944 1683 5012 jam
1712 4945 1845 5014 quod
1890 4945 2135 5015 reliquum
2166 4957 2239 5001 est

662 5043 753 5095 pro
775 5028 1114 5084 consofatio'n'e
1140 5039 1225 5083 tua
1251 5041 1298 5085 et
1325 5043 1417 5100 pro
1447 5033 1661 5086 utilitate
1691 5036 1861 5087 nostra
1887 5076 1901 5099 ,
1945 5035 2039 5088 hoc
2072 5045 2127 5089 ut
2152 5041 2234 5107 fa-

660 5113 824 5172 cultas
853 5116 1023 5171 nostra
1048 5120 1172 5186 [cret
1193 5162 1207 5183 ,
1233 5122 1468 5177 inducere
1498 5139 1597 5176 non
1619 5124 1951 5195 negligemus.

735 5208 858 5261 Ilu-b
900 5205 1049 5263 initio
1090 5210 1246 5263 Verba
1286 5209 1503 5264 Joannis
1532 5211 1844 5279 attulimus,
1892 5212 2044 5283 qu'cis
2070 5212 2234 5270 Tille-

660 5302 843 5353 moutii
870 5296 1155 5371 'objeiitioiii
1201 5303 1620 5371 respondeamus
1641 5346 1655 5367 ,
1686 5306 1777 5374 qui
1802 5306 1929 5360 dicit
1958 5324 1970 5360 :
1999 5307 2232 5364 Joannes

657 5390 832 5444 omnia
856 5407 971 5460 qua:
998 5392 1064 5445 de
1100 5393 1330 5462 Stagirio
1374 5394 1729 5449 narrabantur
1752 5437 1765 5461 ,
1820 5413 1876 5451 se
1906 5398 2119 5454 audisse
2148 5401 2233 5455 di-

657 5482 731 5536 cit
755 5501 768 5535 :
796 5482 842 5537 si
868 5498 995 5537 vero
1031 5485 1323 5539 Antiochia:
1350 5486 1567 5550 fuisset,
1599 5487 1818 5543 vidisset
1844 5490 1985 5559 ipse,
2020 5507 2115 5546 nec
2143 5508 2231 5548 so-

662 5570 768 5627 lum
808 5574 990 5629 auditu
1039 5576 1368 5645 percepisset
1413 5578 1479 5631 ab
1523 5578 1660 5633 aliis.
1707 5578 1859 5635 Unde
1909 5582 2070 5636 infert
2112 5591 2233 5640 tunc

660 5665 915 5722 JOaunem
958 5665 1009 5721 in
1050 5667 1335 5723 solitudine
1366 5670 1447 5725 vel
1480 5671 1530 5725 in
1569 5671 1856 5744 spelunca,
1908 5685 2009 5730 non
2034 5676 2225 5732 Antio.

2366 428 2500 483 enim
2530 429 2712 484 fuisse.
2745 429 2837 484 Cui
2869 431 3151 500 objectioni
3180 432 3410 490 Joannes
3433 452 3461 490 a
3494 453 3749 507 principio
3776 441 3918 508 aptis

2364 521 2499 574 sime
2561 521 2835 590 respondit
2881 534 2937 577 ut
2982 538 3141 593 supra
3176 544 3187 579 :
3221 520 3357 581 unde
3406 530 3568 597 .iquet
3609 532 3750 583 illum
3795 532 3943 587 domi

2369 608 2673 664 infirmitate
2705 611 3034 667 laborantem
3072 615 3183 670 ltmc
3212 616 3515 685 scripsisse,
3547 635 3649 673 non
3681 629 3856 674 autem
3889 625 3943 676 in

2364 700 2616 767 spelunca
2642 700 2943 770 degentem.

2435 781 2692 858 Stagirius
2716 792 2874 859 igitur
2893 793 3054 847 nobili
3080 794 3195 849 loco
3224 806 3396 863 natus,
3426 811 3455 850 a
3484 800 3679 854 teneris
3708 801 3758 854 in
3785 802 3943 855 (Iliri-

2365 880 2536 931 stiana
2566 878 2668 934 ﬁde
2697 880 2972 949 educatus,
3002 885 3261 954 principio
3281 887 3492 955 quidem
3522 891 3747 947 terrenis
3778 892 3944 946 rebus

2364 966 2607 1023 addictus
2636 977 2789 1035 erat;
2838 972 2931 1025 sed
2973 973 3119 1027 brevi
3167 985 3346 1043 postea
3376 977 3635 1034 abdicatis
3672 980 3942 1035 facultati-

2364 1056 2462 1110 bus
2488 1058 2775 1129 m‘undiqne
2800 1060 3024 1127 deliciis,
3054 1064 3212 1119 vitam
3236 1069 3604 1136 monasticam,
3632 1071 3795 1126 invito
3816 1072 3946 1129 licet

2365 1147 2762 1218 relu‘etanteque
2812 1160 2994 1219 patre,
3050 1155 3323 1222 ampleXus
3380 1161 3481 1212 est.
3556 1159 3709 1215 Initio
3766 1171 3945 1218 numen

2365 1253 2469 1292 non
2521 1238 2593 1293 ita
2631 1238 2947 1311 diligenter,
2994 1248 3050 1297 ut
3105 1260 3200 1313 par
3248 1246 3471 1314 fuiSSet,
3514 1250 3610 1304 sed
3654 1253 3949 1308 oscitanter

2364 1336 2417 1380 ct
2464 1328 2827 1397 perfunctorie
2871 1348 2955 1387 res
2999 1337 3251 1390 aseeticas
3300 1336 3589 1405 tractabat,
3630 1344 3947 1411 generisque

2364 1420 2445 1472 sui
2490 1420 2675 1473 fiducia
2712 1420 2897 1488 fretus,
2928 1437 3205 1480 monentes
3229 1444 3287 1481 se
3316 1445 3454 1497 aegre
3488 1428 3817 1487 admittebat.
3840 1432 3949 1489 Ve-

2366 1525 2482 1562 rum
2512 1512 2865 1579 prospiciente
2893 1520 3123 1581 numine,
3150 1532 3217 1572 ne
3248 1530 3363 1586 post
3384 1532 3653 1589 peractum
3680 1533 3946 1580 tantarum

2364 1614 2524 1669 opum
2552 1602 2890 1669 sacrificium,
2919 1606 3086 1661 levius
3112 1610 3385 1676 praemium
3408 1611 3664 1680 Stagirius
3694 1614 3940 1681 referret,

2363 1704 2393 1742 a
2422 1689 2665 1746 dmmone
2702 1695 2984 1764 corripitur
3027 1706 3079 1750 et
3119 1700 3451 1767 exagitatur;
3498 1703 3569 1756 ita
3610 1713 3665 1757 ut
3691 1703 3950 1763 distortas

2365 1794 2555 1834 manus
2584 1781 2826 1848 vidisses,
2860 1792 3037 1840 torvos
3066 1788 3267 1852 oculos,
3296 1790 3404 1843 oris
3432 1806 3695 1861 Spumant,
3720 1794 3948 1851 horren-

2366 1870 2486 1923 dam
2514 1879 2567 1925 et
2589 1871 2866 1927 confusam
2894 1890 3102 1942 vocem,
3131 1881 3373 1948 corporis
3400 1891 3713 1951 tremorem,
3737 1886 3948 1941 diutur-

2365 1977 2485 2015 nam
2533 1978 2723 2019 sensus
2774 1967 3129 2034 privationem
3175 1990 3189 2025 :
3233 1985 3295 2026 ac
3351 1976 3593 2041 repetitis
3640 1977 3952 2048 frequenter

2364 2052 2566 2107 vicibus
2616 2070 2783 2124 usque
2832 2057 2968 2113 adeo
3014 2071 3276 2131 vexatur,
3326 2073 3381 2117 ut
3424 2066 3477 2119 i'n
3511 2066 3818 2137 desperatos
3843 2073 3948 2127 sibi

2365 2154 2591 2198 mortem
2623 2148 2991 2203 eonsciscendi
3018 2152 3367 2220 cogitationes
3417 2156 3681 2212 interdum
3709 2161 3942 2216 veniret.

2363 2234 2497 2289 llinc
2519 2252 2726 2293 mceror
2749 2250 2803 2293 ct
2842 2241 3054 2295 tristitia
3088 2243 3289 2313 ingens.
3348 2245 3456 2300 Vite
3484 2264 3672 2303 omnes
3704 2251 3951 2319 placandi

2366 2325 2456 2380 Dei
2490 2335 2795 2395 tentantur,
2828 2331 2968 2385 nulla
3005 2333 3213 2403 prolicit
3247 2352 3260 2387 :
3288 2347 3593 2392 sanctorum
3625 2356 3807 2408 preces
3846 2343 3950 2396 ad-

2364 2417 2639 2487 hibentur,
2666 2436 2765 2477 nec
2793 2423 3090 2479 vexationis
3121 2425 3239 2480 linis
3266 2427 3601 2495 impetratur.
3635 2430 3730 2486 Hic
3760 2442 3942 2488 tamen

2362 2518 2428 2563 ex
2484 2518 2558 2563 tot
2604 2514 2855 2567 aerumnis
2908 2512 3111 2570 fructus
3163 2516 3487 2585 percipitur,
3547 2530 3605 2573 ut
3659 2522 3747 2591 qui
3804 2524 3939 2577 oliui

2362 2602 2652 2656 oscitanter
2696 2618 2753 2658 se
2796 2604 3058 2675 gerebat,
3101 2606 3213 2676 jam
3261 2609 3549 2664 ferventius
3582 2612 3662 2680 pia
3688 2614 3944 2668 exercitia

2359 2691 2552 2749 adiret.

2430 2783 2656 2838 Narratu
2701 2788 2877 2840 autem
2920 2780 3202 2857 TlteOphili
3231 2788 3476 2859 Ephesii,
3520 2792 3610 2863 qui
3640 2802 3693 2848 et
3721 2795 3949 2851 Joannis

2359 2881 2413 2927 et
2439 2872 2651 2943 Stagirii
2676 2874 2881 2930 amicus
2908 2885 3052 2945 erat,
3104 2888 3358 2934 evocatur
3386 2881 3453 2935 ad
3487 2890 3646 2938 tantae
3674 2884 3950 2939 calamita-

2360 2963 2428 3019 tis
2456 2965 2703 3020 solatium
2724 2965 2980 3034 Joannes,
3015 2969 3179 3038 ipsius
3211 2972 3413 3026 amicus
3446 2989 3459 3024 :
3492 2974 3582 3042 qui
3605 2989 3725 3029 eum
3755 2977 3949 3031 morbo

2358 3054 2609 3109 detentus
2636 3098 2650 3120 ,
2691 3056 2852 3112 domo
2900 3058 3161 3115 excedere
3210 3076 3316 3115 non
3345 3062 3586 3130 valeret,
3628 3074 3738 3119 tres
3782 3066 3949 3123 hosce

2359 3145 2524 3198 libros
2574 3146 2826 3215 scripsit,
2890 3149 3141 3204 leniendo
3193 3152 3366 3207 dolori
3420 3165 3749 3223 opportunos
3791 3175 3803 3209 :
3852 3158 3947 3212 ubi

2356 3238 2602 3305 exemplo
2620 3246 2923 3293 sanctorum
2942 3242 3215 3312 utriusque
3233 3242 3555 3300 Testamenti
3575 3248 3759 3317 probat
3776 3248 3945 3304 Deum

2356 3326 2439 3386 vel
2469 3327 2761 3382 carissimis
2779 3329 2880 3384 sibi
2902 3331 3027 3384 viris
3052 3334 3312 3388 atrociora
3339 3336 3458 3390 ideo
3480 3337 3763 3393 immisisse
3779 3341 3943 3404 mala,

2356 3425 2409 3469 ut
2429 3417 2625 3487 majora
2652 3420 2866 3486 prmmia
2892 3422 3385 3494 splendidioresquc
3400 3442 3629 3483 coronas
3651 3431 3931 3485 tribueret.

2355 3508 2604 3563 Animo-.1
2635 3510 2708 3563 ait
2732 3511 3129 3569 calamitatibus
3171 3516 3426 3572 afﬂictum
3449 3562 3464 3586 ,
3507 3519 3796 3575 ferventius
3823 3522 3938 3577 Deo

2352 3596 2648 3668 divinisque
2674 3599 2833 3655 rebus
2858 3599 3061 3657 haerere
3091 3620 3104 3655 :
3137 3606 3370 3659 maculas
3394 3622 3582 3662 omnes
3602 3619 3655 3663 et
3684 3610 3807 3664 vitia
3834 3610 3936 3665 hac

2354 3690 2559 3743 ratione
2601 3689 2757 3744 citius
2802 3690 3078 3763 abstergi:
3127 3705 3182 3749 ut
3223 3696 3391 3765 ipsius
3433 3698 3646 3769 Stagirii
3692 3703 3939 3770 exemplo

2350 3777 2690 3847 comprobari
2717 3789 2963 3848 poterat,
2994 3784 3085 3853 qui
3111 3785 3389 3840 oseitantia
3411 3829 3427 3854 ,
3458 3787 3694 3857 torpore,
3730 3801 3961 3856 tumore,

2351 3866 2673 3931 eliminatis,
2716 3869 2825 3938 jam
2876 3872 3015 3925 inter
3064 3872 3423 3930 ferventiOres
3474 3878 3668 3933 Clu-isti
3710 3882 3935 3940 athletas

2351 3956 2550 4025 primas
2596 3970 2818 4014 teneret.
2866 3962 3286 4036 Exemplquue
3331 3968 3483 4023 affert
3512 3970 3808 4042 Demopliili
3835 3992 3932 4030 ett-

2345 4048 2558 4116 jnsdam
2582 4050 2681 4104 sibi
2710 4053 3016 4108 amicissimi
3048 4056 3181 4120 viri,
3208 4058 3516 4116 Aristoxeni
3551 4071 3605 4116 ct
3629 4065 3853 4119 aliorum
3877 4068 3928 4120 in

2346 4139 2685 4198 xenodochio
2728 4144 3035 4213 degentium
3062 4187 3076 4209 ,
3130 4149 3218 4217 qui
3261 4164 3383 4204 eum
3432 4156 3685 4222 patientia
3739 4174 3927 4227 magna

2348 4230 2477 4284 diris
2506 4232 2839 4289 veitabantur
2866 4236 3160 4295 dolnribus.
3192 4240 3317 4297 Hauc
3346 4242 3434 4297 ille
3465 4243 3580 4300 fuse
3604 4257 3658 4300 et
3682 4250 3933 4317 put/taliae

2349 4338 2443 4390 pro
2471 4339 2617 4380 more
2653 4340 2751 4382 suo
2793 4332 3159 4399 prosequitur,
3186 4348 3250 4387 ac
3275 4336 3493 4391 cuilibet
3521 4337 3768 4394 leniendo
3798 4358 3928 4399 tum.

2347 4415 2455 4467 rori
2478 4416 2770 4470 remedium
2797 4417 2952 4473 offert
2979 4421 3193 4491 legenti.

2415 4504 2648 4559 Joannes
2708 4520 2871 4572 vero,
2920 4510 3041 4578 qui,
3073 4526 3193 4566 eum
3250 4515 3477 4581 primum
3526 4518 3591 4571 ad
3646 4518 3927 4588 Stagirium

2346 4595 2539 4649 librum
2594 4598 2827 4652 scribere
2868 4602 3058 4670 coepit,
3113 4603 3282 4671 ipsum
3330 4607 3479 4663 adire
3525 4625 3629 4663 non
3680 4622 3927 4681 poterat;

2344 4686 2533 4739 morbo
2578 4696 2632 4741 ut
2678 4689 2897 4744 credere
2931 4701 3008 4745 est
3038 4692 3338 4759 relevatus,
3392 4698 3562 4766 ipsum
3609 4701 3738 4755 adiit
3779 4714 3928 4758 aute-

2342 4792 2498 4843 quam
2552 4777 2712 4833 hosce
2760 4780 2923 4835 libros
2974 4782 3307 4849 absolveret,
3351 4796 3407 4842 ut
3454 4789 3565 4858 ipse
3605 4807 3707 4846 non
3759 4798 3929 4851 semz-l

2344 4865 2593 4920 insinuat.
2650 4868 2798 4921 Domi
2847 4871 3033 4925 morbo
3079 4873 3326 4930 detentus
3379 4888 3531 4941 erat,
3564 4882 3776 4950 quando
3808 4885 3929 4952 plu-

2343 4959 2491 5013 rimis
2568 4962 2903 5015 narrantibus
2966 4964 3179 5033 Stagirii
3246 4967 3602 5025 calamitatem
3670 4974 3929 5039 edidicit,

2343 5059 2399 5102 ut
2450 5050 2564 5118 ipse
2614 5051 2724 5116 ait;
2766 5053 3158 5123 verisimilcque
3217 5067 3300 5112 est
3352 5060 3523 5129 ipsum
3582 5062 3634 5117 in
3692 5063 3787 5119 bos
3840 5066 3927 5120 in-

2341 5138 2535 5193 cidisse
2604 5142 2851 5204 tnorbos,
2901 5146 3141 5211 corporis
3194 5147 3559 5217 aegritudinem
3627 5162 3681 5208 et
3740 5157 3933 5223 capitis

2340 5226 2579 5282 dolorem
2604 5270 2618 5293 ,
2650 5244 2769 5284 cum
2798 5232 2848 5287 in
2890 5235 3165 5303 spelunca,
3195 5238 3283 5293 ubi
3321 5240 3592 5297 biennium
3627 5248 3881 5316 transegit
3908 5291 3923 5314 ,

2340 5315 2514 5373 debile
2541 5335 2736 5389 corpus
2780 5336 3073 5381 maecrarct
3097 5367 3112 5394 ,
3144 5336 3198 5383 et
3226 5330 3459 5387 animum
3484 5337 3749 5392 exercitiis
3777 5354 3932 5393 asce-

2342 5408 2461 5461 ticis
2491 5420 2745 5478 perpetuo
2774 5413 3032 5470 intentum
3073 5417 3351 5477 detineret.
3366 5423 3840 5498 Postquamautem
3872 5432 3927 5485 vi

2344 5499 2512 5552 morbi
2548 5501 2596 5554 in
2624 5503 2807 5559 urbem
2835 5514 2888 5559 et
2909 5506 3122 5561 domum
3171 5524 3321 5565 suam
3362 5513 3535 5571 redire
3564 5527 3776 5571 coaetus
3818 5530 3924 5583 cst,

2345 5592 2569 5645 necdum
2597 5609 2626 5647 a
2658 5597 2844 5648 morbo
2876 5610 3162 5669 recreatus,
3194 5602 3307 5660 lucc
3334 5604 3399 5661 de
3424 5606 3649 5678 Stagirio
3678 5610 3925 5679 plurimis

2349 5683 2685 5739 narrantibus
2708 5686 2921 5743 audivit.
