4264 6306
350 261 411 316 97
1528 256 1717 313 ΝΕΝο
1759 255 2023 314 PRIMUM
2062 257 2451 320 ADORNATA.
3552 263 3622 320 9E

426 380 679 433 Diaccmts
714 381 976 431 ordiuntur
1006 393 1138 430 amto
1170 386 1382 429 uertente
1432 374 1535 428 580
1560 414 1574 439 ,
1615 374 1691 427 vel
1732 374 1930 427 ineunte

352 471 472 527 581.
504 499 571 510 -
604 469 692 524 Ait
736 470 1020 533 Socrates,
1073 481 1229 535 quem
1274 472 1563 533 sequuntur
1594 463 1931 517 llermantius

349 561 540 629 aliique
575 573 792 622 OlllllCS,
841 572 963 611 uno
994 564 1215 625 excepto
1262 554 1605 609 Tillemontio
1627 594 1641 617 ,
1672 552 1928 607 Joannem

345 650 455 718 jam
505 648 787 702 diaconum
854 648 1046 709 fuisse,
1099 632 1326 714 quando
1363 644 1429 697 ad
1472 643 1755 712 Stagirium
1799 642 1930 698 scri-

350 742 473 808 psit.
511 740 647 807 Quid
673 781 686 802 ,
728 739 772 792 si
816 738 1022 792 dicatur
1076 738 1219 790 illum
1267 734 1543 804 scripsisse
1592 735 1817 803 primum
1864 733 1929 786 ad

344 830 634 898 Stagirium
659 830 880 893 librum,
910 827 1120 896 quando
1159 827 1345 881 morbo
1389 825 1641 880 detentus
1684 824 1932 879 manebat

346 919 491 972 domi
518 959 532 984 ,
565 919 808 987 duosque
837 918 971 971 alios
1008 926 1289 986 postquam
1326 925 1595 969 recreatus
1627 930 1657 967 a
1701 915 1889 968 morbo
1912 954 1927 979 ,

345 1009 603 1062 diaconus
630 1008 906 1061 ordinatus
931 1006 1143 1061 fuerat?
1167 1006 1357 1060 \‘erum
1388 1004 1503 1058 haec
1528 1005 1751 1058 salebris
1776 1004 1928 1072 plena

342 1110 511 1166 sunt,
542 1116 641 1155 nec
664 1108 837 1169 potest
862 1099 986 1168 quid
1025 1106 1171 1153 certo
1215 1096 1546 1167 pronuntiari
1581 1114 1593 1150 :
1638 1097 1707 1150 ita
1737 1110 1931 1164 nempe

343 1191 579 1246 breviter
600 1201 654 1245 et
682 1191 906 1245 obscure
930 1190 1044 1243 haec
1071 1197 1355 1243 narrantur
1378 1204 1408 1243 a
1435 1188 1655 1242 Socrate
1682 1198 1733 1241 et
1755 1188 1927 1240 Palla-

340 1281 457 1335 dio.
490 1280 553 1337 Ut
582 1291 640 1335 ut
669 1295 757 1335 res
784 1289 866 1335 est
889 1320 905 1347 ,
932 1279 1205 1333 ordinatus
1236 1278 1491 1332 diaconus
1528 1276 1627 1330 fuit
1666 1292 1697 1330 a
1720 1276 1929 1329 Melctio

339 1371 430 1424 vel
457 1384 599 1423 anno
624 1378 863 1424 vertente
883 1369 1008 1434 580,
1034 1369 1113 1421 vel
1146 1368 1358 1421 ineunte
1387 1366 1483 1422 581
1524 1384 1538 1420 :
1564 1380 1683 1420 nam
1717 1367 1931 1421 ineunte

340 1475 473 1515 vere
507 1461 744 1530 ejusdem
774 1461 895 1514 anni
919 1460 1015 1514 581
1049 1458 1831 1529 MeletiusConstantinopolin
1869 1473 1929 1514 se

335 1550 606 1615 contulit,
637 1550 815 1619 ibique
839 1550 978 1605 diem
1007 1550 1219 1605 clausit.

419 1639 595 1694 Libras
644 1642 710 1692 ad
749 1638 961 1693 Viduam
1005 1640 1252 1708 iuniorem
1301 1639 1489 1693 scribit.
1514 1670 1584 1680 —
1608 1640 1771 1695 Paulo
1798 1652 1931 1713 post

339 1748 502 1801 quam
540 1733 796 1786 diaconus
824 1731 1028 1786 electus
1058 1730 1160 1785 fuit
1187 1731 1420 1787 Joannes
1455 1730 1611 1802 (Vide
1641 1732 1924 1801 Monitum,

341 1834 380 1876 ι.
409 1826 459 1877 1.
490 1844 537 1881 c.
562 1822 718 1894 595),
739 1831 796 1875 ut
818 1838 881 1876 ex
911 1822 1021 1891 ipsa
1046 1822 1162 1892 ejus
1195 1823 1498 1877 narratione
1522 1823 1801 1893 diligenter
1830 1841 1926 1880 ex-

343 1914 548 1967 plorata
597 1915 707 1981 jam
756 1926 854 1965 suo
899 1912 1025 1966 loco
1051 1912 1362 1977 statuimus,
1396 1895 1642 1969 videlicet
1679 1925 1925 1971 vertente

339 2020 481 2058 anno
520 2004 644 2069 380,
675 2004 757 2058 vel
801 2004 1016 2059 ineunte
1058 2003 1182 2070 381,
1217 2004 1379 2060 libros
1406 2004 1542 2061 duos
1586 2006 1652 2061 ad
1701 2007 1924 2064 Viduam

340 2095 617 2165 juniorem
664 2096 877 2161 emisit,
906 2095 1005 2151 bac
1047 2096 1236 2151 ductus
1276 2098 1556 2153 occasione
1581 2140 1596 2164 ,
1628 2113 1784 2169 quam
1813 2101 1927 2171 ipse

339 2185 578 2253 pluribus
604 2187 863 2241 enuntiat.
889 2186 1179 2243 Therasius
1204 2229 1219 2253 ,
1257 2188 1340 2241 vir
1364 2178 1809 2258 inter'primarios
1842 2192 1924 2246 sui

338 2277 594 2346 temporis
623 2279 961 2347 conspicuus,
987 2293 1185 2348 genere
1213 2279 1656 2351 facultatibusque
1680 2281 1922 2353 insignis,

333 2384 495 2437 quem
527 2385 649 2438 spes
672 2380 790 2425 emt
818 2371 882 2424 ad
912 2370 1254 2439 przefectuns
1285 2382 1660 2440 perventurum
1691 2374 1924 2439 esse;~ad

336 2458 452 2512 haec
499 2460 797 2528 probitate,
830 2461 1089 2514 modestia
1111 2498 1137 2527 ,ς
1154 2461 1348 2532 pietate
1382 2464 1715 2517 ornatuszin
1754 2465 1924 2519 aetatis

332 2550 468 2604 flore
512 2550 653 2603 diem
681 2549 814 2603 obiit
842 2560 1179 2616 extremum,
1212 2562 1491 2620 postquam
1523 2567 1693 2606 annos
1719 2562 1921 2606 tantum

330 2632 567 2711 q‘uinque
606 2658 727 2695 cum
778 2658 943 2696 uxore
987 2652 1192 2711 egerat.
1234 2642 1401 2708 Quam
1449 2653 1508 2695 ut
1556 2643 1923 2698 consolaretur

331 2734 475 2807 hunc
498 2734 691 2788 librum
720 2733 887 2789 edidit
914 2734 1182 2789 Joannes:
1207 2743 1261 2788 et
1289 2735 1459 2804 primo
1483 2734 1576 2788 Dei
1599 2734 1919 2803 singularem

330 2840 455 2893 erga
488 2824 673 2878 viduas
702 2824 991 2879 exhibitam
1021 2838 1204 2879 curam
1236 2825 1302 2879 ob
1323 2827 1505 2885 oculos
1536 2827 1703 2893 ponit,
1731 2826 1921 2894 quibus

324 2920 492 2973 etiam
537 2919 635 2972 viri
689 2919 807 2973 loco
834 2933 951 2972 esse
981 2919 1188 2986 probat.
1217 2918 1349 2971 llinc
1376 2917 1615 2971 honesta:
1654 2918 1921 2973 viduitatis

329 3009 642 3077 dignitatem
669 3025 733 3062 ex
765 3008 910 3062 Pauli
940 3006 1112 3061 verbis
1137 3006 1404 3071 celebrat,
1427 3023 1597 3077 neque
1626 3007 1917 3076 proborum

326 3102 477 3152 obitu
523 3097 860 3167 gaudendum
896 3114 1017 3154 esse
1056 3098 1406 3153 demonstrat.
1448 3100 1635 3155 Postea
1676 3100 1919 3157 humana:

326 3192 454 3245 vita:
485 3192 867 3245 volubilitatem
891 3200 948 3245 ut
974 3190 1218 3245 ostendat
1243 3232 1257 3256 ,
1291 3193 1592 3262 exemplum
1618 3194 1918 3263 allertquoc

327 3282 575 3337 rumdam
608 3282 892 3351 insignium
930 3282 1193 3345 virorum,
1222 3282 1309 3350 qui
1339 3282 1405 3335 ad
1452 3282 1707 3351 majorem
1747 3285 1914 3339 evecti

326 3374 669 3443 dignitatem,
705 3372 960 3441 praecipiti
991 3372 1326 3440 violentaque
1352 3378 1521 3427 morte
1550 3372 1745 3426 sublati
1768 3385 1916 3431 sunt.

322 3465 434 3519 Nec
460 3465 526 3518 iis
552 3464 818 3518 beatiores
836 3478 957 3518 esse
980 3464 1052 3516 ait
1075 3461 1450 3531 imperatores,
1471 3461 1565 3516 sed
1589 3478 1694 3531 quo
1714 3464 1916 3533 majore

324 3556 539 3611 fortuna
573 3555 831 3608 tollantur
861 3554 912 3607 in
953 3553 1117 3608 altum
1138 3594 1151 3618 ,
1180 3567 1247 3607 eo
1270 3553 1515 3622 graviore
1541 3552 1692 3622 lapsu
1732 3568 1911 3608 ruere.

324 3645 457 3698 llinc
488 3643 840 3713 Imperatores
860 3643 940 3696 sui
964 3642 1219 3711 temporis
1240 3650 1519 3715 recenset,
1550 3642 1639 3711 qui
1668 3656 1764 3697 suo
1796 3657 1913 3698 aevo

326 3738 523 3791 misere
551 3736 856 3805 perierant;
886 3750 991 3788 non
1031 3734 1250 3802 prolatis
1277 3734 1417 3787 nom"
1436 3732 1612 3797 "ibus,
1639 3732 1733 3787 sed
1761 3734 1912 3789 invo-

322 3830 447 3882 iutis
474 3827 655 3883 verbis
676 3868 691 3893 ,
718 3842 836 3896 qua:
867 3840 963 3880 nos
993 3824 1374 3894 explicavimus
1416 3824 1467 3876 in
1498 3823 1718 3878 Monito.
1748 3823 1914 3879 Erant

322 3929 501 3973 autem
551 3918 910 3987 imperatores
953 3916 1031 3969 illi
1087 3930 1278 3969 novem
1320 3929 1576 3981 numero,
1609 3929 1675 3968 ex
1718 3914 1911 3984 quibus

319 4010 430 4064 duo
462 4018 669 4062 tantum
696 4005 967 4062 communi
1007 4014 1179 4061 morte
1202 4004 1394 4065 sublati
1426 4004 1639 4058 fuerant
1672 4023 1686 4059 :
1718 4020 1910 4060 novem

324 4102 399 4155 illi
435 4110 562 4155 sunt
585 4097 971 4153 Constantinus
1011 4104 1065 4151 et
1092 4105 1198 4149 tres
1227 4092 1316 4147 (illi
1349 4093 1466 4163 cjus
1492 4094 1909 4163 Constantinus,

321 4192 675 4246 Constantius
701 4198 757 4244 et
794 4186 1073 4252 Constans,
1104 4184 1317 4250 Gallus,
1348 4183 1611 4250 Julianus,
1635 4184 1907 4252 Jovianus,

323 4282 730 4338 Valentinianus
764 4289 819 4334 et
849 4278 1059 4331 Valens.
1091 4277 1225 4331 [line
1256 4276 1443 4329 transit
1468 4274 1534 4329 ad
1565 4276 1827 4345 Augustas
1856 4284 1911 4332 et

321 4375 697 4447 lmperatriees
716 4414 732 4439 ,
759 4388 875 4443 qua:
902 4367 1182 4425 infeliciter
1204 4368 1492 4437 perierant,
1517 4376 1571 4422 et
1597 4368 1905 4422 obscuriora

321 4467 528 4538 profert
552 4507 567 4531 ,
591 4479 709 4534 qua:
752 4463 837 4515 vix
875 4461 941 4515 ad
989 4460 1264 4514 historiam
1316 4458 1468 4513 istius
1504 4457 1602 4512 sevi
1646 4457 1907 4529 quadrare

319 4559 527 4629 possint
555 4575 569 4610 :
596 4572 714 4623 qum
743 4568 841 4609 nos
879 4568 974 4623 pro
1013 4550 1263 4606 facultate
1293 4548 1681 4619 explicavimus
1712 4548 1762 4602 in
1803 4562 1901 4604 eo.

315 4650 441 4704 dent
472 4647 694 4701 Monito.

393 4738 547 4793 Hunc
584 4738 649 4789 ad
682 4735 905 4790 Viduam
942 4733 1207 4803 juniorcm
1252 4731 1443 4785 librum
1490 4731 1731 4800 sequitur
1768 4733 1904 4787 alius

319 4832 456 4886 liber
492 4828 579 4882 vel
624 4827 869 4891 homiha,
900 4840 1018 4894 qua:
1054 4822 1213 4879 etiam
1260 4822 1327 4876 ad
1371 4821 1596 4876 Viduam
1637 4821 1902 4890 juniorem

320 4922 648 4977 inscribitur.
677 4920 870 4973 Verum
899 4918 983 4981 hie
1009 4932 1115 4971 non
1142 4914 1355 4969 viduam
1383 4930 1540 4968 unam
1557 4955 1571 4977 ,
1597 4914 1690 4969 sed
1717 4913 1905 4968 viduas

319 5026 510 5067 onlnes
558 5010 799 5079 jnniores
842 5008 1166 5076 alloquitur,
1210 5021 1344 5075 quas
1385 5004 1698 5058 cohortatur
1744 5013 1802 5057 ut
1848 5004 1904 5058 in

322 5106 581 5160 viduitate
620 5082 1001 5173 permaneant,
1048 5115 1151 5156 non
1206 5098 1346 5169 quod
1399 5097 1658 5152 secundas
1697 5098 1904 5165 nuptias

322 5198 574 5260 damnet,
603 5193 697 5248 sed
726 5192 867 5263 quod
895 5192 974 5246 sic
1002 5191 1279 5245 liberiores
1306 5196 1557 5243 Inaneant
1576 5229 1591 5253 ,
1626 5198 1682 5243 et
1703 5189 1903 5244 caelesti

321 5302 522 5357 sponso
545 5285 761 5340 Christo
790 5298 848 5338 se
878 5283 1076 5337 arctius
1107 5281 1331 5350 jungere
1359 5280 1582 5349 possint.

392 5376 604 5429 Librum
651 5373 714 5426 de
764 5372 1061 5443 Virginitate
1088 5370 1277 5425 scribit.
1308 5398 1381 5409 --
1416 5369 1808 5439 Longissimum
1849 5380 1903 5426 et

322 5466 575 5521 eximium
602 5465 671 5519 de
698 5462 1015 5533 Virginitate
1039 5462 1253 5526 librum,
1288 5460 1375 5531 qui
1407 5459 1685 5529 plusquam
1708 5460 1776 5515 68
1805 5477 1899 5529 pa-

321 5558 471 5627 ginas
498 5555 703 5626 implet,
733 5551 977 5608 emisisse
1018 5552 1279 5607 Joannem
1312 5561 1557 5620 putamus
1606 5550 1902 5605 Antiochia:

320 5654 373 5703 et
408 5656 690 5717 antequam
718 5644 996 5715 presbyter
1040 5651 1201 5698 esset.
1236 5641 1385 5708 Quod
1421 5642 1563 5696 enim
1602 5641 1896 5697 Antiocbim

2042 377 2303 444 ediderit,
2334 379 2448 447 ipse
2498 380 2809 434 testiﬁcatur
2860 376 3076 434 humilia
3121 378 3515 447 undevigesim:
3561 381 3617 434 iu

2041 469 2216 537 Epist.
2244 472 2308 524 ad
2339 469 2644 526 Corinthios
2676 471 2757 525 bis
2782 470 2958 525 verbis
2985 488 2996 519 :
3023 470 3085 525 Si
3112 468 3276 523 autem
3307 471 3618 539 prieterimus

2038 576 2096 612 ea
2122 576 2235 628 qua:
2275 561 2488 614 dicenda
2527 571 2687 614 essent
2717 560 2779 613 de
2804 559 3091 630 virginitate
3113 600 3128 625 ,
3156 576 3298 612 nemo
3337 576 3427 613 nos
3457 560 3616 629 negli-

2036 649 2217 716 gentia:
2237 650 2460 706 damnet.
2489 650 2691 721 Integer
2720 652 2850 704 enim
2877 649 2997 703 liber
3024 651 3076 703 in
3098 650 3230 703 hunc
3253 651 3415 704 locum
3447 666 3481 702 a
3520 665 3616 703 no-

2035 738 2109 791 bis
2137 750 2207 793 est
2236 741 2397 794 editus
2420 757 2438 794 :
2464 749 2506 795 et
2531 757 2665 808 cum,
2694 757 2845 810 (piam
2877 742 3128 811 potuimus
3166 741 3539 795 accuratissime
3571 748 3617 793 at

2014 828 2415 898 diligentissime
2438 869 2455 895 ,
2482 830 2652 882 omnia
2693 830 2799 883 illic
2846 830 3127 899 persequuti
3152 830 3309 884 simus
3332 870 3346 895 ,
3378 845 3619 898 superva-

2041 934 2249 970 caneum
2280 935 2388 972 esse
2414 919 2652 973 duximus
2678 936 2737 973 ea
2765 936 2966 972 rursum
2998 920 3079 973 hic
3117 936 3384 990 exponere.
3414 918 3615 974 Locum

2040 1023 2200 1075 porro
2230 1007 2401 1074 illum,
2429 1024 2587 1078 quem
2629 1009 2844 1062 humilia
2883 1008 3276 1077 undevigesima
3320 1010 3374 1063 in
3412 1009 3618 1079 Episto-

2036 1098 2139 1151 lam
2171 1100 2192 1153 1
2225 1098 2289 1153 ad
2319 1100 2631 1154 Corinthios
2658 1101 2710 1154 in
2756 1109 3125 1169 argumentum
3180 1099 3281 1156 sibi
3329 1100 3614 1169 proponit,

2034 1189 2258 1255 scilicet,
2279 1190 2483 1244 Bonum
2504 1200 2585 1244 est
2600 1189 2803 1244 homini
2818 1189 3095 1244 mulierem
3112 1205 3214 1243 non
3239 1198 3614 1259 tangere,etc.,

2034 1280 2088 1334 in
2106 1280 2207 1334 hoc
2226 1280 2293 1335 de
2310 1280 2620 1351 Virginitate
2646 1281 2782 1337 libro
2805 1290 3057 1352 perpetuo
3078 1288 3254 1335 versat
3278 1290 3332 1336 et
3355 1280 3572 1335 discutit
3596 1297 3612 1346 ;

2034 1369 2103 1423 ita
2135 1378 2187 1423 ut
2219 1371 2441 1439 perinde
2468 1382 2671 1425 certum
2700 1372 2769 1426 sit
2791 1370 2933 1424 hunc
2967 1370 3035 1426 de
3070 1370 3389 1441 Virginitate
3424 1371 3616 1425 librum

2034 1460 2084 1514 in
2123 1461 2340 1516 humilia
2390 1463 2476 1516 illa
2516 1463 2924 1517 commemorari
2958 1480 2972 1516 :
3021 1471 3077 1517 ut
3113 1473 3317 1517 certum
3347 1470 3469 1529 est,
3501 1462 3616 1531 ipso

2034 1560 2168 1606 teste
2191 1549 2579 1621 Cbrysostomo
2599 1591 2615 1617 ,
2646 1562 2701 1607 et
2728 1552 2925 1607 fatente
2948 1551 3291 1607 Tillemontio
3312 1594 3326 1620 ,
3358 1551 3616 1609 Homilias

2032 1641 2084 1695 in
2109 1640 2399 1710 Epistulam
2424 1642 2448 1695 1
2474 1642 2540 1696 ad
2554 1640 2861 1697 Corinthios
2880 1642 3178 1697 Antiochia:
3200 1642 3406 1697 habitas
3428 1641 3612 1698 fuisse.

2103 1730 2298 1785 Verum
2324 1731 2384 1786 V.
2406 1731 2489 1785 Cl.
2516 1731 2889 1787 Tillemontius
2921 1740 3119 1786 tantam
3147 1731 3269 1788 huic
3297 1732 3617 1787 enervanda:

2030 1823 2309 1878 sententia:
2362 1822 2731 1879 difﬁcultatem
2782 1838 2842 1879 se
2887 1815 3153 1893 reperisse
3199 1833 3387 1893 putat,
3429 1833 3485 1878 ut
3525 1824 3612 1878 illa

2030 1914 2323 1979 abductus,
2371 1915 2629 1969 Joannem
2655 1915 2765 1984 jam
2804 1916 3111 1986 episcopum
3143 1926 3197 1971 et
3235 1916 3613 1972 Constantino-

2030 2004 2137 2074 poli
2169 2004 2363 2059 librum
2404 2004 2545 2060 hunc
2578 2005 2811 2060 edidisse
2861 2006 3107 2061 decernat
3134 2046 3149 2071 ,
3192 2008 3316 2076 quia
3368 2007 3615 2061 videlicet

2028 2095 2258 2166 quodam
2292 2096 2344 2149 in
2378 2096 2499 2151 loco
2549 2096 2640 2151 ille
2684 2097 2834 2166 quasi
2884 2098 3173 2167 episcopus
3219 2097 3473 2168 laquitur.
3503 2098 3610 2154 Sed

2028 2187 2383 2255 objectiunem
2409 2187 2554 2242 illam
2583 2187 2918 2243 confutamus
2950 2189 3001 2243 in
3028 2188 3225 2243 Monito
3254 2188 3323 2245 ad
3365 2189 3505 2244 hunc
3550 2190 3611 2243 li-

2026 2275 2181 2331 brum
2223 2276 2286 2331 T.
2317 2277 2370 2331 1.
2398 2283 2449 2329 c.
2479 2276 2578 2332 5'5l
2622 2276 2758 2334 :ubi
2799 2278 2944 2333 clare
2995 2278 3285 2348 probamus
3326 2278 3497 2348 ipsum
3555 2280 3609 2335 in

2026 2365 2146 2422 loco
2196 2366 2292 2421 illo
2319 2382 2388 2423 ex
2437 2366 2589 2422 Pauli
2653 2381 2885 2438 persona
2926 2368 3098 2438 loqui;
3128 2378 3183 2423 et
3238 2370 3436 2439 passim
3484 2370 3609 2424 alibi

2026 2457 2172 2512 illum
2201 2459 2571 2529 episcoporum
2593 2501 2608 2527 ,
2646 2460 3128 2530 conjugatorumict
3163 2461 3390 2516 aliorum
3420 2477 3609 2532 perso-

2026 2565 2122 2605 nas
2149 2550 2223 2606 sic
2250 2565 2525 2607 assumere
2551 2556 2933 2622 comperimus.

2094 2640 2453 2697 indubitatum
2493 2642 2671 2713 itaque
2704 2651 2827 2707 est,
2858 2644 2973 2711 ipso
3015 2644 3357 2698 reclamante
3379 2643 3610 2714 Chryso-

2022 2742 2235 2797 stomo,
2266 2732 2458 2786 librum
2508 2732 2576 2786 de
2623 2731 2939 2803 Virginitate
3001 2732 3259 2787 emissum
3314 2734 3610 2788 Antiochia:

2023 2820 2205 2885 luisse,
2234 2823 2304 2875 ita
2340 2830 2397 2876 ut
2436 2837 2498 2877 ex
2545 2823 2721 2876 verbis
2771 2822 2891 2892 ejus
2942 2823 3093 2892 argui
3144 2838 3302 2892 posse
3346 2822 3605 2892 videatur,

2022 2914 2193 2985 ipsum
2224 2925 2348 2971 tunc
2378 2918 2428 2970 in
2461 2917 2747 2971 multorum
2778 2931 2966 2971 manus
2994 2916 3299 2974 devenisse.
3330 2917 3446 2984 Quo
3472 2927 3609 2973 tem-

2023 3022 2151 3076 pore
2188 3019 2369 3061 autem
2419 3009 2567 3063 illum
2618 3010 3218 3077 scripserit,_nusquam
3263 3010 3603 3079 reperimus;

2027 3099 2376 3169 probabiliter
2416 3109 2592 3154 tamen
2624 3100 2727 3155 dici
2759 3114 2915 3169 posse
2943 3108 3088 3169 puto,
3121 3101 3292 3173 ipsum
3322 3111 3606 3170 antequam

2022 3190 2297 3259 presbyter
2328 3199 2470 3245 esset
2518 3189 2659 3244 [tunc
2704 3190 2897 3245 librqu
2932 3191 3305 3257 adornavisse,
3340 3207 3460 3247 cum
3489 3192 3606 3261 plus

2020 3279 2121 3333 sibi
2166 3280 2258 3333 otii
2300 3289 2462 3334 esset.
2505 3280 2788 3349 Postquam
2842 3282 2984 3335 enim
3024 3283 3305 3353 presbyter
3329 3283 3608 3338 ordinatus

2019 3367 2152 3434 fuit,
2182 3368 2533 3423 concinnandi
2572 3370 2748 3426 ollicio
2773 3369 3200 3441 frequentissime
3239 3372 3560 3443 fungebatur
3584 3414 3600 3440 ,

2019 3468 2075 3513 ut
2103 3461 2207 3513 non
2234 3470 2445 3515 vacaret
2487 3461 2587 3531 ipsi
2630 3470 2735 3515 tam
2780 3462 3022 3532 prolixos
3059 3463 3379 3520 concinnare
3417 3465 3600 3521 libros.

2004 3550 2267 3619 .Alioquin
2295 3560 2505 3615 autem,
2540 3552 2585 3606 si
2618 3552 2896 3623 presbyter
2924 3552 3039 3607 haec
3067 3554 3390 3623 scripsisset,
3421 3556 3471 3609 in
3499 3554 3601 3610 ho-

2020 3641 2192 3695 milias
2212 3683 2227 3708 ,
2258 3650 2314 3695 ut
2333 3642 2556 3698 credere
2578 3652 2681 3709 est,
2712 3650 2878 3696 totum
2911 3643 3272 3698 distribuisset
3295 3687 3311 3711 ,
3342 3654 3399 3699 ut
3431 3644 3602 3699 Immi-

2016 3730 2114 3785 lias
2155 3730 2222 3785 de
2272 3730 2612 3798 Pmnitentia,
2662 3731 2730 3787 de
2780 3730 3338 3802 liicontpreliensibili,
3383 3734 3450 3791 de
3499 3733 3602 3790 La-

2014 3835 2160 3883 zaro,
2188 3829 2292 3875 CIC.

2086 3913 2165 3968 De
2218 3923 2391 3967 sancto
2464 3913 2660 3984 Babylo
2704 3914 2888 3967 librum
2947 3914 3137 3968 scribit.
3180 3943 3251 3954 —
3291 3914 3406 3969 Huc
3454 3914 3595 3969 refe-

2014 4004 2212 4061 rendus
2241 4004 2376 4061 liber
2409 4003 2506 4059 ille
2537 4005 2588 4058 in
2621 4014 2867 4059 sanetum
2886 4004 3138 4075 Babylam
3168 4005 3185 4074 (
3212 4003 3272 4057 Τ.
3302 4004 3357 4058 2.
3391 4017 3439 4057 ε.
3462 4004 3593 4061 527.

2014 4092 2378 4167 553),coutra
2398 4094 2666 4149 Julianum
2690 4103 2747 4148 et
2783 4102 2968 4148 contra
3001 4092 3271 4159 Gentiles,
3299 4108 3459 4163 quem
3487 4095 3599 4147 An-

2014 4185 2226 4240 tiochia:
2252 4184 2467 4254 scripsit
2490 4194 2544 4238 et
2568 4199 2634 4239 ex
2659 4184 2927 4237 memorim
2953 4182 3101 4253 lapsu
3132 4179 3473 4237 llermantius
3500 4195 3597 4251 pro

2013 4271 2229 4331 humilia
2258 4275 2461 4332 habuit.
2490 4275 2768 4343 Temporis
2812 4283 2990 4328 notam
3024 4273 3110 4327 hic
3132 4273 3376 4345 Joannes
3412 4282 3596 4328 noster

2011 4369 2185 4434 aifert,
2213 4383 2333 4422 cum
2357 4369 2488 4423 dicit
2526 4367 2636 4437 jam
2681 4367 2994 4436 vigesimum
3050 4381 3245 4419 annum
3278 4366 3363 4435 agi
3392 4381 3456 4420 ex
3488 4379 3596 4435 quo

2010 4460 2252 4515 Julianus
2282 4460 2533 4527 Apostata
2556 4458 2811 4527 templum
2838 4456 3341 4527 Jerosolymitanum
3376 4463 3595 4515 restau-

2010 4567 2132 4606 rare
2177 4560 2400 4604 eonatus
2441 4558 2542 4604 est.
2591 4547 2647 4603 Id
2696 4563 2826 4603 vero
2881 4548 3102 4601 tentavit
3148 4546 3391 4602 Julianus
3447 4561 3593 4609 anno

2007 4641 2208 4697 Christi
2255 4640 2361 4695 562
2408 4658 2420 4694 ;
2470 4638 2611 4693 unde
2656 4645 2967 4707 sequeretur
2992 4637 3248 4692 Joannem
3293 4652 3434 4689 anno
3488 4637 3594 4690 582

2011 4731 2155 4787 hunc
2180 4730 2469 4784 adornasse
2509 4714 2723 4782 librum.
2755 4726 2950 4781 Verum
2999 4727 3134 4781 solet
3171 4726 3259 4781 ille
3300 4742 3404 4779 non
3444 4735 3593 4779 tanto

2010 4821 2263 4890 scrupulo
2291 4822 2386 4874 bas
2413 4834 2526 4875 sum
2549 4819 2711 4873 etiam
2736 4818 2907 4875 aetatis
2936 4828 3089 4872 notas
3122 4832 3391 4886 apponere
3409 4855 3425 4882 ,
3454 4826 3511 4890 ut
3537 4815 3594 4873 in

2010 4881 2208 4967 Monito
2237 4911 2310 4964 ad-
2330 4911 2469 4965 hunc
2499 4911 2692 4965 librum
2719 4908 2963 4979 pluribus
3007 4881 3387 4977 comprobatur
3415 4881 3502 4978 (Τί
3534 4906 3593 4960 2.

2012 5020 2064 5073 p.
2099 5000 2250 5068 59.5).
2285 5001 2396 5056 Hoc
2424 5016 2585 5055 unum
2616 5000 2731 5053 sine
2762 4998 2974 5054 errandi
2998 4999 3237 5067 periculo
3284 4997 3388 5055 dici
3435 5010 3593 5066 posse

2010 5091 2235 5156 videtur,
2266 5091 2412 5145 illum
2436 5103 2633 5158 nempe
2652 5104 2771 5142 cum
2797 5088 3051 5142 diaconus
3071 5096 3212 5142 esset
3232 5086 3373 5142 hunc
3392 5087 3592 5140 librum

2007 5184 2313 5254 scripsisse,
2340 5182 2409 5237 ab
2457 5197 2598 5236 anno
2641 5195 2833 5251 nempe
2870 5180 2971 5237 38f
3025 5179 3091 5234 ad
3131 5179 3236 5237 585
3274 5188 3330 5235 et
3361 5179 3465 5234 586
3509 5177 3594 5232 iit-

2006 5288 2247 5331 euntem.

2078 5367 2462 5434 Argumentum
2493 5361 2612 5416 libri
2646 5372 2727 5417 est
2767 5360 2986 5415 historia
3015 5359 3252 5431 martyrii
3290 5358 3347 5414 S.
3376 5358 3591 5427 Babyltn

2009 5456 2244 5526 episcopi
2288 5453 2604 5508 Antiochcui
2647 5451 3027 5507 declamatorio
3074 5465 3261 5514 more,
3302 5464 3473 5518 exque
3503 5464 3585 5501 ru-

2011 5562 2159 5599 more
2196 5544 2329 5612 vulgi
2375 5545 2686 5612 plcrumque
2728 5540 3010 5605 recensita,
3042 5540 3206 5608 tropis
3236 5537 3542 5593 redundans
3574 5553 3589 5589 :

2011 5640 2059 5694 in
2102 5628 2531 5707 qua‘vcritmem
2575 5648 2717 5704 saepe
2762 5633 3053 5690 desideres.
3098 5632 3231 5686 Nam
3281 5638 3340 5685 ut
3385 5638 3589 5684 certum
