4264 6306
674 303 741 361 99
1720 301 1775 355 S.
1816 298 2090 357 JOANNIS
2124 294 2597 354 CIIRYSOSTOMI
2628 299 2805 366 VITA,

672 416 918 472 existimo
944 414 982 468 S
1034 412 1280 484 Babylam
1320 428 1413 481 pro
1451 412 1661 465 Christo
1706 425 1904 466 caesum
1953 411 2142 472 fuisse;
2176 410 2244 461 ita

672 520 840 577 genus
874 514 928 559 et
964 518 1123 558 causa
1152 498 1403 572 ‘martyrii
1432 517 1495 557 ex
1540 502 1720 572 populi
1765 512 1978 556 rumore
2033 500 2209 568 potius
2232 541 2247 562 ,

670 611 827 666 quam
879 610 945 650 ex
974 610 1099 649 vera
1143 608 1317 648 rerum
1361 602 1627 663 gestarum
1693 591 1909 645 historia
1970 605 1999 643 a
2043 587 2250 644 Joanne

671 686 895 755 proferri
943 700 1045 738 non
1103 684 1319 738 dubium
1371 692 1471 737 est.
1529 683 1658 750 Quis
1707 682 1881 743 enim.
1910 693 2124 751 qnzcso,
2161 680 2249 732 ille

672 775 831 829 fuerit
877 775 1233 828 Romanorum
1274 770 1565 841 Imperator
1608 771 1967 833 Christianus,
1997 770 2088 840 qui
2117 768 2245 822 inita

667 883 790 922 cum
856 882 981 936 rege
1038 865 1262 919 barbaro
1324 878 1492 934 pace,
1541 879 1604 918 ca
1672 862 2009 925 conditione,
2056 870 2114 936 ut
2180 859 2243 912 li-

669 961 794 1013 limn
826 959 912 1013 ille
940 957 1038 1011 sibi
1067 956 1399 1012 educandum
1431 954 1699 1020 traderet,
1730 961 2003 1021 acceptum
2036 967 2131 1019 pro
2161 953 2243 1020 pi-

666 1063 831 1118 gnore
880 1047 1024 1116 pacis
1072 1045 1235 1099 lilium
1285 1043 1565 1100 confestim
1607 1043 1950 1112 jugulavcrit,
1985 1056 2150 1111 eaque
2176 1040 2244 1096 de

664 1153 824 1193 causa
871 1153 901 1191 a
950 1138 1102 1192 beato
1160 1136 1353 1206 Babylo
1396 1134 1646 1189 Ecclesia:
1687 1133 1831 1187 aditu
1887 1131 2239 1193 interclusus,

666 1230 911 1285 eumdem
939 1230 997 1283 S.
1026 1229 1304 1298 prtesulem
1327 1227 1377 1280 in
1400 1241 1665 1281 carcerem
1694 1224 1832 1279 trudi
1861 1232 1916 1279 et
1939 1223 2241 1278 obtruncari

667 1319 929 1390 jusserit?
955 1318 1106 1373 llunc
1130 1317 1505 1386 Imperatorem
1528 1315 1740 1384 quidam
1770 1316 1882 1369 sive
1907 1313 2238 1378 scholiastes,

666 1414 780 1467 sive
805 1410 1050 1466 librarius
1081 1408 1210 1462 dicit
1239 1422 1358 1462 esse
1409 1406 1783 1461 Numerianum
1814 1423 1825 1456 :
1854 1418 1959 1472 quo
1986 1403 2113 1472 quid
2154 1403 2237 1455 in-

667 1502 874 1569 eptius?
898 1499 1029 1554 Nam
1058 1499 1137 1553 vel
1161 1498 1520 1552 Christianum
1545 1497 1720 1550 dicere
1735 1493 2134 1556 Numerianum,
2158 1494 2238 1546 vel

664 1590 1058 1646 interfectorem
1089 1589 1364 1659 cujusdam
1395 1588 1483 1642 lilii
1511 1588 1650 1658 regis
1679 1587 2022 1641 barlmrorum
2044 1628 2058 1650 ,
2087 1600 2240 1655 mque

663 1697 785 1736 cum
825 1697 949 1735 vera
996 1689 1188 1750 pugnat
1219 1679 1457 1734 historia.
1498 1677 1603 1733 Nec
1634 1678 1799 1747 magis
1831 1676 2067 1732 creditur
2092 1676 2237 1730 Actis

660 1771 974 1835 quihusdam
1018 1786 1047 1823 a
1076 1769 1330 1823 Bollaudo
1359 1768 1514 1822 editis
1539 1767 1603 1821 ad
1637 1766 1707 1821 Ἡ
1727 1767 1984 1831 Januarii,
2009 1764 2095 1820 ubi
2125 1763 2235 1819 Nu-

663 1867 933 1918 merianus
964 1862 1224 1916 idolorum
1251 1860 1421 1914 cultor
1450 1859 1714 1914 inducitur
1751 1858 1805 1913 S.
1836 1858 2084 1926 Babylam
2119 1867 2235 1910 tcn-

661 1964 780 2007 tans
823 1952 889 2006 ad
934 1952 1254 2021 impietatem
1308 1965 1457 2010 suam
1508 1950 1756 2014 trahere,
1799 1950 2073 2018 ipsumque
2113 1963 2235 2002 cum

659 2043 839 2111 pueris
858 2041 1173 2112 quibusdam
1203 2041 1438 2112 martyrii
1459 2040 1622 2110 gloria
1646 2039 1881 2093 alliciens
1911 2056 1923 2091 :
1952 2052 2069 2109 qua:
2091 2046 2236 2092 certe

658 2148 766 2187 non
797 2141 1016 2200 possunt
1040 2132 1104 2185 ad
1137 2132 1385 2202 Babylam
1418 2139 1657 2185 nostrum
1682 2128 1889 2184 referri.

731 2222 1031 2277 Verisimile
1069 2222 1227 2290 igitur
1255 2230 1337 2275 est
1388 2220 1472 2275 hic
1526 2220 1901 2289 Imperatorem
1935 2218 2233 2289 Philippum

658 2313 1090 2384 memorari,qui
1139 2312 1343 2382 imperii
1400 2310 1677 2366 invadendi
1712 2326 1871 2366 causa
1917 2326 2055 2366 czeso
2098 2310 2235 2366 Gor-

657 2407 821 2460 diano
870 2407 1138 2475 Angusto,
1182 2414 1459 2474 postquam
1515 2419 1609 2472 per
1647 2413 1849 2459 tantum
1902 2405 2075 2458 scelus
2126 2404 2232 2458 voti

657 2510 881 2565 compos
929 2494 1097 2549 factus
1144 2494 1474 2549 Antiochiam
1504 2503 1761 2562 venerat,
1789 2493 2060 2549 Paschalis
2100 2503 2231 2547 tem-

662 2603 790 2656 pore
818 2586 883 2640 ad
914 2586 1192 2642 ecclesiam
1219 2626 1233 2649 ,
1264 2599 1477 2653 precum
1504 2586 1985 2655 mysteriorumque
2011 2596 2231 2638 censors

657 2677 884 2742 futurus,
910 2675 1212 2730 accedebat.
1254 2675 1370 2743 Quo
1407 2684 1679 2745 comperto
1726 2676 1781 2729 S,
1816 2675 2037 2746 Babylas
2077 2689 2230 2731 acce-

661 2766 875 2819 dentem
918 2764 1293 2833 lmperatorem
1338 2764 1567 2833 repulit,
1613 2765 1851 2819 ecclesiae
1886 2765 2030 2819 aditu
2060 2765 2231 2820 inter-

658 2856 830 2922 dixit,
857 2864 910 2908 et
948 2855 1313 2923 pmuitcntinm
1355 2855 1471 2909 loco
1515 2869 1573 2909 se
1614 2855 1802 2909 sistere
1835 2855 2031 2923 jussit,
2060 2856 2231 2910 donec

659 2947 969 3018 paenitentia
995 2947 1173 2999 abluto
1196 2946 1511 3015 expiatoquc
1526 2946 1728 2999 scelere
1748 2985 1763 3012 ,
1801 2947 1865 3000 ad
1895 2949 2227 3001 communio-

660 3054 781 3091 nem
810 3038 1058 3091 Ecclesia:
1084 3048 1263 3105 poStca
1309 3038 1652 3104 reciperetur.
1686 3037 1833 3092 llanc
1858 3053 1887 3091 a
1912 3039 1969 3092 S.
2002 3041 2231 3109 praesule

658 3130 947 3198 repulsam,
970 3138 1119 3197 grato
1134 3128 1313 3180 animo
1331 3128 1673 3196 modesteque
1697 3128 1880 3181 tulisse
1907 3128 2227 3198 Philippum,

656 3230 836 3274 narrat
865 3219 1145 3283 Eusebius,
1170 3220 1399 3288 itemque
1423 3219 1786 3288 paenitentiam
1816 3219 1986 3274 locum
2013 3221 2226 3286 adiisse;

654 3324 718 3364 ac
768 3319 908 3374 tum,
936 3316 1275 3380 posteaquam
1306 3319 1409 3360 tam
1441 3322 1597 3376 grave
1625 3318 1897 3375 peccatum
1939 3311 2228 3365 secundum

657 3401 910 3456 Ecclesiae
955 3412 1145 3456 statuta
1195 3418 1290 3470 per
1337 3399 1721 3455 confessionem
1766 3399 2123 3468 deposuerat,
2177 3403 2227 3456 in

657 3491 947 3545 Eeclesiam
965 3491 1251 3545 admissum
1271 3489 1450 3545 fuisse.
1474 3490 1583 3546 Sub
1599 3492 1711 3547 lucc
1724 3500 1924 3556 autem,
1938 3491 2228 3562 imperante

657 3583 820 3637 Decio
841 3623 855 3644 ,
882 3580 1299 3636 Christianorum
1334 3582 1513 3643 hoste,
1544 3582 1602 3636 S.
1646 3581 1867 3654 Babylas
1899 3597 1998 3651 pro
2013 3582 2226 3639 Christo

655 3672 893 3727 ceivices
913 3671 1076 3725 dedit.
1105 3672 1255 3738 Quod
1290 3672 1358 3726 de
1404 3674 1712 3741 paenitentia
1756 3674 1928 3745 deque
1968 3673 2227 3729 Christia-

659 3762 835 3816 nismo
885 3761 1111 3829 Philippi
1158 3762 1224 3815 ab
1254 3762 1483 3816 Eusebio
1508 3762 1735 3831 dicitur,
1772 3780 1877 3818 non
1920 3748 2070 3834 quasi
2106 3781 2225 3818 ecr-

657 3864 791 3917 tum,
825 3848 914 3903 sed
947 3864 1042 3903 ceu
1079 3866 1106 3901 a
1150 3850 1459 3919 quihusdam
1490 3852 1555 3904 ab
1583 3866 1641 3905 se
1667 3853 1928 3917 auditum,
1961 3865 2226 3919 narratur,

655 3955 711 3995 ct
734 3957 763 3994 ιι
794 3940 971 3993 multis
998 3948 1213 3991 vocatur
1243 3940 1291 3991 in
1318 3940 1556 3992 dubium.
1577 3940 1879 3995 Verisimile
1908 3957 2065 4010 porro
2111 3955 2190 3997 est
2211 3986 2225 4006 ,

657 4047 723 4084 ex
773 4030 986 4085 historia
1036 4023 1122 4083 illa
1166 4029 1417 4084 Gordiani
1462 4045 1489 4081 a
1521 4030 1763 4099 Philippo
1808 4032 1956 4097 cmsi,
1985 4048 2229 4087 manasse

662 4120 830 4183 illam,
855 4135 1011 4187 quant
1034 4118 1275 4186 superius
1304 4134 1370 4173 ex
1396 4119 1777 4189 Chrysostomo
1803 4123 2100 4187 retulimus;
2131 4125 2227 4179 sed

660 4210 730 4261 ita
770 4208 1099 4285 deturpatatn
1138 4208 1590 4279 delormatamqne
1628 4211 1677 4263 in
1714 4213 1960 4267 omnibus
1990 4214 2099 4269 fere
2143 4215 2225 4270 sui

662 4301 920 4369 partibus,
947 4308 1001 4352 ut
1026 4299 1127 4352 alia
1151 4300 1359 4368 penitus
1384 4314 1501 4354 esse
1527 4300 1786 4355 videatur.

732 4391 913 4460 Longe
960 4391 1171 4445 saniora
1225 4404 1343 4444 esse
1396 4391 1640 4445 videntur
1690 4409 1808 4463 qua:
1862 4394 1929 4448 de
1971 4396 2227 4466 Reliquiis

661 4481 719 4534 S.
756 4480 964 4550 Babwa
1012 4494 1077 4532 ex
1118 4480 1372 4533 suburbio
1425 4480 1671 4550 Daphnes
1715 4482 1767 4536 in
1812 4472 1996 4539 urbem
2046 4488 2229 4541 Antio-

660 4574 831 4629 Chiam
858 4571 1123 4626 translatis
1144 4572 1552 4642 Chrysostomus
1594 4585 1874 4641 recenset;
1916 4593 2121 4633 necnon
2161 4580 2229 4635 de

661 4662 859 4731 templo
876 4663 1134 4731 Apollinis
1160 4662 1413 4716 divinitus
1440 4663 1658 4720 fulmine
1688 4676 1827 4720 tacto
1847 4677 1900 4721 et
1927 4671 2225 4726 combusto.

661 4754 861 4807 llorum
900 4754 1040 4807 enim
1072 4769 1176 4806 non
1210 4754 1322 4821 ipse
1364 4754 1519 4807 modo
1548 4755 1959 4825 Chrysostomus
1986 4761 2228 4817 oculatus

660 4844 812 4900 testis
841 4852 990 4907 erat,
1021 4842 1112 4896 sed
1140 4844 1295 4897 etiam
1323 4859 1510 4898 omnes
1538 4846 1654 4914 ejus
1682 4846 1986 4914 auditores,
2012 4866 2143 4920 quos
2176 4852 2226 4904 in

663 4934 878 4989 humilia
927 4944 1049 4988 ante
1083 4933 1221 4987 lnmc
1273 4933 1462 4987 librum
1518 4936 1686 5005 posita
1732 4924 2035 5008 alloquitur.
2084 4941 2229 4994 Illius

659 5027 800 5080 enim
823 5024 1046 5094 prodigii
1071 5036 1191 5078 cum
1223 5025 1274 5078 in
1300 5025 1535 5089 homilia,
1560 5036 1668 5081 tum
1696 5027 1748 5082 in
1778 5028 1913 5083 libro
1938 5029 2004 5085 de
2033 5029 2227 5102 Babyla

661 5116 985 5171 mentionem
1013 5115 1135 5170 facit
1161 5132 1173 5167 :
1204 5116 1256 5169 in
1284 5116 1419 5171 libro
1461 5127 1637 5171 autem
1682 5134 1793 5171 rem
1835 5120 2001 5174 fusius
2046 5137 2230 5189 prose-

660 5206 858 5277 quitur,
877 5215 931 5259 et
952 5205 1201 5259 irridendi
1228 5222 1383 5261 causa
1415 5208 1667 5276 sophista!
1690 5209 1891 5263 Libanii
1922 5212 2228 5266 monodiatn

660 5310 755 5350 seu
801 5294 1029 5349 lamenta
1076 5298 1376 5350 minutatim
1425 5298 1625 5360 refert,
1654 5314 1772 5365 qua:
1823 5314 2066 5367 magnam
2110 5301 2228 5357 libri

663 5392 864 5454 partem
912 5395 1171 5454 occupant
1206 5426 1221 5453 ,
1261 5388 1413 5454 queis
1456 5387 1705 5441 Libanius
1754 5386 1995 5455 deplorat
2046 5404 2227 5446 casum

662 5473 810 5529 illum
842 5475 1155 5543 stupendum
1181 5515 1195 5539 ,
1224 5492 1328 5544 quo
1358 5476 1616 5544 Apollinis
1641 5478 1812 5547 magni
1842 5478 2095 5549 templum
2129 5482 2230 5537 int-

668 5565 831 5620 misso
856 5566 975 5635 igne
1010 5565 1342 5620 combustum
1373 5565 1561 5620 fuerat.

738 5656 871 5710 Libri
897 5656 956 5711 de
980 5656 1578 5711 Satcr'dolt'o.-l.il'ros
1624 5658 1781 5713 etiam
1813 5658 1877 5714 de
1921 5659 2232 5717 Sacerdoti?

3832 305 3946 362 IOO

2361 408 2449 463 vel
2479 424 2599 463 cum
2626 410 2882 466 diaconus
2922 412 3199 467 ordinatus
3223 414 3349 479 fuit,
3376 417 3421 471 si
3459 416 3665 471 Socrati
3694 420 3762 473 sit
3795 418 3940 474 fides

2358 495 2598 551 habenda
2622 536 2640 564 ,
2668 499 2751 553 vel
2797 501 2957 569 paulo
2984 510 3109 557 ante
3145 518 3305 571 quam
3346 505 3682 562 ordinaretur
3703 523 3940 579 compo-

2354 586 2479 639 suit.
2508 586 2621 655 Qua
2652 588 2719 643 de
2741 604 2802 644 re
2830 589 2940 659 jam
2968 592 3216 660 superius
3234 602 3412 647 actum
3439 594 3553 649 luit.

2428 675 2481 727 ιιι
2509 676 2609 730 hoc
2631 677 2790 731 etiam
2816 679 3027 733 circiter
3068 689 3274 765 tempus
3300 680 3388 750 (1'.
3411 682 3465 736 6.
3519 700 3568 737 c.
3592 683 3742 755 505)
3788 684 3940 740 refe-

2352 766 2515 819 renda
2541 766 2751 822 videtur
2777 767 3035 839 Synopsis
3075 771 3163 825 illa
3205 771 3490 842 Scriptura:
3525 788 3729 840 saera,
3773 777 3938 844 cujus

2351 870 2595 924 magnam
2617 870 2820 926 partem
2841 860 3103 915 edidimus
3126 879 3138 915 :
3164 876 3269 916 non
3289 863 3431 917 enim
3448 864 3645 934 integra
3666 864 3731 919 ad
3752 880 3935 919 aevum

2349 960 2518 1014 usque
2540 958 2779 1002 nostrum
2801 951 3057 1018 pervenit.
3082 951 3227 1020 Opus
3250 966 3369 1007 esse
3392 954 3678 1021 genuinum
3705 954 3933 1023 probavi

2348 1034 2402 1087 in
2439 1035 2667 1099 Diatriba
2693 1079 2708 1103 ,
2739 1036 2805 1092 ad
2831 1054 2990 1109 quam
3016 1039 3265 1095 lectorem
3291 1042 3565 1097 mittimus.
3589 1043 3727 1099 Sane
3757 1059 3936 1113 syno—

2348 1124 2463 1192 psin
2508 1124 2899 1196 Scripturarum
2936 1129 3213 1198 scripsisse
3250 1146 3371 1185 eum
3405 1133 3496 1201 qui
3534 1134 3727 1187 divinis
3757 1135 3937 1189 literis

2344 1214 2626 1280 addictus,
2677 1232 2860 1286 earum
2904 1218 3118 1273 lectioni
3159 1228 3215 1273 et
3253 1220 3578 1276 meditationi
3615 1219 3932 1293 perpetuam

2336 1301 2503 1357 dabat
2528 1318 2746 1372 operam
2771 1347 2786 1372 ,
2816 1306 2968 1362 facile
2992 1308 3260 1364 credatur.
3287 1310 3405 1365 Alia
3427 1326 3557 1366 vero
3576 1325 3886 1383 argumenta
3908 1355 3932 1380 ,

2345 1407 2464 1461 quae
2494 1396 2546 1448 in
2579 1395 2809 1451 Diatriba
2836 1398 3110 1455 attulimus
3132 1442 3148 1464 ,
3175 1402 3291 1456 orbi
3327 1402 3561 1458 literario
3598 1406 3930 1475 exploranda

2344 1494 2397 1537 et
2424 1485 2489 1538 ad
2518 1486 2767 1540 trutinam
2796 1489 3148 1544 examinanda
3173 1491 3449 1546 mittimus.-

2414 1573 2684 1647 Pmbyter
2710 1578 2977 1633 ordinatur
3004 1597 3035 1633 a
3064 1579 3335 1634 Floriano.
3374 1612 3446 1622 —
3477 1582 3709 1639 Joannes
3747 1585 3933 1654 itaque

2345 1675 2527 1719 noster
2556 1681 2649 1735 per
2673 1683 2840 1723 annos
2861 1669 3060 1739 aliquot
3086 1669 3206 1740 (an.
3232 1671 3368 1741 386)
3392 1672 3599 1727 diaconi
3630 1684 3735 1728 tam
3755 1675 3932 1744 probe

2343 1757 2553 1813 functus
2579 1759 2756 1815 officio
2778 1803 2793 1827 ,
2826 1777 2946 1816 cum
2988 1761 3095 1831 jam
3126 1772 3202 1818 tot
3232 1763 3519 1834 Specimina
3549 1765 3783 1821 dedisset
3805 1770 3930 1821 exi.

2342 1848 2462 1902 miae
2489 1848 2810 1917 eloquentiae
2833 1866 2953 1905 cum
2988 1853 3184 1921 pietate
3220 1854 3516 1924 conjunctae
3539 1896 3557 1921 ,
3596 1872 3625 1909 a
3670 1855 3928 1910 Flaviano

2342 1940 2593 2008 episcopo
2622 1940 2899 2011 presbyter
2918 1942 3195 1999 ordinatur
3224 1944 3383 2013 (Vide
3405 1946 3722 2000 Palladium.
3749 1965 3800 2016 ρ.
3830 1950 3925 2002 tl.

2339 2028 2430 2083 42.
2461 2040 2507 2084 et
2532 2030 2873 2103 Tillemont.).
2924 2033 3153 2090 Noverat
3180 2036 3320 2091 enim
3348 2038 3437 2093 ille
3476 2037 3633 2094 Verbi
3660 2038 3752 2093 Dei
3786 2055 3927 2107 pra!-

2342 2135 2532 2175 conem
2590 2136 2859 2178 summum
2905 2124 3019 2180 fore
3056 2125 3314 2181 Joannem
3359 2138 3598 2183 nostrum
3626 2171 3642 2195 ,
3686 2127 3777 2199 qui
3822 2129 3929 2183 etsi

2340 2211 2683 2265 concionatus
2728 2229 3015 2284 numquam
3058 2214 3268 2281 fuerat,
3308 2217 3418 2285 jam
3459 2233 3525 2272 ex
3561 2218 3772 2290 scriptis
3813 2220 3931 2272 suis

2339 2299 2521 2355 talenti
2549 2301 2646 2355 sibi
2673 2303 2861 2358 crediti
2888 2305 3184 2360 uberrimas
3212 2306 3430 2361 dederat
3463 2310 3741 2378 primitias.
3766 2308 3931 2366 Ordi-

2339 2401 2494 2446 natus
2522 2402 2698 2447 autcm
2723 2403 2804 2449 est
2828 2404 2951 2451 ante
2972 2395 3439 2468 Quadragesimam
3461 2402 3584 2455 anni
3609 2402 3713 2457 386
3735 2444 3750 2467 ,
3779 2413 3836 2457 ut
3852 2415 3929 2458 ex

2338 2482 2473 2538 infra
2523 2484 2761 2539 dicendis
2810 2488 3095 2543 constabit.
3136 2490 3246 2546 Nec
3286 2506 3433 2546 mora
3479 2510 3493 2545 :
3536 2502 3811 2563 postquam
3853 2496 3927 2551 ad

2337 2575 2667 2633 sacerdotale
2685 2580 3037 2635 ministerium
3055 2592 3356 2651 assumptus
3379 2583 3494 2651 luit,
3517 2585 3582 2638 ad
3602 2588 3929 2641 concionano

2338 2664 2392 2720 di
2419 2665 2652 2721 oflicium
2679 2668 2963 2737 deputatur
2988 2686 3019 2726 a
3046 2670 3298 2726 Flaviano
3331 2691 3344 2727 :
3381 2689 3486 2743 quo
3514 2685 3774 2743 przcsente
3812 2677 3927 2745 pri-

2337 2772 2479 2811 mam
2507 2757 2779 2813 homiliam
2808 2759 2939 2815 dixit
2964 2802 2980 2826 ,
3008 2770 3063 2815 ct
3082 2777 3203 2815 cum
3229 2776 3433 2816 summa
3456 2764 3714 2819 modestia
3741 2765 3927 2819 animi-

2336 2864 2442 2916 que
2472 2849 2794 2906 demissione
2820 2867 2975 2907 orsus
2998 2861 3099 2907 est.
3130 2853 3198 2907 Se
3227 2868 3331 2907 non
3363 2855 3527 2909 semel
3555 2855 3929 2911 adolescentu.

2338 2939 2447 2994 lum
2470 2982 2485 3005 ,
2519 2951 2714 3005 vocat,
2743 2942 2842 2998 etsi
2873 2958 3007 3013 pene
3040 2943 3488 3013 quiadragenarius
3523 2946 3633 3014 jam
3674 2956 3825 3013 emt;
3861 2962 3927 3002 se

2339 3040 2669 3098 peccatorem
2701 3032 2869 3107 dicit,
2914 3032 3166 3101 additque
3204 3034 3456 3089 Dat-idem
3482 3078 3497 3100 ,
3536 3036 3722 3090 ca-lum
3747 3077 3761 3099 ,
3810 3049 3925 3092 tero

2337 3135 2449 3174 ram
2475 3161 2490 3183 ,
2519 3121 2779 3175 elementa
2810 3123 2986 3175 omnia
3014 3165 3029 3188 ,
3062 3122 3201 3178 feras
3231 3123 3532 3194 bestiasque
3552 3167 3567 3190 ,
3597 3126 3839 3181 homines
3867 3137 3925 3181 et

2336 3213 2555 3283 angelos
2580 3213 2645 3269 ad
2678 3216 2841 3269 Deum
2874 3215 3192 3269 laudandum
3234 3226 3285 3270 et
3316 3217 3689 3272 celebrandum
3730 3235 3927 3287 pravo-'-

2335 3316 2496 3367 care,
2532 3313 2838 3372 peccatores
2867 3320 2995 3359 vero
3036 3322 3345 3376 numquam.
3393 3308 3527 3361 llinc
3571 3310 3636 3362 ad
3682 3308 3921 3366 Flaviani

2336 3404 2459 3448 tunc
2489 3396 2764 3462 praesentis
2792 3395 2975 3450 laudes
3016 3411 3074 3451 se
3113 3399 3411 3464 convertit,
3459 3400 3637 3469 aitque
3679 3400 3821 3455 illum
3864 3402 3918 3456 in

2334 3495 2640 3555 sumptuosa
2658 3486 2817 3541 domo
2838 3487 3140 3552 educatum,
3163 3490 3270 3557 jam
3293 3505 3533 3558 asperam
3554 3500 3607 3546 et
3624 3492 3916 3561 squalidam

2333 3575 2509 3647 gregis
2536 3576 2619 3629 sui
2649 3576 2899 3645 pascendi
2928 3592 3086 3631 causa
3113 3578 3275 3631 vitam
3309 3594 3487 3648 agere.
3526 3574 3753 3635 'Demum
3801 3584 3919 3653 ejus

2333 3680 2726 3725 antecessorem
2759 3668 3001 3724 laudibus
3030 3671 3234 3724 extollit
3266 3670 3559 3726 Meletium.

2405 3759 2533 3813 Post
2561 3759 2697 3813 hanc
2725 3760 2950 3828 primam
2978 3760 3287 3816 concionem
3316 3761 3563 3828 Opinatur
3587 3762 3664 3817 vir
3690 3763 3919 3833 sagacis-

2332 3848 2499 3902 simus
2518 3848 2887 3903 Tillcmontius
2903 3848 3133 3903 habitam
3156 3850 3318 3905 fuisse
3340 3852 3613 3907 homiliam
3629 3852 3914 3911 secundam

2334 3940 2385 3993 in
2416 3938 2596 3994 Oziam
2623 3951 2677 3994 et
2705 3940 2754 3993 in
2781 3940 3107 4009 Seraphinos
3131 3983 3145 4007 ,
3178 3951 3233 3995 at
3273 3943 3476 3997 levibus
3510 3954 3781 4013 permotus
3821 3959 3915 4000 seu

2332 4030 2626 4083 rationibus
2651 4045 2744 4085 seu
2775 4031 3095 4098 conjecturis
3119 4073 3134 4097 ,
3164 4047 3294 4099 quas
3324 4035 3481 4087 etiam
3514 4036 3601 4090 ille
3625 4037 3915 4091 dubitando

2336 4118 2556 4187 profert.
2590 4118 2718 4172 Nam
2748 4128 2802 4173 ut
2830 4120 2883 4172 in
2914 4118 3111 4173 Monito
3154 4119 3239 4192 (Τ.
3267 4119 3319 4175 6.
3359 4138 3405 4174 c.
3431 4122 3538 4191 93)
3568 4124 3633 4177 ad
3666 4125 3916 4181 Ilomilias

2332 4208 2401 4262 de
2425 4208 2733 4277 Seraphinis
2762 4209 2993 4265 diximus
3016 4252 3030 4270 ,
3066 4208 3181 4264 haec
3203 4210 3416 4264 homilia
3442 4215 3662 4281 proferri
3694 4231 3796 4269 non
3824 4232 3917 4285 po-

2336 4299 2435 4351 tuit
2458 4309 2579 4353 ante
2600 4316 2802 4353 annum
2831 4300 2938 4355 388
2962 4341 2977 4365 ,
3002 4309 3059 4353 ut
3086 4300 3137 4353 in
3170 4300 3367 4354 Monito
3392 4292 3579 4356 eodem
3606 4304 3878 4373 probatur.

2405 4388 2679 4445 Couciones
2706 4392 2757 4444 in
2787 4391 3037 4445 Genesim.
3070 4392 3215 4445 Anno
3243 4392 3366 4447 586.
3400 4423 3471 4432 —
3501 4395 3691 4448 Verum
3716 4398 3915 4466 optime

2338 4485 2585 4553 opinatur
2614 4482 2753 4537 idem
2773 4483 3140 4538 Tillemontius
3166 4485 3182 4553 (
3210 4482 3498 4537 Tillemoul.
3532 4503 3584 4555 p.
3616 4487 3684 4541 42
3705 4489 3726 4555 )
3749 4529 3764 4553 ,
3793 4505 3913 4543 cum

2333 4574 2463 4627 dicit
2487 4583 2673 4641 putare
2703 4590 2759 4628 se
2788 4585 2910 4626 octo
2937 4573 3225 4628 Sermones
3256 4576 3304 4627 in
3331 4575 3610 4642 Genesim,
3632 4579 3719 4646 qni
3745 4578 3917 4634 Totuo

2332 4672 2522 4731 quarto
2542 4660 2793 4717 iloniilias
2815 4664 2868 4717 in
2890 4663 3137 4719 Genesim
3163 4675 3457 4733 sequuntur
3498 4665 3583 4736 (Τ.
3612 4669 3663 4723 ι.
3688 4686 3733 4726 c.
3752 4671 3847 4726 58!
3869 4670 3912 4741 ),

2338 4753 2547 4808 habitos
2592 4752 2754 4809 fuisse
2793 4755 3008 4809 ineunte
3052 4754 3464 4826 Quadragesima
3520 4758 3641 4812 anni
3687 4759 3810 4814 586.
3860 4759 3916 4815 Id

2334 4846 2477 4899 enim
2508 4845 2786 4914 perspicue
2815 4845 3051 4923 decjarat
3078 4847 3491 4915 llhrysostomus
3514 4886 3531 4915 ,
3568 4863 3686 4902 cum
3720 4864 3915 4903 secun-

2334 4934 2460 4988 dum
2493 4949 2793 4989 sermonem
2817 4935 2900 4989 his
2924 4935 3099 4990 verbis
3120 4936 3324 4990 orditur
3353 4954 3365 4990 :
3397 4937 3660 5008 Numquid
3686 4941 3913 4992 utemini-

2334 5028 2424 5081 stis
2452 5032 2781 5094 questionum
2806 5070 2820 5094 ,
2853 5046 2966 5099 qua:
2991 5046 3149 5099 nuper
3186 5031 3322 5084 vobis
3356 5032 3628 5101 proposita!
3662 5042 3777 5087 sunt
3797 5032 3824 5084 .7
3849 5030 3916 5086 In

2336 5129 2528 5171 lautam
2555 5121 2688 5172 enim
2710 5122 3054 5190 arrogantiam
3082 5130 3130 5173 et
3172 5121 3437 5173 audaciam
3463 5138 3554 5176 nos
3582 5123 3874 5192 provexistis
3898 5164 3909 5189 ι

2338 5220 2391 5260 ιιι
2420 5200 2717 5278 qmestiones
2743 5211 3362 5282 intrepide’nggredianmr
3389 5229 3407 5265 :
3438 5214 3538 5266 into
3564 5228 3653 5266 nec
3673 5229 3919 5283 arrogan—

2341 5299 2422 5353 tia:
2444 5317 2532 5353 nec
2558 5301 2784 5354 audacia:
2808 5302 2859 5353 id
2888 5302 3086 5371 facinus
3106 5311 3197 5355 est.
3223 5300 3342 5354 Non
3366 5303 3496 5355 enim
3523 5303 3704 5355 uiribus
3735 5305 3917 5358 nostris

2338 5391 2642 5458 confidentes
2666 5434 2680 5455 ,
2708 5392 2794 5444 scd
2843 5393 3121 5445 antistitum
3162 5392 3387 5461 precibus
3429 5408 3491 5447 ac
3534 5394 3706 5446 vestris
3746 5394 3917 5447 omnia

2343 5482 2701 5535 ronnnitteutes
2743 5484 2808 5535 ad
2846 5483 3065 5535 stadium
3104 5498 3195 5534 nos
3240 5482 3568 5535 accitu-imus.
3624 5482 3719 5536 llic
3767 5483 3918 5537 clare

2340 5553 2948 5644 vidcsClnysostomum
2985 5573 3050 5627 ad
3093 5574 3319 5628 stadium
3350 5588 3408 5628 se
3432 5574 3792 5643 accingentcm
3817 5614 3834 5641 ,
3860 5584 3917 5629 et

2343 5663 2763 5736 Quadragcsimzc
2807 5678 3078 5720 sermones
3125 5666 3347 5735 primum
3397 5664 3703 5731 ineuntem.
3751 5679 3914 5735 seque
