4264 6306
190 331 278 386 101
1372 291 1562 392 ¹ΝΙῙΝΕ
1602 332 1790 389 "illi!

1906 333 2304 390 ADORNATA.

187 464 321 519 pene
343 446 581 503 audacia:
615 449 944 504 incusantem
973 447 1112 518 quod
1151 461 1264 502 rem
1296 455 1495 500 tantam
1524 444 1780 515 aggrede-

187 551 331 595 retur
362 557 376 591 :
405 555 521 606 qua:
551 550 704 594 certe
747 540 924 594 omnia
964 536 1465 608 Qitadragesimales
1507 548 1784 590 sermones

185 633 358 700 prima
401 631 513 685 vice
563 631 905 698 incipientem
945 629 1200 684 indicant.
1244 628 1358 682 Non
1400 627 1541 681 enim
1572 642 1632 681 ea
1658 641 1783 679 usus

182 734 267 778 est
293 721 538 777 ordiendi
582 723 790 778 ratione
823 736 962 775 anno
1006 721 1319 789 insequente
1345 717 1466 782 387,
1501 732 1624 771 cum
1653 716 1782 772 Ser-

185 827 378 868 mones
408 812 476 866 de
511 813 715 867 Statuis
745 828 837 881 per
864 821 1027 867 totam
1065 810 1534 882 Quadragesimam
1576 808 1780 863 habuit.

185 905 372 974 Itaque
403 903 457 957 lii
489 917 769 958 sermones
799 905 914 958 sine
955 902 1118 957 dubio
1166 903 1437 972 pertinent
1475 899 1540 954 ad
1585 915 1782 954 annum

176 995 290 1070 ,586
315 1037 332 1061 ,
365 1010 476 1066 quo
505 997 720 1050 ineunte
750 996 1025 1067 presbyter
1049 994 1325 1049 ordinatus
1363 993 1534 1047 fuerat
1556 1034 1570 1057 ,
1601 1002 1655 1046 et
1683 1007 1783 1046 an-

180 1087 268 1139 nis
296 1087 490 1141 saltem
519 1086 727 1142 duobus
757 1096 880 1140 ante
909 1101 1066 1155 quam
1097 1085 1353 1139 Homilias
1393 1083 1460 1139 67
1510 1083 1562 1137 in
1603 1082 1782 1138 Gene-

181 1177 284 1230 sim
313 1216 326 1238 ,
362 1192 486 1246 qua:
514 1177 560 1230 in
591 1176 785 1231 eodem
816 1177 985 1230 Tomo
1017 1176 1326 1246 prmecdunt
1347 1217 1362 1241 ,
1394 1175 1612 1230 haberet
1639 1216 1653 1240 ,
1687 1173 1784 1227 hos

178 1281 467 1321 sermones
497 1266 744 1331 dixerat;
768 1267 853 1322 ubi
880 1267 1102 1336 plurima
1129 1266 1324 1336 passim
1348 1265 1742 1319 animadvertas
1765 1306 1781 1331 ,

179 1369 304 1426 quas
336 1355 526 1411 iisdem
556 1372 702 1426 sazpe
733 1358 909 1412 verbis
940 1359 990 1411 in
1022 1356 1257 1411 homiliis
1281 1357 1386 1410 illis
1409 1357 1780 1410 observantur.

256 1447 314 1501 In
339 1447 426 1502 his
447 1449 797 1503 conciouibus
815 1490 829 1514 ,
855 1448 1064 1504 etiamsi
1095 1449 1234 1504 inter
1256 1448 1454 1518 primas
1474 1462 1604 1517 quas
1625 1445 1786 1516 Chry-

180 1546 458 1592 sostomus
500 1536 689 1594 habuit
734 1547 1083 1593 numerentur
1109 1580 1124 1605 ,
1171 1553 1278 1593 non
1330 1538 1490 1592 modo
1527 1539 1784 1606 eloquen-

177 1630 313 1683 tiam
339 1669 353 1691 ,
388 1628 688 1683 ubertatem
718 1631 769 1684 in
801 1630 1028 1685 dicendo
1052 1669 1068 1696 ,
1115 1630 1338 1684 nitidum
1383 1644 1550 1699 genus
1593 1631 1785 1684 verbo-

179 1736 302 1774 rum
330 1761 344 1784 ,
393 1728 448 1775 et
494 1721 815 1776 inventionis
856 1721 1160 1776 felicitatem
1202 1722 1524 1786 admireris,
1572 1732 1690 1792 qius
1731 1722 1785 1775 in

179 1811 396 1866 ueteris
437 1811 687 1865 omnibus
731 1811 849 1879 ejus
879 1812 1132 1880 operibus
1176 1812 1408 1876 elucent,
1450 1811 1538 1865 ubi
1586 1812 1783 1881 stylum

180 1917 400 1969 semper
423 1901 666 1954 videmus
691 1902 932 1971 populari
957 1902 1255 1956 assensionl
1279 1901 1739 1957 accommodatum
1766 1915 1782 1965 ;

182 1993 278 2048 sed
309 1994 471 2046 etiam
516 1993 910 2047 animadvertas
935 2005 1192 2062 quantum
1223 1993 1287 2048 ad
1315 2003 1784 2065 extemporaaeam

183 2084 631 2139 declamationem
666 2099 880 2153 semper
899 2093 1239 2153 comparatus
1269 2085 1427 2139 fuerit
1453 2095 1632 2139 tantus
1657 2084 1786 2138 arti-

183 2177 268 2231 fex
298 2219 315 2239 ,
337 2186 392 2231 et
417 2191 574 2246 quam
603 2176 669 2229 ad
699 2191 785 2230 res
807 2178 1148 2245 quantumvis
1171 2177 1472 2246 inepinatas
1498 2178 1634 2248 ston
1659 2191 1784 2248 per-

182 2267 490 2333 sequendas
524 2277 718 2335 praesto
749 2267 923 2321 fuerit.
960 2268 1069 2322 lloc
1102 2283 1208 2321 uno
1248 2283 1360 2322 rem
1393 2269 1636 2338 exemplo
1667 2283 1786 2337 pcr-

182 2361 375 2428 cipias.
410 2360 465 2414 ln
508 2359 770 2414 Sermone
799 2367 992 2431 quarto
1032 2371 1180 2415 num.
1221 2361 1254 2415 5
1279 2403 1292 2427 ,
1339 2376 1460 2415 cum
1498 2361 1786 2416 accedente

183 2462 347 2505 nocte
400 2452 631 2506 lucerna-
696 2451 942 2506 ecclesia:
1003 2452 1462 2517 accenderentur,
1515 2452 1784 2506 auditores

181 2541 393 2595 aversis
419 2557 446 2593 a
471 2542 852 2596 concionatore
875 2542 1043 2596 oculis
1067 2583 1082 2606 ,
1106 2541 1170 2596 ad
1198 2543 1444 2596 lucernas
1471 2557 1527 2596 se
1550 2556 1782 2597 conver-

185 2644 309 2687 tunt
344 2653 355 2686 :
398 2633 522 2689 hinc
568 2635 656 2689 ille
704 2634 881 2688 statim
913 2650 1096 2690 eorum
1140 2636 1438 2689 socordiam
1484 2635 1655 2705 carpit
1682 2676 1698 2700 ,
1732 2645 1786 2692 et

180 2725 353 2778 multa
387 2725 525 2778 haud
558 2725 720 2780 dubie
765 2725 1054 2794 imparatus
1083 2768 1097 2790 ,
1130 2725 1258 2780 dicit
1295 2728 1550 2796 praeclare
1573 2768 1588 2793 ,
1639 2741 1702 2781 ac
1739 2727 1784 2782 si

183 2831 303 2869 rem
335 2816 618 2871 meditatus
647 2817 963 2871 accessisset
987 2858 1001 2882 ,
1028 2817 1115 2887 qui
1146 2827 1320 2872 tamen
1350 2818 1465 2874 bmc
1493 2818 1788 2889 prmvidcre

180 2908 341 2962 nullo
371 2909 530 2962 modo
564 2917 827 2976 potuerat.

219 3012 234 3021 ‘
261 2997 492 3052 Homilia
535 2999 589 3052 in
633 2997 694 3052 S.
746 2998 1023 3052 Melelt'unt.
1047 3028 1118 3039 —-
1144 2999 1256 3055 lloc
1298 3001 1508 3055 circiter
1546 3009 1788 3070 tempore

180 3091 470 3146 liorniliam
501 3089 636 3145 dixit
665 3092 714 3144 in
744 3092 799 3146 S.
831 3085 1099 3147 Meletium
1130 3137 1142 3158 ,
1175 3109 1203 3146 a
1241 3107 1345 3162 quo
1387 3095 1500 3162 ipse
1542 3095 1708 3150 lector
1735 3103 1789 3150 et

179 3192 378 3252 postea
404 3181 662 3236 diaconus
687 3181 964 3238 ordinatus
994 3184 1183 3237 fuerat.
1213 3184 1446 3252 Tempus
1477 3186 1590 3252 ipse
1612 3185 1786 3257 Chry-

178 3284 458 3326 sostomns
481 3273 531 3326 in
555 3274 812 3327 concione
836 3273 1039 3342 profert
1065 3289 1182 3327 cum
1207 3275 1336 3328 dicit
1369 3293 1381 3329 :
1414 3275 1629 3339 Quintus
1655 3278 1789 3329 enim

178 3381 358 3417 anim:
378 3366 489 3434 jam
528 3365 803 3432 pra’leriit,
850 3381 910 3418 ea:
947 3379 1044 3434 quo
1085 3365 1171 3418 ille
1208 3366 1440 3435 migravit
1482 3366 1550 3418 ad
1588 3368 1786 3421 Jesum.

179 3455 336 3510 Obiit
375 3464 550 3509 autem
599 3455 844 3509 Meletius
874 3452 1372 3524 Constantinopoli,
1411 3457 1498 3509 illo
1536 3468 1789 3512 evocatus

180 3549 259 3601 ab
307 3547 633 3616 lmperatorc
682 3561 823 3600 anno
870 3547 966 3601 58l
1017 3549 1156 3601 cit-ea
1205 3547 1363 3601 finem
1403 3544 1602 3602 mensis
1647 3545 1788 3601 Maii.

182 3638 557 3706 Quamobrem
605 3647 724 3706 post
769 3651 1012 3692 mensem
1064 3635 1257 3691 Maium
1297 3638 1420 3690 anni
1459 3637 1562 3691 586
1612 3636 1790 3692 habita

186 3728 357 3782 fuerit
398 3728 512 3782 haec
548 3729 766 3782 homilia
789 3769 802 3792 ,
831 3739 952 3782 ante
976 3744 1188 3798 capsam
1239 3727 1602 3799 Reliquiarum
1651 3726 1792 3799 ejus.

185 3820 315 3873 dem
345 3822 533 3873 sancti.
586 3820 700 3874 Non
730 3823 780 3872 in
809 3821 1170 3875 anniversaria
1198 3819 1374 3874 obitus
1415 3821 1500 3875 die
1541 3838 1556 3877 ;
1622 3830 1794 3890 neque

187 3911 339 3966 anim
366 3910 586 3965 dixisset
626 3912 1041 3983 tibrysnstomns
1076 3913 1186 3980 jam
1234 3913 1556 3981 pneteriisse
1595 3928 1791 3966 annum

186 4004 436 4072 quintum
461 4003 580 4056 :sed
599 4003 840 4057 fortassis
861 4005 912 4057 in
934 4005 1020 4057 die
1049 4005 1410 4058 translationis
1430 4002 1792 4072 Reliquiarum

188 4100 313 4162 eius
353 4095 688 4150 Antiochiam
718 4138 731 4164 ,
762 4113 881 4165 qua:
924 4096 1159 4152 incidere
1200 4097 1408 4151 videtur
1447 4098 1499 4150 in
1543 4097 1796 4150 duodeci-

189 4203 342 4242 mam
391 4187 709 4251 Februarii,
753 4202 856 4257 qua
904 4187 990 4242 die
1039 4188 1413 4263 Martyrologia
1453 4188 1698 4244 Graecum
1743 4193 1799 4242 ct

188 4279 501 4335 Romanum
549 4282 667 4342 eius
713 4280 905 4335 festum
948 4283 1284 4336 annuntiant.
1333 4284 1431 4348 Qui
1474 4273 1712 4338 calcnltis
1752 4284 1794 4340 si

189 4376 423 4435 stet,et
455 4373 496 4425 si
540 4370 914 4442 Martyrologia
957 4372 1098 4427 diem
1147 4374 1507 4428 translationis
1551 4386 1798 4430 accurate

189 4473 386 4520 notent
413 4507 428 4530 ,
460 4463 600 4533 quod
636 4469 810 4518 tamen
849 4480 1003 4519 secus
1045 4481 1148 4518 non
1192 4481 1314 4519 raro
1356 4467 1653 4536 contingit,
1683 4466 1799 4522 inec

188 4557 391 4611 concio
420 4555 594 4608 habita
628 4555 783 4608 fuerit
809 4554 1124 4609 duodecima
1170 4556 1445 4611 Februarii
1489 4557 1612 4610 anni
1653 4557 1755 4611 587
1781 4598 1796 4621 ,

192 4659 321 4719 post
345 4663 516 4701 annos
541 4649 775 4718 quinque
800 4651 852 4701 et
881 4657 1004 4701 octo
1041 4664 1161 4701 cum
1204 4648 1425 4703 dimidio
1464 4665 1697 4704 menses.
1730 4649 1801 4706 Ut

190 4745 256 4792 ut
285 4753 376 4793 res
402 4746 523 4800 est,
570 4747 776 4791 certum
822 4739 1042 4792 omnino
1089 4733 1300 4794 videtur
1341 4740 1477 4793 banc
1525 4739 1798 4794 homiliam

192 4825 600 4900 pronuntiatam
656 4827 858 4891 fuisse,
905 4828 991 4880 vel
1047 4843 1189 4882 anno
1241 4828 1345 4882 586
1391 4838 1511 4898 post
1561 4845 1798 4884 mensem

191 4918 394 4978 Maium
423 4963 439 4987 ,
472 4922 553 4974 vel
587 4925 803 4973 ineunte
834 4934 977 4974 anno
1015 4915 1139 4974 387.
1181 4913 1449 4975 Meletium
1487 4935 1615 4975 vero
1656 4929 1801 4977 tanto

192 5028 388 5068 amore
417 5007 880 5083 prosequebantur
907 5011 1224 5066 Antiocltcni
1251 5053 1266 5079 ,
1316 5021 1460 5066 tanta
1499 5011 1638 5084 apud
1683 5012 1804 5069 illos

194 5115 319 5162 crat
345 5104 461 5174 ejus
490 5103 720 5158 nominis
747 5101 885 5156 fama
913 5144 927 5167 ,
957 5112 1015 5157 ut
1043 5119 1230 5156 omnes
1259 5103 1369 5157 fere
1401 5103 1524 5158 filiis
1553 5105 1666 5159 suis
1695 5103 1803 5159 Ble-

197 5195 316 5252 letii
351 5209 547 5249 nomen
576 5193 954 5264 imponerent,
1001 5203 1055 5249 et
1094 5194 1235 5248 illius
1280 5195 1563 5265 imaginem
1609 5194 1802 5265 ubique

196 5291 524 5360 pingerent,
583 5286 1058 5356 imprimerenlque
1109 5286 1162 5339 in
1211 5287 1464 5354 annulis,
1518 5286 1705 5358 sigillis
1749 5299 1804 5342 et

199 5371 401 5452 pbialis
425 5421 439 5438 .
472 5379 741 5433 referente
765 5377 1172 5448 Cbrysostomo.

277 5469 656 5526 Coneionatori
682 5479 828 5523 tanto
851 5469 1142 5524 innumcrm
1164 5484 1282 5523 sese
1303 5468 1593 5524 offerebant
1615 5469 1800 5524 orandi

201 5570 259 5616 ct
308 5559 566 5631 arguendi
614 5573 791 5614 causa:
838 5568 890 5614 et
927 5561 1237 5614 occasiones
1281 5577 1295 5613 :
1348 5559 1802 5614 Autiocbcnorum

203 5653 496 5708 multorum
522 5650 768 5706 dissoluti
806 5665 982 5706 mores
1006 5691 1020 5716 ,
1061 5661 1114 5705 et
1152 5650 1404 5705 effrenata
1452 5650 1802 5719 quorumdam

209 5744 266 5800 in
294 5742 564 5813 peccando
591 5742 804 5798 licentia
832 5784 846 5809 ,
874 5758 1030 5810 quam
1058 5743 1108 5797 in
1141 5743 1277 5798 serie
1318 5743 1654 5798 ltoniiliat‘um
1698 5743 1798 5800 fre-

3381 333 3482 390 102

1894 455 2122 512 quenter
2151 444 2334 512 itnpeli
2365 442 2661 498 videbimus
2691 460 2702 496 :
2735 443 3108 500 haereticorum
3147 445 3276 500 varii
3321 462 3483 516 gene-

1890 536 1963 588 ris
1989 575 2005 599 ,
2035 534 2376 603 maximeque
2402 536 2792 590 Anommorum
2819 577 2833 600 ,
2872 535 3161 606 depravata
3197 536 3440 592 doctrina
3465 579 3482 606 ,

1889 625 1977 693 qui
2006 625 2242 693 quotidie
2264 635 2450 679 contra
2474 624 2780 681 Catholicos
2805 627 3247 692 veliticahantur;
3277 625 3487 682 ludam-

1890 730 2006 769 rum
2037 731 2249 786 quoque
2277 718 2470 773 Christi
2500 720 2838 774 inimicorum
2865 735 3028 775 ausus
3055 762 3070 785 ,
3106 737 3238 790 quos
3267 722 3318 776 in
3349 737 3483 791 qna-

1889 805 2012 860 dam
2040 808 2226 862 saltem
2259 808 2453 862 rituum
2473 821 2621 878 parte
2645 812 2984 866 sectabantur
3005 813 3203 882 aliQuot
3223 811 3486 868 Christia-

1891 897 1964 950 ni.
1998 898 2064 951 Et
2100 899 2391 953 Anommos
2431 900 2645 969 quidem
2685 900 2961 956 adoriendi
3001 903 3330 972 propositum
3375 903 3485 973 jam

1892 988 2095 1057 pridem
2119 1000 2462 1059 susceperat,
2489 1000 2649 1060 atque
2675 993 2725 1045 in
2750 992 2934 1061 primis
2955 994 3065 1046 suis
3087 992 3319 1049 ltomiliis
3342 995 3487 1062 ipsos

1893 1081 2149 1150 impetere
2175 1095 2330 1136 orsus
2357 1091 2536 1149 esset;
2569 1084 2663 1138 sed
2687 1099 2808 1138 cum
2832 1085 3037 1139 videret
3067 1086 3186 1140 illos
3214 1086 3484 1140 concioni.

1892 1173 1991 1228 bus
2020 1175 2278 1230 interesse
2305 1176 2413 1230 suis
2434 1215 2452 1242 ,
2483 1185 2536 1229 ct
2562 1191 2680 1230 cum
2711 1177 2983 1245 voluptate
3010 1192 3167 1232 aures
3199 1178 3304 1233 'sibi
3345 1195 3485 1249 prm-

1890 1263 2020 1319 berc
2044 1306 2058 1330 ,
2092 1281 2155 1318 ne
2175 1265 2400 1334 praedam
2432 1267 2691 1337 abigeret,
2724 1268 2894 1336 inquit
2939 1268 3047 1334 ille,
3082 1279 3241 1338 atque
3272 1269 3482 1323 illorum

1892 1355 2096 1408 animas
2123 1355 2354 1409 irrctiret
2375 1398 2389 1421 ,
2424 1356 2653 1427 linguam
2682 1358 2750 1412 ab
2773 1358 3078 1428 huiusmodi
3104 1361 3486 1416 certaminibus

1891 1445 2216 1514 aliquamdiu
2243 1447 2500 1501 coercuit.
2793 1430 2796 1432 ’

1963 1538 2164 1607 Cmpta:
2193 1549 2371 1592 autem
2400 1549 2523 1593 sunt
2545 1539 2832 1595 conciones
2862 1536 2968 1596 illa:
2988 1550 3172 1595 contra
3196 1541 3487 1598 Attonimos

1892 1638 1980 1680 aut
2008 1636 2248 1682 vertente
2289 1628 2430 1681 Julio
2465 1629 2587 1682 anni
2631 1629 2736 1687 586
2761 1671 2776 1694 ,
2819 1636 2912 1685 aut
2951 1631 3166 1686 ineunte
3207 1634 3481 1701 Augusto:

1891 1719 1982 1788 qni
2021 1719 2258 1778 calculus
2302 1728 2548 1774 constare
2590 1720 3008 1792 deprehenditur
3038 1737 3104 1776 ex
3143 1722 3205 1776 iis
3257 1737 3376 1794 qua:
3418 1721 3486 1776 de

1894 1809 2065 1878 prima
2116 1819 2302 1865 contra
2348 1810 2562 1867 Judmos
2617 1811 2835 1867 homilia
2883 1813 3133 1868 dicuntur
3183 1813 3235 1868 in
3288 1813 3488 1869 Monito

1894 1901 1913 1970 (
1944 1901 2070 1955 Vide
2096 1902 2148 1956 in
2177 1901 2375 1957 Monito
2422 1912 2460 1957 ι.
2491 1905 2543 1958 1.
2577 1917 2622 1953 c.
2649 1899 2994 1972 857—844)
3031 1904 3097 1959 ad
3139 1905 3257 1959 illas
3300 1915 3485 1960 contra

1892 1991 2107 2048 Judzeos
2156 1993 2440 2058 homilias,
2497 1995 2584 2049 ubi
2622 2009 2689 2050 ex
2725 1995 2856 2065 ipsis
2895 1993 3268 2066 Chrysostomi
3310 1997 3488 2050 verbis

1892 2085 2132 2154 arguitur
2163 2086 2384 2155 primam
2412 2084 2645 2140 habitam
2675 2084 2840 2141 fuisse
2866 2100 3050 2141 mense
3077 2088 3316 2156 Augusto
3346 2087 3489 2155 ejns-
3573 2079 3576 2082 ’

1894 2173 2015 2228 dem
2046 2176 2169 2229 anni
2201 2172 2328 2231 586.

1964 2264 2243 2321 Conciones
2285 2277 2460 2320 contra
2506 2266 2794 2322 Anomaos.
2838 2297 2913 2309 —-
2953 2262 3067 2322 Non
3110 2280 3214 2322 una
3257 2268 3395 2322 scrle
3434 2275 3492 2323 et

1893 2357 2234 2412 continenter
2257 2359 2414 2413 dictat
2445 2359 2656 2414 fuerunt
2683 2357 2969 2414 conciones
2996 2359 3109 2412 istm
3131 2368 3316 2413 contra
3349 2361 3491 2413 Ano-

1895 2463 2103 2514 mmos;
2154 2448 2250 2503 sed
2284 2450 2491 2504 illarum
2531 2466 2722 2505 cursus
2769 2450 3097 2518 interceptus
3140 2460 3220 2504 est
3262 2451 3361 2504 sub
3404 2449 3488 2503 iu-

1894 2541 2070 2605 itium,
2098 2541 2311 2612 quando
2339 2543 2618 2612 ingruente
2658 2557 2785 2597 casu
2825 2553 3009 2596 contra
3053 2540 3266 2595 Jndmos
3309 2542 3489 2596 disce-

1894 2632 2150 2704 ptandum
2175 2633 2293 2688 fuit.
2320 2634 2518 2688 Deinde
2545 2650 2670 2688 vero
2700 2643 2884 2688 contra
2914 2636 3205 2687 Anomteos
3227 2641 3279 2687 et
3306 2641 3490 2686 contra

1894 2727 2111 2784 Iudaeos
2131 2727 2352 2781 alternis
2373 2726 2574 2781 vicibus
2594 2736 2956 2780 cencertalttm
2981 2735 3084 2780 est.
3117 2727 3182 2778 At
3209 2724 3354 2781 vices
3376 2725 3493 2779 illas

1895 2816 2070 2874 metiri
2106 2832 2208 2872 non
2238 2830 2518 2886 possumus
2543 2817 2837 2871 intervallis
2864 2816 3181 2885 aequalibus.

1967 2907 2023 2964 In
2052 2909 2219 2978 prima
2251 2911 2426 2977 itaque
2463 2917 2646 2962 contra
2688 2908 2980 2962 Anomceos
3022 2908 3279 2960 concione
3303 2947 3318 2972 ,
3343 2914 3494 2974 post-

1896 3010 2054 3068 quam
2087 2998 2314 3061 dixerat,
2348 3006 2405 3051 ut
2432 2997 2681 3063 vidimus,
2711 3011 2812 3067 qua
2840 2997 2906 3050 de
2935 3009 3092 3050 eausa
3129 2997 3333 3066 pridem
3366 3009 3489 3050 sus-

1895 3101 2106 3160 ceptum
2148 3088 2427 3144 consilium
2461 3087 2582 3143 illos
2630 3087 2974 3158 impugnandi
3013 3088 3155 3140 aliud
3192 3090 3240 3141 in
3284 3096 3492 3156 tempus

1901 3179 2320 3243 transmisisset,
2361 3193 2552 3247 nempe
2576 3218 2592 3244 ,
2624 3187 2680 3231 ut
2705 3177 2974 3232 auditores
3006 3177 3092 3247 qnl
3121 3177 3219 3232 sibi
3248 3177 3489 3232 benevoli

1898 3272 2215 3326 videbantur
2239 3313 2254 3338 ,
2289 3272 2522 3324 irrctiret
2547 3288 2558 3321 :
2591 3271 2803 3324 demum
2831 3269 3160 3322 bertantibus
3189 3267 3316 3337 ipsis
3349 3269 3496 3322 Ano-

1899 3362 2056 3416 mmis
2095 3371 2150 3415 ut
2199 3363 2249 3415 in
2298 3375 2514 3414 arenam
2561 3358 2952 3424 descenderet,
3011 3357 3222 3411 illorum
3280 3373 3494 3412 errores

1900 3455 2158 3521 impetere
2201 3467 2355 3506 orsus
2400 3460 2522 3516 est,
2573 3450 2745 3504 amico
2791 3460 2966 3503 tamen
3011 3449 3230 3514 animo,
3275 3462 3382 3502 nou
3436 3457 3495 3503 ιιι

1901 3544 2237 3599 adversarios
2269 3543 2487 3605 feriret,
2519 3541 2609 3596 sed
2642 3550 2694 3593 ut
2715 3540 2955 3610 jacentes
2983 3541 3230 3609 erigeret.

1974 3634 2276 3689 Secundam
2305 3643 2490 3688 contra
2532 3634 2824 3686 Anomoeos
2868 3631 3139 3685 liomiliam
3179 3630 3494 3699 interposito

1904 3728 2254 3798 plurimorum
2283 3726 2490 3778 dierum
2534 3725 2706 3794 spatio
2743 3723 3122 3793 pronuntiavit.
3167 3722 3325 3776 Multa
3351 3723 3494 3776 enim

1901 3825 2341 3893 Cbrysostomnm
2367 3836 2396 3873 a
2425 3819 2691 3875 destinato
2716 3830 2872 3872 cursu
2901 3817 3344 3884 interpellarunt;
3369 3831 3500 3870 con-

1904 3925 1980 3970 tra
2010 3913 2225 3970 Jndaeos
2258 3929 2448 3983 nempe
2473 3913 2650 3967 habita
2672 3954 2688 3980 ,
2718 3922 2885 3980 eaque
2914 3911 3198 3966 admodum
3246 3925 3498 3967 necessa-

1904 4011 1978 4063 ria
2007 4052 2020 4072 ,
2050 4007 2380 4062 concertatio
2405 4051 2420 4072 ,
2452 4007 2520 4060 de
2559 4022 2659 4075 qua
2687 4047 2700 4066 ,
2734 4005 2816 4057 liis
2853 4016 3035 4058 contra
3087 4007 3377 4058 Anommos
3415 4019 3498 4056 re.

1904 4100 2124 4155 censitis
2149 4143 2161 4162 ,
2189 4099 2428 4170 pluribus
2455 4111 2673 4166 agemus
2699 4111 2712 4159 ;
2745 4097 2959 4148 Patrum
2998 4094 3348 4164 quorumdam
3392 4096 3500 4164 spl-

1904 4189 2167 4246 n‘malitnu
2190 4193 2206 4260 (
2233 4191 2313 4246 sic
2341 4190 2431 4245 ille
2453 4188 2472 4260 )
2495 4190 2736 4242 aduentus
2760 4229 2776 4253 ,
2803 4188 2869 4242 de
2900 4189 3092 4257 quibus
3112 4203 3209 4240 suo
3233 4187 3349 4240 loco
3377 4201 3498 4242 nar-

1905 4283 2129 4340 rabitur.
2164 4283 2383 4339 Detnum
2415 4279 2516 4336 illis
2541 4281 2606 4335 ad
2652 4282 2766 4334 loca
2809 4295 2899 4333 sna
2950 4279 3178 4334 reversis
3205 4320 3218 4341 ,
3252 4290 3494 4334 sanctum

1907 4391 2205 4446 prmconcm
2236 4389 2494 4443 excepere
2525 4372 2795 4426 memoria:
2821 4380 3111 4440 martyrum
3154 4369 3496 4438 frequentes;

1906 4469 2099 4538 quibus
2125 4463 2409 4523 celebratis
2439 4466 2796 4520 intermissam
2829 4475 3012 4519 contra
3046 4466 3335 4520 Anomteos
3365 4480 3495 4520 con-

1907 4560 2256 4614 certationem
2288 4558 2524 4627 repetiit.

1980 4646 2034 4704 ln
2067 4650 2220 4703 tertia
2245 4649 2383 4703 idem
2408 4656 2777 4718 argumentum
2804 4644 2866 4699 de
2890 4645 3500 4716 lncomprclteusibilimte

1908 4733 2004 4795 Dei
2033 4751 2217 4795 contra
2252 4740 2582 4794 adversarios
2623 4739 2978 4808 prosequitur.
3019 4738 3129 4793 Sub
3169 4738 3328 4792 finem
3375 4753 3502 4811 vero

1910 4833 1964 4885 in
2009 4831 2281 4885 auditores
2327 4829 2589 4884 acerrime
2636 4827 2943 4892 invehitur,
2995 4827 3137 4897 quod
3201 4829 3501 4895 concione,

1909 4937 2067 4990 quam
2103 4920 2328 4975 libenter
2354 4919 2678 4982 audiebant,
2712 4919 2884 4977 soluta
2909 4960 2925 4982 ,
2956 4933 3076 4973 sese
3101 4919 3276 4972 statim
3305 4918 3503 4973 subdu-

1910 5020 2097 5067 cerent
2120 5053 2134 5076 ,
2167 5021 2222 5066 et
2254 5005 2420 5064 sacris
2463 5010 2730 5081 mysteriis
2752 5050 2766 5075 ,
2817 5024 2936 5079 qua:
2977 5010 3231 5066 continuo
3265 5010 3507 5064 celebra-

1911 5100 2104 5156 bantur
2128 5144 2143 5168 ,
2173 5112 2277 5156 non
2307 5099 2648 5155 interessent.

1985 5195 2040 5250 In
2072 5197 2258 5264 quarta
2283 5235 2296 5257 ,
2332 5202 2450 5267 post
2466 5193 2659 5254 solitas
2695 5201 2876 5246 contra
2926 5191 3207 5246 lnrrcticos
3249 5191 3508 5245 velitatio-

1913 5302 2008 5341 ncs
2036 5328 2050 5348 .
2099 5285 2260 5340 canui
2303 5275 2634 5354 gratulatur,
2681 5283 2821 5352 quod
2874 5284 3088 5337 monitis
3143 5282 3254 5337 suis
3301 5298 3505 5336 morem

1913 5377 2178 5448 gesserit,
2210 5390 2535 5446 pravatnque
2575 5383 2698 5428 ante
2738 5389 2888 5428 saera
2933 5375 3181 5446 mysteria
3221 5374 3504 5428 recedendi

1915 5466 2353 5523 consuetudinem
2383 5465 2637 5534 abiecerit
2665 5484 2676 5518 :
2708 5465 2850 5520 dolet
2881 5475 3057 5520 tamen
3084 5507 3098 5531 ,
3129 5465 3267 5536 quod
3296 5481 3504 5518 marsu-

1915 5560 2124 5628 piorum
2159 5568 2395 5612 sectores
2440 5557 2651 5624 quidam
2697 5557 3010 5610 concionem
3049 5555 3467 5610 interturbarcut
3495 5600 3506 5618 ,

1918 5661 2202 5721 monetque
2233 5666 2298 5706 ne
2326 5666 2512 5704 aurum
2554 5658 2901 5719 argentumve
2941 5650 2993 5702 in
3031 5647 3313 5717 marsupiis
3359 5652 3506 5707 defe-

1922 5755 2075 5812 rant,
2106 5743 2148 5798 si
2181 5743 2337 5798 velint
2369 5742 2526 5796 talem
2560 5752 2762 5811 pestem
2797 5739 3028 5807 abigere.
