4264 6306
777 287 879 340 103

849 399 900 449 ln
946 397 1123 464 quinta
1166 394 1422 461 deruunt,
1475 395 1535 448 iis
1581 394 1809 447 breviter
1850 392 2149 447 retractatis
2175 431 2187 453 ,
2229 403 2348 455 qia:

775 490 918 549 prius
946 487 1189 550 dixerat,
1220 501 1352 538 nova
1390 483 1606 537 adhibet
1641 493 1825 537 contra
1864 485 2154 536 Anommus
2192 495 2348 543 amu-

773 588 970 631 menta.
1001 577 1058 630 In
1087 577 1167 630 his
1196 591 1353 646 porro
1391 576 1738 634 concionihus
1773 575 1947 629 elucet
1982 573 2254 642 Chrysostt
2279 570 2348 622 ini

773 684 878 721 non
907 668 1075 720 solum
1105 666 1402 736 eloquentia
1431 707 1445 730 ,
1479 665 1573 721 sed
1599 665 1756 721 etiam
1783 664 1862 720 vis
1886 673 2344 732 argumentortm.

773 750 881 810 Nec
909 757 1082 811 minus
1113 755 1461 824 SiISpiciendai
1492 765 1614 809 sunt
1644 755 2020 823 responsiones
2048 753 2113 805 ad
2142 751 2348 819 objecta

774 846 1142 904 hereticorum
1168 886 1184 910 ,
1225 845 1416 914 quibus
1453 853 1805 914 asperguntur
1840 844 1998 896 etiam
2047 841 2187 894 sales
2215 879 2230 904 ,
2265 839 2348 908 qui

776 936 1082 990 indicendo
1113 936 1303 990 mirum
1345 945 1599 1004 quantum
1641 935 1870 989 valeant.
1915 933 1985 987 lta
2035 941 2093 986 ut
2138 931 2277 985 haut
2319 945 2347 982 a

777 1041 902 1080 vero
920 1027 1242 1080 aberrat-erit
1265 1027 1307 1078 si
1328 1025 1448 1094 quis
1475 1025 1570 1078 has
1594 1022 1836 1078 homilias
1862 1025 1997 1077 inter
2022 1022 2350 1093 pra25tantis-

771 1117 906 1170 sima
937 1118 1100 1169 sancti
1120 1115 1364 1172 doctoris
1390 1132 1548 1184 opera
1578 1116 1983 1184 computave‘rit.

843 1205 1027 1259 Concio
1065 1206 1117 1257 in
1157 1205 1220 1260 S.
1266 1204 1645 1274 Philogonium.
1707 1215 1746 1257 t.
1791 1204 1842 1256 l.
1885 1216 1930 1253 c.
1971 1202 2093 1255 747.
2127 1229 2196 1241 —-
2227 1201 2351 1255 Post

772 1296 1009 1364 quintam
1035 1337 1050 1360 ,
1082 1311 1199 1363 qua:
1229 1309 1410 1349 mense
1440 1293 1718 1348 Decembri
1745 1293 1764 1362 (
1793 1297 1855 1344 Α.
1888 1291 2010 1346 586.
2041 1290 2277 1344 Decemb.
2301 1291 2345 1362 ),

775 1397 830 1438 ut
861 1385 1144 1438 verisimile
1171 1393 1250 1438 est
1276 1425 1290 1449 ,
1323 1384 1500 1437 habita
1529 1384 1660 1452 fuit,
1687 1383 2099 1453 Chrysostomus
2124 1381 2188 1434 ad
2216 1396 2348 1436 nova

771 1474 880 1529 tela
906 1484 1087 1528 contra
1112 1477 1399 1527 Anommos
1422 1472 1674 1526 vibranda
1704 1481 1913 1539 paratus
1937 1511 1952 1538 ,
1983 1481 2038 1524 ut
2065 1471 2177 1540 ipse
2201 1471 2346 1537 dicit,

772 1563 859 1616 die
890 1563 1023 1616 festo
1051 1560 1108 1616 S.
1152 1562 1442 1631 i’hilogonii
1487 1561 1721 1630 episc0pi
1765 1561 2120 1626 Antiocheni,
2167 1562 2254 1632 qui
2297 1562 2348 1614 in

771 1653 1078 1725 vigesimam
1106 1652 1410 1707 Decembris
1433 1693 1447 1718 ,
1490 1653 1723 1721 quinque
1747 1651 1934 1705 diebus
1961 1661 2082 1705 ante
2113 1651 2348 1706 Natalem

775 1743 978 1796 Domini
1005 1783 1020 1806 ,
1052 1741 1352 1807 incidebat,
1388 1742 1755 1810 interpellatus
1781 1743 1876 1794 fuit
1901 1783 1914 1806 ,
1942 1743 2162 1810 ejusque
2189 1757 2349 1810 panc-

771 1835 1010 1906 gyricum
1051 1832 1450 1906 pronuntiavit,
1494 1833 1668 1902 ipsum
1721 1841 1895 1885 tamen
1936 1847 2040 1885 non
2086 1832 2346 1894 absolvit,

772 1927 866 1980 sed
889 1927 1115 1980 maxima
1140 1925 1388 1995 praeconii
1411 1935 1556 1993 parte
1580 1923 1834 1978 Flaviano
1857 1923 2139 1991 episeopo,
2163 1923 2349 1976 eadem

771 2016 857 2070 die
886 2016 1261 2069 eoncionaturo
1287 2056 1300 2078 ,
1332 2014 1512 2068 relicta
1537 2054 1552 2078 ,
1579 2015 1630 2067 in
1653 2014 1909 2067 orationis
1930 2012 2109 2066 medio
2133 2025 2348 2066 cursum

773 2106 1053 2173 intercepit
1080 2146 1092 2168 ,
1123 2115 1178 2158 ut
1203 2105 1456 2174 populum
1481 2104 1546 2157 ad
1575 2102 1815 2158 Natalem
1846 2103 2038 2157 Christi
2075 2103 2176 2156 rite
2211 2101 2351 2157 cele-

773 2197 1033 2250 brandum
1065 2195 1374 2251 hortaretur
1401 2237 1415 2262 ,
1445 2210 1508 2250 ac
1533 2206 1809 2265 postquam
1839 2193 2203 2263 peccatoribus
2234 2209 2348 2263 pm-

770 2287 1005 2340 nitentia:
1045 2287 1533 2356 resipisccutiaeque
1576 2285 1791 2339 modum
1834 2286 2156 2355 proscripsit
2182 2327 2196 2351 ,
2224 2300 2349 2339 ora-

728 2377 730 2380 ’
771 2378 969 2430 tionem
995 2376 1214 2430 claudit.
1935 2361 1940 2366 ’

837 2466 1159 2534 Sequentem
1211 2465 1280 2521 de
1332 2464 1782 2521 Consubstantiali
1831 2465 2107 2520 homiliam
2164 2474 2348 2518 contra

768 2560 1058 2612 Anommos
1105 2549 1327 2623 habuit,
1383 2565 1442 2611 ut
1483 2556 1678 2612 indicat
1729 2555 1882 2626 ipse,
1933 2557 2112 2625 paucis
2161 2554 2350 2613 diebus

773 2661 1048 2720 postquam
1092 2651 1158 2705 de
1207 2649 1396 2706 eodem
1445 2659 1758 2720 argumento
1802 2651 2149 2704 concionatus
2196 2659 2344 2709 erat.

768 2743 984 2794 int-une
1012 2741 1253 2796 videlicet
1289 2755 1430 2794 anno
1468 2742 1569 2796 “587
1599 2782 1613 2807 ,
1654 2749 1707 2793 et
1749 2748 2004 2809 quantum
2048 2738 2350 2807 conjectare

763 2833 924 2895 licet,
961 2834 1140 2902 quinta
1169 2832 1408 2887 Januarii
1435 2831 1559 2898 die,
1601 2847 1701 2901 qua
1743 2832 2012 2885 circenses
2054 2829 2162 2883 ludi
2209 2829 2351 2884 cele-

770 2923 1078 2977 brabantur.
1122 2922 1209 2978 Sic
1247 2923 1387 2978 enim
1420 2923 1507 2976 ille
1535 2922 1846 2975 eoncionem
1890 2920 2114 2990 incipit:
2159 2917 2351 2973 Iterum

769 3014 1012 3068 circenses
1037 3055 1050 3078 ,
1080 3015 1259 3067 iterum
1288 3014 1430 3067 nobis
1457 3014 1751 3066 imminutus
1779 3021 1850 3066 est
1875 3022 2164 3072 conuentus.

842 3107 932 3159 hic
955 3105 1197 3174 sequenti
1237 3114 1292 3158 ut
1317 3103 1617 3158 confutaret
1641 3104 1952 3166 Anomoeos,
1983 3103 2070 3172 qui
2110 3118 2174 3156 ex
2215 3101 2357 3171 peti-

768 3199 909 3251 tione
953 3197 1181 3250 liliorum
1230 3195 1472 3250 Zebedaei
1521 3206 1574 3250 et
1608 3211 1669 3248 ex
1719 3195 2067 3264 responsione
2112 3194 2348 3260 Christi,

765 3281 954 3344 Sedere
994 3300 1161 3341 autem
1187 3287 1252 3340 ad
1277 3289 1532 3341 dexteram
1562 3287 1637 3340 vel
1663 3287 1922 3340 sinistram
1950 3303 2108 3339 meam
2138 3304 2238 3339 non
2277 3295 2351 3339 est

763 3394 927 3434 "siceum
955 3382 1074 3433 dare
1099 3381 1254 3444 vrbis,
1283 3378 1621 3448 oppugnandi
1651 3393 1834 3431 ansam
1866 3378 2214 3448 arripiebant,
2232 3392 2348 3431 eam

762 3470 950 3523 habuit
979 3469 1248 3523 homiliam
1279 3483 1396 3538 qua:
1426 3475 1611 3521 octava
1643 3467 1968 3522 inscribitur.

836 3560 983 3613 llanc
1021 3559 1327 3613 concionem
1369 3559 1606 3626 sequitur
1650 3558 1736 3611 illa
1782 3557 1849 3612 de
1892 3557 2096 3611 Lazaro
2142 3556 2347 3626 quatri-

764 3651 938 3703 duano
971 3647 1057 3719 (Τ.
1089 3664 1123 3701 1.
1152 3666 1197 3702 c.
1226 3649 1386 3717 779),
1422 3649 1471 3701 in
1504 3663 1606 3716 qua
1653 3649 2032 3700 Anommorum
2063 3660 2348 3721 argumen-

765 3755 874 3795 tum
907 3756 970 3795 ex
1000 3739 1217 3793 historia
1268 3738 1451 3793 Lazari
1480 3738 1814 3808 quatriduani
1861 3739 2081 3806 petitum
2111 3735 2352 3791 confuta-

731 3823 870 3883 "tttr.
904 3830 958 3883 In
1006 3830 1139 3882 hanc
1168 3843 1293 3882 vero
1331 3826 1697 3898 illegitimitatis
1734 3829 2086 3896 suspicionem
2133 3826 2351 3896 injicere

763 3931 986 3973 conatus
1031 3929 1113 3972 est
1158 3919 1371 3988 quidam
1424 3935 1692 3987 Imperus,
1741 3919 1828 3988 qui
1890 3934 1995 3971 non
2049 3917 2351 3972 adverterat

765 4014 798 4066 h
838 4027 902 4066 ne
922 4012 987 4065 de
1017 4011 1215 4064 Lazaro
1244 4010 1592 4078 qnatriduano
1623 4011 1918 4065 luculenter
1943 4009 2348 4065 commemorari

762 4106 815 4154 in
841 4104 1078 4170 sequenti
1106 4101 1172 4154 de
1195 4101 1388 4154 Christi
1414 4101 1676 4170 precibus,
1705 4101 1951 4170 quoniam
1983 4099 2096 4154 hazc
2128 4099 2347 4154 homilia

759 4194 824 4246 "in,
847 4192 1078 4246 editione
1113 4191 1377 4244 Saviliana
1421 4191 1574 4258 longo
1617 4191 1894 4245 intervallo
1931 4205 1961 4242 a
1987 4189 2228 4258 sequenti
2265 4201 2350 4242 sc-

762 4292 944 4350 parata
975 4290 1089 4334 erat
1118 4271 1132 4333 ἑ
1169 4295 1347 4334 verum
1379 4279 1490 4348 ejus
1519 4289 1826 4350 argumenta
1872 4279 2109 4346 pluribus
2155 4277 2350 4333 confu-

759 4369 990 4424 tavimus
1022 4369 1073 4423 in
1101 4368 1298 4423 Monito
1325 4368 1391 4422 ad
1422 4368 1518 4422 has
1547 4369 1790 4422 homilias
1818 4366 1923 4422 'col.
1955 4367 2076 4424 779.

836 4462 1013 4514 Altera
1055 4460 1121 4514 de
1148 4460 1344 4514 Christi
1377 4461 1619 4528 precibus
1648 4460 1982 4514 continenter
2027 4467 2146 4529 post
2170 4459 2350 4514 [lumi-

760 4546 888 4606 liam
917 4551 983 4606 de
1010 4550 1209 4604 Lazaro
1251 4551 1423 4604 habita
1454 4560 1554 4604 est.
1601 4548 1656 4603 ln
1689 4549 1788 4604 hac
1825 4550 2034 4621 egregie
2071 4565 2348 4605 common-

763 4651 963 4695 stratur
982 4640 1178 4695 Christi
1204 4655 1388 4709 preces
1412 4641 1478 4693 ad
1505 4642 1712 4694 l’atrem
1731 4640 1978 4706 directas,
2001 4657 2105 4694 non
2128 4641 2350 4711 probare

760 4737 916 4790 illum
961 4748 1081 4790 esse
1128 4734 1280 4788 Patre
1333 4733 1614 4786 minorem.
1659 4731 1952 4802 Utramque
1996 4750 2121 4788 vero
2171 4733 2352 4789 habuit

765 4832 984 4882 ineunte
1011 4841 1151 4880 anno
1169 4825 1296 4891 587,
1323 4824 1482 4893 paulo
1514 4835 1631 4894 post
1656 4840 1811 4892 quam
1844 4824 1975 4878 alias
2003 4833 2186 4878 contra
2209 4826 2352 4877 Ano-

763 4932 938 4971 mu‘os
967 4916 1192 4981 dixerat,
1222 4923 1277 4968 ut
1306 4914 1418 4983 ipse
1445 4913 1608 4968 refert
1636 4913 1689 4967 in
1718 4913 1969 4976 secunda,
2001 4929 2145 4966 num.
2175 4913 2228 4976 9.,
2265 4914 2352 4968 ubi

769 5011 841 5063 ait
883 5023 941 5062 se
980 5024 1156 5077 nuper,
1186 5006 1256 5062 de
1298 5007 1462 5076 gloria
1510 5005 1775 5076 Unigcniti
1820 5006 2038 5061 dixisse.
2075 5006 2165 5060 Sic
2209 5008 2352 5062 enim

769 5099 1055 5154 conciones
1120 5097 1189 5153 de
1255 5095 1778 5166 lncomprehensibili
1849 5111 1953 5149 non
2023 5095 2192 5151 semel
2260 5110 2354 5166 ap-

765 5192 951 5262 για-11³1..

848 5281 985 5336 Duas
1009 5279 1141 5336 alias
1164 5288 1347 5334 contra
1389 5281 1677 5334 Anommos
1715 5278 2001 5333 conciones
2045 5277 2132 5332 ille
2170 5276 2356 5333 habuit

767 5371 1226 5440 '(lonstantinOpoli
1257 5369 1341 5441 (Τ.
1377 5385 1413 5424 ι.
1445 5385 1492 5425 c.
1517 5367 1676 5440 795),
1714 5370 1800 5423 ubi
1833 5369 1921 5424 illa
1953 5369 2170 5425 luci-esis
2207 5385 2356 5440 gras-

772 5465 1012 5532 sabatur,
1058 5473 1114 5516 ut
1151 5472 1204 5517 et
1247 5461 1540 5516 Antiochue
1571 5478 1581 5513 :
1616 5460 1682 5516 de
1733 5461 1835 5516 illis
1873 5474 2052 5514 autem
2097 5476 2192 5516 suo
2240 5462 2356 5516 loco

766 5562 980 5624 agetur.

837 5645 1118 5701 'Conciancs
1144 5654 1316 5701 contra
1340 5642 1588 5699 Jnda‘os.»
1612 5676 1630 5681 —
1664 5643 2006 5701 llomiliarum
2027 5655 2150 5702 vero
2173 5655 2357 5701 contra

1857 277 1913 334 S.
1954 275 2232 332 JOANNIS
2267 269 2741 329 CHRYSOSTOMI
2785 273 2965 328 \‘lTA-

3953 272 4056 325 NH

2460 384 2676 439 .lu'dteos
2703 384 2942 438 ordinem
2975 384 3025 436 in
3073 385 3220 452 prius
3248 379 3419 436 Editis
3463 382 3596 437 mire
3641 382 4008 453 perturbatum
4034 424 4049 446 ,

2461 473 2569 526 Deo
2594 473 2776 536 dante,
2807 488 2904 526 nec
2929 474 3044 526 sine
3075 473 3257 526 labore
3289 472 3616 526 restituimus
3642 470 3727 538 (Τ.
3760 487 3797 524 ι.
3817 487 3863 526 c.
3888 471 4048 535 857').

2457 565 2687 617 Primam
2718 563 2988 616 homiliam
3016 562 3217 623 habuit,
3245 571 3519 630 postquam
3550 561 3839 616 certamina
3859 571 4052 614 contra

2456 659 2747 710 Anonnens
2787 669 2960 718 orsus,
3006 654 3278 722 primaque
3300 652 3410 721 jam
3453 652 3628 706 habita
3657 651 3935 715 concione,
3965 650 4050 702 in-

2455 743 2718 799 stantibus
2743 744 3047 798 .ludaeorum
3082 741 3246 805 feriis,
3290 743 3639 812 scenopegiis,
3665 742 3898 812 jejuniis,
3933 740 4052 810 qui-

2457 835 2556 887 bus
2585 833 2870 888 Christiani
2903 834 3114 902 quidam
3146 832 3484 898 Antiocheni,
3516 833 3708 902 partim
3748 829 4056 901 spectandi,

2458 926 2647 997 partim
2696 926 2854 980 etiam
2891 941 2989 978 una
3036 925 3342 980 celebrandi
3390 934 3551 994 atque
3573 924 3844 994 jejunandi
3887 937 4057 977 causa

2456 1016 2714 1069 interesse
2758 1015 3043 1070 solebant:
3078 1015 3201 1070 huic
3254 1015 3343 1070 ille
3384 1015 3573 1070 morbo
3600 1023 3656 1069 ut
3702 1013 4010 1068 mederetur
4034 1053 4058 1080 ,

2454 1104 2867 1158 conccrtatiunis
2892 1114 3077 1160 contra
3102 1110 3390 1160 Anomcnos
3419 1120 3634 1159 cursum
3659 1103 3960 1174 intercepit,
3989 1117 4060 1158 ac

2456 1195 2668 1250 Iudaeos
2693 1196 3102 1267 Judmorumque
3125 1211 3382 1266 sequaces
3405 1196 3623 1250 adortus
3647 1205 3750 1250 est.
3781 1195 3892 1261 Qua
3922 1210 4056 1248 vero

2457 1285 2583 1339 anni
2629 1295 2942 1356 tempestate
2970 1287 3084 1342 haec
3125 1285 3432 1341 concionari
3460 1284 3704 1354 cmpcrit,
3733 1285 3848 1354 ipse
3889 1285 4061 1353 paulo

2456 1387 2577 1445 post
2617 1377 2823 1430 initium
2865 1377 3097 1433 homilite
3135 1378 3321 1448 prima:
3352 1375 3662 1431 testiﬁcatur
3703 1376 3789 1430 his
3828 1375 4005 1430 verbis
4035 1389 4057 1432 :

2457 1465 2626 1520 Feriw
2668 1467 2964 1522 miserorum
2989 1478 3137 1540 atque
3167 1483 3568 1524 azrumnosorum
3605 1464 3898 1522 Judworum
3928 1480 4062 1519 con-

2455 1556 2611 1610 tinua:
2651 1567 2699 1612 et
2723 1559 3013 1629 frequentes
3045 1560 3258 1625 instant,
3290 1559 3441 1624 tuba,
3473 1559 3801 1629 scenopegiaz,
3824 1557 4057 1627 jejunio.

2456 1644 2552 1700 llis
2581 1657 2794 1702 notatur
2822 1648 2964 1702 haud
2981 1648 3144 1704 dubie
3170 1652 3372 1704 mensis
3389 1649 3548 1712 Tisri,
3572 1650 3687 1704 sive
3715 1647 4058 1717 September,

2456 1737 2608 1805 cujus
2649 1737 2862 1792 decimo
2905 1740 3091 1808 quinto
3131 1740 3218 1795 die
3261 1740 3546 1808 incipiebat
3586 1739 3920 1809 scenopegia,
3954 1752 4059 1792 seu

2457 1827 2649 1880 festum
2696 1828 3207 1883 Tabernaculorum.
3253 1830 3350 1885 Illo
3406 1840 3586 1886 autem
3643 1844 3824 1883 mense
3872 1829 4063 1898 plures

2456 1919 2594 1988 apud
2620 1919 2833 1976 Judmos
2859 1924 3214 1976 occurrebant
3238 1923 3354 1977 dies
3385 1922 3523 1986 festi,
3550 1938 3710 1992 quam
3739 1923 3788 1974 in
3813 1922 4065 1991 quolibet

2457 2011 2562 2063 alio
2590 2010 2746 2064 totius
2771 2011 2916 2078 anni,
2965 2023 3019 2065 ut
3045 2013 3228 2066 videas
3272 2011 3409 2082 apud
3439 2011 3773 2079 Buxtorl’um,
3815 2011 4063 2065 Leusde-

2457 2115 2584 2154 num
2611 2111 2665 2156 et
2691 2103 2844 2156 alios.
2875 2101 3026 2170 Quod
3053 2105 3212 2157 etiam
3245 2103 3440 2160 indicat
3470 2101 3899 2176 Chrysostomus,
3927 2117 4062 2158 eum

2456 2191 2586 2245 dicit
2629 2194 2822 2246 assidui
2861 2204 2908 2247 et
2950 2195 3126 2249 crebri.
3178 2194 3324 2251 Hanc
3366 2197 3762 2252 solemnitatum
3803 2196 4062 2265 frequen-

2456 2283 2582 2335 tiam
2611 2283 2810 2352 aliquot
2836 2283 3026 2340 diebus
3063 2289 3410 2341 antevertisse
3448 2286 3904 2358 Chrysostomum;
3938 2297 4060 2340 tum

2454 2377 2733 2443 prannism
2764 2378 2924 2432 verba
2953 2377 3247 2442 declarant,
3293 2387 3402 2432 tum
3433 2393 3554 2432 mox
3601 2377 3867 2444 inferenda
3901 2379 4064 2431 testi-

2457 2466 2700 2521 ﬁcantur.
2748 2469 2925 2534 Quare
2975 2484 3164 2524 mense
3205 2471 3442 2540 Augusto
3497 2471 3724 2538 primatu
3773 2468 4059 2524 homiliam

2457 2557 2659 2612 dixisse
2688 2558 2911 2613 videtur.

2529 2648 2585 2702 ln
2617 2650 2714 2704 hac
2757 2666 2882 2705 vero
2913 2651 3150 2716 humilia,
3187 2652 3273 2706 ubi
3299 2650 3634 2707 Christianos
3671 2652 3785 2706 illos
3811 2651 4058 2707 insccta-

2459 2746 2562 2804 tur,
2595 2740 2681 2808 qui
2710 2741 2980 2810 religionis
3000 2756 3160 2795 causa
3184 2741 3490 2796 Judanirum
3516 2757 3668 2796 sacra
3694 2741 3872 2806 ferias,
3897 2741 4056 2798 :cdes

2457 2828 2686 2893 adirent,
2718 2844 2830 2885 rem
2859 2829 3012 2884 affert
3065 2831 3407 2901 singularem,
3442 2831 3524 2886 eui
3572 2831 3662 2886 ille
3692 2831 3928 2886 interfuit
3949 2874 3965 2898 ,
3996 2835 4056 2889 et

2458 2935 2614 2988 quam
2646 2921 3051 2989 praetermittere
3087 2935 3194 2976 non
3221 2921 3364 2977 licet.
3409 2922 3692 2991 PoSIquam
3732 2923 3845 2976 luce
3875 2923 4053 2976 Evam

2456 3010 2577 3081 gelii
2622 3010 2843 3066 Joannis
2871 3011 3030 3067 verba
3058 3011 3236 3068 attulit
3265 3007 3351 3084 (Τ.
3371 3025 3408 3066 1.
3430 3027 3476 3063 c.
3495 3009 3807 3079 847.1.27),
3825 3013 3885 3069 Si
3911 3014 4053 3067 enim

2462 3099 2665 3154 Patrem
2695 3118 2860 3155 meum
2895 3103 3123 3168 nossetis,
3168 3113 3216 3157 et
3243 3119 3322 3157 me
3361 3105 3571 3157 nossetis
3597 3120 3616 3158 .'
3640 3121 3794 3173 neque
3820 3121 3932 3157 vero
3963 3121 4054 3157 me

2458 3193 2633 3258 nostis,
2664 3208 2752 3244 nec
2783 3191 2991 3246 Patrem
3013 3208 3034 3257 ,°
3065 3193 3133 3246 ita
3162 3194 3335 3262 pergit
3365 3212 3378 3248 :
3413 3193 3562 3258 Quod
3589 3196 3924 3250 testimonium
3951 3197 4053 3250 hoc

2458 3282 2560 3348 [ide
2593 3281 2792 3350 dignius
2834 3281 3128 3336 adducam?
3156 3283 3218 3337 Si
3261 3283 3468 3337 Patrem
3498 3301 3596 3338 non
3623 3295 3824 3347 norunt,
3853 3284 4056 3339 Filium

2455 3373 2833 3439 cruciﬁxerunt,
2876 3373 3100 3441 Spiritus
3130 3375 3375 3428 auxilium
3403 3377 3714 3444 repulerunt,
3744 3377 3854 3446 quis
3879 3377 4056 3432 locum

2454 3463 2600 3516 illum
2629 3480 2735 3538 esse
2761 3464 3047 3518 daemonum
3076 3466 3402 3520 diversorium
3437 3467 3690 3536 amrmare
3737 3485 3838 3522 non
3866 3469 4004 3521 ausit
4029 3470 4057 3524 ἶ)

2457 3552 2578 3606 Non
2604 3553 2848 3606 aduratur
2871 3554 2939 3607 ibi
2981 3553 3141 3617 Deus,
3169 3554 3331 3618 absit;
3359 3557 3445 3609 sed
3488 3556 3792 3610 idololatria:
3815 3557 4056 3628 deinceps

2450 3644 2594 3697 locus
2633 3654 2704 3698 cst
2730 3660 2749 3697 :
2779 3653 2826 3698 et
2854 3654 3019 3698 tamen
3065 3645 3223 3716 aliqui
3264 3646 3366 3698 illis
3394 3656 3649 3710 tamquam
3683 3648 3921 3702 sacrariis
3947 3649 4052 3701 ad-

2456 3737 2666 3790 hwrent.
2709 3737 2872 3806 Atque
2900 3738 3007 3792 Ita'c
3037 3754 3138 3792 non
3165 3739 3463 3807 conjecturis
3503 3740 3755 3793 adductus
3781 3741 3913 3802 dico,
3957 3744 4056 3796 sed

2456 3829 2567 3896 ipsa
2592 3829 2797 3880 edoctus
2824 3829 3152 3898 experientia.
3195 3827 3334 3882 Nam
3361 3839 3477 3883 ante
3509 3829 3602 3882 hoc
3647 3831 3887 3895 triduum,
3922 3834 4059 3887 mihi

2456 3918 2662 3984 credite,
2707 3918 3082 3983 non‘mentior,
3111 3929 3394 3972 matronam
3435 3918 3708 3987 quamdam
3738 3921 3998 3974 honestam
4035 3964 4053 3988 ,

2454 4010 2745 4079 ingenuam,
2797 4009 3071 4068 modestam
3099 4019 3145 4062 et
3182 4009 3382 4078 ﬁdelem
3409 4009 3530 4075 uidi,
3576 4027 3725 4080 quam
3755 4014 3904 4066 homo
3930 4015 4057 4078 qui-

2455 4101 2574 4153 dam
2609 4100 2858 4169 impurus,
2890 4100 3124 4170 opinione
3151 4099 3469 4155 Christianus
3498 4103 3644 4171 (talia
3686 4104 3815 4156 enim
3844 4105 4054 4158 auden-

2456 4199 2575 4255 tem,
2605 4190 2852 4243 si’ncerum
2895 4174 3239 4244 Christianum
3279 4207 3378 4244 non
3421 4191 3682 4263 dixerim),
3712 4191 4055 4249 Ilebm'orum

2454 4280 2615 4334 (edem
2643 4280 2831 4333 intrare
2852 4320 2868 4345 ,
2896 4280 3058 4350 ibique
3072 4282 3443 4351 jusjurandum
3472 4283 3534 4335 de
3561 4285 3772 4354 negotiis
3796 4285 3891 4338 sibi
3923 4302 4053 4338 con-

2455 4371 2657 4426 creditis
2697 4373 2817 4425 dare
2843 4372 3062 4443 cogebat.
3101 4372 3168 4428 Ut
3211 4389 3326 4426 vero
3363 4373 3454 4426 illa
3481 4390 3625 4439 Opem
3649 4375 3974 4444 implorabat,
4000 4389 4055 4431 es

2456 4465 2554 4517 vim
2595 4465 2885 4517 sceleratam
2923 4463 3124 4516 amoliri
3168 4463 3437 4533 cupiebat;
3463 4463 3556 4516 sibi
3582 4465 3742 4528 enim,
3773 4481 3887 4527 qua:
3909 4466 4052 4518 dioi-

2458 4574 2637 4610 norum
2679 4556 3027 4626 mysteriorum
3069 4566 3273 4609 consors
3316 4557 3451 4625 facta
3491 4564 3636 4619 esset,
3687 4556 3831 4608 illum
3876 4556 4052 4612 locant

2456 4648 2617 4712 adire,
2650 4633 2792 4716 nefas
2831 4661 2935 4698 csse
2975 4645 3180 4714 putabat
3207 4661 3227 4699 :
3256 4646 3487 4699 incensus
3517 4661 3606 4716 ego
3644 4645 3752 4700 zelo
3779 4657 3924 4714 atque
3960 4665 4058 4701 ar.

2457 4739 2581 4790 deus
2609 4737 2825 4799 surrexi,
2873 4752 2963 4789 nec
3001 4736 3142 4788 illam
3174 4734 3243 4787 ad
3268 4736 3728 4805 pramaricationem
3759 4737 3889 4790 trahi
3918 4727 4052 4792 suus

2459 4847 2660 4900 passus,
2690 4829 2950 4899 eripuique
2975 4828 3036 4881 ab
3058 4829 3229 4898 ntiqua
3249 4827 3351 4882 ista
3375 4828 3694 4882 abductione.
3722 4827 3906 4883 Postea
3929 4846 4050 4902 eum

2459 4921 2544 4990 qui
2592 4929 2811 4972 traxerat
2873 4919 3049 4984 illam,
3091 4916 3475 4973 Citristianusne
3520 4927 3681 4984 esset,
3721 4919 3893 4989 rogaui
3917 4935 3937 4974 :
3965 4921 4055 4975 cui

2459 5009 2713 5078 conﬁtenti
2738 5009 2951 5079 graviter
2985 5008 3164 5074 institi,
3199 5009 3480 5077 fatuitatem
3523 5010 3851 5078 exprobrans,
3879 5020 4057 5064 extre-

2463 5115 2693 5167 mamque
2719 5097 3040 5162 dementiam,
3083 5107 3129 5151 et
3156 5097 3313 5152 asinis
3337 5097 3484 5151 illum
3514 5108 3753 5167 prazstare
3777 5100 3974 5168 negavi,
4009 5103 4059 5156 si

2461 5189 2715 5246 Christum
2740 5205 2792 5242 se
2809 5187 3024 5240 adorare
3049 5188 3313 5258 proﬁtens,
3340 5189 3407 5240 ad
3425 5187 3743 5252 Judworum,
3773 5187 3856 5257 qui
3879 5191 4058 5258 ipsum

2464 5279 2848 5347 cruciﬁxissent,
2881 5277 3148 5348 speluncas
3173 5294 3470 5348 quemquam
3499 5282 3736 5335 traheret.
3756 5277 4059 5335 Producto-

2464 5387 2558 5440 que
2585 5371 2782 5441 longius
2805 5387 3064 5436 sermone,,
3083 5371 3299 5439 primum
3316 5371 3497 5441 jurare
3521 5388 3730 5440 prorsus
3750 5389 3848 5426 non
3877 5374 4060 5442 licere,

2468 5478 2622 5532 neque
2668 5461 2736 5514 ad
2770 5461 3136 5530 jusjurandum
3174 5463 3457 5532 quempiam
3521 5465 3753 5527 incitare,
3799 5481 3862 5519 ea:
3903 5481 4063 5526 sacro

2473 5547 2746 5622 Evangelia
2798 5553 2944 5606 docui
2976 5554 3216 5619 :dcindc,
3269 5572 3369 5609 non
3417 5557 3617 5624 ﬁdelem
3665 5568 3712 5610 et
3760 5557 4016 5611 initiatum
4045 5601 4062 5624 ,

2471 5645 2587 5716 quin
2620 5663 2774 5715 nequc
2804 5663 2912 5702 cum
2941 5648 3025 5719 qui
3070 5649 3311 5703 nonduin-
3335 5649 3396 5704 sit
3426 5650 3671 5720 initiatus,
3702 5651 3750 5704 in
3777 5649 3922 5705 istam
3960 5665 4059 5708 πει
