4264 6306
166 336 267 394 105

163 459 434 514 cessitatem
464 452 774 507 trahendum
812 449 983 518 fuisse.
1015 443 1294 512 Postquam
1332 438 1419 492 diu
1451 436 1761 497 multumque

166 552 400 620 loquutus
426 549 659 599 animum
686 542 798 612 ejus
823 540 884 593 ab
907 552 1077 592 errore
1105 530 1357 601 epiniom‘s
1386 526 1609 620 liberavi,
1638 540 1762 575 cau—

167 597 398 620 -ντη-ηη
706 597 727 612 ..
1139 597 1148 601 -

162 657 272 695 sam
314 638 594 691 sciscitatus
624 650 758 699 sum,
788 648 879 684 cur
916 626 1124 682 ecclesia
1165 624 1340 677 relicta
1371 597 1447 671 ad
1463 616 1765 671 Judccorum

164 731 378 801 collegia
403 728 545 781 illam
572 724 804 779 traxerit.
836 722 901 773 At
924 720 1012 773 ille
1037 716 1222 771 multos
1242 714 1335 767 sibi
1362 710 1548 764 dixisse
1568 706 1765 776 inquie-

166 829 269 889 bat,
287 798 681 892 jusjurandum,
704 814 841 887 quod
860 813 927 868 ibi
954 812 1180 889 daretur,
1204 806 1364 875 magis
1387 798 1768 874 formidandum

164 932 291 971 esse.
341 914 421 969 0b
468 928 582 983 qui:
619 907 1023 981 ingemiscebam.
1070 904 1121 956 et'
1158 903 1236 955 ira
1281 897 1598 959 incendebar,
1650 893 1767 945 hinc

164 1023 343 1059 rursus
372 1005 619 1057 ridebam.
643 1000 861 1054 Cernens
886 996 1016 1051 enim
1046 991 1236 1047 diaboli
1259 990 1500 1043 astutiam
1519 983 1765 1055 ingemui,

164 1100 300 1167 quod
328 1096 613 1150 hominibus
644 1093 697 1147 id
728 1088 1027 1159 persuadere
1058 1092 1220 1155 posset
1248 1097 1266 1135 .'
1292 1079 1613 1135 considerata
1654 1090 1769 1128 vero

164 1205 345 1242 eorum
386 1186 474 1255 qui
516 1182 889 1253 deripiebantur
912 1175 1164 1240 socordia,
1192 1169 1461 1233 excandui,
1493 1177 1540 1220 et
1564 1176 1767 1219 eorum-

167 1282 281 1333 dem
310 1286 503 1346 quanta
541 1282 667 1329 esset
703 1272 922 1325 amentia
963 1283 1155 1322 mecum
1199 1272 1459 1334 reputans,
1490 1257 1600 1311 risi.
1633 1255 1772 1310 Risit

170 1372 333 1441 igitur
361 1370 471 1433 ille,
502 1367 627 1422 licet
654 1366 731 1420 rei
758 1362 990 1435 gravitas
1018 1359 1280 1413 adimeret
1305 1351 1517 1424 iocandi
1550 1349 1772 1404 faculta-

172 1476 314 1527 tem;
344 1460 441 1518 sed
467 1462 622 1530 jocus
652 1459 740 1513 ille
765 1456 892 1511 nihil
924 1454 991 1509 de
1016 1451 1273 1522 gravitate
1310 1445 1595 1515 decerpsit.

238 1552 548 1611 Secundam
581 1550 857 1605 homiliam
903 1547 1091 1601 decem
1117 1552 1210 1596 aut
1253 1539 1492 1609 pluribus
1518 1534 1715 1605 elapsis
1739 1546 1771 1587 a

172 1646 345 1715 prima
377 1643 566 1697 diebus
608 1639 812 1702 habuit,
857 1650 919 1690 ac
945 1634 1176 1704 quinque
1205 1630 1395 1685 diebus
1437 1636 1582 1691 ante,
1613 1639 1771 1695 quam

172 1713 485 1791 linteorum
528 1731 787 1800 jejunium
830 1726 1061 1789 adesset,
1091 1731 1149 1777 ut
1176 1722 1255 1775 sic
1284 1720 1399 1788 ipse
1422 1715 1660 1771 declarat
1690 1713 1773 1767 in-

174 1828 303 1883 itio:
330 1826 665 1897 lllegitimum
694 1822 846 1892 igitur
875 1819 1100 1887 ipsorum
1125 1812 1382 1884 jejunium
1414 1818 1525 1877 post
1555 1808 1775 1877 quinque

174 1922 285 1973 dies
312 1895 549 1985 deinceps
570 1915 727 1967 instat
755 1927 773 1965 :
802 1919 854 1963 at
877 1924 969 1978 ego
996 1914 1111 1959 ante
1132 1902 1301 1956 decem
1324 1900 1449 1965 dies,
1481 1897 1558 1953 vel
1583 1895 1773 1967 plures,

175 2009 576 2064 cohortationem
602 2005 668 2056 ad
693 2020 777 2056 vos
798 1999 969 2063 habui,
998 2007 1051 2050 ut
1082 1995 1262 2065 fratres
1287 2000 1473 2046 vestros
1501 1986 1778 2060 praemuni-

174 2120 306 2156 rem.
352 2100 433 2155 Ne
457 2113 588 2154 vero
615 2095 827 2152 dubites
856 2093 993 2147 hanc
1020 2092 1188 2161 ipsam
1219 2102 1361 2151 esse,
1398 2100 1556 2155 quam
1588 2097 1780 2137 secun-

176 2195 301 2249 dam
344 2201 531 2247 contra
570 2185 785 2244 JUdlBOS
825 2184 1048 2250 habuit,
1101 2180 1221 2235 vide
1283 2176 1549 2249 quomodo
1596 2174 1667 2229 ibi
1711 2173 1779 2228 de

174 2289 351 2358 prima
382 2286 630 2354 loquatur
675 2294 823 2335 num.
852 2278 887 2334 5
914 2295 927 2331 :
960 2275 1080 2329 Non
1108 2272 1321 2327 audistis
1366 2270 1420 2323 in
1452 2267 1610 2339 priori
1652 2282 1777 2319 ron-

174 2378 342 2441 cione,
368 2390 521 2441 quam
564 2373 699 2425 clare
730 2369 879 2441 fuerit
920 2367 1147 2421 oratione
1186 2362 1603 2424 demonstratur»,
1641 2358 1780 2427 ipsas

175 2469 379 2520 animus
406 2464 727 2527 Judworum,
758 2470 802 2513 et
849 2457 959 2511 loca
988 2455 1070 2508 ubi
1114 2461 1501 2523 congregantur,
1532 2466 1564 2501 a
1590 2448 1782 2501 dromo-

176 2560 328 2612 nibus
354 2555 572 2610 habitari
595 2555 619 2609 ?
651 2551 704 2607 id
733 2566 882 2611 vero.
908 2562 1101 2618 nempe
1143 2557 1194 2600 et
1221 2546 1427 2598 animas
1452 2541 1777 2603 .iudmorum,

174 2657 230 2705 et
272 2649 389 2702 loca
428 2644 739 2700 earumdem
767 2658 795 2695 a
823 2638 1160 2695 daBmOllllNIS
1196 2634 1442 2696 habitari,
1491 2632 1782 2699 conspicue

173 2750 233 2795 et
259 2739 376 2793 fuse
406 2736 593 2807 probat
617 2734 706 2789 ille
736 2731 953 2786 humilia
975 2729 1145 2799 prima
1172 2736 1357 2782 contra
1389 2723 1603 2780 Judteos
1631 2737 1775 2776 num.

173 2820 213 2886 Β
244 2849 259 2883 :
290 2830 362 2884 ita
394 2835 452 2883 ut
476 2832 625 2882 certo
666 2824 865 2880 certius
893 2823 997 2886 sit,
1029 2820 1173 2874 illam
1202 2832 1323 2872 esse
1351 2826 1535 2871 contra
1566 2813 1783 2870 indices

176 2924 432 2991 primam,
464 2920 599 2973 hanc
628 2934 757 2972 vero
786 2914 1096 2979 secundam,
1131 2927 1289 2982 quam
1320 2911 1561 2966 dolemus
1588 2909 1653 2963 ad
1685 2923 1784 2962 nos

172 3016 426 3069 mutilam
472 3012 797 3067 devenisse:
832 3009 962 3063 nihil
990 3017 1137 3061 certe
1176 3020 1282 3059 non
1330 3006 1535 3074 egimus
1577 3011 1635 3056 ut
1662 3016 1783 3057 eam

173 3118 383 3162 sariam
413 3114 467 3158 et
497 3114 689 3157 tectam
733 3100 1055 3163 cderemus;
1088 3097 1181 3153 sed
1211 3096 1406 3151 frustra
1448 3109 1660 3150 cessere
1689 3108 1783 3148 eo-

174 3208 346 3254 natus
370 3210 575 3250 omnes.

256 3289 493 3345 Tertiam
526 3289 899 3342 incunctanter
931 3284 1207 3353 posuimus
1233 3280 1516 3337 Homiliam
1545 3296 1661 3335 eam
1691 3294 1784 3334 cu—

175 3382 269 3452 ius
298 3380 481 3434 titulus
519 3388 622 3443 est,
650 3375 716 3431 1η
745 3393 828 3430 cos
868 3377 951 3445 qui
1000 3376 1161 3443 primo
1208 3372 1411 3427 Pascha
1442 3373 1704 3443 jejunum,
1734 3371 1787 3424 id

176 3481 288 3534 est,
317 3478 500 3523 contra
526 3468 862 3523 Christianos
886 3466 1026 3526 illos,
1056 3466 1145 3534 qui
1187 3476 1307 3516 eum
1344 3462 1542 3516 Pascha
1569 3460 1790 3516 iudicu-

178 3570 309 3616 him
341 3561 540 3629 aliquot
566 3558 757 3613 diebus
788 3567 904 3625 pust
939 3556 1141 3609 Pascha
1172 3554 1596 3608 Christianorum
1643 3553 1787 3606 cele-

181 3653 395 3715 bratur,
430 3650 481 3703 in
523 3648 783 3703 Pascbate
810 3645 1233 3700 Christianorum
1259 3642 1522 3713 j‘ejunant,
1554 3652 1608 3695 ut
1648 3642 1787 3709 jeju-

150 3770 155 3781 η·
183 3744 341 3797 nium
365 3756 529 3812 usque
558 3736 624 3794 ad
655 3737 857 3792 Pascha
882 3724 1187 3790 .ludznorum
1221 3743 1627 3804 prosequantur.
1660 3732 1789 3786 Illud

183 3843 371 3889 autem
401 3847 540 3886 anno
569 3830 814 3900 sequenti
860 3829 984 3893 587,
1032 3826 1202 3897 inquit
1230 3826 1666 3897 Chryso<tomus,
1699 3839 1789 3877 ac-

182 3923 425 3989 cidebat,
466 3926 647 3992 atque,
694 3928 753 3974 ut
794 3930 899 3974 tam
951 3926 1165 3987 pravam
1204 3915 1643 3970 consuetudinem
1694 3915 1791 3968 nl)-

183 4006 360 4083 bleat,
402 4012 740 4069 homiliarum
783 4020 967 4065 contra
1016 4010 1307 4063 Anomcnos
1352 4020 1406 4061 et
1432 4007 1497 4061 de
1528 4005 1791 4074 [inigeniti

185 4100 365 4180 gloria
391 4105 609 4171 cursum
634 4102 921 4172 intercipit,
955 4108 1008 4155 ut
1036 4102 1149 4169 ipse
1176 4099 1328 4154 initio
1358 4098 1590 4152 humilia:
1616 4092 1794 4151 αρε-Ια-

187 4208 277 4255 rat
306 4199 391 4252 his
415 4196 589 4251 verbis
620 4213 632 4248 :
664 4196 859 4249 Rursus
885 4192 1221 4247 necessarium
1249 4191 1505 4260 quoddam
1535 4201 1580 4244 et
1610 4207 1794 4258 urgens

189 4292 473 4363 negotium,
500 4306 670 4343 eorum
691 4304 803 4356 qua:
830 4303 989 4355 nuper
1017 4280 1151 4338 dicta
1172 4294 1286 4338 sunt
1313 4284 1489 4337 seriem
1517 4284 1794 4337 interrum-

191 4401 343 4455 pens,
362 4381 428 4434 ad
448 4397 501 4434 se
526 4380 799 4434 orationem
821 4378 1058 4442 traducit,
1076 4386 1121 4431 et
1138 4394 1168 4428 a
1184 4376 1425 4442 susceptis
1454 4391 1566 4427 cum
1598 4373 1799 4426 lucreti-

190 4478 267 4529 εἰς
307 4472 662 4527 certaminibus
692 4487 782 4524 nos
809 4470 1029 4524 abducit.
1083 4466 1222 4522 Nam
1264 4484 1354 4519 nos
1383 4466 1582 4534 quidem
1624 4480 1799 4517 rursus

191 4569 259 4622 de
300 4564 559 4636 Unigeniti
601 4563 765 4635 gloria
806 4562 874 4615 ad
915 4564 1175 4615 caritatem
1202 4570 1413 4615 vestram
1443 4559 1588 4613 verba
1636 4561 1801 4625 facere

192 4658 369 4733 parati
394 4672 613 4710 eramus.
646 4656 737 4709 llis
766 4669 923 4723 porro
950 4653 1186 4707 declarat
1214 4666 1271 4706 se
1297 4651 1405 4719 jam
1437 4647 1672 4704 secundo
1704 4649 1803 4701 lio-

194 4751 471 4804 Iniliar'um
495 4755 677 4800 eontra
708 4747 998 4799 Anomocos
1019 4750 1231 4797 cursum
1262 4741 1624 4810 interpellare,
1658 4740 1800 4809 quod

194 4854 259 4896 sc
289 4840 471 4909 prinio
520 4838 707 4892 iecisse
745 4836 871 4890 dicit
916 4835 1065 4889 initio
1114 4833 1346 4888 humilia:
1390 4832 1572 4902 primze
1616 4842 1802 4888 contra

195 4928 439 4988 Judreus.
474 4930 681 4983 Etenim
713 4944 834 4983 eum
868 4929 1090 4996 primam
1133 4935 1320 4980 contra
1352 4928 1643 4979 Anomozus
1680 4940 1774 4977 ora
1795 4955 1806 4961 -

200 5024 409 5077 tionem
458 5019 751 5081 habuisset,
796 5032 1013 5071 cursum
1058 5016 1249 5070 sistere
1291 5024 1509 5068 coactus
1547 5024 1649 5079 est,
1700 5031 1804 5067 non

202 5113 370 5167 modo
424 5121 482 5164 ut
520 5122 705 5164 contra
750 5106 963 5164 Judtcos
1011 5115 1367 5169 conccrtaret,
1419 5106 1559 5175 quod
1602 5106 1808 5160 duabus

205 5202 758 5272 humiliispra‘stitit;
789 5198 882 5254 sed
908 5200 1067 5254 etiam
1098 5207 1155 5251 ut
1188 5199 1372 5253 Patres
1402 5196 1690 5266 spirituales
1716 5212 1807 5250 seu

204 5298 495 5366 episcopos
521 5295 745 5359 vicinos,
776 5294 866 5364 qui
913 5291 1249 5347 Antiochiam
1293 5298 1570 5356 venerant,
1600 5290 1813 5359 excipe-

210 5400 313 5450 rct,
344 5403 407 5442 ac
438 5397 620 5456 postea
648 5391 993 5441 occurrentes
1015 5384 1208 5438 multas
1236 5392 1528 5455 martyrum
1558 5383 1813 5436 solemni-

212 5490 351 5535 tates
393 5477 711 5532 celebraret.
755 5476 868 5540 liis,
902 5478 1137 5544 inquam,
1170 5464 1416 5528 omnibus
1449 5472 1813 5542 interpellatus

211 5580 297 5624 est
323 5587 352 5621 a
385 5578 559 5635 ('(epta
589 5577 774 5620 contra
808 5570 1097 5619 Anotnmos
1132 5580 1338 5634 pugna;
1371 5565 1439 5617 ita
1472 5573 1528 5617 ut
1556 5579 1662 5617 non
1696 5581 1812 5617 mo-

212 5660 395 5714 dicam
426 5657 685 5727 temporis
718 5657 1053 5711 intervallum
1097 5654 1257 5708 fuerit
1301 5655 1523 5725 primam
1553 5654 1688 5707 inter
1719 5654 1804 5707 ho-

221 5752 419 5806 miliam
452 5756 639 5803 centra
666 5749 954 5803 Auentinus
978 5756 1033 5803 et
1078 5746 1304 5801 tertiam.
1339 5747 1468 5802 Cum
1499 5759 1673 5803 autem
1702 5747 1782 5819 pt'i
1802 5772 1815 5782 ~

1342 318 1522 376 NUNC
1561 312 1823 371 PRIMUM
1864 317 1901 364 Α
1914 308 2253 363 DURNATA.

3356 307 3455 361 106

1870 443 2011 481 mam
2055 436 2237 480 contra
2278 423 2491 478 Jlid'JBOS
2534 421 2804 476 humilium
2848 421 3094 476 habuerit
3123 436 3307 477 mense
3341 424 3460 475 Au-

1868 528 2022 588 gusto
2066 518 2190 571 anni
2238 516 2360 577 586,
2395 524 2451 569 ut
2491 530 2650 584 supra
2681 514 2946 577 diximus;
2995 512 3282 568 secundam
3331 528 3461 567 vero

1869 612 2093 665 ineunte
2121 609 2333 663 circiter
2361 605 2682 675 Septembri,
2715 603 2908 667 decem,
2936 604 3011 656 ait
3040 604 3148 666 ille,
3182 612 3271 656 aut
3296 605 3457 671 plurio

1869 701 1960 755 bus
1982 700 2155 753 diebus
2187 706 2302 766 post
2333 698 2581 770 primam,
2608 710 2853 766 magnam
2894 695 3226 763 Septembris
3254 706 3461 765 partem

1872 792 2223 861 ittsumpserit
2260 791 2311 844 in
2349 787 2679 858 excipiendis
2729 788 2832 841 illis
2855 787 3044 840 vicinis
3082 787 3367 856 episcopis,
3410 796 3461 842 et

1871 883 2203 938 celebrandis
2261 892 2555 952 martyrum
2620 880 3083 941 solemnitatibus,
3141 895 3462 949 rursumque

1873 973 2175 1042 Septembri
2218 980 2445 1027 excutitc
2475 986 2659 1026 mense
2690 986 2918 1040 pugnam
2962 981 3148 1025 contra
3175 973 3470 1026 Anomwos

1875 1066 2244 1135 resumpserit,
2284 1081 2440 1134 quam
2460 1106 2476 1130 ,
2508 1064 2588 1118 vel
2620 1063 2855 1118 nondmn
2886 1074 3076 1119 exacto
3118 1065 3421 1132 Septembri
3444 1099 3463 1125 ,

1875 1165 1958 1219 Vel
1984 1165 2136 1218 initio
2151 1163 2393 1218 Octobris
2422 1163 2611 1217 iterum
2644 1170 3001 1232 prosequutus
3024 1161 3113 1224 sit,
3141 1168 3382 1229 urgente,
3413 1166 3468 1209 ut

1876 1254 1965 1310 ille
1992 1257 2082 1320 ait,
2112 1256 2430 1310 necessitate
2458 1264 2512 1307 ut
2532 1264 2714 1308 centra
2742 1253 2956 1307 Judzcos
2985 1265 3171 1304 rursus
3196 1260 3463 1303 certamen

1879 1348 2115 1403 haberet.
2164 1348 2245 1401 An
2278 1361 2406 1402 vero
2454 1355 2571 1415 post
2614 1343 2902 1400 secundum
2950 1351 3135 1396 contra
3183 1343 3470 1394 Anonimos

1877 1440 2213 1500 concionem,
2244 1437 2380 1491 hanc
2412 1437 2623 1491 tertiam
2655 1442 2838 1489 contra
2865 1432 3079 1488 Judccos
3110 1431 3369 1491 habuerit,
3405 1444 3471 1483 an

1881 1543 2000 1603 post
2026 1532 2235 1587 tertiam
2279 1532 2361 1586 vel
2413 1540 2538 1601 post
2586 1532 2847 1598 quartam,
2903 1526 2956 1579 id
3010 1525 3163 1593 plane
3213 1524 3471 1578 incertum

1882 1633 1984 1690 est,
2019 1640 2190 1693 neque
2214 1625 2313 1679 hac
2342 1623 2410 1679 de
2440 1638 2498 1677 re
2535 1621 2823 1693 quidqmm
2855 1618 2986 1674 certi
3017 1617 3173 1672 statui
3206 1630 3361 1687 posse
3390 1616 3475 1669 vi-

1883 1717 2059 1772 detur.

1950 1806 2029 1862 Ne
2063 1815 2238 1860 autem
2272 1802 2411 1859 hanc
2454 1805 2664 1858 tertiam
2698 1809 2882 1857 contra
2909 1798 3125 1856 Judaeos
3161 1798 3474 1853 concionem

1881 1898 1969 1954 diu
2000 1908 2120 1967 post
2149 1896 2521 1965 Septembrem
2551 1892 2919 1956 amandemus,
2952 1890 3238 1960 prohibere
3265 1887 3478 1941 videtur

1882 1988 2297 2057 Chrysostomus
2323 1985 2550 2040 Humilia
2576 1985 2625 2037 in
2649 1983 2791 2038 diem
2816 1981 3051 2036 Natalem
3074 1979 3295 2042 Christi,
3318 1993 3478 2048 quam

1884 2079 2069 2133 habuit
2112 2094 2256 2133 anno
2300 2078 2422 2141 586,
2474 2077 2562 2131 die
2593 2076 2843 2145 vigesima
2890 2074 3073 2144 quinta
3124 2071 3477 2127 Decembris:

1884 2170 2105 2241 Tempus
2133 2181 2300 2223 autem
2344 2178 2446 2222 tum
2473 2179 2601 2232 erat,
2650 2167 2839 2235 inquit,
2875 2166 2989 2233 festi
3020 2162 3482 2217 Tabernaculorum

1886 2272 1931 2315 et
1951 2262 2137 2332 jejunii
2163 2278 2181 2316 :
2212 2261 2305 2313 hoc
2330 2260 2462 2313 enim
2498 2260 2588 2313 illa
2632 2258 2780 2313 verba
2818 2257 2912 2311 sibi
2950 2258 3141 2318 volunt,
3194 2253 3484 2308 llumiliate

1886 2353 2091 2406 animas
2136 2360 2378 2415 vestras;
2428 2351 2580 2421 idque
2608 2368 2639 2403 a
2676 2350 2873 2404 ludatis
2908 2349 3046 2402 circa
3101 2348 3254 2416 ﬁnem
3300 2347 3484 2399 mensis

1888 2444 2133 2513 Uorpitci,
2181 2443 2235 2497 id
2263 2453 2332 2496 est
2364 2442 2673 2513 Septembris
2693 2483 2706 2505 ,
2735 2440 2869 2511 quod
2898 2449 2945 2493 et
2974 2454 3059 2493 vos
3098 2439 3368 2501 testamini,
3400 2455 3484 2490 ce-

1889 2536 2191 2591 lebrabatur.
2247 2535 2390 2589 Tunc
2452 2536 2587 2589 enim
2630 2536 2815 2589 multos
2867 2533 3187 2602 prolixosque
3230 2538 3484 2585 sermones

1888 2640 2063 2683 contra
2086 2628 2297 2683 Juda’os
2322 2625 2643 2698 protulimus,
2667 2628 3013 2696 importunum
3043 2641 3214 2680 eorum
3228 2626 3483 2696 jejunium

1889 2732 2205 2777 accusantes.
2240 2721 2321 2775 Eo
2362 2721 2541 2791 igitur,
2588 2728 2643 2773 ut
2672 2734 2769 2773 nos
2816 2708 3210 2779 Constituimus,
3246 2726 3489 2785 tempore

1890 2812 1987 2869 has
2018 2822 2127 2869 tres
2153 2823 2337 2868 contra
2369 2810 2583 2867 Judmos
2627 2811 2914 2864 coliciones
2945 2809 3149 2863 habuit.
3195 2808 3377 2877 Neque
3410 2817 3489 2861 ta-

1890 2922 2013 2961 men
2055 2907 2124 2961 ita
2171 2920 2356 2960 mense
2398 2902 2700 2973 Septembri
2746 2901 2952 2955 habitas
2987 2892 3118 2955 dicit
3162 2900 3257 2952 has
3298 2900 3492 2953 multas

1892 2999 2233 3068 prolixasque
2276 2996 2547 3061 homilias,
2596 3004 2653 3047 ut
2701 2989 2902 3048 nullam
2946 3003 3090 3058 ante,
3125 2992 3323 3045 nullam
3372 3000 3492 3059 post

1892 3090 2265 3160 Septembrem
2313 3086 2686 3156 pronuntiarit.
2716 3071 2850 3139 Nam
2894 3099 3015 3138 cum
3046 3084 3141 3144 ait,
3171 3072 3315 3135 Tunc
3356 3082 3489 3134 enim

1892 3183 2080 3236 multos
2107 3179 2430 3250 proliatosque
2459 3190 2712 3231 sermones
2743 3186 2918 3229 contra
2949 3174 3161 3229 Judazos
3203 3174 3491 3237 habuimus,

1895 3283 2103 3341 tempus
2130 3271 2345 3325 circiter
2388 3277 2626 3332 annotat,
2659 3281 2832 3336 neque
2878 3265 3125 3319 humilius
3158 3264 3275 3319 illas
3303 3276 3495 3317 onutes

1894 3381 2081 3419 mense
2131 3362 2433 3433 Septembri
2500 3358 2946 3415 circumscribit:
2991 3373 3096 3415 non
3158 3358 3299 3413 enim
3355 3357 3494 3411 solet

1894 3458 2310 3527 Chrysostumus
2342 3463 2489 3508 tanto
2518 3452 2769 3522 scrupulo
2800 3461 2957 3505 notas
2985 3460 3285 3518 temporum
3315 3448 3493 3502 consi-

1895 3565 2093 3620 gnare,
2145 3556 2206 3602 ut
2250 3546 2447 3616 passim
2493 3544 2919 3599 observavimus.
2973 3542 3105 3596 Cum
3149 3556 3277 3595 vero
3322 3541 3491 3604 dicit,

1899 3642 2081 3694 multos
2112 3640 2432 3709 prolixosque
2468 3652 2742 3700 sermones,
2792 3636 2889 3689 has
2923 3644 3031 3688 tres
3062 3633 3309 3688 humilius
3356 3628 3496 3685 iudil

1896 3748 2021 3787 care
2054 3731 2286 3794 videtur,
2336 3730 2604 3798 etiamque
2656 3728 2884 3782 fortasse
2926 3728 3081 3790 alias,
3129 3743 3248 3795 qua:
3301 3724 3496 3796 injuria

1900 3832 2199 3892 temporum
2248 3820 2656 3874 interciderint:
2692 3833 2877 3887 parum
2929 3818 3070 3871 enim
3115 3816 3311 3878 abluit,
3367 3818 3497 3885 quin

1901 3912 2130 3967 Secunda
2175 3912 2333 3964 etiam
2379 3909 2593 3963 humilia
2647 3908 2882 3977 perierit,
2915 3916 3099 3975 utpote
3138 3921 3257 3973 quia:
3306 3905 3358 3959 in
3390 3916 3497 3958 uno

1902 4001 2103 4058 tantum
2132 4002 2330 4056 Codice
2372 4015 2561 4070 magna
2612 3998 2692 4052 sui
2742 4007 2889 4068 parte
2940 3997 3124 4050 mutila
3168 4006 3373 4065 reperta
3407 3997 3494 4067 sit.

1904 4095 2014 4148 imo
2040 4094 2166 4149 vero
2194 4103 2400 4147 certum
2438 4092 2646 4145 videtur
2676 4091 2877 4160 aliquot
2901 4103 2963 4143 ex
2999 4090 3060 4142 iis
3106 4104 3236 4157 quas
3266 4088 3349 4142 hic
3379 4104 3496 4142 tuc—

1906 4196 2077 4239 morat
2109 4184 2352 4238 humilius
2380 4183 2711 4238 intercidisse
2740 4198 2755 4244 ;
2789 4198 2909 4234 nam
2941 4182 2993 4233 in
3018 4181 3120 4233 line
3151 4181 3320 4233 tertia:
3346 4179 3494 4233 dicit:

1908 4269 2349 4343 Quemadmodum
2380 4274 2851 4334 demonstravimus,
2882 4288 2996 4324 cum
3042 4272 3136 4324 hac
3167 4272 3230 4324 de
3259 4288 3313 4324 re
3356 4272 3502 4323 inulti

1906 4368 2062 4421 habiti
2110 4367 2295 4437 fuerint
2325 4383 2357 4419 a
2385 4382 2462 4419 me
2506 4381 2799 4430 sermones;
2842 4378 2948 4417 non
2994 4362 3072 4417 sic
3116 4362 3409 4424 locuturus,
3456 4362 3500 4414 si

1905 4462 2039 4515 duos
2073 4470 2272 4515 tantum
2302 4460 2402 4513 bac
2444 4459 2510 4512 de
2556 4476 2614 4513 re
2642 4472 2919 4513 sermones
2950 4456 3361 4527 pronuntiasset.
3396 4452 3501 4509 Sed

1908 4568 2036 4606 cave
2062 4561 2215 4621 putes
2244 4567 2365 4604 cum
2409 4550 2678 4604 Frontone
2729 4550 2938 4613 Ducam,
2988 4547 3232 4605 humilius
3270 4547 3506 4614 quinque

1909 4654 2193 4714 sequentes
2226 4643 2305 4696 bis
2333 4642 2701 4712 Chrysostomi
2730 4640 2927 4704 verbis,
2955 4640 3140 4708 longos
3162 4640 3505 4709 prolixosmte

1913 4752 2189 4792 sermones
2231 4736 2535 4805 signiﬁcari.
2583 4735 2703 4788 illas
2747 4734 3006 4804 siquidem
3053 4735 3338 4787 conciones
3380 4750 3507 4801 pro-

1910 4827 2170 4882 -umtiavit
2219 4827 2307 4881 diu
2362 4835 2479 4895 post
2526 4826 2808 4880 lioinlliam
2862 4826 2911 4879 iu
2961 4825 3199 4879 Natalem
3259 4825 3506 4891 Domini,

1912 4936 2053 4973 anno
2082 4920 2186 4974 586
2232 4918 2500 4983 Ιιιιήιειιιι,
2535 4918 2675 4971 unde
2720 4928 2973 4987 excerpta
3006 4917 3091 4970 illa
3138 4917 3296 4971 verba
3344 4928 3470 4971 sunt

1918 5022 1972 5065 at
2024 5027 2193 5077 ntox,
2250 5024 2421 5079 neque
2483 5008 2658 5063 dubiis
2731 5008 3054 5077 argumentis
3119 5008 3293 5078 palum
3354 5007 3512 5062 faeie-

1916 5118 2053 5158 mus.

1986 5197 2183 5252 Contra
2211 5195 2351 5249 hunc
2380 5204 2617 5247 nostrum
2644 5194 2904 5249 calculqu
2930 5194 3086 5248 dubia
3118 5194 3357 5265 qumdam
3386 5208 3512 5266 pro-

1920 5288 2067 5359 ponit
2100 5287 2159 5341 V.
2190 5287 2273 5342 Cl.
2302 5285 2675 5341 Tillemontius
2698 5326 2713 5351 ,
2746 5285 2888 5340 circa
2925 5293 3134 5354 tempus
3181 5295 3373 5355 nempe
3411 5292 3518 5356 quo

1920 5380 2136 5436 humilia
2169 5379 2321 5433 tertia
2349 5378 2529 5433 habita
2554 5377 2670 5431 fuit.
2697 5376 2801 5432 Sed
2826 5376 2900 5431 illi
2934 5384 3058 5446 apte
3078 5418 3091 5442 ,
3125 5376 3180 5431 ni
3210 5376 3360 5431 fallor
3385 5417 3400 5442 ,
3429 5384 3518 5432 rc-

1920 5471 2231 5541 Spondimus
2256 5470 2307 5524 in
2335 5464 2535 5525 Monito
2558 5468 2625 5523 ad
2653 5468 2912 5523 ilomilias
2944 5476 3129 5522 contra
3149 5452 3443 5522 Judaxos'l‘.
3469 5455 3519 5532 l,

1925 5554 2100 5615 c.8157
2135 5580 2147 5616 :
2180 5577 2286 5631 quo
2318 5562 2567 5617 lectorem
2592 5560 2930 5617 remittimus.
2958 5558 3138 5630 Longe
3164 5559 3521 5614 difﬁciliorem

1922 5657 2075 5709 aliam
2121 5664 2291 5709 inovcl
2322 5655 2838 5724 qutestionem,qum
2866 5667 3017 5710 suam
3067 5654 3263 5722 pariter
3313 5663 3367 5725 et
3424 5664 3522 5706 no:-

1928 5763 2089 5805 strain
2119 5749 2437 5804 sententiam
2470 5748 2708 5819 impetat,
2740 5763 2799 5801 ex
2833 5746 2984 5802 titulo
3012 5762 3201 5815 nempe
3229 5746 3385 5819 hujus
3413 5755 3521 5801 tcr~~
