4264 6306
846 319 944 373 ίοῗ

842 433 927 486 tite
955 431 1202 495 humili-.0,
1236 431 1321 500 qui
1348 430 1425 484 sic
1445 429 1622 493 habet,
1650 430 1701 482 in
1722 440 1805 483 eos
1845 429 1928 500 qui
1967 433 2128 498 primo
2173 430 2417 486 Pascltatc

831 521 1088 590 jejunum.
1108 519 1256 586 Quod
1282 528 1459 573 autem
1488 520 1586 573 hoc
1613 519 1726 588 ipso
1753 535 1890 574 anno
1912 522 1966 584 ii,
1997 524 2083 589 qui
2111 521 2414 577 Judteorum

837 609 1097 664 calculum
1153 608 1205 664 in
1260 608 1516 663 Paschate
1558 610 1933 678 sequebantur,
1985 609 2085 664 etsi
2129 610 2413 664 Christiani

836 708 1011 764 erant,
1044 699 1157 768 ipso
1182 698 1452 752 Paschalis
1473 696 1560 752 die
1589 698 1874 767 jejunaturt
1901 711 2098 763 essent,
2130 701 2206 754 sic
2232 700 2412 755 decla-

833 797 920 842 rat
942 787 1353 861 Cbrysostomus
1382 805 1526 842 num.
1554 789 1587 843 5
1619 805 1632 839 :
1660 786 1791 841 Ecce
1834 805 2045 857 namque
2074 791 2263 860 primus
2310 793 2414 844 dies

835 878 1139 948 Asymorum
1179 879 1274 931 hoc
1317 895 1451 931 anno
1493 880 1547 931 in
1595 877 1915 932 Dominicam
1956 881 2085 932 diem
2120 881 2313 948 incidit,
2366 894 2412 936 et

834 970 1037 1023 omnino
1054 987 1251 1024 necesse
1270 980 1345 1024 est
1367 979 1420 1024 ut
1449 980 1551 1024 tota
1582 969 1893 1023 hebdomada
1907 972 2213 1041 jejunemus,
2234 981 2279 1026 ct
2294 988 2412 1026 cum

831 1058 1000 1126 passio
1045 1060 1335 1129 praterierit
1365 1069 1407 1113 et
1453 1076 1578 1114 crus;
1612 1060 1862 1114 advenerit
1891 1073 1935 1114 et
1963 1063 2257 1115 resurrectio
2280 1105 2293 1125 ,
2321 1079 2410 1116 nos

830 1149 996 1202 adhuc
1014 1151 1306 1220 jejunantes
1330 1167 1638 1203 maneamus.
1667 1150 1734 1203 Et
1762 1167 2098 1218 stepcnumero
2128 1152 2262 1205 istud
2279 1155 2409 1206 acci-

829 1239 926 1303 dit,
967 1248 1020 1293 ut
1067 1250 1179 1310 post
1222 1257 1441 1306 crucem,
1484 1251 1594 1310 post
1630 1243 2053 1308 resurrectionem,
2097 1243 2409 1297 hebdomade

831 1329 1053 1383 nondum
1079 1328 1329 1396 absoluta,
1345 1331 1598 1400 jejunium
1617 1331 1947 1386 observemus.
1973 1332 2096 1387 ﬂare
2115 1341 2297 1387 contra
2315 1349 2419 1388 eos

829 1419 1094 1482 dicuntur,
1110 1420 1198 1487 qui
1218 1419 1477 1489 jejunium
1492 1420 1709 1476 Judaico
1731 1437 1877 1475 more
1894 1423 2191 1488 servabant,
2210 1424 2406 1494 quique

826 1509 1110 1578 aliquando
1136 1509 1188 1562 in
1215 1510 1330 1579 ipso
1359 1510 1616 1567 Paschate
1637 1511 2186 1582 jejunabant,quando
2209 1515 2406 1570 scilicet

825 1597 1130 1652 Iudaeorum
1151 1600 1384 1656 calculus
1406 1600 1600 1654 Pascha
1621 1601 1919 1670 assignabat
1948 1611 2064 1669 post
2080 1601 2405 1657 Christiano-

828 1706 943 1762 rum
967 1691 1184 1746 Pascha.
1213 1691 1362 1746 Tunc
1411 1693 1550 1746 enim
1580 1693 1858 1747 Christiani
1906 1694 1998 1754 illi,
2049 1695 2134 1763 qui
2185 1694 2403 1749 Judaico

826 1780 928 1833 ritu
955 1781 1213 1850 jejunium
1236 1781 1535 1847 servabant,
1565 1782 1655 1836 illo
1688 1783 1774 1836 die
1810 1782 2135 1851 jejunabant,
2163 1799 2268 1853 quo
2293 1799 2400 1838 caa-

826 1871 924 1925 teri
949 1871 1235 1925 Christiani
1260 1871 1460 1925 Pascha
1487 1873 1837 1927 celebrarent.

894 1962 1050 2030 Atqui
1078 1963 1369 2017 secundum
1395 1963 1596 2017 tabulas
1622 1963 1904 2019 Paschales
1923 1979 2060 2019 anno
2082 1966 2182 2019 587
2201 1965 2398 2020 Pascha

827 2049 1012 2104 incidit
1039 2051 1090 2105 in
1116 2052 1187 2107 25
1218 2053 1434 2119 Aprilis,
1479 2069 1669 2120 nempe
1709 2069 1864 2122 quam
1903 2055 2196 2110 tardissime
2228 2065 2401 2125 potest

822 2155 1102 2198 occurrere
1126 2161 1140 2196 :
1174 2143 1438 2213 quomodo
1455 2158 1583 2213 ergo
1598 2144 1926 2214 judaizantes
1949 2146 2020 2200 illi
2044 2155 2281 2214 poterant
2297 2147 2400 2203 hoc

821 2248 962 2287 anno
1011 2235 1060 2287 in
1113 2234 1313 2289 Pascha
1361 2234 1635 2304 jejunare,
1683 2252 1801 2290 cum
1842 2237 2043 2293 Pascha
2097 2237 2396 2293 Judmorum

823 2334 1111 2394 numquam
1164 2328 1332 2394 possit
1371 2328 1505 2380 ultra
1556 2327 1860 2396 vigesimum
1914 2329 2148 2397 quintam
2204 2330 2397 2397 Aprilis

820 2418 1136 2472 occurrere?
1165 2417 1357 2474 Verum
1393 2418 1510 2473 ba'c
1532 2419 1810 2474 diflicultas
1840 2421 2160 2475 certissimus
2189 2431 2395 2490 tempo-

824 2509 897 2562 ris
925 2519 1075 2561 notas
1126 2525 1155 2562 a
1191 2510 1344 2564 nobis
1385 2511 1698 2564 constitutas
1733 2523 1972 2566 evertere
2017 2513 2218 2581 nequit.
2263 2513 2394 2566 Nam

821 2612 996 2655 utrum
1029 2614 1240 2668 semper
1261 2599 1570 2654 Antiocheni
1610 2601 1896 2655 invariabili
1940 2603 2052 2671 lege
2087 2601 2398 2660 Alcvandri-

823 2703 1008 2744 norma
1036 2690 1174 2743 circa
1229 2689 1427 2744 Pascha
1479 2690 1682 2744 Domini
1725 2692 1982 2745 calculum
2018 2693 2220 2761 sequuti
2267 2694 2392 2757 sint,

820 2796 923 2835 non
952 2781 1102 2835 nobis
1132 2791 1457 2852 compertum
1485 2791 1567 2836 est
1592 2793 1776 2850 :atque
1802 2783 2006 2836 etiamsi
2033 2784 2237 2853 sequuti
2267 2785 2392 2851 sint,

814 2887 881 2925 an
910 2872 1172 2926 affirmare
1197 2887 1477 2941 possumus
1499 2888 1783 2940 numquam
1813 2889 2048 2929 errorem
2094 2875 2144 2928 in
2188 2875 2396 2929 calculo

816 2960 1185 3013 intercidisse?
1228 2962 1382 3014 Certe
1424 2961 1731 3032 Anonymus
1771 2957 1873 3022 ille.
1904 2964 1990 3031 qui
2016 2978 2288 3017 sermones
2345 2964 2392 3016 in

818 3047 1016 3105 Pascha
1043 3049 1126 3107 J0.
1154 3050 1518 3122 Chrysostomi
1548 3052 1764 3106 nomine
1783 3052 2114 3122 edidit.quos
2142 3053 2192 3106 in
2224 3053 2394 3130 lucem

816 3142 1090 3196 emisimus
1121 3143 1171 3194 in
1200 3151 1389 3195 octavo
1417 3142 1586 3196 Tomo
1617 3141 1701 3214 (Τ.
1734 3143 1788 3196 8.
1819 3161 1863 3196 c.
1891 3139 1987 3196 26l
2016 3141 2034 3213 )
2059 3183 2074 3208 ,
2103 3149 2397 3198 contrarias

813 3249 953 3288 circa
979 3233 1286 3289 Paschalem
1315 3234 1572 3288 calculum
1591 3233 2088 3302 sententiaseoipso
2103 3250 2264 3300 anno,
2291 3251 2396 3304 quo

813 3327 926 3394 ipse
954 3324 1222 3378 bomiliam
1270 3341 1418 3379 suam
1465 3326 1515 3379 in
1560 3325 1728 3380 lucem
1778 3326 1943 3390 dedit,
1992 3325 2256 3389 exstitisse
2301 3327 2392 3380 ait.

813 3418 1096 3486 Gregorius
1118 3433 1243 3472 vero
1276 3417 1603 3473 Turonensis
1637 3416 1797 3489 (Vide
1838 3417 2043 3488 ibidem)
2073 3433 2174 3472 non
2229 3422 2393 3474 semel

810 3507 1061 3563 observat
1100 3510 1408 3562 varietatem
1457 3509 1597 3567 illam
1639 3509 1778 3564 circa
1805 3507 1944 3562 diem
1978 3507 2248 3562 Paschalis
2289 3523 2385 3562 suo

815 3607 1054 3668 tempore
1095 3599 1144 3652 in
1177 3599 1400 3652 diversis
1440 3598 1746 3667 regionibus
1785 3600 2084 3668 contigisse.
2141 3599 2394 3654 Fateatur

809 3699 983 3744 autem
1017 3691 1114 3742 viri
1145 3689 1195 3742 in
1225 3691 1305 3742 his
1330 3689 1485 3746 rebus
1515 3690 1819 3760 peritissimi
1849 3706 2083 3744 errorem
2127 3691 2388 3745 interdum

807 3781 860 3858 in
889 3776 1104 3835 calculis
1142 3773 1443 3849 huiusmodi
1483 3780 1788 3857 contingere
1809 3796 1952 3845 ,onec
1981 3779 2159 3835 multis
2198 3782 2392 3837 abhinc

808 3873 964 3927 annis
990 3873 1274 3942 contigisse
1298 3912 1314 3936 ,
1344 3888 1514 3940 neque
1540 3880 1706 3929 tutum
1727 3888 1938 3940 semper
1959 3888 2076 3926 esse
2109 3883 2259 3927 notas
2286 3869 2389 3927 Pn-

811 3960 1018 4016 schales
1042 3961 1156 4015 aliis
1193 3961 1332 4015 notis
1357 3969 1699 4029 anteponere.
1727 3961 1866 4015 Sane
1901 3969 2042 4016 tanta
2071 3961 2278 4015 videtur
2301 3978 2390 4015 eo-

805 4067 923 4106 rum
951 4067 1067 4121 qua:
1096 4066 1254 4119 supra
1279 4038 1508 4104 diximus
1528 4050 1767 4117 ﬁrmitas,
1799 4064 1856 4104 ut
1885 4053 2056 4118 potius
2083 4067 2145 4104 ex
2167 4067 2385 4121 compu-

807 4144 1004 4196 tatione
1031 4149 1210 4196 nostra
1225 4140 1487 4195 calculum
1506 4139 1816 4195 Paschalem
1837 4140 2117 4211 ejusmodi,
2135 4157 2290 4210 quam
2317 4160 2383 4197 ex

806 4233 1010 4287 calculo
1049 4231 1288 4287 Paschali
1335 4239 1520 4285 contra
1570 4231 2017 4300 computationem
2059 4233 2198 4285 illam
2231 4232 2388 4286 liccat

807 4322 1117 4376 decernere.

877 4394 1026 4464 Liber
1045 4420 1219 4463 contra
1247 4409 1453 4463 Iuda-os
1475 4419 1620 4474 atque
1649 4409 1884 4464 Gentiles.
1911 4440 1982 4450 ——
2003 4411 2128 4466 Πειξο
2156 4411 2222 4467 de
2244 4413 2384 4481 prio-

805 4503 950 4557 ribus
978 4497 1144 4555 tribus
1181 4509 1365 4554 contra
1389 4495 1599 4554 Judteos
1629 4496 1890 4566 homiliis,
1922 4518 2038 4570 qua:
2084 4503 2381 4572 Septembri

817 4585 1074 4657 anni386
1097 4583 1293 4645 habitae
1349 4600 1491 4659 sunt,
1515 4591 1652 4644 dicta
1690 4601 1864 4645 sunto.
1913 4596 2206 4663 Antequam
2257 4613 2381 4650 vero

804 4683 1034 4754 quinque
1059 4688 1339 4750 sequentes
1358 4684 1737 4749 pronuntiaret,
1763 4683 1952 4737 librum
1974 4695 2154 4758 contra
2169 4681 2380 4740 Judzeos

803 4784 960 4845 atque
983 4767 1215 4829 Gentiles
1235 4773 1408 4826 emisit
1432 4773 1813 4842 longissimum,
1833 4791 2004 4845 neque
2021 4777 2070 4829 in
2097 4779 2378 4833 conciones

803 4867 1025 4921 divisum
1059 4885 1071 4918 :
1101 4880 1256 4935 quem
1277 4879 1343 4917 an
1375 4879 1623 4934 umquam
1652 4866 1820 4934 palam
1840 4877 1888 4920 ct
1913 4874 2170 4934 praesente
2186 4868 2378 4937 populo

804 4955 1153 5026 pronuntiarit
1193 4955 1447 5007 incertum
1490 4963 1588 5007 est.
1626 4952 1728 5007 Sed
1755 4965 1953 5008 certum
1975 4954 2182 5009 videtur
2217 4951 2378 5010 emis-

801 5063 919 5101 sum
951 5044 1107 5101 fuisse
1131 5045 1322 5100 librum
1342 5053 1462 5098 ante
1483 5044 1844 5113 Septembrem
1876 5047 1995 5099 anni
2024 5042 2155 5110 387,
2189 5047 2375 5115 utplu-

802 5141 946 5193 ribus
979 5142 1030 5192 in
1067 5139 1264 5193 blonito
1280 5145 1727 5192 commonstratur
1755 5137 1838 5205 (T.
1875 5139 1925 5191 l.
1949 5153 1995 5190 c.
2025 5136 2175 5208 8H).

875 5228 931 5283 ln
957 5235 1055 5285 hoc
1078 5247 1236 5299 opere
1263 5230 1488 5301 plurima
1509 5229 1639 5283 scitu
1661 5229 1963 5298 dignissima
1988 5238 2366 5293 memorantur,

800 5340 918 5393 qua:
949 5339 1053 5377 non
1090 5322 1212 5376 licet
1249 5322 1462 5375 silentio
1510 5320 1929 5390 przetermitterc.
1961 5319 2145 5388 Agitur
2191 5320 2275 5374 hic
2303 5318 2370 5375 de

803 5416 1078 5471 divinitate
1098 5413 1311 5478 Christi,
1339 5427 1492 5481 quam
1509 5410 1749 5466 Anommi
1773 5410 1962 5478 aliique
1981 5425 2165 5465 omnes
2189 5411 2368 5465 Ariani

802 5509 886 5562 vel
918 5507 1195 5576 negabant,
1225 5520 1343 5559 cum
1381 5503 1618 5557 dicerent
1658 5503 1921 5556 Christum
1966 5502 2128 5556 Deum
2157 5501 2365 5570 quidem

803 5591 950 5660 esse,
975 5597 1067 5652 sed
1100 5611 1202 5650 non
1231 5610 1355 5649 vere
1382 5594 1578 5657 Deum;
1607 5592 1691 5648 vel
1716 5607 1808 5646 ore
1835 5601 2032 5644 tantum
2058 5600 2210 5644 lenus
2244 5606 2368 5645 con-

804 5687 1120 5754 litcbantur;
1149 5700 1267 5740 cum
1314 5684 1457 5738 illum
1501 5681 1803 5753 simpliciter
1857 5681 2016 5736 Deum
2068 5680 2363 5736 tocabau'l:

1366 5917 1394 5950 ο

1930 317 1988 373 S.
2029 311 2302 373 JOANNIS
2331 316 2802 375 CllllYSOSTOMI
2849 322 3000 377 VITA
3023 366 3036 388 ,

4003 331 4099 387 108

2531 432 2698 490 Judaei
2722 452 2847 490 vero
2879 445 3035 506 atque
3065 439 3285 507 gentiles
3316 440 3514 510 absque
3544 441 3651 495 ullo
3681 451 4098 512 temperamento

2524 527 2847 594 rejiciebant.
2873 528 3088 584 Orditur
3115 541 3290 586 autem
3311 533 3495 587 dicens
3520 551 3577 590 se
3598 535 3787 590 librum
3817 538 3955 593 hunc
3978 540 4099 594 bre-

2522 619 2667 671 viore
2710 618 3046 690 facilioreque
3088 625 3224 693 stylo
3273 626 3611 690 concinnare,
3657 638 3715 683 ut
3754 629 3835 684 vel
3881 633 4098 686 ancilla-

2521 722 2658 773 rum,
2707 708 3006 775 viduarum,
3053 712 3359 777 nautarum,
3402 718 3747 785 agricolarum
3792 720 3966 789 captui
4010 738 4097 776 ac-

2519 799 2903 854 commodatior
2935 812 3097 855 esset.
3140 804 3273 858 [line
3321 816 3504 860 contra
3557 809 3780 878 gentiles
3822 812 4096 881 Evangelii

2518 887 2790 941 veritatem
2815 890 3018 957 probat,
3038 893 3176 960 quod
3199 897 3621 964 oppugnantibus
3644 898 3767 953 licet
3793 903 4098 959 nationibus

2519 977 2795 1040 universis,
2824 995 2919 1047 per
2944 989 3107 1035 totum
3143 983 3324 1038 orbem
3356 988 3674 1053 pervaserit;
3709 991 3778 1043 ita
3807 1000 3862 1043 ut
3885 992 3931 1043 in
3966 992 4098 1047 Per-

2515 1065 2629 1118 side
2669 1081 2897 1136 quoquc,
2945 1070 3032 1124 ubi
3080 1084 3368 1142 martyrum
3423 1075 3606 1144 ingens
3661 1093 3911 1132 numerus
3953 1067 4093 1145 erat,

2514 1157 2814 1225 evangelica
2839 1159 3142 1226 prredicatio
3181 1162 3413 1217 ﬂoreret.
3442 1165 3635 1220 Christi
3666 1167 3952 1224 adventum
3985 1187 4094 1225 nun

2514 1245 2672 1298 modo
2705 1249 3111 1314 prtenuutiatum
3151 1251 3312 1306 fuisse
3337 1254 3484 1318 dicit,
3528 1255 3618 1309 sed
3646 1258 3805 1311 etiam
3831 1259 4099 1314 adventus

2514 1336 2726 1390 modum
2750 1348 2798 1391 et
2817 1341 3048 1407 gentium
3072 1357 3385 1396 concursum
3401 1344 3464 1397 ad
3484 1345 3639 1399 [idem
3661 1347 4053 1416 suscipiendam
4081 1366 4094 1411 ;

2512 1426 2582 1480 ita
2614 1435 2668 1479 ut
2693 1428 2839 1481 orbis
2862 1429 2970 1497 jam
2999 1440 3137 1484 totus
3180 1432 3231 1485 in
3275 1432 3542 1486 Bethleem
3575 1434 3824 1501 conﬂuat,
3855 1447 3908 1490 ut
3932 1449 4096 1490 nata-

2510 1515 2634 1568 lium
2666 1515 2840 1570 locum
2867 1530 3165 1573 veneretur.
3208 1520 3419 1574 Judaeos
3445 1530 3620 1577 tamen
3649 1523 3822 1578 adhuc
3852 1525 4096 1594 ingratos

2509 1621 2743 1672 manere,
2779 1618 2833 1662 ut
2875 1609 2925 1662 in
2968 1610 3148 1664 multis
3184 1611 3471 1680 Scriptura:
3522 1613 3651 1681 locis
3679 1614 4091 1682 prmdiccbatur.

2507 1698 2840 1766 Sepulturam
2871 1716 3081 1769 quoque
3109 1701 3304 1756 Christi
3342 1703 3747 1772 praenuntiatam
3775 1704 3935 1759 fuisse
3963 1721 4099 1774 pro-

2509 1787 2661 1841 batur
2684 1806 2697 1840 :
2725 1805 2930 1844 necnon
2958 1791 3239 1846 mittendos
3255 1791 3366 1846 fore
3388 1793 3643 1861 evangelii
3668 1809 3960 1862 praecones,
3995 1798 4090 1863 qui

2510 1887 2674 1934 totum
2721 1888 2979 1935 terrarum
3024 1882 3205 1935 orbem
3247 1881 3524 1951 disciplina
3553 1883 3747 1937 Christi
3795 1885 4091 1952 replerent.

2507 1969 2806 2039 Probatque
2838 1972 3049 2027 Petrum
3079 1980 3133 2026 et
3172 1972 3393 2026 Paulum
3426 1974 3635 2042 regibus
3671 1981 3723 2027 ct
3753 1973 4094 2042 ImperatOri-

2507 2060 2603 2115 bus
2630 2061 2857 2131 majores
2885 2062 3311 2132 potentioresque
3349 2063 3515 2117 luisse
3536 2105 3549 2127 ,
3595 2065 3679 2132 qui
3725 2064 3869 2132 leges
3899 2080 4091 2119 eorum

2505 2153 2906 2222 abrogaverim,
2952 2156 3101 2224 queis
3128 2153 3327 2209 Christi
3374 2165 3637 2223 prmcepta
3677 2156 4093 2211 substituernnt.

2504 2240 2775 2295 Jndaicum
2813 2243 3010 2296 cultum
3047 2242 3408 2312 abrogandtm
3439 2241 3552 2296 fore
3593 2259 3621 2295 a
3652 2245 3924 2312 prophetis
3954 2260 4092 2312 prae-

2505 2335 2799 2386 nuntiatum
2845 2332 3004 2386 fuisse
3035 2333 3256 2401 probat,
3304 2333 3641 2401 futurumque
3679 2334 3821 2386 orbis
3853 2336 4091 2388 universi

2497 2422 2778 2491 judicium.
2827 2424 3042 2476 Demum
3084 2423 3255 2477 crucis
3283 2422 3479 2476 Christi
3510 2424 3863 2490 prmstantiam
3895 2433 3948 2477 et
3987 2423 4090 2476 ho-

2505 2528 2689 2566 norem
2720 2513 2950 2579 pluribus
2980 2513 3192 2566 indicat.
3225 2510 3566 2580 Imperatores
3590 2514 3738 2576 enim,
3774 2513 3964 2580 inquit,
3990 2531 4090 2582 po-

2503 2606 2597 2657 sito
2620 2605 2920 2668 diademate,
2954 2621 3150 2656 crucem
3177 2605 3474 2671 suscipiunt,
3503 2601 3783 2673 symbolum
3815 2607 3987 2656 mortis
4021 2606 4092 2656 il-

2505 2696 2601 2748 lius
2621 2712 2640 2748 :
2662 2697 2713 2747 in
2745 2711 2971 2764 purpura
3004 2710 3155 2759 trux,
3192 2695 3243 2746 in
3271 2693 3554 2746 diademate
3582 2709 3706 2746 crux
3725 2736 3738 2756 ,
3781 2695 3830 2746 in
3858 2694 4091 2761 precibus

2501 2801 2644 2849 crum,
2677 2785 2728 2837 in
2758 2785 2910 2837 armis
2934 2799 3094 2846 crux;
3122 2794 3166 2836 et
3189 2783 3364 2852 ubique
3391 2793 3636 2836 terrarum
3659 2799 3784 2835 crux
3803 2785 3917 2851 plus
3939 2801 4092 2850 quam

2503 2877 2579 2931 sol
2607 2875 2840 2944 refulget.
2874 2873 3050 2943 Pergit
3072 2888 3198 2927 vero
3227 2873 3293 2927 de
3314 2887 3471 2926 cruce
3502 2872 3757 2940 loquens;
3791 2872 3918 2925 dicit
3943 2875 4090 2940 prin-

2503 2966 2646 3034 cipes
2673 2975 2726 3019 et
2755 2964 2992 3020 subditos
3013 3006 3027 3028 ,
3072 2965 3320 3018 mulieres
3346 2972 3400 3016 et
3429 2965 3570 3017 viros
3589 3005 3604 3028 ,
3634 2965 3862 3031 virgines
3891 2975 3944 3018 et
3981 2981 4089 3019 nu-

2502 3066 2620 3125 ptas
2641 3099 2655 3119 ,
2687 3070 2874 3109 servos
2903 3063 2957 3108 et
2987 3055 3180 3108 liberos
3222 3055 3427 3122 signum
3468 3054 3644 3107 crucis
3681 3053 3943 3108 frontibus
3983 3057 4087 3109 im-

2501 3147 2749 3215 primere,
2781 3159 2843 3197 ac
2868 3146 3010 3198 viros
3035 3144 3388 3212 mulieresque
3416 3159 3554 3197 vera:
3575 3145 3745 3197 crucis
3776 3145 4086 3212 particulam

2501 3249 2634 3288 auro
2661 3233 2912 3288 inclusam
2945 3247 2974 3285 a
3004 3234 3140 3286 collo
3168 3233 3508 3299 suspendere.
3555 3232 3880 3301 Domumque
3907 3243 4092 3288 narrat

2502 3324 2734 3384 Ιιιίῖιυος,
2764 3325 2969 3379 favente
2996 3323 3092 3377 sibi
3123 3325 3462 3393 lmperatore,
3494 3325 3581 3392 qui
3605 3340 3789 3379 omnes
3815 3326 4090 3393 impietate

2500 3416 2808 3485 superabat,
2839 3430 3028 3482 nempe
3055 3414 3262 3468 Juliano
3291 3418 3560 3484 Apostata,
3594 3417 3841 3484 templum
3873 3429 4088 3472 restau-

2502 3521 2620 3558 rare
2651 3504 2838 3557 frustra
2874 3506 3175 3558 tentavisse.

2570 3594 2812 3663 Quinque
2853 3609 2978 3648 vero
3014 3603 3298 3663 sequentes
3344 3604 3527 3650 contra
3574 3594 3785 3650 Judaeos
3837 3596 4089 3652 homilias

2499 3685 2585 3738 diu
2617 3696 2732 3753 post
2762 3686 3114 3739 intermissam
3164 3695 3346 3740 contra
3373 3686 3589 3741 eosdem
3631 3689 4087 3744 concertationem

2499 3775 2703 3829 habitas
2749 3777 2907 3830 fuisse
2957 3777 3252 3830 subindit-at
3305 3778 3415 3844 ipse
3462 3776 3876 3849 Chrysostomus
3928 3780 4089 3835 initio

2498 3876 2728 3936 quartas,
2762 3867 2843 3919 bis
2870 3867 3046 3920 verbis
3071 3885 3082 3917 :
3116 3866 3312 3922 Rursus
3337 3868 3561 3937 infelices
3591 3869 3666 3921 illi
3694 3871 4088 3940 mortuliumquc

2498 3957 2762 4008 miserrimi
2780 3953 2952 4008 Judaei
2968 3958 3256 4027 jejunaturi
3285 3968 3400 4010 sunt
3424 3976 3442 4010 :
3470 3975 3644 4012 rursus
3670 3958 3854 4013 Christi
3874 3977 4087 4030 gregem

2496 4046 2781 4098 muniamus
2819 4062 3015 4098 necesse
3051 4056 3141 4098 est.
3191 4046 3295 4101 Sed
3343 4060 3526 4116 aperte
3572 4047 3810 4102 declarat
3859 4051 4087 4106 humilia

2492 4145 2640 4189 sexta
2685 4151 2829 4189 num.
2874 4137 2943 4191 6:
2994 4136 3130 4203 Quid
3175 4148 3338 4191 autem
3383 4139 3559 4208 loquor
3601 4138 3664 4190 de
3711 4140 4084 4206 praedonibus?

2494 4228 2716 4298 profecto
2757 4229 2892 4281 scitis
2922 4245 3091 4282 omnes
3131 4245 3190 4281 ac
3220 4229 3545 4293 meministis,
3575 4230 3772 4298 quando
3803 4234 3944 4299 apud
3985 4249 4081 4286 nos

2491 4319 2716 4370 scelerati
2735 4319 2936 4388 quidam
2958 4329 3002 4372 et
3034 4319 3421 4388 prtcstigiatores
3445 4329 3635 4372 statuas
3657 4321 3899 4389 principis
3928 4323 4045 4390 deje

2492 4419 2680 4469 cerunt,
2713 4425 2809 4476 quo
2840 4419 2984 4477 pacto
3011 4427 3109 4463 nou
3139 4410 3215 4462 illi
3239 4419 3453 4473 tantum,
3477 4411 3565 4480 qui
3590 4411 3785 4478 facinus
3810 4413 3923 4464 ausi
3953 4414 4072 4481 [ue-

2492 4511 2603 4549 ram
2624 4538 2638 4562 ,
2669 4497 2758 4551 sed
2782 4508 3018 4567 quotquot
3045 4499 3338 4566 simpliriter
3374 4510 3640 4566 praesentes
3679 4502 3928 4569 conspecti
3957 4505 4076 4570 rue-

2491 4601 2640 4656 runt,
2685 4592 2920 4659 quoniam
2951 4592 3244 4643 ridebantur
3281 4589 3383 4643 illis
3427 4593 3685 4657 assentiri,
3734 4592 3784 4644 in
3813 4592 4076 4661 judicium

2489 4682 2712 4749 abrepti,
2741 4681 2987 4749 simulque
3013 4699 3125 4733 cum
3157 4681 3258 4734 illis
3286 4681 3518 4745 abducti,
3563 4691 3778 4734 extremo
3813 4683 4076 4751 supplicio

2486 4781 2602 4823 sunt
2622 4768 2808 4835 affecti.
2834 4768 2928 4824 llic
2950 4781 3292 4825 memoratam
3308 4770 3548 4825 videmus
3569 4771 3706 4822 illam
3733 4772 4071 4839 tragoediam,

2489 4877 2605 4930 qum
2638 4877 2730 4928 per
2772 4869 2935 4914 totam
2966 4861 3430 4931 Quadragesimam
3462 4862 3584 4915 anni
3630 4862 3752 4926 587,
3787 4863 4072 4915 occnsione

2485 4953 2810 5018 dcjectarum
2842 4962 3165 5018 statuarum,
3193 4953 3485 5006 Antiochi-.1:
3508 4953 3806 5022 spectaculo
3837 4952 3933 5005 fuit
3953 4995 3967 5016 ,
3999 4954 4069 5007 de

2483 5059 2583 5114 qua
2611 5045 2845 5112 pluribus
2864 5061 2961 5098 suo
2986 5046 3119 5098 loco.
3149 5045 3271 5098 llaec
3293 5059 3451 5112 porro
3472 5053 3617 5099 sexta
3644 5043 3857 5098 humilia
3882 5045 4068 5102 habita

2482 5145 2561 5189 est
2590 5137 2702 5205 ipso
2727 5134 2917 5210 jejunii
2948 5133 3248 5190 Iudaeorum
3279 5135 3363 5189 die
3384 5178 3397 5200 ,
3429 5147 3483 5189 ut
3510 5136 3622 5205 ipse
3649 5134 4067 5206 Chrysostomus

2482 5223 2609 5280 dicit
2638 5231 2688 5280 in
2722 5224 2863 5304 line:
2894 5237 3077 5296 quarta
3107 5227 3292 5282 decem
3319 5228 3529 5281 circiter
3562 5225 3746 5282 diebus
3772 5238 3892 5281 ante
3920 5228 4064 5297 jeju-

2481 5319 2626 5372 nium
2649 5336 2664 5374 τ
2697 5320 2876 5389 quinta
2899 5318 3238 5384 intermedio,
3265 5327 3319 5373 ut
3338 5334 3402 5373 ex
3429 5318 3665 5373 ordiendi
3689 5319 3845 5373 modo
3871 5319 4061 5389 Liquet,

2487 5402 2762 5479 tempore:
2788 5411 3031 5479 septima,
3056 5410 3286 5463 nondum
3311 5409 3550 5464 absoluto
3565 5408 3865 5463 Judreorum
3891 5412 4063 5464 festo:

2481 5510 2701 5563 octava,
2749 5512 2866 5569 post
2891 5500 3148 5570 jejunium
3190 5509 3240 5554 et
3271 5500 3456 5553 festum
3479 5491 3504 5562 ς’
3525 5498 3594 5553 ita
3641 5509 3695 5552 ut
3726 5515 3787 5552 cx
3828 5500 4068 5570 Chryso-

2484 5590 2641 5643 Itomi
2671 5589 2845 5644 verbis
2871 5590 3016 5644 clare
3040 5590 3319 5660 colligatur
3341 5605 3460 5643 cum
3493 5589 3663 5641 minus
3689 5603 3844 5657 quam
3879 5587 4064 5658 viginti

2481 5681 2681 5734 dierum
2716 5683 2882 5750 spatio
2920 5682 3149 5750 quinque
3182 5691 3473 5750 postremas
3506 5688 3685 5734 contra
3716 5676 3927 5733 Judmos
3953 5679 4054 5737 ho-
