4264 6306
156 423 236 477 109

152 533 297 587 mitias
330 546 510 587 mense
551 531 860 600 Septembri
890 532 1198 587 absolvisse.
1240 534 1347 589 llac
1387 518 1452 589 de
1483 552 1539 589 re
1565 536 1703 588 «lim-

152 623 295 677 cultas
319 621 463 675 nulla
504 621 735 676 suboriri
766 632 958 691 potest.
994 623 1177 678 Utrum
1208 635 1384 678 autem
1412 641 1551 678 anno
1577 627 1703 691 387,

152 716 311 770 eodem
355 724 665 770 recorrente
701 715 938 782 jejunio,
982 714 1139 785 eujus'
1159 731 1317 770 causa
1356 726 1464 770 tres
1509 716 1710 784 priores

154 803 366 857 homilias
404 818 545 858 anno
584 805 827 872 proximo
853 802 1135 867 habuerat,
1184 803 1280 859 has
1315 805 1547 875 quinque
1572 821 1707 861 con-

152 893 307 947 ciones
335 894 776 963 prommliaverit,
805 894 905 948 etsi
932 909 1035 947 non
1065 894 1282 962 perinde
1307 904 1509 949 certum
1542 894 1707 950 habe-

152 990 239 1043 tur,
261 983 474 1035 omnino
504 993 681 1038 tamen
704 983 974 1052 probabile
1001 993 1111 1039 est.
1140 984 1199 1037 In
1229 982 1414 1041 harum
1438 976 1582 1038 certe
1608 983 1709 1043 ho.-

150 1072 385 1124 miliarum
407 1071 636 1127 decursu
660 1082 952 1144 martyrum
975 1073 1257 1127 memorias
1276 1088 1561 1128 occurrere
1582 1073 1711 1129 dicit

150 1173 334 1215 sanctus
378 1162 588 1228 doctor,
621 1161 1067 1231 quemadmodum
1107 1170 1162 1216 et
1204 1164 1255 1218 in
1298 1163 1564 1231 prioribus
1606 1164 1711 1218 illis

148 1251 468 1306 coocionibus
490 1252 618 1306 anni
649 1252 755 1309 386
781 1272 795 1307 :
826 1268 956 1320 quas
983 1244 1167 1309 mense
1194 1253 1492 1322 Septembri
1524 1268 1583 1308 se
1611 1253 1709 1307 ha-

150 1341 301 1395 buisse
326 1341 663 1397 testiﬁcatur.
713 1341 1037 1412 Videturque
1080 1341 1491 1412 Chrysostomus
1529 1341 1711 1397 .ludai-

148 1447 246 1485 cum
274 1433 537 1498 morbum,
570 1432 990 1488 Christianorum
1012 1434 1367 1504 quorumdam
1397 1436 1588 1489 animis
1615 1424 1709 1488 ad-

150 1524 233 1578 huc
266 1522 588 1591 merentem,
619 1524 707 1579 cui
747 1525 1006 1583 medicam
1057 1540 1271 1581 manum
1302 1539 1443 1581 anno
1480 1524 1585 1579 386
1612 1525 1709 1579 ad-

150 1624 379 1680 moverat,
433 1628 575 1668 anno
613 1614 777 1670 etiam
810 1615 1108 1685 insequenti
1150 1614 1362 1686 penitus
1397 1628 1585 1669 curare
1610 1628 1707 1667 voc

148 1706 321 1760 luisse:
354 1706 637 1775 ipsumque
664 1704 897 1760 homilias
931 1716 1132 1774 quarta
1167 1704 1445 1778 exordium
1466 1745 1479 1767 ,
1512 1703 1711 1758 Rursus

148 1796 294 1850 λυαίιὶ
309 1798 594 1867 jejunaturi
617 1806 736 1851 sunt
754 1838 768 1861 ,
801 1797 1046 1853 eamdem
1075 1798 1320 1866 proxime
1348 1806 1709 1851 recurrentem

146 1887 249 1940 anui
267 1896 629 1955 tempestatem
659 1902 878 1957 prorsus
904 1888 1205 1959 signiﬁcare
1232 1887 1472 1942 videtur.
1708 1952 1719 1959 _

204 1978 321 2047 Quae
345 1990 534 2034 contra
562 1980 853 2035 Auommos
883 1991 936 2035 et
957 1992 1144 2035 contra
1166 1980 1387 2036 .lndreos
1414 1980 1567 2034 annis
1604 1979 1710 2035 386

146 2080 188 2123 et
210 2070 303 2124 587
343 2070 510 2135 dixit,
560 2080 615 2124 et
648 2071 860 2141 quidem
892 2086 996 2125 non
1040 2072 1206 2127 semel
1242 2071 1468 2126 alternis
1505 2070 1710 2126 vicibus

149 2160 387 2214 interdum
418 2159 489 2214 de
524 2176 650 2223 uno,
672 2160 946 2215 interdum
974 2162 1042 2217 de
1066 2162 1173 2216 alio
1192 2171 1539 2231 argumento,
1576 2174 1708 2215 con-

150 2250 350 2302 tinenter
393 2257 450 2303 et
493 2264 594 2302 una
638 2238 788 2304 serie
822 2250 1134 2316 referenda,
1185 2266 1284 2305 nec
1327 2250 1708 2320 intereipienda

147 2336 402 2404 duximus,
452 2340 629 2395 missis
672 2341 791 2397 aliis
839 2342 1035 2397 diversi
1089 2342 1385 2412 argumenti
1429 2340 1706 2409 hontiliis,

147 2445 256 2497 quas
272 2446 370 2502 per
396 2432 526 2487 illud
560 2435 816 2503 temporis
851 2436 1077 2503 spatium
1100 2437 1166 2488 ad
1199 2433 1451 2503 populum
1486 2432 1704 2499 habuit,

148 2536 201 2571 ue
224 2522 323 2586 rei,
354 2538 475 2592 qua:
502 2523 742 2591 ejusdem
772 2525 1066 2594 argumenti
1103 2535 1218 2579 erat
1239 2566 1255 2591 ,
1297 2541 1507 2579 cursum
1540 2526 1707 2580 inter-

149 2610 458 2677 pellarcmus.
489 2606 846 2680 Quamobrem
873 2615 1161 2685 repetenda
1194 2626 1318 2670 sunt
1344 2631 1405 2670 ea
1425 2658 1439 2679 ,
1468 2631 1585 2684 quae
1614 2620 1709 2683 per

149 2700 252 2753 illud
294 2704 549 2774 temporis
595 2705 932 2759 interstitium
983 2708 1255 2770 tractavit,
1301 2722 1524 2775 quorum
1574 2722 1706 2761 non-

148 2791 264 2843 nulla
297 2808 398 2846 non
432 2794 689 2861 minoris,
738 2794 846 2849 imo
893 2795 1113 2864 majoris
1156 2795 1412 2851 momenti
1454 2810 1573 2849 esse
1610 2810 1707 2864 puo

147 2889 319 2937 tanturs

204 2972 418 3029 Hmnilia
454 2974 520 3030 de
554 2978 905 3032 Anatlremate.
934 3006 1008 3020 —-
1032 2977 1212 3034 Primo
1256 2987 1434 3033 autem
1476 2977 1705 3032 occurrit

144 3062 342 3119 Homilia
381 3066 451 3121 de
482 3067 867 3133 Anathemate,
908 3083 1066 3139 quam
1113 3076 1233 3138 post
1274 3068 1479 3123 tertiam
1518 3077 1705 3122 contra

144 3156 405 3212 Auomteos
431 3173 493 3213 se
517 3158 966 3227 pronuntiavisse,
996 3174 1095 3213 nec
1120 3160 1345 3215 obscure
1378 3159 1616 3214 declarat
1653 3158 1704 3215 in

145 3245 412 3316 principio,
432 3260 491 3303 ut
515 3250 565 3303 in
589 3249 786 3303 Monito
811 3251 1147 3319 probavimus
1171 3248 1258 3320 (Τ.
1288 3252 1336 3304 l.
1365 3265 1412 3302 c.
1442 3248 1538 3304 9M
1566 3253 1617 3319 );
1651 3261 1707 3306 ut

144 3353 310 3414 nempe
338 3341 553 3402 sedaret
594 3343 919 3404 simultatem
967 3343 1237 3403 suborlam
1265 3342 1393 3405 olim
1434 3341 1571 3404 inter
1597 3344 1707 3408 Me-

145 3433 346 3493 letiaaos
369 3447 425 3493 et
441 3439 789 3495 Paulinianos
816 3450 1070 3511 utrosque
1098 3438 1420 3509 Catholicos,
1452 3458 1571 3512 quae
1597 3443 1707 3498 dis-

146 3527 304 3582 cordia
328 3529 427 3584 sub
455 3529 733 3597 Flaviano,
760 3540 814 3585 et
830 3532 904 3586 ad
930 3532 1144 3602 longum
1172 3543 1354 3600 postea
1377 3543 1583 3604 tempus
1611 3550 1707 3589 ex-

146 3622 285 3671 tracta
314 3628 413 3673 est.
464 3619 569 3675 Sed
598 3619 665 3675 ad
696 3621 910 3678 lectoris
947 3623 1287 3679 commodum
1328 3640 1413 3681 res
1454 3625 1522 3680 ab
1551 3626 1706 3682 initio

148 3705 321 3763 dissidii
346 3711 651 3780 repetenda
669 3720 770 3766 est.

204 3798 497 3857 Eustathius
524 3804 911 3870 Autioehenus,
942 3806 1023 3860 vir
1046 3817 1259 3872 sanctus
1285 3818 1339 3862 et
1361 3807 1666 3863 Catholicus
1686 3851 1701 3877 ,

150 3890 343 3963 ideoque
373 3897 589 3952 Arianis
624 3897 862 3963 invisus,
891 3898 1125 3966 ipsorum
1154 3914 1313 3967 opera
1340 3910 1395 3955 et
1423 3900 1704 3958 calumniis

149 3979 387 4048 depositus
411 3986 464 4040 in
511 3987 869 4056 exsiliumque
896 3998 1049 4049 actus
1088 3987 1293 4052 fuerat,
1325 4004 1464 4048 anno
1484 3974 1705 4051 circiter

151 4071 255 4132 570;
283 4076 331 4128 in
360 4077 583 4148 cju~que
613 4079 782 4132 locum
806 4078 1126 4147 substituttis
1150 4079 1317 4135 fuerat
1337 4082 1471 4139 alius
1496 4083 1721 4153 episcoo

148 4176 228 4227 pus
276 4167 497 4223 Arianus
537 4185 551 4222 :
603 4169 960 4239 deincepsque
1009 4171 1314 4226 continuata
1361 4174 1703 4229 successione

148 4255 353 4315 ejusdem
384 4268 547 4313 secta:
586 4260 818 4328 episcopi
845 4260 1229 4315 Antiochenam
1256 4244 1473 4318 tenuere
1495 4264 1699 4331 sedem,

149 4342 399 4403 llatltolicis
440 4350 657 4404 interim
712 4368 835 4406 cum
884 4351 1237 4407 Eustathiano
1270 4354 1423 4430 clero
1469 4357 1695 4411 seorsim

149 4435 369 4493 collectas
407 4440 723 4510 agentibus,
766 4442 937 4497 donec
978 4444 1156 4497 Ariani
1199 4443 1499 4512 Meletium,
1541 4462 1699 4514 quem

151 4522 309 4582 lurcsi
334 4545 441 4584 sua:
463 4532 730 4603 addictum
761 4533 1036 4613 putabant,
1067 4534 1119 4589 in
1148 4537 1456 4606 episcopum
1486 4538 1702 4615 ordina-

152 4626 265 4671 runt.
296 4619 694 4689 Peropportune
729 4610 856 4678 vero
881 4623 1070 4678 cecidit
1111 4633 1167 4678 ut
1193 4625 1304 4694 ipse
1334 4641 1437 4679 non
1466 4610 1703 4684 Catholi-

153 4720 225 4756 rus
248 4709 425 4774 modo,
455 4710 552 4764 sed
579 4712 739 4766 etiam
770 4728 833 4767 ex
863 4713 1264 4770 ferventioribus
1302 4714 1591 4769 Calhnlicis
1616 4730 1703 4771 es-

152 4806 227 4849 set.
255 4800 314 4855 At
338 4816 456 4855 cum
491 4813 672 4872 postea
697 4802 1080 4873 comperissent
1107 4806 1280 4875 ipsum
1305 4806 1591 4861 Catholicae
1622 4808 1697 4863 rei

152 4887 375 4943 vindicem
396 4932 412 4955 ,
443 4893 761 4964 Arianisque
798 4894 1058 4950 infensum
1088 4910 1207 4951 esse
1226 4936 1239 4959 ,
1282 4894 1451 4950 virum
1480 4898 1532 4951 in
1560 4899 1701 4952 exsi-

152 4975 253 5030 lium
289 4982 406 5049 pelli
449 4994 676 5047 curant,
723 4985 773 5039 in
804 4985 1024 5057 ejusque
1064 4972 1236 5041 locum
1270 4987 1521 5043 Euzoium
1548 4989 1701 5043 Aria-

152 5080 251 5118 num
274 5072 612 5127 substituunt.
643 5074 794 5129 Tunc
822 5091 950 5130 vero
989 5086 1097 5132 tres
1138 5078 1189 5131 in
1234 5088 1410 5146 partes
1447 5079 1697 5135 distracta

151 5153 307 5212 civitas
334 5158 425 5215 fuit
450 5181 463 5215 :
498 5163 665 5230 prima
692 5172 809 5218 erat.
836 5150 1303 5221 Eustathianorum
1323 5210 1337 5232 ,
1364 5169 1477 5223 sive
1510 5185 1695 5225 eorum

152 5244 224 5309 qui
249 5248 301 5300 S.
329 5249 607 5307 Eustathio
632 5253 825 5308 addicti
866 5266 1043 5321 erant,
1085 5256 1279 5327 quique
1319 5256 1510 5312 Meletii
1551 5272 1698 5313 com-

154 5336 418 5393 munionem
440 5382 456 5405 ,
488 5341 631 5410 quod
675 5342 742 5396 ab
767 5343 978 5398 Arianis
1008 5346 1059 5399 in
1087 5346 1391 5417 episcopum
1422 5343 1697 5417 cooptatus

157 5420 338 5489 luisset,
369 5429 722 5498 respuebant;
754 5434 987 5507 secunda
1027 5435 1424 5491 Meletianorum
1446 5477 1461 5501 ,
1495 5439 1699 5494 scilicet

155 5507 536 5597 Catholico‘rum,
568 5522 657 5589 qui
684 5522 955 5579 Meletium
976 5566 990 5589 ,
1024 5527 1126 5580 etsi
1155 5526 1221 5580 ab
1249 5527 1459 5581 Arianis
1485 5529 1699 5583 ordina-

155 5605 242 5652 tum
260 5644 273 5666 ,
297 5615 471 5674 utpote
496 5609 832 5666 Catholicum
864 5614 1363 5685 sanetissinmmque
1384 5617 1555 5671 virum
1572 5658 1587 5681 ,
1614 5632 1699 5672 se-

156 5690 445 5756 quebantur:
476 5700 631 5754 tertia
662 5702 979 5757 Arianorum
1000 5744 1014 5766 ,
1058 5705 1146 5773 qui
1187 5719 1305 5759 cum
1340 5704 1538 5759 Euzoio
1570 5720 1697 5759 con-

159 5780 574 5857 reatus'agebant.
606 5788 872 5847 Hactenus
893 5802 1067 5847 tamen
1096 5792 1306 5849 nonnisi
1330 5794 1435 5848 duo
1458 5795 1691 5865 episcopi

1308 423 1485 479 NUNC.
1528 422 1782 479 PRIMUM
1822 419 2212 480 ADOBNATA.

3303 422 3399 476 “0

1809 538 2103 590 Antiochia:
2130 546 2301 598 erant,
2337 538 2582 591 nimirum
2606 552 2668 591 ex
2698 547 2842 606 parte
2870 533 3261 592 Catltolieorum
3295 536 3399 590 Meo

1812 626 2000 688 letius;
2044 643 2111 681 ex
2151 629 2469 681 Arianorum
2497 642 2624 682 vero
2653 638 2800 696 parte
2832 628 3098 682 Euzoius:
3126 643 3248 682 nam
3294 626 3399 684 Eu—

1810 716 2059 769 stathiani
2103 732 2221 770 cum
2265 715 2485 771 Paulino
2524 717 2837 789 presbytero
2883 716 3107 775 seorsim
3146 706 3398 772 collectas

1815 806 2063 876 agebant.
2450 802 2453 803 ν

1882 895 2235 961 Quamobrem
2278 896 2599 951 Athanasius
2646 897 2699 952 in
2745 896 2974 969 Synodo.
3001 896 3388 965 Alexandrina,

1810 999 1950 1038 anno
1970 984 2094 1049 362,
2124 987 2248 1040 totis
2285 986 2482 1040 viribus
2509 986 2770 1040 nitebatur
2797 997 2852 1037 ut
2877 985 3205 1041 Eustathiaui
3233 986 3399 1061 Mole

1812 1074 2346 1143 tianisjungerentur,
2367 1089 2655 1145 omnesque
2670 1075 2926 1132 Catholici
2944 1091 3105 1130 unum
3127 1074 3389 1138 neletium

1812 1164 2118 1233 episcOpum
2144 1175 2521 1234 agnoscerent,
2551 1164 2615 1219 ad
2638 1180 2861 1235 eamque
2888 1180 3000 1220 rem
3033 1162 3233 1234 legatOs
3258 1166 3391 1222 duos

1811 1253 2097 1313 Eusebium
2127 1256 2515 1311 Vercellensem
2540 1266 2589 1312 et
2624 1258 2891 1314 Asterium
2922 1258 3202 1327 episcopos
3224 1271 3255 1315 a
3286 1256 3388 1329 Sy-

1813 1343 1957 1397 nodo
1982 1345 2335 1407 Alexandrina
2358 1347 2491 1400 mitti
2519 1348 2741 1401 curavit.
2774 1337 2975 1401 Verum‘
2996 1347 3228 1411 interim,
3257 1347 3383 1401 dum

1812 1434 1966 1504 legati
1998 1435 2097 1489 iter
2112 1446 2348 1506 agerent,
2374 1437 2581 1491 Lucifer
2600 1436 2929 1493 Calaritanus
2952 1436 3092 1505 pium
3118 1438 3388 1493 Athanasii

1811 1523 2292 1595 Alexandriamque
2318 1518 2516 1601 Synod‘i
2543 1526 2823 1581 consilium
2865 1524 3268 1589 interturhavit,
3300 1526 3389 1595 qui

1810 1615 2086 1670 Paulinum
2132 1616 2183 1672 in
2224 1618 2529 1685 episcopum
2572 1617 2781 1685 allegit;
2813 1616 2881 1674 ita
2910 1624 2969 1671 ut
3001 1626 3110 1671 tres
3133 1615 3240 1685 jam
3272 1616 3392 1686 epi-

1809 1708 1956 1778 δεορί
1983 1708 2279 1765 Antiochiae
2305 1716 2504 1772 essent,
2531 1707 2636 1761 duo
2663 1707 2951 1769 Catholici,
2981 1717 3034 1763 et
3056 1722 3192 1761 unus
3234 1706 3389 1763 Aria-

1810 1815 1931 1853 uns.
1960 1800 2036 1853 Ex
2068 1800 2373 1855 hoc'autem
2397 1797 2788 1855 Catholicorum
2815 1797 3053 1866 dissidio,
3075 1797 3215 1869 quod
3237 1797 3390 1852 aiiuis

1810 1889 1945 1945 bene
1973 1890 2153 1944 multis
2183 1889 2448 1958 perstitit,
2480 1888 2772 1944 innumera:
2812 1889 2939 1943 rixae
2968 1888 3198 1942 suborta:
3226 1898 3350 1945 sunt
3368 1920 3389 1954 ο

1810 1982 2169 2047 contumeliae,
2196 1979 2438 2043 dicteria,
2464 1979 2763 2045 maledicta,
2795 1978 2986 2050 quibus
3008 1993 3066 2031 se
3092 1988 3275 2031 mutuo
3304 1976 3388 2031 di-

1810 2074 1980 2126 versis
2004 2070 2199 2125 addicti
2229 2070 2469 2140 partibus
2495 2069 2817 2135 lacerabant,
2845 2069 3004 2123 rebus
3033 2068 3203 2141 palam
3232 2068 3390 2126 exulo

1809 2165 2022 2220 ceratis.
2052 2164 2302 2220 Paulinus
2332 2179 2458 2217 vero
2485 2163 2535 2216 in
2563 2163 2869 2233 episcopum
2892 2160 3130 2215 adlectus
3151 2159 3386 2216 Alexan-

1809 2248 1987 2313 drinae,
2039 2242 2258 2325 Synodo
2325 2252 2678 2323 subscripsit,
2739 2251 2791 2305 in
2848 2265 2953 2321 qua
3020 2248 3379 2320 Apollinarius

1808 2343 2161 2408 Laodicenus,
2192 2344 2281 2416 qui
2311 2358 2378 2398 eo
2407 2341 2697 2397 monachos
2727 2351 2972 2418 oratores
2994 2356 3120 2397 suos
3146 2342 3384 2407 miserat,

1808 2445 1867 2507 ut
1897 2434 2282 2504 professionem
2328 2433 2449 2489 fidei
2494 2450 2603 2489 sua:
2640 2434 2693 2489 in
2724 2443 2863 2489 cmtu
2904 2433 3115 2489 Patrum
3164 2429 3386 2501 darent,

1808 2524 1880 2581 ita
1909 2536 2082 2579 tamen
2110 2536 2165 2579 ut
2195 2540 2404 2579 errores
2433 2540 2558 2578 suos
2583 2523 2805 2578 subdole
2834 2524 3143 2590 reticerem,
3170 2524 3219 2577 in
3242 2513 3388 2589 eoin:-

1808 2617 2117 2671 munionem
2148 2614 2466 2671 admittitur.
2498 2614 2752 2669 Paulinus
2780 2625 2954 2668 autem
2984 2629 3125 2669 anno
3153 2613 3257 2669 36?.
3295 2630 3386 2669 or-

1807 2709 2043 2774 dinatus,
2074 2722 2216 2763 anno
2245 2705 2366 2772 388,
2393 2706 2475 2762 vel
2497 2706 2621 2773 389,
2646 2706 2802 2760 ﬂnem
2826 2705 3030 2761 vivendi
3060 2704 3202 2761 fecit.
3228 2706 3385 2775 Apulo

1810 2799 2031 2853 linarius
2086 2814 2253 2860 vero,
2315 2798 2406 2867 qui
2468 2805 2591 2867 post
2641 2796 2912 2867 Synodnm
2967 2786 3384 2853 Alexandrinam

1808 2903 2019 2945 errores
2049 2903 2174 2941 suos
2199 2886 2483 2958 spargebat
2519 2896 2575 2941 ut
2595 2896 2720 2943 ante
2741 2928 2757 2954 ,
2788 2887 2855 2941 ab
2882 2884 3171 2943 Athanasio
3196 2885 3387 2940 coofu-

1811 2986 1949 3033 tatus
1973 2977 2069 3031 fuit
2098 2987 2152 3030 ut
2181 2977 2481 3031 lnerelicus.

1882 3068 2004 3125 Η.υο
2048 3066 2415 3137 prwmittetida
2448 3072 2642 3132 erant,
2690 3076 2747 3120 nt
2788 3065 3149 3137 Chrysostomi
3196 3070 3387 3136 Scopas

1807 3170 1862 3215 et
1891 3161 2028 3214 dicta
2066 3159 2509 3229 intelligerentur.
2540 3158 2805 3213 Meletiani
2836 3173 2963 3228 ergo
2988 3156 3285 3223 Catholici,
3317 3157 3387 3214 de

1808 3252 1965 3322 vulgo
2012 3252 2236 3329 loquor,
2285 3249 2649 3319 Eustathianis
2696 3248 2908 3320 infensi,
2941 3247 3063 3303 hinc
3108 3248 3384 3303 maledicta

1809 3351 2110 3423 proferendi
2140 3351 2474 3405 occasionem
2502 3348 2819 3421 captabant,
2847 3339 2985 3419 quod
3026 3339 3276 3399 Paulinus
3301 3343 3383 3400 et-

1805 3443 1927 3497 dem
1955 3441 2329 3500 Alexandrina:
2345 3439 2565 3513 Synodo
2593 3437 3011 3509 subscripsisset,
3036 3437 3119 3491 cui
3145 3434 3382 3491 subscri-

1808 3541 1985 3603 pserat
2034 3533 2196 3587 etiam
2261 3522 2621 3602 Apollinarius
2693 3529 3089 3593 hreresiarcha,
3158 3527 3384 3602 ideoque

1807 3625 2192 3695 Apollinarium
2216 3623 2420 3681 Paulini
2447 3622 2755 3694 magistrum
2783 3616 3117 3678 dictitabant.
3144 3617 3385 3691 Chryso-

1804 3724 2012 3773 stomus
2037 3730 2164 3769 vero
2201 3715 2289 3785 qui
2334 3729 2476 3785 aegre
2521 3711 2809 3771 admodum
2846 3710 3057 3767 videbat
3092 3706 3380 3764 Ecclesiam

1807 3804 2194 3861 Antiochenam
2215 3805 2286 3859 ita
2308 3803 2606 3868 discissam,
2635 3811 2692 3856 ut
2719 3800 2973 3856 Catholici
3002 3800 3052 3853 in
3076 3798 3381 3854 Catholica:

1807 3906 1912 3950 tam
1944 3895 2195 3951 atrociter
2222 3896 2592 3965 insurgerent,
2622 3891 2892 3946 auditores
2916 3884 3046 3946 'snos
3074 3891 3192 3945 talia
3225 3898 3382 3944 ausus

1804 4001 1993 4056 aspere
2023 3986 2216 4059 exeipit
2244 4004 2257 4040 :
2288 3985 2394 4041 Sed
2416 3984 2537 4054 quid
2563 3985 2734 4037 dicrmt
2759 3982 2858 4047 illi,
2888 3982 3076 4050 inquit,
3100 3979 3168 4033 ad
3185 3995 3380 4033 omnem

1805 4078 2049 4132 malitiam
2082 4076 2341 4131 audaces?
2371 4070 2663 4151 licerelicns,
2693 4074 2851 4137 aiunt,
2882 4072 2968 4126 ille
2991 4074 3153 4142 factus
3182 4079 3271 4131 est,
3301 4070 3381 4123 iit-

1806 4168 2113 4220 habitantem
2159 4167 2302 4220 habet
2346 4165 2630 4227 diabolum,
2681 4173 2725 4217 et
2768 4163 2987 4231 loquitur
3022 4171 3193 4214 contra
3222 4154 3380 4214 Deum

1804 4257 2096 4328 nequitiam,
2129 4257 2409 4326 multosque
2437 4254 2641 4309 suadela
2668 4268 2890 4323 vanaque
2928 4250 3131 4321 fallacia
3169 4252 3221 4303 in
3260 4258 3381 4321 pro.

1804 4347 2021 4417 fundum
2051 4346 2189 4400 exitii
2216 4345 2453 4410 abducit;
2478 4345 2686 4413 ideoque
2725 4360 2756 4395 α
2800 4342 3035 4396 Patr-ibus
3068 4341 3252 4411 (jactus
3276 4340 3379 4405 est,

1805 4439 2022 4491 maxime
2048 4437 2199 4505 hujus
2227 4436 2482 4509 magister,
2522 4434 2607 4501 qui
2639 4442 2829 4501 partem
2856 4429 3097 4484 Ecclesia:
3134 4429 3381 4485 abscidit:

1802 4529 1874 4583 sic
1903 4536 1992 4581 aut
2024 4526 2299 4580 Paulinum
2325 4534 2409 4578 aut
2439 4522 2811 4593 Apollinarium
2834 4522 3114 4592 designant.

1876 4618 2001 4672 Hmc
2021 4614 2177 4670 refert
2201 4614 2689 4685 Chrysostomus'ut
2713 4612 2779 4666 ab
2803 4611 3066 4665 incondita
3094 4610 3242 4663 turba
3269 4608 3375 4662 non

1803 4708 2142 4765 itaaccurate
2171 4705 2519 4760 dicebantur:
2548 4713 2603 4759 et
2630 4704 2752 4774 quia
2785 4716 2887 4757 non
2910 4718 3031 4757 raro
3059 4702 3257 4771 plebeia
3281 4702 3377 4755 hu-

1797 4798 2029 4870 jusmodi
2061 4797 2298 4852 convicia
2332 4806 2383 4850 et
2408 4795 2547 4850 dicta
2584 4794 2918 4863 peregrinum
2963 4794 3202 4847 sonantia
3251 4778 3373 4845 u'ra-

1804 4892 1932 4945 ti0ui
1960 4890 2411 4954 intermiscentur,
2435 4886 2549 4941 inec
2585 4886 2770 4941 concio
2798 4885 2978 4939 multis
3017 4885 3069 4937 in
3111 4884 3243 4938 locis
3268 4902 3373 4938 non

1802 4980 1915 5049 pari
1940 4988 2099 5049 atque
2124 4986 2332 5032 eteterze
2361 4974 2621 5045 elegantia
2650 4974 2792 5028 dicta
2818 4974 3047 5027 videtur.
3080 4972 3228 5027 lianc
3253 4988 3374 5027 cu.n

1801 5070 2031 5124 Baronio
2058 5078 2114 5124 et
2144 5067 2470 5133 llermantio,
2497 5074 2735 5120 vertente
2761 5079 2901 5117 anno
2927 5063 3030 5120 386
3054 5062 3247 5118 dictam
3275 5078 3376 5131 pu-

1802 5170 2013 5226 tamus,
2062 5174 2253 5230 resque
2289 5159 2505 5212 omnino
2548 5164 2691 5211 certa
2740 5154 2966 5209 videtur.
3008 5153 3381 5208 Tillemontius

1803 5262 1980 5307 tamen
2009 5268 2075 5307 ex
2101 5253 2240 5306 male
2260 5250 2420 5304 allato
2437 5257 2496 5302 et
2525 5247 2792 5302 intellecto
2809 5245 2965 5313 hujus
2984 5245 3215 5299 homillm
3236 5246 3376 5310 loco,

1804 5350 1950 5412 putat
1979 5356 2095 5395 eam
2124 5339 2356 5395 habitam
2402 5338 2561 5393 fuisse
2591 5347 2708 5407 post
2737 5337 2940 5391 Paulini
2972 5344 3225 5398 mortem,
3259 5345 3379 5402 post

1802 5447 1999 5486 annum
2027 5431 2228 5486 scilicet
2256 5431 2379 5484 388.
2411 5429 2542 5484 Vide
2572 5429 2824 5483 Monitum
2857 5436 3117 5491 nostrum,
3140 5426 3226 5481 ubi
3248 5438 3375 5480 sen-

1804 5524 1966 5577 tentia
1996 5522 2112 5590 ejns
2140 5521 2454 5585 clarissime,
2488 5521 2537 5573 ni
2565 5520 2740 5584 fallor,
2770 5518 3091 5573 confutatur.

1876 5612 1940 5666 In
1968 5610 2149 5665 Natali
2175 5610 2362 5664 Christi
2381 5610 2649 5664 concio.—
2664 5610 2906 5678 Quinque
2933 5608 3118 5662 diebus
3145 5614 3260 5677 post
3286 5608 3379 5659 ha-

1805 5704 1966 5756 bitam
1997 5682 2061 5755 in!
2088 5701 2144 5757 S.
2175 5700 2541 5770 Philogonium
2590 5698 2856 5752 homiliam
2880 5740 2893 5761 ,
2926 5695 2974 5751 id
3003 5706 3083 5751 est
3119 5696 3377 5766 vigesima

1762 5864 1765 5867 δ
1801 5794 1980 5863 quinta
2013 5790 2317 5846 Decembris
2339 5832 2353 5857 ,
2380 5798 2434 5844 ut
2466 5790 2577 5859 ipsc.
2603 5788 3010 5860 Chrysostumus
3050 5786 3377 5854 testificatur,
3406 5852 3409 5855 ἤ
