4264 6306
807 519 971 585 prima
1002 515 1113 568 vice
1142 514 1207 568 de
1237 515 1320 568 die
1349 514 1512 567 Natali
1538 512 1728 566 Christi
1759 513 2095 565 cumcionatus
2116 521 2192 564 est
2220 509 2302 579 (Τ.
2321 510 2375 560 "2.

807 615 851 653 ε.
885 599 982 654 551
998 637 1010 650 .
1031 600 1068 652 ι.
1086 601 1198 671 24).
1219 600 1350 655 Cum
1374 603 1517 663 enim
1555 602 1780 656 nondum
1813 604 2035 656 decimus
2057 619 2222 657 anuus
2240 615 2385 662 eam,

805 687 979 758 inquit
1009 691 1117 756 ille,
1149 709 1210 744 ea:
1235 709 1333 761 quo
1361 693 1468 746 dies
1493 692 1580 747 ille
1609 693 1959 748 Antioclienis
1999 695 2287 748 inualuerat
2324 693 2389 748 ab

803 779 1112 846 Occidente,
1147 779 1234 832 ubi
1265 779 1330 832 ab
1359 779 1576 832 exordio
1608 778 1692 830 illa
1723 776 1808 829 die
1846 776 2144 829 celebratus
2175 776 2376 839 fuerat,

803 871 1140 926 Antiochiam
1179 870 1416 932 delatus;
1450 869 1598 923 multi
1629 868 1768 922 diem
1813 867 2003 922 festum
2050 866 2378 935 huiusmodi,

803 964 954 1033 quasi
982 976 1175 1018 novum
1206 977 1270 1019 ac
1299 970 1538 1022 reccuter
1569 959 1837 1014 inductum
1865 959 2261 1020 detrectabant;
2290 957 2381 1010 alii

805 1063 981 1105 tamen
1026 1066 1219 1122 magno
1267 1065 1487 1105 numero
1528 1050 1756 1105 libenter
1801 1048 2190 1102 admittebant:
2223 1063 2380 1118 quam

802 1143 1240 1211 disceptationem
1265 1155 1318 1196 ut
1341 1144 1539 1211 sepiret
1566 1142 1996 1212 Chrysostomus,
2021 1140 2108 1195 ubi
2131 1141 2378 1209 primum,

803 1243 1083 1303 postquam
1129 1233 1407 1304 presbyter
1449 1233 1720 1287 ordinatus
1770 1235 1975 1296 fuerat,
2023 1234 2253 1289 occurrit
2295 1233 2382 1287 illa

801 1324 1109 1389 celebritas,
1148 1325 1282 1377 hanc
1312 1324 1580 1398 homiliam
1615 1323 1815 1384 habuit,
1845 1330 1904 1375 ut
1932 1321 2202 1376 subortam
2238 1322 2380 1374 litem

806 1415 1040 1480 tolleret,
1067 1423 1119 1466 et
1147 1411 1285 1466 diem
1317 1413 1556 1469 Natalem
1583 1412 1777 1467 Christi
1811 1413 1862 1465 in
1889 1412 2196 1480 vigesimam
2223 1412 2379 1479 quiu-

808 1514 912 1558 tam
945 1504 1253 1559 Decembris
1294 1504 1526 1558 incidere
1553 1504 1731 1557 multis
1760 1503 2084 1571 argumentis
2115 1502 2380 1569 probaret.

809 1595 990 1649 l‘riuio
1032 1597 1107 1649 ait
1148 1595 1283 1650 hanc
1323 1610 1499 1649 veram
1528 1610 1646 1653 esse
1672 1593 1989 1648 sententiam
2017 1594 2098 1646 vel
2124 1593 2242 1646 inde
2265 1607 2384 1661 pro-

809 1687 1056 1745 babiliter
1080 1687 1230 1758 argui
1251 1728 1264 1750 ,
1293 1685 1430 1756 quod
1464 1700 1862 1754 quaquaversus
1889 1684 2193 1738 denuntiata
2219 1727 2231 1749 ,
2262 1699 2381 1736 cum

811 1788 951 1831 tanta
982 1777 1256 1837 celeritate
1283 1778 1350 1828 ab
1385 1774 1631 1829 omnibus
1669 1787 1910 1843 suscepta
1958 1775 2136 1828 luerit.
2185 1775 2384 1828 Deinde

807 1873 883 1925 ait
908 1871 996 1928 illa
1023 1870 1106 1924 die
1134 1870 1201 1922 ab
1224 1868 1446 1924 exordio
1475 1884 1567 1937 per
1588 1877 1750 1921 totum
1781 1866 2120 1923 Occidentem
2146 1868 2382 1921 celebra-

807 1969 921 2013 tum
966 1959 1124 2012 fuisse
1152 1958 1348 2012 Christi
1390 1967 1599 2021 ortum,
1632 1958 1962 2026 maximeque
2005 1957 2205 2010 Retine.
2254 1958 2383 2010 Cum

805 2060 985 2105 autem
1017 2062 1209 2102 census
1239 2047 1451 2119 Cyrenii
1474 2047 1624 2118 jussu
1653 2047 1870 2116 Augusti
1912 2049 2078 2100 lactus
2104 2090 2116 2110 ,
2153 2049 2201 2100 in
2233 2049 2385 2101 tabu—

808 2141 983 2209 lisque
1024 2139 1359 2208 descriptus,
1405 2155 1569 2208 penes
1610 2139 1875 2192 [ἶοηκιιιθε
1921 2139 2235 2205 haberetur;
2265 2140 2387 2195 hinc

808 2243 987 2282 verum
1023 2243 1440 2298 germanumun
1475 2229 1673 2282 Natalis
1702 2229 1895 2282 Christi
1939 2230 2077 2284 diem
2121 2230 2388 2286 Romanos

810 2319 1072 2372 hausisse.
1108 2318 1258 2371 Aliud
1287 2335 1494 2387 quoque
1534 2329 1900 2387 argumentum
1934 2329 2202 2372 mutuatur
2229 2336 2290 2374 ex
2324 2336 2388 2374 eo

808 2409 895 2462 die
916 2451 930 2473 ,
959 2424 1065 2480 qui)
1097 2409 1367 2483 ingressus
1394 2416 1474 2462 est
1501 2409 1551 2462 in
1585 2411 1837 2478 templum
1879 2409 2160 2464 Zacharias
2181 2454 2194 2473 ,
2229 2427 2385 2479 quem

811 2498 926 2570 ipse
952 2515 1215 2554 summum
1257 2500 1561 2572 pontiliccm
1593 2509 1743 2569 putat
1773 2518 1785 2553 :
1820 2483 1940 2554 inde
1973 2517 2098 2555 vero
2125 2502 2387 2555 calculum

812 2593 990 2655 ducit,
1036 2601 1104 2667 ut_
1140 2593 1324 2660 probet
1368 2594 1755 2663 iu-vigcsimam
1801 2592 2036 2662 quintam
2080 2591 2390 2646 Decembris

814 2683 1049 2739 incidere
1079 2686 1216 2739 diem
1245 2685 1485 2738 Natalem
1518 2687 1744 2740 Domini.
1773 2687 1879 2739 llac
1908 2701 2031 2740 vero
2063 2685 2128 2739 de
2157 2702 2213 2739 re
2242 2687 2388 2754 plura

814 2776 1128 2846 protulimus
1158 2777 1208 2829 in
1239 2777 1437 2830 Monito
1467 2778 1526 2830 Τ.
1556 2778 1610 2839 2,
1638 2793 1685 2830 c.
1706 2777 1809 2835 547
1829 2819 1842 2843 ,
1875 2776 1961 2830 ubi
1992 2777 2108 2829 vide
2137 2777 2230 2830 sis.

884 2867 1069 2922 Coucio
1086 2867 1324 2920 alia.—-E
1335 2877 1451 2921 rant
1477 2868 1773 2923 Antiocliim
1801 2867 2013 2936 quidam
2034 2867 2099 2920 de
2116 2878 2259 2921 recta
2292 2868 2391 2921 lide

815 2975 920 3012 non
953 2958 1118 3026 probe
1144 2959 1456 3022 sentientes,
1490 2960 1588 3027 qui.
1609 2958 1710 3012 hoc
1737 2957 1882 3010 Pauli
1907 2956 2106 3011 dictum
2138 2957 2186 3010 in
2212 2957 2392 3012 Eccle-

813 3049 891 3102 sia
949 3049 1142 3102 lectum
1183 3047 1284 3118 (T.
1325 3049 1376 3105 5.
1424 3065 1471 3101 c.
1517 3049 1696 3118 5H),
1747 3048 1866 3101 Sive
1905 3064 1993 3114 per
2045 3049 2389 3118 occasionem,

809 3141 915 3195 sive
945 3155 1030 3210 per
1057 3141 1310 3193 veritatem
1337 3139 1563 3200 Christus
1591 3139 1936 3202 annuntietur,
1964 3147 2012 3191 et
2049 3141 2100 3192 in
2140 3141 2230 3192 hoc
2263 3159 2392 3210 gau-

814 3233 930 3305 deo,
977 3232 1048 3285 ita
1096 3247 1256 3300 prave
1296 3230 1798 3305 interpretabantur,
1845 3241 1901 3284 ut
1947 3231 2222 3297 dicerent,
2268 3232 2393 3286 dum

813 3321 1060 3377 Christus
1083 3321 1506 3382 annuntiaretur,
1537 3335 1721 3389 parum
1750 3319 2008 3377 interesse
2038 3337 2105 3374 an
2145 3321 2392 3375 hicretica

815 3428 883 3466 au
927 3427 1048 3466 vera
1097 3412 1342 3480 dogmata
1372 3421 1574 3467 essent.
1608 3411 1719 3464 lloc
1747 3412 1940 3465 erroris
1971 3421 2271 3480 portentum
2300 3412 2394 3467 de-

817 3504 970 3573 pellit
1011 3502 1463 3571 Chrysostomus,
1512 3502 1856 3576 pluribus-quc
1910 3503 2237 3556 demonstrat
2291 3519 2393 3556 non

817 3607 936 3646 eam
962 3607 1084 3646 esse
1109 3591 1254 3645 Pauli
1280 3599 1530 3645 mentem.
1561 3590 1664 3645 Sed
1692 3607 1756 3645 ex
1780 3607 1901 3645 vera
1931 3609 2104 3645 rerum
2129 3603 2397 3661 gestarum

821 3683 1041 3737 historia
1065 3682 1211 3736 Pauli
1240 3683 1554 3736 sententiam
1600 3683 1735 3735 hanc
1775 3698 1893 3736 esse
1936 3682 2248 3737 conﬁrmat:
2277 3699 2397 3737 cum

820 3778 967 3832 Pauli
1011 3777 1208 3830 inimici
1251 3776 1462 3845 quidam
1492 3790 1614 3828 eum
1653 3752 1877 3828 vinculis
1902 3776 2249 3829 constrictum
2277 3791 2399 3828 cer-

823 3877 1046 3934 tierent,
1095 3879 1150 3921 ut
1194 3867 1458 3922 Neronem
1505 3867 1672 3938 magis
1717 3867 1768 3920 in
1804 3883 1925 3922 eum
1980 3877 2398 3936 exasperarent,

825 3960 1093 4028 ipsiusque
1142 3958 1426 4026 perniciem
1489 3958 1824 4022 molirentur,
1879 3973 2059 4014 veram
2114 3973 2401 4028 szioaniqoe

823 4049 984 4103 [idem
1018 4049 1138 4102 ideo
1167 4047 1541 4116 praedicabant,
1592 4058 1648 4101 ut
1689 4056 1845 4100 aucto
1892 4049 2271 4116 discipuloriun
2297 4067 2400 4104 llll-

826 4155 975 4193 luero
1005 4150 1260 4208 tyrannus
1287 4139 1374 4192 ille
1407 4139 1459 4191 in
1486 4139 1704 4192 Paulum
1730 4140 1931 4193 catenis
1954 4152 2202 4198 onustum
2237 4143 2404 4210 magis

828 4231 1101 4301 magisque
1125 4230 1357 4283 steviret.
1386 4230 1496 4283 llac
1522 4245 1649 4283 vero
1680 4229 1743 4283 de
1768 4245 1924 4286 causa
1948 4274 1962 4296 ,
1989 4232 2060 4285 ait
2089 4232 2406 4302 Chrysosto—

829 4336 969 4384 mus,
995 4321 1186 4373 Paulus
1212 4319 1340 4372 dicit
1369 4336 1381 4372 :
1409 4319 1528 4373 Sive
1548 4337 1636 4388 per
1659 4321 1999 4386 occasionem,
2033 4322 2131 4373 sive
2166 4340 2255 4393 per
2281 4326 2407 4377 veri-

828 4420 977 4463 tatem
1020 4407 1248 4463 Christus
1287 4409 1630 4472 aunuutietur,
1679 4417 1723 4462 et
1765 4409 1817 4462 in
1859 4410 1954 4462 hoc
1991 4411 2205 4480 gaudeo.
2247 4412 2405 4467 Multa

831 4499 1044 4568 prafert
1075 4497 1189 4552 haec
1224 4498 1438 4552 homilia
1466 4499 1515 4550 in
1547 4497 1809 4565 principio
1831 4498 1896 4551 de
1933 4499 2249 4563 humilitate,
2277 4513 2328 4556 et
2357 4503 2406 4556 in

832 4590 938 4642 line
967 4588 1034 4642 de
1076 4588 1303 4642 utilitate
1334 4588 1750 4655 necessitateque
1793 4589 2127 4655 precationis.
2168 4590 2407 4646 Itabitam

831 4690 1010 4733 autem
1056 4679 1220 4733 fuisse
1263 4688 1382 4746 post
1421 4677 1561 4731 diem
1593 4677 1829 4730 Natalem
1853 4678 2045 4732 Christi
2079 4682 2274 4735 ultimis
2305 4683 2408 4736 Dc~

830 4771 1064 4825 cctnbris
1085 4769 1272 4823 diebus
1294 4770 1416 4822 anni
1451 4768 1585 4832 586,
1618 4783 1680 4822 ex
1727 4768 1855 4836 ipsis
1884 4769 2249 4841 Chrysostomi
2292 4789 2410 4826 ver-

834 4861 919 4915 bis
961 4859 1230 4930 arguitur,
1262 4868 1317 4912 tit
1342 4859 1524 4913 videas
1567 4859 1620 4911 in
1651 4858 1848 4912 Mouito
1875 4859 1936 4913 Τ.
1970 4861 2025 4925 5,
2063 4878 2111 4912 c.
2141 4862 2246 4917 509
2276 4880 2287 4915 :
2320 4864 2410 4918 tibi

834 4967 980 5015 rem,
1006 4951 1052 5004 si
1079 4965 1183 5003 non
1230 4951 1454 5004 omnino
1480 4960 1682 5005 certam
1701 4990 1718 5016 ,
1752 4951 2036 5005 admodum
2065 4953 2407 5009 verisimilem

833 5042 1390 5097 cimununstravimus.
1799 5051 1802 5056 '

905 5133 1091 5188 Coucio
1119 5134 1172 5185 iu
1203 5131 1540 5202 Epiphaniam
1563 5143 1609 5186 et
1635 5134 1769 5188 alite.
1793 5163 1863 5173 —
1885 5134 1937 5186 In
1966 5134 2052 5188 die
2084 5147 2255 5188 autem
2287 5137 2411 5205 Epi-

837 5224 1042 5294 phania:
1073 5225 1312 5294 sequenti
1346 5222 1512 5294 (Auno
1537 5225 1684 5294 587),
1723 5234 1780 5278 ut
1811 5226 2029 5278 omnino
2067 5227 2411 5294 probabiliter

836 5313 1186 5375 existimatur,
1218 5312 1284 5367 de
1311 5312 1578 5381 Baptismo
1621 5323 1674 5367 et
1715 5313 2004 5384 Epiphania
2042 5315 2238 5369 Christi
2281 5332 2411 5369 cou-

835 5404 1045 5456 cionem
1073 5401 1256 5455 habuit
1284 5399 1369 5472 (Τ.
1397 5400 1452 5453 9..
1474 5418 1520 5453 c.
1553 5399 1680 5470 563)
1706 5419 1717 5453 :
1739 5402 1825 5454 ubi
1853 5413 2130 5471 postquam
2163 5406 2407 5471 populum

839 5494 904 5546 sd
935 5493 1223 5547 Ecclesiam
1248 5492 1679 5560 frequentandam
1712 5493 1952 5546 hortatus
1981 5505 2082 5558 cst,
2116 5495 2182 5547 de
2210 5495 2406 5564 duplici

838 5583 1128 5652 epiphania
1160 5583 1298 5651 agit;
1328 5583 1395 5636 de
1425 5582 1513 5637 illa
1552 5597 1745 5652 nempe
1769 5599 1870 5652 qua
1916 5586 2082 5655 magis
2111 5602 2173 5638 ex
2205 5587 2409 5641 oriente

839 5675 1170 5729 venientibus
1215 5675 1476 5743 apparuit,
1518 5673 1689 5743 deque
1727 5685 2017 5744 postrema,
2059 5692 2160 5743 qua
2204 5677 2253 5728 in
2280 5690 2410 5729 cono

837 5769 1191 5824 summatione
1209 5767 1390 5822 s;ecu|i
1419 5781 1537 5820 cum
1568 5766 1735 5836 gloria
1769 5778 1822 5822 et
1851 5769 2132 5837 splendere
2161 5779 2410 5823 venturus

1865 400 1916 455 s.
1962 399 2236 454 l0.\N.\'lS
2269 395 2737 452 cnnvsosrout
2781 397 2957 464 VlTA,

3990 395 4095 449 Ha

2491 522 2593 567 est.
2636 513 2939 565 .‘lliraculum
2987 510 3178 565 deinde
3223 512 3363 564 circa
3403 526 3592 580 aquam
3620 509 3866 580 baptismi
3907 525 4094 563 trutin-

2492 602 2615 665 tiat;
2663 618 2783 656 nam
2830 617 2949 655 cum
3000 617 3186 655 versus
3230 601 3458 657 mediam
3505 611 3735 660 noctem,
3776 617 3894 670 qum
3929 601 4088 654 diem

2494 691 2802 762 Epiphaniae
2832 692 3198 761 pra-cedebat,
3229 692 3420 763 singuli
3453 692 3519 746 de
3547 706 3682 760 aqua
3713 692 3799 745 itla
3827 690 4093 759 baptisini

2490 781 2673 837 latices
2714 797 2892 838 secum
2921 791 3285 852 asportarent,
3317 796 3451 851 aqua
3494 782 3578 836 illa
3619 798 3723 841 non
3755 797 4098 850 corrumpe-

2491 872 2664 936 batur,
2692 870 2784 924 sed
2817 872 3023 940 integro
3051 887 3193 924 anno
3215 912 3230 936 ,
3265 871 3389 940 quin
3419 879 3472 924 et
3508 871 3721 925 biennio
3759 879 3811 924 et
3842 871 4097 929 triennio

2489 964 2793 1032 incorrupta
2821 964 3086 1021 manebat.
3114 965 3277 1019 Docet
3301 963 3493 1019 deinde
3514 963 3637 1032 quid
3661 963 3866 1017 intersit
3884 963 4098 1018 discri-

2487 1053 2647 1107 minis
2673 1054 2812 1108 intcr
2844 1053 3103 1122 baptisma
3128 1054 3432 1108 Judaeorum
3453 1095 3468 1120 ,
3496 1053 3754 1122 baptisma
3777 1053 4009 1107 Joannis
4039 1066 4094 1118 et

2489 1143 2748 1214 baptisma
2797 1143 3014 1198 Christi.
3061 1145 3197 1198 lliuc
3243 1145 3471 1212 explicat
3516 1143 3784 1212 quomodo
3830 1141 4097 1198 Christus

2491 1235 2788 1305 impleverit
2822 1251 3034 1289 onmem
3063 1235 3358 1304 justitiam;
3385 1235 3597 1289 demum
3631 1234 3871 1288 hortatur
3903 1250 4097 1302 papu-

2489 1325 2620 1388 lnm,
2647 1335 2706 1385 ut
2731 1341 2918 1395 magna
2949 1341 3068 1380 cum
3101 1325 3396 1380 reverentia
3426 1325 3491 1379 ad
3522 1323 3792 1380 tremenda
3823 1326 4100 1396 mysteria

2489 1417 2727 1471 accedat.

2560 1506 2885 1564 Concionem
2929 1507 2997 1565 de
3041 1497 3312 1578 Baptiémo
3351 1508 3546 1564 Christi
3592 1510 3668 1564 sic
3708 1525 3859 1568 orsus
3906 1510 4102 1567 fuerat

2489 1595 2900 1665 Chrysoslomus
2933 1615 2944 1650 :
2983 1597 3167 1653 Omnes
3196 1615 3279 1652 cos
3300 1599 3350 1652 iu
3377 1600 3548 1652 la’titia
3576 1601 3746 1663 hodie,
3777 1617 3867 1670 ego
3891 1617 4019 1653 vero
4047 1604 4101 1662 iu

2490 1703 2701 1740 mmrore
2729 1704 2839 1740 sum
2865 1689 3023 1744 salus.
3054 1688 3191 1742 Nam
3219 1706 3333 1741 cum
3360 1691 3411 1745 in
3450 1691 3544 1744 hoc
3583 1694 3844 1761 spirituale
3873 1693 4104 1762 pelagus

2489 1776 2664 1829 oculos
2711 1795 2844 1832 meos
2887 1789 3154 1841 converto,
3201 1791 3247 1832 et
3293 1781 3560 1836 immensas
3605 1780 3848 1842 Ecclesia’
3883 1784 4104 1837 divitias

2491 1867 2792 1937 complector
2809 1886 2829 1932 ;
2858 1886 2914 1921 ac
2945 1870 3122 1922 rlm‘ude
3146 1872 3400 1940 perpendo
3439 1874 3546 1942 [one
3565 1914 3578 1936 ,
3620 1882 3672 1924 nt
3709 1889 3820 1924 cum
3864 1874 4101 1940 primum

2490 1957 2783 2010 solemuitas
2813 1960 2908 2011 ista
2935 1962 3253 2028 prmia-ierit,
3281 1962 3544 2014 multitudo
3568 1980 3744 2016 rursus
3766 1962 3860 2016 ista
3891 1966 4104 2016 resiliat

2491 2062 2552 2098 ac
2581 2047 2804 2100 discedat
2833 2064 2850 2100 :
2879 2050 3079 2101 crucior
3104 2061 3150 2102 et
3181 2051 3338 2103 animi
3367 2051 3541 2104 dolore
3576 2068 3754 2122 angor,
3781 2055 3936 2121 quod,
3972 2071 4103 2106 cum

2493 2147 2595 2190 tam
2625 2140 2810 2192 multos
2841 2139 3022 2193 liberos
3044 2143 3288 2210 pepererit
3320 2141 3566 2207 Ecclesia,
3593 2160 3691 2196 non
3720 2142 3820 2196 illis
3843 2145 4023 2197 itidem
4045 2147 4103 2198 in

2493 2229 2707 2298 singulis
2736 2233 2958 2287 collectis
2981 2275 2995 2296 ,
3043 2233 3130 2285 sed
3159 2235 3209 2285 iu
3239 2234 3377 2302 festis
3405 2235 3719 2288 solummodo
3761 2237 3862 2304 frui
3905 2255 4002 2305 pos
4034 2239 4097 2290 il.

2493 2317 2644 2384 Quod
2675 2333 2834 2388 porro
2856 2321 3125 2374 metuebat
3147 2323 3233 2377 ille
3258 2323 3343 2376 die
3372 2326 3611 2393 sequenti
3643 2327 3867 2394 septima
3890 2326 4103 2379 Janua-

2496 2408 2557 2461 rii
2589 2409 2783 2462 accidit
2815 2410 2985 2479 (Auno
3007 2411 3156 2482 587).
3183 2412 3315 2468 Cum
3347 2416 3487 2467 enim
3520 2415 3586 2467 de
3705 2416 3938 2468 Luciano
3960 2434 4103 2470 eou-

2495 2499 2701 2553 cioncm
2733 2498 2947 2556 haberet
2983 2500 3066 2573 (Τ.
3097 2503 3154 2555 2.
3184 2519 3229 2554 c.
3264 2504 3418 2572 519),
3445 2504 3553 2572 jam
3587 2522 3689 2558 non
3721 2507 3860 2558 illam
3899 2510 4096 2576 populi

2497 2588 2849 2658 frequentiam
2875 2590 3061 2646 adesse
3083 2593 3234 2657 vidit,
3253 2592 3344 2645 sed
3371 2594 3523 2661 longe
3547 2596 3773 2648 rariores
3793 2597 4100 2659 audituros;

2495 2681 2841 2752 quamobrem
2871 2683 2947 2736 sic
2979 2683 3063 2735 ille
3094 2683 3298 2736 orditur
3330 2701 3342 2737 :
3375 2684 3526 2750 Quod
3551 2684 3779 2738 lie-sterno
3822 2688 3903 2739 die
3929 2690 4100 2755 νινε-εἱ-

2496 2773 2773 2843 mescebam
2815 2773 3002 2838 evenit,
3033 2783 3081 2825 et
3120 2774 3188 2826 ad
3230 2772 3463 2839 eiectum
3499 2777 3611 2843 jam
3652 2777 3950 2840 pet-durauit
3983 2792 4103 2839 est;

2499 2879 2677 2931 nempe
2701 2863 2784 2915 ubi
2813 2863 2993 2931 festum
3021 2864 3280 2931 prwteriit,
3304 2865 3457 2916 simul
3478 2865 3625 2916 etiam
3648 2867 3920 2918 multitudo
3947 2871 4101 2920 nobis

2498 2955 2766 3017 abscessit,
2816 2955 3078 3022 minorque
3117 2955 3257 3006 nobis
3288 2964 3441 3007 cretus
3478 2955 3645 3022 factus
3681 2966 3769 3009 est.
3802 2956 3937 3010 Hinc
3974 2959 4099 3012 liu-e

2498 3044 2695 3099 clarius
2725 3046 3131 3099 commoustrari
3174 3045 3381 3098 videtur
3413 3047 3549 3099 hanc
3574 3045 3628 3100 S.
3656 3047 3869 3101 Luciani
3921 3067 4096 3117 pane-

2498 3137 2650 3210 gyrin
2683 3139 3071 3207 pronuntiatam
3107 3138 3265 3189 fuisse
3283 3138 3369 3192 die
3398 3138 3743 3206 Epiphaniam
3773 3140 4098 3208 insequente

2501 3239 2556 3284 et
2584 3228 2770 3282 eodem
2800 3244 2938 3281 anno
2960 3229 3083 3282 587.
3110 3228 3371 3282 Lucianns
3397 3239 3572 3282 autem
3599 3230 3878 3300 presbyter
3901 3234 4100 3284 Antio-

2501 3319 2743 3381 chenus,
2794 3319 2963 3387 inquit
2999 3318 3442 3389 Chrysostonius,
3493 3319 3629 3374 fame
3671 3330 3723 3374 ct
3769 3323 4101 3391 cruciatibus

2502 3410 2687 3464 multis
2715 3410 2915 3464 Christi
2942 3424 3134 3463 uo:nen
3168 3411 3397 3479 gloriose
3422 3410 3696 3465 confessus
3729 3422 3828 3466 est.
3861 3412 3913 3466 Id
3949 3417 4101 3468 arci-

2502 3502 2746 3555 ditanno
2773 3502 2907 3565 5H,
2941 3501 3023 3554 vel
3066 3502 3201 3567 5l‘2,
3247 3503 3296 3554 in
3341 3505 3751 3571 persequutione
3796 3503 4101 3557 Maximini.

2501 3593 2933 3665 Martyrologium
2967 3593 3264 3646 Romanum
3295 3593 3359 3647 ad
3390 3592 3528 3645 diem
3571 3595 3602 3647 7
3639 3593 3872 3647 Januarii
3897 3595 3961 3649 S.
3996 3595 4102 3649 Lu-

2504 3686 2640 3738 ciani
2672 3686 2986 3755 martyrium
3015 3685 3313 3739 annuntiat.
3345 3685 3493 3738 lluuc
3520 3685 3700 3738 Ariani
3730 3702 3942 3739 suarum
3978 3704 4108 3756 par-

2509 3775 2636 3827 tium
2664 3775 2824 3838 fuisse
2852 3775 3262 3836 mentiebantur,
3292 3776 3540 3844 quoniam
3573 3776 3943 3844 ex'discipulis
3979 3779 4108 3849 ejus

2508 3867 2722 3935 quidam
2767 3881 2826 3920 se
2871 3866 2923 3918 in
2972 3866 3285 3917 Arianorum
3335 3875 3508 3920 castra
3560 3868 3944 3933 conjecerant:
3992 3872 4112 3922 imo

2509 3957 2624 4026 ipse
2668 3957 2826 4010 Arius
2873 3960 3106 4025 itemque
3157 3955 3417 4009 Eusebius
3457 3956 3903 4024 Nieomediensis,
3950 3962 4112 4015 illius

2510 4058 2669 4102 secta!
2698 4048 3069 4117 primipilares.
3100 4047 3313 4100 Luciani
3344 4047 3588 4116 discipuli
3624 4048 3859 4113 fuerant,
3891 4061 3946 4104 ut
3978 4068 4114 4107 Sese

2509 4137 2914 4206 Collucianistas
2935 4137 3214 4194 voeabant.
3248 4137 3437 4189 Verum
3466 4138 3536 4189 illi
3561 4153 3587 4189 a
3612 4138 3824 4200 Luciani
3851 4139 4112 4195 doctrina

2511 4238 2566 4283 et
2597 4245 2622 4280 a
2655 4229 2913 4283 catholica
2954 4229 3058 4282 ﬁde
3101 4229 3453 4281 desciverant.
3489 4229 3598 4282 llac
3626 4231 3690 4282 de
3721 4246 3779 4284 rc
3807 4247 3933 4284 vero
3969 4236 4112 4289 nihil

2514 4319 2564 4372 in
2597 4318 2964 4390 Chrysostomi
2999 4318 3248 4390 panegyri
3281 4320 3337 4373 S.
3363 4318 3578 4373 Luciani
3622 4319 3804 4374 fertur.

2587 4410 2698 4462 lloc
2743 4410 2958 4463 ineunte
2988 4424 3129 4461 anno
3159 4411 3260 4463 557
3289 4411 3638 4464 concionatus
3680 4422 3760 4464 est
3799 4412 3852 4465 S.
3884 4411 4112 4468 doctor.

2515 4485 2606 4555 Ex.
2639 4500 2868 4554 bomiliis
2914 4516 3069 4568 porro
3119 4501 3252 4564 illis,
3285 4515 3416 4568 quas
3457 4511 3582 4558 ante
3625 4502 4111 4570 Quadragcsioiam

2513 4592 2751 4661 ejusdem
2778 4591 2900 4645 anni
2927 4591 2988 4643 ad
3015 4591 3265 4658 pepulum
3296 4591 3498 4657 habuit,
3523 4592 3664 4644 illam
3691 4593 3952 4660 ponimus,
3980 4611 4114 4664 quas

2516 4685 2582 4737 de
2610 4683 3022 4754 Resurt‘ectioue
3061 4691 3390 4738 mortuorum
3424 4683 3750 4751 inscribitur,
3799 4685 3911 4752 ipso
3957 4685 4114 4739 iudi-

2515 4783 2670 4827 cante
2697 4772 2848 4829 nobis
2873 4771 3255 4841 Clirysostomo
3278 4814 3293 4836 ,
3327 4773 3413 4841 qui
3437 4773 3512 4826 sic
3530 4774 3670 4826 illam
3695 4775 3896 4827 orditur
3927 4775 4018 4840 (Τ.
4041 4779 4106 4832 2.

2527 4875 2573 4913 c.
2601 4861 2702 4915 417
2740 4881 2753 4914 :
2786 4860 2866 4915 De
2893 4863 3012 4930 ﬁdet
3035 4874 3220 4916 nostra:
3239 4865 3576 4934 dogmatibus,
3605 4865 3760 4933 deque
3778 4865 3938 4935 gloria
3971 4866 4113 4921 Uni-

2515 4953 2670 5022 geuili
2697 4951 2822 5005 Filii
2853 4951 2948 5006 Dei
2979 4964 3096 5006 ante
3127 4956 3265 5023 apud
3307 4969 3392 5007 vos
3426 4955 3780 5021 disseruimus,
3809 4957 4114 5012 obturantes

2516 5058 2687 5096 eorum
2714 5060 2823 5103 ora,
2851 5044 2936 5110 qui
2965 5044 3178 5112 gloriam
3207 5045 3283 5096 illi
3311 5045 3600 5110 detrahunt,
3632 5056 3677 5098 et
3703 5064 3733 5097 α
3753 5045 3987 5099 Genitore
4010 5067 4114 5102 suo

2518 5134 2737 5186 alienum
2767 5134 2963 5187 dicunt.
2995 5134 3291 5189 Coucioncs
3314 5151 3439 5191 vero
3465 5145 3648 5189 contra
3676 5138 3986 5200 Aaomceos,
4013 5145 4108 5207 qui

2520 5226 2736 5297 gloriam
2768 5225 3029 5293 Unigeuili
3062 5225 3382 5280 labefactare
3425 5227 3710 5291 curabant,
3744 5227 3832 5281 hic
3859 5243 4110 5284 commc-

2521 5329 2712 5381 tuorat,
2741 5332 2872 5386 quas
2901 5316 3114 5370 ineunte
3144 5332 3285 5370 anno
3306 5318 3408 5372 587
3435 5317 3686 5383 absolvit,
3717 5329 3770 5372 ut
3813 5319 3864 5371 in
3903 5317 4114 5373 Muttito

2520 5406 2583 5457 ad
2613 5407 2827 5460 easdem
2860 5408 3220 5476 probavimus.
3250 5407 3382 5461 llinc
3405 5423 3529 5462 vero
3555 5408 3791 5478 arguitur
3813 5407 3949 5462 hanc
3968 5423 4105 5463 cono

2519 5496 2724 5550 cionem
2753 5497 2853 5550 sub
2879 5497 3080 5551 initium
3121 5499 3244 5553 anni
3286 5499 3386 5554 587
3419 5498 3650 5552 lta‘bitattt
3677 5498 3868 5564 luisse,
3899 5509 3953 5553 et
3983 5499 4108 5569 qui-

2523 5586 2640 5640 dem
2669 5597 2790 5642 ante
2814 5588 3310 5659 Qnadragesimam,
3339 5605 3497 5660 quam
3530 5598 3692 5642 totam
3724 5590 3774 5642 in
3807 5589 4106 5660 deploran-

2521 5676 2603 5730 dis
2629 5679 3075 5733 Antiochea-trum
3101 5690 3220 5749 post
3251 5695 3465 5734 eversas
3495 5689 3694 5734 statuas
3715 5678 4106 5737 calamitatibus

2525 5775 2869 5842 consumpsit.
