4264 6306
158 430 246 485 ill’i
1200 423 1207 434 ⁷
1325 417 1506 476 ΝυΝο
1545 415 1811 473 PRIMUM
1851 413 2246 476 ADORNATA.

217 542 435 607 llujosre
481 555 647 610 porro
687 536 959 595 concionis
997 543 1368 604 argumentum
1414 532 1466 586 in
1503 531 1725 585 exordio

153 631 316 687 Stalttil
339 631 394 686 S.
419 632 636 684 Doctor.
660 628 849 698 Agitur
865 627 930 681 de
949 611 1356 680 resurrectiood
1367 633 1720 681 mortuormn,

148 722 288 791 enjus
328 722 608 776 veritatem
658 719 854 788 passim
898 715 1088 769 asserit
1125 731 1138 768 :
1176 721 1506 767 mortuormn
1550 720 1726 762 autem

156 814 594 875 resurrectionem
624 811 886 866 innumeri
910 808 1172 878 negabant
1195 806 1562 878 Chrysostomi
1591 820 1726 862 aevo.

150 904 477 974 Prosequitur
521 910 706 972 postea
755 901 822 956 de
865 898 1189 954 instituenda
1233 896 1526 952 secundum
1559 895 1726 952 Deum

148 999 267 1059 vita,
298 995 362 1050 de
386 994 670 1059 adeundis,
700 1007 960 1063 perpensa
992 991 1191 1060 praemii
1223 987 1616 1058 magnitudine.
1648 987 1728 1039 la-

149 1086 404 1144 boribus:
452 1084 765 1143 nonnullam
820 1083 1081 1137 bonorum
1135 1095 1359 1148 operum
1427 1077 1731 1136 mercedem

147 1177 295 1236 etiam
322 1176 374 1230 in
401 1176 500 1230 hac
524 1177 625 1228 vita
657 1173 834 1239 tribui,
860 1172 1005 1226 Pauli
1030 1171 1284 1240 exemplo
1313 1168 1586 1238 probatur.

211 1264 346 1329 Inter
371 1281 459 1329 ea,
487 1281 608 1335 qua:
633 1264 855 1321 Joannis
893 1261 1263 1333 Chrysostomi
1298 1270 1542 1328 tempore
1590 1257 1730 1312 acci-

150 1357 326 1412 derunt
350 1399 365 1420 ,
394 1356 530 1412 nihil
562 1353 965 1410 memorabilius
994 1352 1079 1406 illa
1103 1350 1560 1406 Autiochenorum
1593 1347 1735 1401 sedi-

151 1449 298 1512 tione,
327 1463 432 1517 qua
465 1447 688 1516 dcje‘ctis
710 1445 997 1500 Theodosii
1020 1442 1361 1513 Imperatoris
1389 1451 1442 1496 et
1469 1439 1735 1511 Flaccilla:

148 1541 252 1607 ejus
297 1540 482 1595 usuris
523 1538 752 1602 statuis,
798 1537 1095 1606 iisdemque
1139 1551 1234 1604 per
1274 1534 1462 1588 urbem
1491 1532 1732 1601 raptalis,

148 1630 498 1685 Theodosium
527 1630 594 1683 ita
623 1637 1029 1697 exasperarunt,
1064 1634 1121 1680 ut
1144 1625 1210 1680 de
1234 1624 1365 1678 urbe
1390 1623 1616 1678 delenda
1645 1637 1735 1675 co-

147 1720 396 1790 gitaverit.
444 1720 570 1775 Ilzec
615 1719 711 1772 fuit
753 1717 1141 1790 Chrysostomo
1185 1725 1371 1770 nostro
1415 1714 1480 1766 ad
1519 1711 1736 1767 concio-

148 1810 292 1865 nandi
323 1811 635 1866 facultatem
668 1809 1026 1865 exercendam
1057 1807 1231 1877 ampla
1260 1806 1529 1860 materies.
1557 1803 1736 1858 Antio-

147 1901 319 1956 ohenis
366 1902 566 1972 quippe
613 1901 753 1954 inter
793 1914 942 1969 spem
985 1907 1038 1953 et
1077 1906 1275 1951 metum
1320 1894 1732 1957 ﬂuctuantibus,

147 1992 260 2050 dum
274 1993 538 2064 repentini
556 2008 713 2047 casus
735 2007 924 2046 novam
951 1993 1479 2062 inexspectatamque
1499 1986 1737 2056 quotidie

149 2083 223 2137 vel
262 2083 518 2152 sperandi
549 2083 633 2137 vel
669 2081 890 2136 timendi
922 2095 1138 2134 causam
1170 2077 1426 2143 oli‘crreut
1451 2118 1465 2141 ,
1497 2075 1732 2145 impara-

149 2184 222 2229 tus
251 2175 358 2228 fere
384 2188 608 2242 semper
635 2172 1069 2244 Chrysostomus,
1097 2179 1257 2239 prout
1279 2182 1366 2222 res
1393 2173 1518 2222 'sese
1539 2165 1738 2220 dabant

145 2266 328 2334 stylum
359 2275 579 2318 vertere
608 2272 863 2328 coaetus,‘
876 2277 1020 2331 δερρο
1049 2277 1110 2316 ex
1143 2269 1402 2330 tempore,
1429 2259 1546 2312 illas
1571 2256 1740 2310 admi-

147 2355 340 2409 ratione
370 2354 564 2424 dignas
609 2355 897 2408 conciones
945 2352 1322 2421 pronuntiabat
1356 2355 1374 2419 (
1406 2347 1647 2402 Homilia:
1673 2348 1739 2399 ad

146 2445 511 2520 Antiocheam,
566 2453 603 2497 ι.
649 2443 705 2500 2.
763 2443 978 2514 initio);
1032 2441 1192 2496 modo
1235 2446 1293 2495 nt
1338 2440 1390 2492 in
1437 2438 1740 2492 calamitate

149 2543 440 2589 versantem
497 2533 750 2603 populum
803 2533 1191 2593 consolaretur,
1243 2529 1403 2582 modo
1447 2535 1506 2581 ut
1545 2528 1740 2582 fractos

147 2626 351 2696 periculi
397 2625 769 2696 magnitudine
799 2625 1005 2678 animos
1035 2624 1379 2678 conﬁrmaret
1407 2639 1419 2675 :
1445 2631 1554 2674 tum
1600 2635 1740 2687 pra:-

147 2718 287 2786 cipue
320 2726 378 2771 ut
404 2717 697 2771 occasione
735 2715 1127 2770 imminentium
1157 2715 1416 2768 malorum
1447 2708 1740 2764 Antioche-

147 2825 235 2864 nos
292 2810 361 2864 ad
429 2810 558 2862 vitia
608 2807 924 2878 corrigenda
970 2817 1022 2860 ct
1074 2821 1253 2860 mores
1303 2800 1738 2885 componendus,

146 2901 472 2970 eluendaquc
516 2901 718 2961 scelera
743 2943 758 2965 ,
805 2915 925 2969 qua:
955 2907 1155 2952 tantam
1190 2897 1280 2951 Dei
1311 2896 1445 2950 iram
1477 2895 1740 2948 accende-

145 3002 277 3056 runt,
305 2991 959 3061 monitorum.frequentia
987 2991 1278 3044 deduceret
1305 3007 1317 3042 :
1347 2987 1436 3057 qui
1465 2997 1610 3040 certe
1646 3001 1741 3038 co-

146 3094 291 3138 natus
315 3084 710 3156 Chrysostomo
738 3083 901 3138 cessit
941 3097 1008 3137 ex
1038 3090 1164 3135 voto
1185 3122 1198 3147 ,
1229 3088 1288 3134 ut
1323 3079 1414 3133 ille
1441 3078 1633 3131 alicubi
1667 3075 1744 3129 fa-

149 3185 300 3228 tetur.
1327 3178 1334 3186 “

212 3267 544 3320 Antiocheam
578 3265 840 3319 reditionis
872 3263 1104 3318 historia.
1131 3293 1202 3303 —
1227 3262 1414 3316 Tantm.
1441 3275 1570 3316 vero
1598 3260 1742 3326 sedi-

151 3359 300 3411 tionis
339 3373 502 3412 causa
531 3357 658 3422 fuit,
692 3364 828 3411 teste
873 3355 1091 3410 Zosimo
1119 3352 1344 3426 (Zosim.
1378 3354 1415 3406 ι.
1447 3354 1510 3420 4)
1536 3394 1551 3420 ,
1583 3351 1744 3404 nimia

153 3451 470 3506 tributorum
500 3490 515 3510 .
560 3465 681 3522 qum
722 3447 958 3518 quotidie
990 3447 1428 3516 excogitabantur
1450 3487 1465 3507 ,
1496 3445 1705 3499 exac1io
1728 3485 1743 3507 ,

154 3543 256 3596 sive
283 3554 382 3611 pro
409 3541 726 3595 celebritate
770 3541 940 3611 quinti
969 3539 1084 3593 initi
1128 3539 1197 3592 ab
1239 3537 1470 3592 Arcadio
1507 3536 1630 3588 armi
1681 3551 1747 3588 ex

155 3647 254 3699 quo
305 3634 580 3703 Augustus
611 3633 980 3702 promulgatus
1035 3631 1243 3694 fuerat,
1276 3638 1331 3683 et
1377 3628 1570 3682 decimi
1625 3627 1747 3680 anni

157 3722 438 3779 Theodosii
472 3723 843 3794 Imperatoris,
868 3723 957 3794 qui
989 3737 1128 3776 anno
1158 3719 1254 3775 381
1291 3719 1574 3790 incipiebat
1595 3760 1609 3782 ,
1637 3719 1751 3782 sive

161 3827 248 3882 pro
275 3826 536 3885 apparatu
567 3813 692 3869 belli
718 3823 903 3869 contra
953 3813 1240 3868 Maximum
1273 3821 1552 3883 tyrannum
1579 3852 1594 3874 ,
1637 3811 1752 3863 sive

160 3917 250 3973 pro
275 3905 397 3960 aliis
427 3904 654 3976 publicis
700 3903 1128 3960 necessitatibus.
1163 3901 1370 3956 'I‘ributi
1416 3916 1583 3955 onere
1633 3916 1754 3968 per-

159 3994 282 4048 culsi
312 3995 634 4050 Antiochcui
674 3995 819 4049 cives
855 3993 1171 4048 Praefectura
1218 3992 1410 4048 adeunt
1435 4033 1450 4058 ,
1484 3992 1517 4046 ii
1550 3993 1755 4051 scilicet

160 4084 242 4152 qui
269 4085 574 4139 urbanioris
615 4093 974 4147 notaverant;
1007 4096 1061 4137 et
1100 4084 1455 4153 lacrymautes
1481 4121 1496 4145 ,
1529 4081 1754 4151 vectigal

161 4173 410 4232 Iudictum
441 4176 662 4229 nimium
691 4183 1005 4244 queruntur,
1037 4174 1237 4243 Deique
1265 4189 1421 4243 opem
1451 4173 1751 4241 implorant.

166 4266 358 4322 Deinde
391 4281 527 4321 vero
555 4266 1101 4322 circnmforaneorum
1133 4275 1185 4320 et
1223 4273 1531 4327 exterorum
1585 4263 1758 4318 homi-

165 4373 284 4413 num
314 4375 381 4414 ex
429 4358 612 4412 inﬁma
656 4358 810 4428 plebe
872 4357 1025 4412 turba
1051 4398 1068 4424 ,
1100 4357 1384 4413 commotis
1423 4355 1617 4410 animis
1642 4397 1657 4423 ,
1702 4355 1756 4410 in

166 4447 394 4511 facinora
443 4458 750 4520 erumpunt.
781 4448 960 4504 Primo
1001 4450 1051 4504 in
1111 4449 1325 4518 publico
1357 4448 1551 4502 balneo
1578 4449 1757 4505 omnia

166 4540 429 4610 susdeque
477 4549 723 4610 ponunt:
773 4539 894 4594 hinc
941 4538 1182 4593 Praafeeti
1252 4539 1469 4594 donnnu
1519 4539 1757 4609 adeunt,

169 4630 433 4684 cancellos
475 4630 770 4700 januasque
801 4625 1306 4697 im'adunt;vi.vque
1351 4631 1610 4697 coerciti,
1655 4631 1760 4685 alio

169 4721 397 4780 Iurorcm
432 4731 770 4781 convertunt.
801 4722 1145 4792 depictasque
1172 4720 1554 4794 Imperatorum
1589 4721 1760 4780 tahelo

171 4813 243 4868 las
271 4814 538 4885 lapidibus
563 4815 827 4884 impetum
848 4855 864 4879 ,
898 4815 1099 4869 findant
1121 4823 1174 4869 et
1200 4813 1522 4871 labefactant
1547 4833 1560 4868 :
1587 4816 1761 4884 ipsos-

172 4918 269 4973 que
289 4909 556 4976 Augustos
571 4905 869 4961 maledictis
895 4915 948 4979 ct
971 4906 1225 4960 conviciis
1257 4915 1515 4960 onerant:
1545 4906 1762 4962 demum

174 4995 512 5068 Imperatoris
563 4997 854 5054 Theodosii
900 4998 1273 5068 Flaccillthue
1301 4999 1417 5066 ejus
1446 4999 1626 5053 uxoris
1653 5000 1761 5068 jam

172 5090 435 5151 defuncta:
459 5100 661 5146 statuas
674 5091 953 5160 dejiciunt,
979 5100 1032 5146 et
1060 5106 1156 5160 per
1185 5091 1331 5144 vicos
1360 5091 1503 5145 urbis
1527 5101 1759 5160 raptant.

175 5181 392 5254 Jamque
431 5182 587 5252 'plnra
645 5182 844 5238 inferre
895 5181 1089 5236 damna
1142 5191 1459 5251 coeperant,
1498 5197 1618 5234 cum
1667 5183 1766 5235 im-

177 5277 330 5330 missa
361 5293 393 5330 a
430 5276 690 5331 Praefecto
719 5277 1113 5345 sagittariorum
1148 5291 1306 5329 manu
1328 5317 1341 5338 ,
1366 5274 1578 5344 depulsi
1617 5283 1760 5329 sunt.

176 5365 260 5422 Sic
283 5370 548 5424 exstincta
587 5369 872 5433 seditione,
908 5368 1074 5422 furori
1105 5367 1262 5421 timor
1283 5367 1574 5431 successit;
1604 5375 1765 5436 atque

177 5457 498 5514 imminentis
531 5473 704 5530 pteute
733 5459 1064 5527 exspectatio
1100 5457 1311 5512 onerosi
1341 5457 1570 5527 impositi
1599 5457 1765 5511 vecti-

178 5550 306 5617 galis
335 5550 660 5605 oblivionem
719 5549 944 5603 induxit.
985 5549 1122 5615 Quid
1169 5549 1294 5602 hinc
1338 5549 1409 5601 sit
1456 5562 1762 5616 consequu-

178 5651 315 5703 tum.
339 5640 475 5696 infra
498 5641 803 5696 narrabitur
831 5639 884 5695 in
916 5641 1229 5695 recensione
1251 5639 1625 5702 bomiliarum;
1653 5638 1763 5708 jam

174 5731 238 5786 de
261 5746 403 5788 anno
437 5731 716 5789 seditionis
738 5773 756 5797 ,
782 5747 888 5802 quo
940 5732 1024 5788 hac
1060 5740 1184 5786 sunt
1240 5731 1432 5786 habite
1481 5730 1714 5785 homilite
1741 5770 1756 5797 ,

176 5823 359 5893 aliquid
390 5822 691 5882 dioendum.

3324 420 3426 476 ΗΔ

1911 529 2066 582 Missa
2095 526 2418 584 Theodoreti
2449 537 2505 584 ct
2537 529 2814 608 Sozomeui
2847 533 3183 600 narratione,
3226 551 3293 594 cx
3322 553 3426 608 qua

1838 630 1959 688 post
1988 621 2180 674 bellum
2205 629 2389 674 contra
2418 620 2704 675 Maximum
2729 606 2923 681 seditio
2953 625 3098 681 istmc
3124 636 3177 682 et
3205 606 3426 689 concio-

1838 726 1933 764 nes
1953 726 1981 764 a
2019 711 2404 782 Chrysostomo
2435 711 2628 766 habita:
2658 713 2894 768 locanda:
2943 727 3124 770 essent
3146 759 3160 783 ,
3192 733 3258 779 ex
3289 721 3430 777 notis

1841 794 2096 862 temporis
2123 794 2280 863 longe
2306 794 2626 850 certioribus
2654 806 2779 850 ante
2823 798 3017 853 bellum
3047 810 3230 855 contra
3260 803 3428 860 Maxi-

1841 904 1986 941 mum
2042 888 2156 941 hrec
2183 887 2446 944 accidisse
2494 888 2606 957 jam
2653 890 2944 959 probarunt
2991 892 3091 946 viri
3148 893 3329 961 docti,
3375 904 3427 950 ct

1839 981 2078 1049 pluribus
2103 981 2336 1036 asseruit
2381 973 2749 1037 Tillemoutius
2778 983 2829 1037 in
2877 993 3002 1038 nota
3049 983 3119 1038 27
3158 986 3224 1039 ad
3256 985 3427 1040 Vitam

1840 1070 2125 1127 Theodosii
2170 1071 2531 1141 Imperatoris.
2566 1071 2958 1138 Validissimum
2992 1089 3151 1144 porro
3173 1076 3424 1132 adversus

1841 1161 1985 1222 illam
2039 1161 2268 1229 priorem
2313 1163 2632 1218 sententiam
2683 1165 2892 1218 eruitur
2934 1169 3304 1233 argumentum
3362 1183 3429 1225 ex

1843 1251 1971 1321 ipsis
2000 1250 2369 1322 Chrysostomi
2401 1253 2579 1307 verbis
2610 1270 2623 1306 :
2657 1269 2778 1314 nam
2810 1255 3037 1311 Iiomtlia
3081 1256 3198 1311 XVI
3230 1299 3245 1321 ,
3280 1274 3426 1312 nunt.

1840 1343 1876 1396 2
1906 1384 1921 1411 ,
1952 1342 2270 1400 testificatur
2316 1344 2458 1399 hunc
2493 1359 2690 1399 annum
2723 1347 3014 1400 seetmdum
3043 1364 3162 1404 esse
3186 1389 3202 1415 ,
3234 1367 3299 1406 ex
3325 1367 3431 1419 quo

1842 1432 2149 1488 couciouari
2175 1445 2432 1502 cceperat.
2463 1433 2640 1502 Crepit
2663 1446 2842 1490 autem
2872 1453 2992 1491 curn
3039 1439 3316 1510 presbyter
3343 1455 3431 1493 or-

1843 1525 2057 1584 dinatus
2108 1524 2205 1578 fuit
2226 1566 2241 1590 ,
2270 1540 2410 1579 anno
2437 1527 2655 1582 ineunte
2682 1529 2787 1584 586
2815 1547 2828 1582 :
2858 1531 3204 1599 quamobrem
3235 1533 3285 1584 in
3329 1548 3430 1584 an-

1844 1631 1968 1669 num
2016 1615 2120 1674 587
2171 1617 2284 1671 [nec
2333 1618 2651 1672 conferenda
2699 1629 2846 1674 sunt.
2894 1621 3157 1676 Baronius
3210 1630 3428 1684 tamen,

1843 1705 2092 1760 Petavius
2120 1715 2174 1759 et
2219 1706 2476 1761 Henricus
2525 1708 2769 1763 Valesius
2821 1711 2872 1764 iu
2925 1727 3122 1766 annum
3170 1713 3275 1769 588
3318 1712 3433 1766 haec

1843 1797 2170 1865 conjiciunt:
2207 1799 2431 1868 ideoque
2464 1801 2605 1854 hunc
2624 1803 2890 1856 calculum
2917 1814 3158 1873 ponunt,
3190 1807 3310 1873 quia
3342 1806 3433 1858 illo

1842 1906 1986 1946 anno
2007 1892 2294 1960 incipiebat
2322 1891 2564 1947 decimus
2596 1893 2802 1965 imperii
2849 1894 3159 1961 Theodosii,
3187 1896 3253 1950 ad
3281 1897 3435 1965 cujus

1844 1981 2209 2036 celebritatem
2239 1981 2511 2036 inductum
2541 1983 2639 2037 fuit
2685 1985 2939 2037 tributum
2972 2001 3131 2054 supra
3165 2001 3432 2040 memora-

1846 2083 1976 2126 tum.
2006 2073 2160 2139 Quod
2204 2082 2382 2128 autem
2414 2090 2477 2129 ex
2511 2075 2730 2131 Libauio
2759 2075 2979 2130 aifertur
3003 2077 3068 2130 ad
3109 2077 3440 2134 illam'tue"

1843 2165 1964 2220 dam
1988 2165 2330 2228 sententiam,
2362 2165 2665 2230 intricatum
2691 2167 2909 2220 oumino
2937 2176 3037 2233 est,
3063 2175 3119 2222 et
3146 2168 3212 2222 ad
3237 2177 3437 2222 utram-

1847 2257 1926 2312 vis
1952 2258 2256 2326 Opinionem
2288 2267 2465 2326 potest
2491 2259 2819 2328 detorqueri.
2842 2259 3137 2314 Certiorem
3171 2275 3329 2329 porro
3355 2261 3436 2314 his

1847 2349 2096 2402 omnibus
2138 2358 2316 2402 notam
2351 2350 2586 2404 eruimus
2633 2367 2697 2404 ex
2750 2365 2815 2404 eo
2845 2392 2859 2416 ,
2907 2350 3050 2420 quod
3102 2350 3438 2406 Theodosius

1849 2440 2145 2509 Imperator
2205 2442 2507 2496 certissime
2565 2443 3028 2512 Coristantinopoli
3078 2444 3295 2512 degeret
3345 2462 3439 2514 per

1850 2534 2076 2587 hiemem
2095 2544 2146 2587 et
2167 2533 2636 2603 Quadi-agesimam
2658 2537 2779 2588 anni
2804 2536 2908 2590 587
2935 2555 2947 2589 :
2983 2552 3088 2606 quo
3114 2539 3272 2591 etiam
3298 2553 3440 2590 anno

1847 2624 2162 2678 seditionem
2186 2624 2473 2692 contigisse
2499 2635 2738 2690 oportet:
2760 2641 2879 2678 nam
2907 2635 3144 2698 tempore
3165 2627 3442 2680 seditionis

1847 2714 2304 2783 Constantinopoli
2345 2724 2459 2768 erat
2490 2731 2503 2779 ;
2533 2729 2674 2770 anno
2700 2725 2876 2776 autem
2906 2719 3146 2786 sequenti
3187 2721 3284 2771 hac
3327 2717 3442 2785 ipsa

1851 2815 2167 2875 tempestate
2233 2805 2628 2860 Thessalonicae
2701 2809 3013 2874 versabatur
3086 2809 3439 2863 Theodosius.

1850 2896 2004 2963 Quod
2023 2897 2271 2965 objicitur
2286 2912 2419 2952 vero
2446 2913 2511 2951 ex
2529 2897 2888 2953 celebratione
2911 2900 3032 2952 anni
3051 2899 3239 2953 decimi
3269 2900 3444 2955 Theo—

1850 2989 1984 3043 dosii
2005 3031 2018 3053 ,
2047 2989 2135 3058 qui
2167 3004 2307 3043 anno
2336 2990 2441 3044 588
2465 2990 2750 3058 incipiebat
2779 3007 2791 3052 ;
2828 2990 2956 3045 illud
2979 3033 2994 3055 ,
3042 2991 3256 3060 inquam
3292 2994 3440 3046 nihili

1851 3089 1954 3145 est,
2005 3095 2127 3134 eum
2156 3090 2358 3136 certum
2391 3080 2462 3138 sit
2506 3095 2568 3136 ex
2625 3081 2773 3136 fastis
2809 3079 2957 3133 Idatii
3005 3082 3075 3136 et'
3105 3082 3393 3136 Marcellini
3425 3124 3442 3147 ,

1853 3173 2024 3240 ipsum
2055 3173 2177 3225 anni
2209 3171 2400 3225 decimi
2433 3171 2639 3240 imperii
2677 3172 2758 3228 sui
2780 3171 3140 3225 celebritatem
3169 3188 3274 3225 uno
3305 3187 3447 3224 anno

1855 3261 2188 3331 praevertisse
2216 3303 2231 3325 ,
2280 3271 2335 3315 ut
2377 3277 2497 3316 cum
2547 3261 2654 3314 (ilio
2703 3276 2800 3314 suo
2827 3261 3055 3315 Arcadio
3084 3304 3098 3327 ,
3126 3263 3214 3332 qui
3247 3278 3443 3316 anmim

1853 3357 2096 3425 quintum
2154 3355 2360 3421 imperii
2417 3369 2559 3409 anno
2605 3354 2707 3410 587
2766 3354 2961 3418 inibat,
3003 3368 3105 3407 una
3178 3353 3448 3408 decimum

1854 3462 2007 3502 Suum
2077 3447 2412 3514 celebraret,
2483 3445 2928 3516 quemadmodum
2991 3455 3044 3502 et
3104 3447 3449 3502 Maximianus

1856 3538 2177 3602 Ilerculius,
2233 3553 2355 3594 cum
2397 3553 2592 3591 annum
2643 3537 2906 3600 decimum
2951 3546 3196 3592 octavum
3243 3547 3450 3593 tantum

1857 3630 2063 3701 imperii
2093 3629 2174 3683 sui
2218 3637 2440 3699 ageret,
2494 3644 2596 3681 una
2626 3643 2746 3682 cum
2775 3627 3136 3692 Diocletiano,
3167 3631 3254 3700 qui
3300 3631 3444 3700 vige-

1857 3720 2052 3778 simum
2095 3719 2656 3789 agebat,vigesimum
2687 3729 2742 3773 et
2791 3719 2904 3787 ipse
2955 3719 3270 3774 celebrarat.
3309 3721 3450 3776 Nihil

1858 3811 2035 3880 itaque
2066 3809 2189 3873 hinc
2232 3819 2407 3879 potest
2436 3819 2622 3864 contra
2654 3810 2912 3864 calculum
2941 3819 3180 3866 nostrum
3224 3813 3405 3866 inferri
3433 3854 3450 3877 ,

1859 3913 1914 3957 ut
1945 3904 2148 3972 optime
2176 3903 2365 3972 probat
2393 3902 2785 3958 Tillemontins.

1931 3993 2112 4061 Longe
2137 3993 2348 4063 gravior
2376 3992 2660 4046 diflicultas
2689 3992 2882 4062 opponi
2912 4003 3094 4062 posset
3135 4011 3200 4050 ex
3249 3995 3454 4048 calculo

1861 4083 2106 4140 Paschali
2147 4085 2296 4138 istius
2344 4084 2466 4137 anni
2508 4084 2632 4149 587,
2671 4100 2773 4151 quo
2799 4084 3090 4138 secundum
3124 4086 3329 4139 tabulas
3356 4087 3457 4140 Pa-

1861 4175 2075 4230 schales
2098 4175 2301 4230 Pascha
2328 4175 2591 4231 incidebat
2615 4176 2667 4231 in
2693 4175 2832 4229 diem
2853 4174 2925 4240 (ὶῦ
2953 4176 3177 4245 Aprilis;
3207 4185 3260 4230 et
3278 4187 3453 4232 tamen

1862 4266 2065 4323 Pascha
2085 4266 2392 4322 Iudaeorum
2425 4267 2526 4321 hoc
2558 4281 2699 4320 anno
2720 4266 3108 4332 celebrabatur,
3135 4275 3268 4322 teste
3295 4266 3455 4338 Chry-

1862 4367 2100 4418 sostomo
2123 4400 2137 4426 ,
2170 4358 2371 4427 aliquot
2398 4357 2586 4412 diebus
2615 4368 2728 4426 post
2769 4355 2969 4411 Pascha
3012 4357 3455 4412 Christianorum.

1862 4449 2016 4518 Quod
2057 4466 2185 4505 vero
2232 4449 2401 4505 Judari
2448 4457 2569 4517 post
2615 4449 2925 4518 vigesimam
2969 4449 3207 4518 quintam
3258 4451 3459 4520 Aprilis

1865 4541 2067 4598 Pascha
2108 4541 2471 4605 celebrarint,
2504 4541 2554 4593 id
2584 4542 2765 4609 utique
2809 4555 3096 4608 numquam
3140 4542 3458 4610 contingere

1866 4633 2057 4703 potuit.
2089 4632 2449 4700 Quamobrem
2475 4673 2490 4698 ,
2519 4620 2579 4685 ut
2611 4631 2850 4700 pluribus
2877 4647 3033 4700 supra
3065 4631 3328 4697 diximus,
3362 4649 3458 4687 va-

1867 4725 2112 4778 rietatem
2137 4724 2188 4776 iu
2207 4723 2416 4777 calculo
2433 4723 2676 4776 Paschali
2693 4723 2989 4777 Antiocbite
3005 4739 3147 4778 anno
3173 4725 3276 4779 387
3298 4725 3462 4780 fuisse

1869 4814 2158 4885 putamlum
2191 4824 2272 4868 est
2301 4831 2313 4866 :
2357 4829 2478 4882 quae
2508 4813 2792 4867 varietates
2820 4825 2923 4866 tam
2971 4813 3275 4884 frequenter
3315 4831 3459 4871 accr-

1868 4905 2095 4972 d.-runt,
2133 4914 2190 4959 ut
2238 4904 2432 4959 ibidem
2474 4903 2735 4971 dicim‘us,
2763 4913 2818 4958 ut
2858 4903 2945 4958 hic
2989 4904 3150 4960 etiam
3203 4906 3465 4964 accidisse

1871 4999 2060 5052 mirum
2096 5011 2200 5050 non
2232 4996 2320 5049 sit.

1942 5089 2308 5143 'l'illemoutius
2353 5096 2532 5144 tamen
2586 5085 2675 5156 qui
2742 5086 3106 5141 difficultatem
3158 5086 3463 5156 huiusmodi

1871 5179 1922 5231 iu
1952 5181 2090 5231 notis
2117 5179 2180 5232 ad
2209 5178 2383 5232 Vitam
2425 5176 2814 5246 Cbrysostomi,
2852 5177 2938 5229 ubi
2970 5177 3145 5246 agitur
3174 5175 3241 5230 de
3274 5177 3455 5230 llomi-

1874 5270 1958 5323 liis
1984 5281 2172 5323 contra
2198 5269 2436 5335 Judteos,
2473 5267 2852 5322 animadvertit
2878 5275 2932 5322 et
2967 5267 3230 5331 excussit,
3260 5267 3465 5320 nullam

1871 5361 1986 5430 ejus
2045 5363 2374 5416 mentionem
2420 5361 2545 5414 fecit
2575 5360 2626 5413 in
2669 5359 2812 5413 notis
2861 5357 2926 5413 ad
2963 5357 3136 5412 Vitam
3176 5357 3463 5413 Theodosii

1872 5451 2214 5522 Imperatoris
2262 5467 2275 5505 :
2332 5451 2419 5505 ubi
2486 5449 2736 5504 homilias
2776 5449 2935 5529 hasce
2987 5448 3356 5520 Chrysostomi
3399 5451 3467 5503 ad

1874 5543 2123 5613 populum
2153 5543 2543 5598 Antiochenum
2574 5543 2645 5597 ita
2671 5542 2918 5609 ordinat,
2945 5557 3010 5597 ac
3047 5544 3090 5596 si
3125 5542 3325 5597 Pascha
3352 5583 3366 5605 ,
3409 5554 3465 5596 ut

1874 5637 2050 5690 ferunt
2080 5634 2364 5689 Paschales
2386 5634 2600 5700 tabul;e,
2627 5633 2872 5688 inciderit
2902 5633 3280 5703 invtgesimam
3312 5633 3467 5701 quin-

1876 5737 1980 5782 tam
2020 5727 2238 5797 Aprilis.
2268 5727 2497 5780 Primam
2529 5727 2687 5796 igitur
2718 5726 2989 5782 houtiliam
3027 5725 3183 5792 paulo
3211 5735 3334 5778 ante
3377 5741 3462 5776 se.

1875 5818 2130 5873 ditioncm
2155 5817 2290 5871 locat
2327 5835 2338 5869 :
2369 5816 2685 5871 seditionem
2727 5829 2853 5872 vero
2899 5815 3152 5886 vigesima
3183 5824 3328 5872 sexta
3363 5814 3462 5870 Fo-
