4264 6306
846 366 947 417 {lii

849 474 1042 526 tirnsrii
1071 515 1083 535 ,
1117 474 1297 526 decem
1347 474 1530 527 diebus
1580 481 1698 525 ante
1734 470 2196 541 Quadragesimam
2223 513 2236 534 ,
2295 487 2411 538 qua:

849 562 1142 616 Antiochia:
1195 563 1474 632 incipiebat
1519 561 1646 616 feria
1680 562 1907 615 secmula
1954 561 2413 630 Quinquagesimze

849 660 1065 716 nostras,
1087 653 1176 705 illo
1192 668 1331 706 anno
1356 654 1406 706 in
1423 651 1457 705 8
1483 652 1646 704 Martii
1668 652 1909 721 cadente.
1931 652 2224 705 Secundam
2246 651 2415 705 homi-

849 740 971 792 liam
1001 741 1079 794 vel
1130 741 1254 794 feria
1293 741 1470 809 quinta
1500 742 1582 795 vel
1625 742 1843 794 sabbato
1887 749 2010 794 ante
2058 740 2409 808 Quadragesi-

847 847 986 884 tuam
1018 836 1050 886 6
1078 832 1266 896 Martii,
1295 844 1479 887 octavo
1529 846 1643 901 post
1695 835 2004 888 seditionem
2042 835 2144 888 die.
2178 834 2410 887 Tertiam

850 921 1117 974 ltotninica
1140 932 1390 989 sequente
1409 925 1437 974 7
1459 922 1626 975 Martii
1654 923 1733 995 vel
1757 925 1988 978 circiter.
2012 925 2263 990 Quartam
2286 923 2412 976 feria

845 1010 1075 1064 secunda
1101 1013 1337 1080 sequenti
1364 1013 1396 1066 8
1421 1013 1607 1066 Martii.
1631 1016 1876 1081 Quintam
1907 1016 2032 1068 l‘eria
2061 1016 2210 1069 tertia
2233 1014 2266 1068 9
2291 1015 2414 1067 Har-

848 1099 923 1151 tii.
958 1099 1169 1153 Sestam
1199 1102 1324 1154 feria
1364 1113 1546 1171 quarta
1575 1106 1816 1167 circiter,
1844 1121 1936 1157 seu
1983 1105 2048 1157 10
2097 1105 2285 1157 Martii.
2317 1105 2412 1157 Se-

849 1191 1062 1258 ptimam
1092 1191 1218 1245 feria
1249 1196 1427 1262 quinta
1462 1196 1519 1248 11
1571 1195 1757 1248 Martii.
1789 1195 2036 1249 Octavam
2087 1196 2214 1248 feria
2264 1206 2409 1248 sexta

848 1280 917 1334 12
949 1282 1137 1335 Martii.
1169 1283 1368 1335 Nonatn
1419 1285 1542 1336 l'eria
1577 1286 1805 1338 secunda
1836 1285 2179 1338 hebdomadas
2222 1300 2410 1338 secun-

845 1371 927 1424 dae
951 1372 1371 1440 Quadragesima)
1402 1375 1464 1426 15
1496 1375 1681 1426 Martii.
1707 1375 1970 1428 Decimam
2015 1377 2192 1443 paucis
2218 1376 2410 1441 elapsis

847 1469 1026 1526 postea
1055 1462 1260 1516 diebus.
1290 1463 1628 1518 Undecimam
1658 1475 1835 1532 utpote
1865 1467 2257 1533 tranSpositain.
2279 1463 2408 1519 leria

845 1550 1072 1603 secunda
1091 1561 1290 1620 quarta:
1317 1553 1658 1607 hebdomadis
1686 1555 2107 1622 Quadragesiune
2124 1553 2194 1608 29
2219 1554 2404 1607 \lartii.

853 1640 1224 1696 Duodecimatn
1280 1643 1406 1696 feria
1436 1646 1584 1697 tertia
1639 1656 1890 1714 sequente
1920 1647 1988 1700 '50
2027 1646 2217 1699 Martii.
2257 1647 2410 1700 Deci-

847 1743 985 1782 main
1017 1733 1223 1784 tertiam
1257 1731 1382 1785 feria
1425 1744 1606 1801 quarta
1640 1743 1895 1802 sequente
1941 1736 2000 1788 3|
2037 1736 2229 1788 Martii.
2264 1737 2410 1790 Deci-

847 1836 984 1874 mam
1023 1833 1261 1890 quartam
1301 1825 1455 1891 paulo
1505 1835 1619 1892 post
1661 1843 1772 1878 eam
1817 1842 1933 1893 qua:
1971 1826 2174 1880 decima
2223 1836 2406 1879 Octava

847 1921 1171 1978 numeratur,
1199 1929 1419 1982 qumque
1449 1917 1622 1967 habita
1652 1917 1744 1968 luit
1779 1917 2043 1969 Dominica
2073 1918 2250 1984 quinta
2280 1916 2410 1982 Qua-

844 1999 1154 2068 dragesima:
1195 2004 1226 2055 5
1256 2005 1466 2071 Aprilis.
1502 2005 1764 2057 Decimam
1802 2005 2034 2073 quintani
2076 2005 2296 2058 sabbato
2327 2020 2409 2058 se-

844 2092 1032 2146 cunda:
1060 2093 1397 2148 hebdomadis
1444 2097 1866 2164 Quadragesimte
1895 2139 1906 2157 ,
1961 2113 2051 2150 seu
2101 2097 2172 2151 20
2217 2098 2405 2151 Martii.

848 2183 1113 2236 Decimam
1161 2194 1361 2238 sextam
1398 2186 1660 2239 Dominica
1695 2189 1843 2239 tertia
1888 2187 2314 2255 Quadragesinue
2341 2188 2401 2240 2|

844 2270 1032 2325 Martii.
1066 2272 1328 2325 Decimam
1380 2274 1653 2340 septimam
1687 2277 1824 2328 circa
1861 2278 2014 2327 tinem
2047 2286 2246 2344 quarta:
2278 2275 2408 2329 lteb-

842 2359 1083 2414 domadis
1105 2363 1546 2432 Quadragesintre.
1580 2366 1840 2418 Det-imam
1869 2377 2104 2419 octavam
2141 2367 2406 2420 Dominica

842 2451 1023 2514 quinta
1065 2451 1487 2520 Quadragcsimze
1536 2453 1571 2507 ε
1602 2457 1793 2522 Aprilis
1848 2457 1928 2509 vel
1982 2458 2212 2509 circiter.
2259 2456 2403 2511 Deci-

840 2556 982 2594 mam
1013 2558 1205 2595 nonam
1239 2555 1352 2610 post
1376 2545 1630 2597 decimam
1659 2558 1896 2614 quartam
1932 2549 1987 2600 11
2017 2549 2228 2601 circiter
2257 2549 2412 2616 Apri-

845 2634 930 2686 lis.
964 2631 1278 2702 Vigesimatn
1311 2635 1395 2687 die
1444 2637 1710 2690 Paschalis
1750 2639 1818 2692 25
1844 2640 2054 2706 Aprilis.
2087 2639 2408 2707 Vigesimam

845 2722 1066 2788 primam
1107 2723 1293 2776 eodem
1322 2725 1531 2778 circiter
1563 2737 1795 2794 tempore
1824 2744 1927 2797 quo
1971 2731 2276 2798 vigesimam
2315 2747 2406 2786 se-

843 2811 1068 2865 cundam
1109 2826 1412 2882 sequentem
1439 2857 1452 2880 ,
1480 2832 1593 2884 qum
1626 2817 1798 2871 habita
1847 2831 1925 2872 ρει
1959 2820 2084 2874 feria
2115 2833 2262 2875 sexta
2293 2835 2409 2890 post

847 2901 1171 2956 Dontinicam
1218 2904 1482 2958 Passionis
1533 2905 1599 2960 16
1656 2909 1867 2976 Aprilis.
1911 2908 1998 2964 Sic
2046 2914 2406 2980 perturbatum

847 2990 1097 3044 harumce
1144 2991 1472 3047 homiliarum
1529 2997 1769 3052 ordinem
1818 3015 2023 3053 summa
2070 3004 2406 3058 accuratione

847 3083 1126 3136 restituere
1179 3095 1398 3137 conatur
1438 3085 1833 3154 Tillemoutius,
1865 3091 1982 3156 cui,
2029 3101 2086 3145 ut
2132 3093 2185 3146 in
2226 3093 2406 3148 multis

845 3170 1228 3239 adstipulamnr
1252 3215 1265 3236 ,
1295 3175 1346 3227 in
1395 3175 1510 3228 aliis
1537 3193 1831 3246 repugnare
1871 3182 2123 3249 cogimur.
2154 3183 2404 3237 Ordinem

847 3277 1004 3331 porro
1049 3264 1378 3323 homiliarum
1405 3271 1612 3338 qualem
1651 3273 1738 3328 ille
1761 3275 1980 3342 statuit,
2027 3276 2111 3332 hic
2139 3293 2244 3332 uno
2273 3294 2403 3333 eon-

843 3362 1026 3422 specta
1055 3369 1514 3426 reprtesentamus.

848 3505 1024 3556 Tillcm.
1162 3516 1334 3567 Fronto
1357 3519 1475 3562 Duc.
1623 3517 1631 3576 Ι
1660 3516 1835 3567 Tillem.
1963 3529 2135 3576 Fronto
2165 3531 2280 3573 Duc.

906 3593 932 3655 l_
1179 3595 1324 3646 Prima
1621 3593 1629 3655 Ι
1715 3598 1771 3647 12
1981 3605 2168 3652 Decima
2204 3614 2342 3655 sexta

903 3652 935 3696 2
1175 3657 1385 3704 Secunda
1619 3652 1629 3712 Ι
1712 3662 1770 3708 13
1982 3652 2232 3712 Undecima

901 3712 934 3779 ἒξ
1175 3718 1330 3770 Tertia
1619 3712 1628 3779 I
1713 3722 1770 3774 14
1981 3726 2260 3779 υιιοάυςῆιιιδ

900 3771 932 3837 έ
1172 3784 1338 3831 Quarta
1619 3771 1628 3837 Ι
1713 3771 1770 3829 1-3
1983 3771 2182 3833 bet-inia
2203 3771 2342 3837 uim:

900 3832 932 3908 εξ
1177 3841 1340 3908 Quinta
1619 3832 1628 3908 Ι
1714 3844 1771 3908 tt}
1988 3832 2172 3894 Decima
2199 3832 2402 3908 sibiius

899 3893 932 3965 ρ
1175 3899 1314 3965 Sexta
1619 3893 1628 3965 Ι
1714 3905 1768 3965 l'l
1982 3910 2167 3954 Decima

897 3955 930 4032 Ζ
1172 3959 1375 4032 septima
1619 3955 1627 4032 Ι
1984 3970 2122 4032 Πυριξι
2144 3981 2169 4014 a
2193 3955 2360 4032 gilii-ia

898 4013 930 4078 ξ
1171 4013 1340 4066 Octava
1617 4013 1626 4078 Ι
1713 4026 1770 4070 19
1985 4013 2171 4075 Decima

898 4074 959 4148 tl)“
1172 4083 1294 4148 {tona
1617 4074 1625 4148 |
1708 4085 1768 4148 go
1982 4095 2003 4131 κ
2016 4074 2218 4148 ἱερδὶιιεει
2227 4074 2399 4142 ser—un.

902 4134 959 4212 to
1171 4140 1356 4212 ῃιιοξωη
1442 4203 1497 4212 ,ί
1617 4134 1624 4212 |
1708 4145 1766 4212 at
1983 4134 2401 4212 vagasita};

900 4195 950 4243 11
1170 4202 1533 4264 Decimaqnlata
1617 4195 1626 4241 Ι
1709 4205 1769 4252 22
1983 4195 2218 4265 Πτέὲεὶηῶ

909 4339 1198 4407 Antequam
1227 4359 1350 4397 vero
1377 4345 1442 4398 de
1472 4347 1686 4416 singulis
1718 4350 1943 4405 homiliis
1968 4354 2308 4423 disseramus,
2339 4347 2416 4414 ac.

834 4427 901 4480 de
929 4429 1179 4497 cujusque
1210 4440 1315 4484 tum
1361 4435 1544 4490 ordine
1586 4449 1691 4491 tum
1733 4453 2040 4508 argumento
2070 4461 2231 4514 pauca
2259 4449 2399 4504 dira-

836 4532 974 4580 mus,
1003 4533 1033 4572 e
1059 4534 1116 4573 re
1138 4519 1292 4574 fuerit
1311 4535 1582 4587 annotare,
1611 4542 1670 4580 ex
1699 4530 1847 4583 titulo
1869 4531 2113 4601 homiliar,
2136 4553 2252 4606 qure
2273 4541 2396 4594 olim

837 4609 1083 4676 vigesima
1114 4615 1361 4678 secunda,
1388 4616 1495 4682 jam
1529 4633 1650 4671 vero
1679 4621 1926 4688 vigesima
1957 4641 2275 4694 numeratur,
2310 4634 2395 4700 qui

836 4698 1013 4751 titulus
1044 4701 1092 4752 in
1111 4699 1257 4754 Notis
1275 4701 1553 4758 Frontonis
1571 4717 1622 4761 et
1649 4709 1837 4769 inMss.
1860 4716 2052 4768 nostris
2069 4716 2241 4783 docet,
2262 4698 2397 4775 hanc

837 4790 1100 4844 hontiiiatn
1133 4797 1516 4860 pronuntiatam
1553 4798 1708 4854 fuisse
1733 4802 1914 4857 decem
1941 4805 2123 4861 diebus
2148 4822 2269 4864 ante
2299 4811 2398 4866 Pa-

832 4880 956 4934 scha
986 4899 998 4933 :
1031 4884 1256 4952 itemque
1285 4902 1346 4940 ex
1377 4887 1456 4941 his
1489 4891 1657 4946 verbis
1685 4902 1805 4947 ante
1833 4896 1986 4950 linem
2015 4900 2261 4965 homilize,
2282 4904 2396 4972 jam

827 4974 1160 5042 quadraginta
1186 4978 1289 5032 dies
1315 4983 1682 5050 praeterierunt,
1709 4988 1869 5054 probe
1896 4989 2285 5046 Tillemontiutn
2317 4997 2393 5047 in-

831 5061 996 5128 ferre,
1029 5063 1486 5136 Quadragesimam
1518 5073 1650 5139 apud
1705 5077 2048 5132 \ntiochenos
2073 5097 2136 5136 ex
2166 5099 2390 5138 consuc-

827 5154 1007 5208 tudine
1037 5159 1261 5224 cmpisse
1291 5159 1420 5214 feria
1448 5165 1676 5218 secunda
1709 5178 1825 5235 post
1853 5169 2347 5240 Quinquagesimattt
2374 5193 2387 5237 ;

825 5255 1129 5314 septemque
1155 5247 1564 5306 hebdomadibus
1593 5255 1728 5323 apud
1758 5257 1871 5310 illos
1902 5269 2059 5312 totam
2087 5261 2390 5333 Quadrage-

820 5333 1011 5388 simam
1058 5336 1282 5404 persolvi
1327 5343 1665 5398 consuevisse
1707 5363 1719 5398 :
1756 5346 1977 5418 jureque
2023 5350 2389 5409 Tillemontius

821 5424 956 5478 hanc
982 5424 1249 5480 homiliam
1277 5429 1327 5483 in
1357 5430 1538 5486 feriam
1564 5444 1764 5489 sextam
1789 5437 2127 5495 hebdomadis
2153 5445 2384 5499 ultimam

817 5514 1243 5585 Quadragesima:
1289 5518 1667 5578 hebdomadem
1715 5533 2083 5594 przecurrentis
2125 5533 2330 5589 confert
2366 5551 2382 5589 :

817 5612 928 5656 crat
957 5621 1148 5674 quippe
1183 5608 1270 5662 illa
1301 5608 1414 5664 dies
1440 5622 1492 5665 et
1519 5613 1912 5682 quadragesima
1941 5618 2008 5672 ab
2034 5620 2279 5675 inchoato
2303 5623 2384 5692 je—

809 5694 960 5764 junio
986 5707 1036 5750 et
1062 5698 1260 5753 decima
1299 5710 1420 5757 ante
1448 5701 1666 5761 Pascha,
1697 5704 1826 5761 llinc
1867 5723 1960 5778 pro
1987 5723 2188 5767 asserto
2215 5715 2376 5770 habe-

1903 361 1958 414 S.
1999 360 2270 415 JOANNIS
2293 358 2761 414 CHRYSOSTOMI
2797 359 2974 423 \‘lTA,

3993 357 4096 410 HG

2527 485 2643 522 mus
2667 469 3152 536 Qttadragesimam,
3182 481 3299 535 qua:
3329 467 3527 535 aliquot
3558 465 3607 520 in
3639 466 3888 524 Ecclesiis
3917 467 4100 521 limiti-

2522 560 2618 613 bus
2638 562 2794 614 variis
2815 561 3210 628 circumscripta
3232 570 3366 623 erat,
3392 575 3484 626 per
3508 561 3709 629 septem
3737 559 4100 614 hebdomadas

2520 651 2812 704 Antiochia:
2837 652 3169 705 observatam
3196 650 3380 704 fuisse.

2589 743 2731 796 Cum’
2759 758 2913 809 porro
2953 742 3256 796 memoratis
3295 757 3450 812 supra
3479 743 3545 797 de
3573 744 3746 795 causis
3769 784 3782 806 ,
3816 742 4100 796 Paschales

2520 833 2722 886 tabulas
2748 832 3050 895 hodiernas,
3081 848 3196 902 quae
3225 833 3422 886 Pascha
3445 832 3568 886 anni
3589 832 3688 886 587
3715 833 3763 884 in
3788 832 4104 900 vigesimam

2518 924 2752 993 quintam
2778 923 3074 986 conferunt,
3101 939 3202 976 non
3229 932 3464 976 servatas
3488 923 3674 975 saltem
3701 922 3799 974 hoc
3825 937 3962 974 anno
3988 928 4104 974 Art-

2520 1013 2728 1067 llOL‘hitB
2755 1015 2914 1067 luisse
2943 1029 3037 1078 pro
3061 1025 3208 1067 certo
3235 1014 3550 1075 habeamus;
3579 1029 3803 1081 cumque
3831 1014 3978 1066 nobis
4003 1029 4103 1065 ειη

2519 1104 2777 1171 ploratum
2811 1117 2913 1157 non
2943 1103 3010 1155 sit
3036 1119 3134 1170 qua
3157 1105 3242 1158 die
3265 1118 3402 1156 anno
3423 1104 3527 1157 ’587
3549 1103 3858 1156 Antiocheni
3889 1099 4099 1156 Pascha

2516 1193 2911 1255 celebraverint,
2941 1207 2969 1244 a
2998 1192 3082 1245 die
3110 1193 3306 1246 mensis
3334 1193 3384 1244 in
3419 1193 3727 1244 recensione
3759 1192 4099 1244 homiliarum

2516 1281 2980 1336 commemorando
3021 1281 3432 1344 abstinebimus;
3466 1283 3556 1335 sed
3600 1282 3944 1334 indicabimus
3979 1292 4105 1334 tan-

2519 1383 2626 1424 tum
2648 1413 2662 1438 ,
2693 1372 2902 1440 quando
2931 1373 2980 1427 id
3012 1372 3220 1436 licebit,
3249 1387 3347 1440 qua
3375 1372 3460 1426 die
3492 1372 3833 1426 hebdomadis
3859 1373 4101 1425 humilis:

2515 1462 2668 1515 dicta:
2695 1463 2905 1515 luerint.

2589 1549 2826 1603 Homiliw
2849 1550 2909 1603 de
2936 1551 3148 1605 Statuis.
3178 1581 3239 1590 —
3263 1550 3435 1604 Prima
3471 1551 3645 1620 itaque
3675 1551 3886 1604 homilia
3914 1550 4094 1604 habita

2514 1650 2596 1692 est
2623 1639 2804 1709 paucis
2827 1649 2948 1693 ante
2975 1640 3290 1694 seditionem
3317 1640 3698 1694 Antiochenam
3717 1641 3902 1694 diebus
3924 1639 4100 1710 (Auno

2515 1731 2659 1800 587),
2689 1740 2744 1784 ut
2769 1746 2833 1784 es
2865 1730 2944 1784 his
2974 1731 3221 1784 secunda:
3249 1730 3478 1784 humilia:
3500 1747 3645 1784 nnni.
3670 1732 3702 1785 5
3747 1731 3918 1783 verbis
3947 1734 4097 1783 erui—

2516 1831 2599 1874 lttr
2631 1840 2641 1874 :
2675 1821 2899 1890 Longam
2929 1839 3089 1892 nuper
3113 1823 3252 1890 apud
3278 1823 3532 1875 caritatem
3571 1818 3780 1876 vestram
3818 1825 4100 1876 orationem

2513 1915 2797 1974 cxtendi,...
2823 1923 2868 1964 et
2889 1913 3115 1965 laborum
3135 1914 3404 1966 mercedem
3426 1915 3658 1982 accepi...
3687 1913 3809 1977 Qua:
3832 1928 3940 1965 vero
3963 1929 4101 1964 mer-

2512 2019 2590 2054 ces
2622 2002 2770 2057 erat?
2808 2001 3029 2056 Civitatis
3066 2002 3485 2071 blaspltematores
3526 2003 3701 2070 punire
3722 2045 3733 2066 ,
3767 2012 3813 2054 et
3847 2002 4101 2070 castigare

2515 2091 2674 2144 Deum
2711 2093 3006 2145 contumelia
3043 2093 3308 2161 efﬁcientes
3329 2132 3342 2155 ,
3374 2104 3421 2144 et
3449 2093 3664 2160 furiosos
3691 2094 3932 2144 cohibere.
3966 2092 4099 2146 lltec

2515 2184 2696 2251 procul
2727 2183 2888 2238 dubio
2921 2192 3163 2251 spectant
3187 2183 3252 2235 ad
3282 2183 3503 2252 primam
3537 2175 3804 2234 humilium
3826 2222 3838 2242 ,
3867 2197 4098 2250 eamque

2515 2274 2896 2341 longissimam,
2922 2273 2986 2325 de
3011 2282 3312 2326 sanctorum
3340 2272 3610 2334 aerumnis,
3633 2272 3803 2340 deque
3849 2273 3938 2326 Dei
3968 2288 4092 2340 pro-

2515 2364 2746 2417 videntia
2774 2379 2897 2432 erga
2923 2363 3119 2416 electos
3148 2378 3293 2425 suos,
3317 2364 3404 2431 qui
3435 2363 3485 2416 in
3515 2363 3610 2415 hac
3637 2364 3736 2415 vita
3765 2364 4091 2428 cruciantur,

2513 2463 2566 2507 et
2591 2454 2840 2507 adversus
2876 2468 2969 2507 eos
3001 2454 3088 2521 qui
3130 2454 3437 2522 blasphema
3469 2454 3604 2506 dicta
3637 2455 3686 2505 in
3721 2453 3880 2506 Deum
3915 2453 4095 2521 prole.

2515 2545 2695 2598 rebant
2727 2563 2739 2596 :
2773 2545 2857 2598 ubi
2889 2544 3099 2600 detntnn
3139 2545 3250 2598 hare
3276 2545 3555 2598 observata
3595 2555 3737 2598 certe
3767 2544 3922 2611 digna
3966 2561 4093 2610 pro-

2514 2634 2614 2687 fert
2645 2653 2657 2686 :
2690 2635 2794 2689 Sed
2832 2647 3092 2704 postquam
3134 2636 3195 2688 de
3231 2634 3540 2703 blasphemia
3588 2638 3726 2691 nobis
3768 2637 3910 2689 verba
3956 2641 4094 2704 facta

2513 2742 2642 2781 nunc
2667 2735 2800 2790 sunt,
2831 2742 2983 2778 unam
3009 2742 3041 2777 α
3068 2726 3202 2778 vobis
3230 2727 3455 2779 omnibus
3483 2739 3644 2795 petere
3671 2729 3780 2780 volo
3809 2729 4093 2779 retributio-

2513 2833 2624 2868 nem
2651 2833 2741 2885 pro
2769 2818 3005 2870 concione
3031 2818 3125 2869 hac
3149 2829 3295 2886 atque
3321 2835 3564 2881 sermone,
3595 2829 3648 2869 ut
3680 2819 3730 2871 in
3768 2820 3960 2870 civitate
3982 2823 4091 2871 blu-

2513 2908 2828 2973 sphemantes
2853 2908 2975 2958 mihi
2999 2907 3265 2977 castigatis.
3291 2907 3351 2961 Si
3374 2925 3670 2977 quemquam
3689 2910 3736 2960 in
3757 2909 3879 2962 bivio
3904 2921 3950 2963 et
3976 2914 4094 2979 fore

2511 2999 2561 3051 in
2593 2997 2752 3050 Deum
2777 2998 3204 3065 blasphemantem
3228 3000 3468 3062 audieris,
3496 3000 3693 3063 accede,
3719 3000 3939 3068 increpa,
3974 3013 4016 3052 ct
4049 3004 4098 3059 si

2512 3089 2707 3140 verbera
2732 3088 2959 3158 inﬂigere
2984 3100 3228 3156 oporteat,
3258 3106 3316 3141 ne
3342 3106 3570 3150 recuses;
3600 3092 3752 3158 ipsius
3776 3093 3954 3160 {aciem
3979 3095 4097 3146 ala-

2511 3196 2575 3249 pa
2611 3190 2832 3250 percute,
2865 3191 3062 3233 contere
3089 3197 3143 3233 os
3171 3182 3344 3249 ipsius,
3379 3183 3693 3250 percussione
3723 3200 3921 3235 manum
3951 3194 4097 3237 tuam

2510 3273 2789 3339 sanctiﬁca.
2827 3271 2926 3337 Qui
2966 3287 3091 3326 sane
3132 3273 3425 3340 corrigendi
3473 3274 3655 3326 modus
3693 3289 3795 3328 non
3838 3285 3980 3328 esset
4025 3277 4094 3332 ad

2512 3378 2664 3416 usum
2694 3362 3006 3416 hodiernum
3036 3363 3480 3416 accommodatus.

2579 3453 2872 3508 Secundam
2906 3453 3172 3508 homiliam
3200 3453 3403 3508 confert
3425 3455 3792 3509 Tillemontius
3819 3458 3897 3509 vel
3934 3459 3986 3509 in
4017 3460 4097 3512 le-

2510 3547 2639 3600 riam
2670 3547 2903 3613 quintam
2932 3548 3010 3599 vel
3044 3547 3093 3598 in
3123 3546 3394 3600 sabbatum
3427 3558 3546 3600 ante
3576 3548 4042 3618 Quadragesiinam
4079 3570 4090 3606 ;

2510 3637 2671 3690 tutius
2699 3652 2826 3689 vero
2855 3637 3056 3690 dicatur
3084 3638 3162 3689 his
3191 3637 3401 3690 circiter
3425 3638 3608 3691 diebus
3643 3639 3868 3690 habitam
3900 3642 4092 3704 fuisse,

2509 3738 2707 3794 septem
2733 3728 2949 3791 exactis,
2984 3739 3039 3780 ut
3074 3728 3183 3795 ipse
3212 3728 3619 3796 Chrysostomns
3647 3730 3738 3793 ait,
3769 3747 3795 3780 a
3826 3731 4096 3786 seditione

2509 3817 2713 3880 diebus,
2747 3817 2936 3886 quibus
2961 3832 3018 3872 se
3050 3819 3273 3872 tacuisse
3302 3820 3448 3881 dicit,
3480 3821 3617 3887 quod
3647 3822 3838 3889 ingenti
3868 3825 4094 3882 calami-

2511 3917 2615 3958 tate
2635 3948 2648 3968 ,
2677 3917 2730 3960 et
2761 3907 2972 3974 periculi
3007 3909 3360 3974 magnitudine
3387 3913 3702 3963 consternati
3733 3912 4046 3966 Antiocheni
4073 3955 4091 3981 ,

2509 4013 2610 4050 non
2649 4008 2825 4051 essent
2865 3998 3140 4052 audiendis
3182 4001 3520 4055 concionihus
3560 4004 3751 4056 idonei.
3782 4004 3860 4056 0h
3899 4008 4093 4072 nche-

2506 4099 2642 4142 ctam
2683 4104 2840 4157 porro
2883 4090 3098 4142 l'ratrutn
3147 4091 3616 4158 blasplietnantium
3657 4095 4089 4149 emendationem

2507 4177 2619 4231 lucc
2647 4180 2779 4231 mala
2809 4179 3056 4233 divinitus
3087 4180 3211 4234 dicit
3256 4182 3507 4235 immissa.
3542 4184 3771 4249 Quorum
3803 4195 4089 4254 postquam

2507 4266 2785 4334 imaginem
2815 4270 3080 4337 eleganter
3106 4271 3404 4338 descripsit,
3437 4273 3502 4326 de
3529 4273 3741 4337 divitiis,
3773 4275 3836 4326 de
3865 4275 4087 4328 divitia-

2505 4371 2621 4408 rum
2650 4372 2764 4422 usu,
2794 4357 2960 4426 deque
2981 4360 3318 4430 eleetnosyna
3347 4369 3398 4414 et
3423 4361 3484 4415 de
3513 4373 3813 4431 paupertate
3841 4365 4087 4433 pluribus

2503 4450 2861 4514 concionatns,
2890 4451 3179 4505 orationem
3207 4452 3418 4507 claudit.

2574 4540 2747 4593 Tertia
2781 4541 2991 4594 homilia
3019 4543 3301 4595 secundant
3329 4561 3358 4598 c
3384 4545 3601 4614 vestigio
3628 4548 3860 4614 Sequitur
3890 4565 3900 4598 :
3931 4551 4080 4602 illam

2503 4646 2627 4683 vero
2683 4633 2908 4685 habitam
2965 4643 3205 4701 putamus
3259 4651 3376 4688 cunt
3428 4636 3760 4689 'l‘illemontio
3807 4637 4080 4697 lioniinit-a

2501 4724 2976 4792 Quinquagesimm,
3009 4735 3063 4777 ιιι
3093 4725 3347 4779 hodierno
3386 4741 3532 4780 more
3563 4728 3853 4796 loquamur.
3890 4731 4082 4799 Agitur

2499 4813 2563 4867 de
2594 4814 2913 4882 profectione
2954 4815 3184 4868 Flaviani
3213 4817 3525 4870 Antiochetti
3554 4819 3782 4889 episcopi
3810 4818 4075 4876 Constan-

2502 4903 2754 4971 tinopolin
2799 4903 2862 4957 ad
2911 4903 3284 4972 Imperatorem
3334 4907 3644 4973 placandum
3680 4927 3691 4961 :
3725 4921 3775 4962 et
3815 4912 3887 4963 rei
3936 4912 4077 4966 bene

2497 4994 2738 5060 gerenda:
2766 5009 2858 5060 spe
2885 4995 3134 5064 pupulum
3164 4995 3465 5049 consolatur
3493 4996 3915 5067 Chrysustsmus.
3947 5001 4075 5055 l‘ltt-

2497 5083 2641 5142 ribus
2671 5084 2862 5138 deinde
2903 5095 3281 5141 commonstrat
3309 5087 3526 5154 jejunii,
3558 5090 3655 5149 nisi
3683 5107 3712 5144 a
3745 5093 3864 5145 vitio
3898 5096 4072 5147 absti—

2497 5184 2718 5240 neatnr,
2767 5177 3042 5234 utilitatem
3088 5193 3206 5232 esse
3247 5179 3466 5232 nullam.
3509 5179 3788 5251 Postquam
3837 5202 3960 5239 vero
4002 5189 4072 5246 de

2493 5265 2817 5320 detractione
2846 5265 3053 5318 vitanda
3086 5283 3247 5336 pauca
3274 5269 3473 5340 dixerat
3498 5312 3511 5334 ,
3540 5273 3888 5331 calamitatem
3929 5294 4054 5345 prm-

2493 5365 2696 5409 scntem
2718 5356 2977 5425 deplorat,
3001 5367 3053 5412 et
3073 5359 3436 5420 intolerantius
3456 5364 3694 5423 srevitum
3716 5382 3833 5419 esst:
3855 5381 4064 5434 narrat:

2495 5443 2564 5496 lli
2588 5446 2785 5510 quidem
2813 5449 2966 5516 ferro,
2993 5448 3180 5516 inquit,
3213 5450 3287 5502 illi
3317 5452 3446 5520 igne;
3475 5454 3679 5518 quidam
3708 5458 3868 5510 bestiis
3891 5462 4072 5521 trudit!

2491 5537 2740 5602 perierunt
2764 5578 2778 5602 ,
2811 5554 2909 5590 non
2949 5539 3042 5590 riri
3081 5549 3274 5592 tantum
3300 5581 3313 5604 ,
3349 5543 3435 5594 sed
3481 5554 3524 5595 ct
3566 5547 3725 5612 pueri.
3764 5545 3872 5606 Nec
3901 5553 4066 5612 a'tatis

2487 5627 2842 5691 immaturitas,
2873 5645 2962 5682 nec
2991 5631 3164 5698 populi
3192 5633 3452 5698 tumultus,
3483 5652 3570 5688 nec
3599 5639 3732 5703 quod
3758 5643 3928 5706 furore
3949 5644 4068 5695 dia-

2491 5718 2648 5771 bolica
2677 5720 2849 5788 perciti
2884 5723 3086 5790 quidam
3118 5722 3221 5775 lta'c
3261 5726 3462 5792 {crerint
3486 5770 3497 5790 ,
3533 5745 3616 5780 nec
3645 5732 3774 5799 quod
3803 5735 4066 5806 vectigalis
