4264 6306
263 325 351 382 117
1411 332 1590 389 NUNC
1630 332 1890 390 PRIMUM
1929 330 2316 390 ADOilNATA.

255 439 441 494 exactio
466 440 797 495 intolerabilis
818 447 959 508 esset,
985 457 1084 495 non
1110 451 1397 510 paupertas,
1423 458 1521 495 non
1541 444 1675 512 quod
1697 458 1832 495 com-

257 549 398 586 mune
424 546 686 604 peccatum
711 534 892 604 fuerit,
924 551 1024 588 non
1052 535 1184 604 quod
1221 536 1536 603 promiserint
1566 552 1832 606 numquam

255 638 305 675 se
330 625 550 693 amplius
578 624 704 676 talia
732 639 969 690 ausuros,
997 639 1096 676 non
1125 624 1267 676 aliud
1295 624 1554 693 quidpiam
1578 625 1715 692 ipsos
1737 626 1834 678 eri-

258 714 361 782 puit
376 732 395 779 ;
409 714 501 766 sed
514 716 703 783 absque
726 715 870 767 venia
894 713 961 766 ad
976 713 1264 766 barathrum
1281 713 1674 777 adducebantur,
1694 714 1831 767 mili-

257 801 383 855 tibus
408 802 663 872 utrimque
686 805 818 872 ipsos
844 803 1150 871 urgentibus,
1180 812 1225 855 et
1253 790 1617 855 observantibus
1639 818 1699 854 ne
1722 802 1833 870 quis

256 908 335 945 eos
360 895 592 961 eriperet.
619 892 685 945 Et
706 893 1035 962 sequebantur
1059 900 1259 954 matres,
1290 891 1466 960 procul
1484 889 1681 960 quidem
1701 890 1833 957 ﬁlios

255 985 614 1053 conspicientes
640 985 914 1037 abstractos
934 1023 948 1049 ,
976 982 1062 1035 sed
1087 982 1147 1034 de
1170 982 1451 1034 calamitate
1475 980 1707 1050 conqueri
1734 996 1832 1033 non

256 1075 496 1127 audentes
530 1090 549 1126 :
577 1072 815 1139 affectum
839 1075 968 1124 enim
994 1071 1211 1124 vincebat
1249 1070 1466 1139 formido
1487 1110 1499 1134 ,
1532 1079 1575 1122 et
1602 1078 1833 1121 naturam

257 1165 522 1231 superabat
553 1175 732 1217 metus.
776 1163 898 1215 llaec
933 1162 1105 1214 omnia
1148 1161 1285 1213 illata
1330 1169 1451 1213 sunt
1494 1159 1833 1213 Antiochenis

260 1253 391 1306 mala
418 1270 447 1304 a
480 1252 772 1315 Pnefectis,
799 1266 890 1305 seu
916 1249 1325 1318 magistratibus,
1355 1257 1633 1317 antequam
1660 1246 1833 1300 Theo-

259 1340 436 1395 dosius
465 1341 535 1394 de
565 1342 824 1394 seditione
852 1340 1134 1408 quidquam
1164 1338 1430 1401 audisset,
1460 1348 1513 1389 ut
1536 1338 1610 1390 ait
1640 1336 1833 1389 ibidem

258 1430 693 1499 Cbrysostomus.
738 1429 1041 1483 Orationem
1092 1442 1249 1495 p0rro
1287 1426 1482 1480 claudit
1520 1441 1742 1480 monens
1778 1434 1836 1479 ut

261 1534 288 1571 a
305 1520 654 1584 detractione,
675 1521 741 1574 ab
762 1520 1045 1574 inimicitiis
1064 1528 1118 1573 et
1137 1533 1167 1571 a
1182 1518 1494 1586 juramentis
1514 1516 1831 1570 abstineant.

328 1609 555 1662 Humilia
596 1620 781 1678 quarta
803 1651 818 1675 ,
856 1625 971 1678 quze
1006 1608 1135 1663 feria
1161 1607 1390 1661 secunda
1422 1616 1540 1675 post
1563 1606 1834 1675 Quinqua-

260 1700 535 1767 gasimam,
566 1710 622 1753 ut
654 1699 878 1762 videtur,
908 1698 1081 1751 habita
1110 1697 1222 1759 fuit,
1252 1713 1368 1765 qua:
1393 1696 1505 1750 dies
1530 1704 1643 1750 erat
1670 1696 1833 1764 prima

259 1788 721 1857 Quadragesimm;
756 1789 837 1841 illa
866 1788 1076 1856 inquam
1101 1787 1288 1840 concio
1308 1828 1320 1849 ,
1362 1787 1494 1839 bona
1524 1802 1590 1839 ex
1619 1786 1835 1839 calami-

263 1886 363 1929 tate
393 1889 542 1945 parta
567 1878 841 1942 describit,
869 1884 1095 1929 mutatos
1117 1876 1242 1928 dicit
1266 1883 1319 1928 et
1343 1890 1372 1927 a
1398 1876 1634 1944 pristinis
1662 1876 1833 1943 pravis

260 1968 496 2021 moribus
530 1968 778 2020 reductos
814 1968 1189 2021 Antiochcnos.
1235 1968 1290 2019 In
1336 1968 1438 2021 line
1477 1983 1603 2021 vero
1629 1982 1688 2020 ea
1722 1967 1831 2035 ipsa

260 2058 488 2116 monita,
521 2072 641 2120 qua:
671 2057 723 2109 in
754 2056 1067 2124 praecedenti
1099 2071 1156 2109 se
1180 2056 1389 2110 dedisse
1417 2066 1827 2117 commemorat,

260 2144 444 2197 iterum
476 2146 666 2213 repetit
694 2185 708 2209 ,
741 2146 987 2198 nimirum
1023 2146 1089 2198 de
1124 2146 1350 2200 vitandis
1388 2145 1830 2211 detractionibus,

260 2233 545 2288 inimicitiis
566 2246 613 2287 et
639 2235 951 2303 juramentis
977 2254 989 2288 :
1012 2250 1072 2288 ac
1099 2248 1155 2289 se
1178 2252 1271 2304 per
1296 2238 1428 2290 hanc
1452 2236 1832 2292 hebdomadam

259 2324 323 2377 de
344 2324 665 2394 juramentis
692 2324 951 2379 dicturum
982 2340 1101 2378 esse
1129 2327 1456 2393 prteuuntiat.

327 2415 553 2467 Humilia
584 2416 764 2483 quinta
795 2416 879 2468 die
920 2418 1192 2485 sequenti,
1227 2426 1285 2470 ut
1319 2420 1430 2485 ipse
1458 2418 1562 2480 ait,
1594 2432 1832 2485 pronun-

260 2505 377 2557 tiata
408 2504 539 2568 luit,
573 2520 764 2573 nempe
801 2505 929 2559 feria
960 2507 1133 2559 tertia.
1162 2505 1216 2559 in
1250 2507 1336 2559 illa
1365 2522 1691 2560 terumnosos
1720 2510 1831 2559 An-

259 2596 533 2650 tiochenos
578 2612 673 2665 pro
713 2614 860 2652 more
896 2600 1202 2652 consolatur
1236 2600 1645 2670 Chrysostomus
1682 2612 1736 2655 et
1764 2602 1831 2655 ad

258 2688 438 2740 mortis
471 2688 637 2756 ipsius
678 2699 1038 2757 contemptum
1065 2689 1390 2742 cohortatur.
1432 2690 1487 2743 In
1522 2693 1625 2743 line
1654 2700 1830 2744 autem

258 2774 319 2825 de
340 2774 659 2840 iuramentis
684 2776 907 2829 vitandis
932 2777 1037 2845 agit
1064 2792 1209 2829 num.
1244 2778 1294 2840 7,
1323 2792 1383 2830 ac
1422 2778 1831 2845 prmcedentium

257 2867 695 2934 sequentiumque
726 2867 1057 2920 homiliarum
1094 2868 1323 2936 aliquem
1366 2868 1563 2923 inducit
1591 2870 1829 2924 ordinem

259 2952 336 3009 his
362 2955 540 3010 verbis
568 2974 582 3010 :
611 2955 842 3009 Primum
871 2959 1024 3027 igitur
1052 2959 1270 3010 auditori
1293 2961 1698 3027 persuadeamus,
1719 2972 1772 3014 ut
1800 2978 1832 3014 a

255 3044 652 3113 juramentorum
682 3049 806 3117 fuga
836 3053 1157 3099 mutationem
1185 3048 1395 3116 incipiat
1422 3064 1440 3101 :
1466 3051 1555 3102 etsi
1580 3052 1711 3102 enim
1738 3068 1831 3103 nu—

259 3136 546 3189 diustertius
585 3138 679 3190 hac
717 3138 779 3189 de
806 3154 859 3189 re
886 3138 1020 3190 vobis
1058 3138 1289 3207 loquutus
1314 3156 1451 3204 sum,
1485 3157 1638 3207 neque
1667 3151 1831 3194 tamen

260 3223 398 3278 hodie
422 3228 684 3294 desistam,
718 3243 873 3295 neque
899 3244 1031 3290 cras,
1064 3244 1219 3298 neque
1247 3230 1496 3297 perendie,
1527 3233 1697 3284 eadem
1724 3249 1830 3285 nta-

259 3329 383 3367 nere.

325 3405 545 3459 llomilia
578 3416 745 3471 sexta,
776 3406 901 3460 feria
932 3417 1115 3474 quarta
1154 3409 1339 3477 primm
1366 3408 1710 3465 hebdomadis
1736 3410 1830 3463 ba-

258 3492 378 3560 bita,
416 3496 837 3550 consolationem
876 3496 1085 3550 afﬂictis
1128 3498 1391 3566 impertit,
1420 3499 1611 3552 bonam
1653 3515 1828 3554 rerum

259 3586 596 3641 mutationem
633 3602 849 3656 sperare
873 3588 1024 3656 jubet
1052 3605 1064 3640 :
1095 3602 1270 3641 moras
1298 3588 1493 3642 nuntiis
1514 3630 1526 3653 ,
1556 3591 1642 3657 qui
1684 3591 1828 3645 sedi-

260 3676 443 3730 tionem
495 3677 880 3732 Antiochenam
932 3678 1238 3746 hnperatori
1282 3680 1543 3732 narraturi
1580 3690 1765 3743 erant,
1798 3697 1827 3734 a

262 3763 360 3819 Deo
388 3767 653 3821 immissas
680 3768 826 3833 dicit,
857 3777 1011 3836 atque
1038 3767 1159 3822 inde
1183 3783 1329 3837 spem
1358 3769 1548 3821 bonam
1574 3770 1829 3825 auditori-

260 3855 348 3911 bus
367 3858 536 3920 atl‘ert,
564 3870 618 3913 et
646 3859 712 3913 de
732 3861 881 3912 venia
909 3875 936 3912 a
964 3860 1213 3913 Flaviano
1233 3862 1482 3928 cpiscOpO
1503 3862 1828 3929 impetranda

259 3944 491 4001 ﬁduciam
526 3949 723 4001 habere
760 3949 925 4017 jubet.
961 3950 1240 4018 Postquam
1278 3966 1401 4004 vero
1425 3950 1491 4004 de
1527 3961 1696 4006 morte
1724 3968 1826 4006 non

261 4035 479 4091 timenda
519 4038 774 4092 diss'rruit
797 4080 811 4103 ,
842 4039 1095 4093 adversus
1121 4040 1418 4108 juramenta
1449 4057 1541 4109 pro
1570 4057 1717 4096 more
1746 4042 1826 4095 lo-

258 4128 442 4195 quitur.

323 4216 543 4270 llomilia
573 4218 796 4286 septima
829 4218 913 4272 die
942 4219 1213 4287 sequenti,
1245 4229 1301 4273 ut
1329 4221 1505 4273 multis
1528 4236 1590 4273 ex
1620 4221 1747 4275 lacis
1776 4231 1828 4276 et

257 4307 389 4360 notis
431 4306 691 4375 liquidum
733 4317 853 4374 est,
900 4308 1073 4361 habita
1108 4327 1120 4360 :
1157 4309 1353 4362 Etenim
1391 4312 1616 4377 quintam
1658 4313 1822 4375 diem,

257 4394 416 4464 inquit
442 4397 875 4467 Chrysostomus,
905 4399 1098 4468 agimus
1124 4409 1334 4451 vestram
1360 4402 1669 4453 consolantes
1697 4404 1827 4453 cari-

258 4492 417 4539 tatem.
448 4487 642 4552 Qninta
673 4502 830 4555 porro
859 4488 971 4542 dies
1003 4488 1115 4541 lucc
1140 4500 1447 4543 numeratur
1474 4492 1771 4557 incipiendo
1796 4507 1826 4545 a

261 4574 515 4630 lbnninica
535 4619 549 4644 ,
587 4579 654 4631 ita
687 4589 743 4631 ut
772 4579 838 4632 de
862 4581 1042 4647 quinta
1074 4580 1417 4634 hebdomadis
1446 4582 1532 4636 die
1559 4583 1820 4651 loquatur.

260 4667 431 4732 Agitur
472 4668 557 4721 hic
602 4667 668 4721 de
712 4668 894 4736 primis
925 4670 1193 4723 Geneseos
1223 4672 1436 4723 verbis:
1471 4670 1532 4725 In
1572 4674 1816 4741 princinio

259 4756 362 4820 fecit
408 4756 541 4811 Deus
580 4759 753 4810 (telum
797 4768 844 4811 et
886 4769 1109 4823 terram;
1146 4761 1445 4830 diciturqu
1490 4764 1685 4827 Deum,
1722 4780 1823 4818 non

260 4845 404 4896 modo
433 4862 554 4900 cum
587 4847 867 4910 benefacit,
906 4851 1000 4903 sed
1028 4852 1185 4905 etiam
1213 4867 1332 4905 cum
1361 4856 1597 4923 castigat,
1630 4856 1825 4910 bonum

259 4948 387 4998 esse,
411 4948 463 4993 et
482 4940 785 5007 juramenta
814 4941 1023 4994 vitanda
1052 4957 1170 4997 esse
1199 4959 1293 5011 pro
1323 4961 1468 5000 more
1494 4947 1639 5001 dicit.

324 5025 602 5082 llomiliam
622 5040 861 5084 octavam
887 5042 1033 5100 putat
1053 5033 1421 5089 Tillemoutius
1438 5036 1523 5090 die
1546 5040 1825 5107 septimam

262 5107 514 5174 bomiliam
545 5132 830 5189 sequente,
865 5123 913 5175 id
943 5132 1053 5188 est,
1083 5124 1211 5178 feria
1242 5135 1387 5178 sexta
1419 5126 1609 5183 dictam
1642 5129 1820 5184 fuisse.

265 5204 442 5264 Verum
473 5214 728 5267 reclamat
749 5214 1191 5284 Cbrysostomus,
1219 5220 1306 5286 qui
1342 5220 1651 5274 testificatur
1678 5224 1826 5276 initio

262 5310 316 5350 se
342 5316 491 5369 nuper
511 5346 525 5368 ,
557 5318 664 5356 non
694 5314 869 5358 autem
899 5306 1036 5372 heri,
1066 5308 1115 5360 in
1154 5309 1278 5362 illud
1301 5351 1315 5375 ,
1344 5310 1408 5362 In
1438 5314 1684 5383 principio
1710 5318 1825 5385 fecit

266 5386 388 5445 Deus
412 5396 587 5448 mlum
615 5406 661 5449 et
687 5408 889 5462 terram,
914 5402 1071 5455 verba
1104 5402 1311 5467 fecisse,
1338 5406 1477 5473 quod
1503 5406 1640 5461 haud
1664 5410 1825 5463 dubie

268 5480 324 5533 ad
349 5481 611 5540 homiliam
655 5490 932 5559 septimam
966 5493 1210 5560 pertinet.
1244 5494 1339 5548 Est
1368 5496 1525 5566 igitur
1552 5498 1604 5552 in
1633 5501 1824 5553 sabba-

270 5576 368 5624 tum
387 5578 699 5637 conferenda
720 5596 734 5642 ;
758 5581 896 5649 quod
918 5585 1075 5635 etiam
1105 5583 1256 5637 nobis
1282 5586 1505 5640 suadent
1531 5589 1644 5643 lucc
1665 5590 1823 5643 verba

269 5663 426 5719 Statim
465 5677 584 5736 post
623 5668 857 5730 initium,
889 5672 957 5723 ad
1003 5674 1147 5726 tinem
1186 5676 1326 5729 nobis
1366 5682 1494 5733 venit
1532 5682 1820 5737 liebdontas.

554 5784 824 5847 Parnoc.
872 5785 988 5846 Gn.
1037 5787 1091 5846 Χ
1108 5787 1288 5851 LVII.

1938 445 2316 512 Argumentum
2347 443 2574 498 homilia:
2605 451 2871 498 mutuatur
2893 443 2960 498 ab
2985 441 3066 497 his
3092 439 3291 497 verbis:
3326 440 3511 493 Deam-

1936 532 2138 585 bulabat
2176 531 2311 586 Deus
2351 534 2404 586 in
2440 534 2676 603 paradiso
2702 535 2755 587 in
2791 534 3025 597 meridie,
3054 532 3283 601 dicitque
3321 530 3513 601 impios

1936 636 2148 691 semper
2173 624 2387 692 pavidos
2408 634 2460 678 et
2483 623 2853 679 formidulosas
2874 639 3011 688 esse,
3040 624 3156 692 pios
3178 632 3351 677 autem
3381 622 3513 675 lidu-

1936 711 2015 763 cia
2055 711 2258 779 plenos.
2297 712 2517 766 Demum
2558 727 2654 782 pro
2688 713 3066 767 consuetudine
3098 711 3167 766 de
3199 711 3517 780 iuramentis

1938 800 2162 854 vitandis
2190 802 2329 871 agit,
2371 812 2683 870 sextumqtte
2704 802 2812 870 jam
2843 801 2984 855 diem
3022 815 3140 856 esse
3177 800 3283 867 ait,
3316 813 3423 869 quo
3449 798 3517 854 de

1937 889 2193 943 servanda
2223 890 2521 958 hujusmodi
2553 890 2666 958 lege
2690 890 2992 944 admoneat.
3090 962 3093 963 ν

2006 980 2287 1034 llomiliam
2311 996 2503 1035 nonam
2526 982 2577 1034 in
2601 980 2784 1034 feriam
2812 980 3095 1035 secundam
3119 979 3366 1035 secunda:
3386 978 3519 1033 beb-

1938 1069 2176 1123 domadis
2197 1069 2621 1139 Quadragesimte
2643 1069 2982 1138 probabiliter
3002 1069 3215 1139 conjicit
3235 1069 3519 1122 Tillemou-

1939 1161 2060 1213 tius.
2088 1159 2193 1213 llac
2219 1160 2284 1213 de
2311 1176 2368 1214 re
2393 1175 2521 1213 vero
2546 1161 2686 1213 nulla
2709 1169 2977 1228 comparet
3002 1169 3144 1222 nota,
3168 1167 3269 1229 qua
3295 1158 3375 1213 vel
3397 1173 3517 1213 cere

1939 1256 2049 1300 tum
2076 1248 2162 1302 vel
2190 1248 2473 1302 verisimile
2502 1248 2767 1318 quidpiam
2808 1258 3117 1301 statuamus.
3152 1248 3335 1302 llabita
3364 1258 3513 1301 certe

1939 1336 2035 1389 fuit
2066 1336 2179 1391 haec
2207 1338 2394 1391 concio
2423 1348 2539 1406 post
2565 1338 2835 1391 silentium
2863 1336 2943 1391 vel
2971 1337 3125 1391 unius
3163 1337 3247 1390 vel
3286 1335 3515 1406 plurium

1937 1426 2176 1492 dierum,
2213 1438 2269 1481 ut
2310 1428 2461 1481 initio
2504 1427 2699 1483 diserte
2736 1428 2809 1482 ait
2846 1427 3293 1497 Cbrysostomus,
3330 1438 3518 1481 contra

1939 1532 2096 1587 quam
2122 1519 2369 1586 Opinatur
2406 1519 2802 1584 Tillemoutius,
2831 1519 2921 1588 qui
2948 1534 3067 1572 cum
3096 1527 3332 1572 octavam
3361 1520 3413 1572 in
3445 1518 3521 1579 le:

1938 1609 2069 1659 riam
2100 1616 2301 1661 sextam
2326 1609 2605 1677 conjiciat,
2634 1617 2688 1663 et
2713 1624 2907 1663 nonam
2939 1610 2990 1662 in
3020 1608 3202 1663 feriam
3230 1609 3519 1663 secundam

1941 1696 2284 1751 hebdomadis
2321 1699 2623 1767 sequentis,
2664 1700 2737 1753 ait
2774 1700 2825 1753 in
2864 1699 2980 1752 Vita
3013 1699 3378 1771 Chrysos‘tomi
3416 1710 3519 1754 art.

1942 1788 2028 1852 15,
2060 1788 2394 1855 interpositas
2424 1788 2626 1841 sabbati
2651 1798 2705 1842 et
2734 1788 3018 1841 Dominiece
3044 1788 3157 1841 dies
3188 1787 3351 1842 fuisse
3381 1787 3521 1841 haud

1939 1876 2097 1929 dubie
2118 1875 2482 1947 Clnysostomi
2503 1879 2846 1932 concionibus
2869 1878 3161 1947 insignitas,
3180 1894 3296 1948 qua:
3316 1880 3524 1932 concio-

1940 1982 2033 2021 ncs
2054 1966 2161 2034 jam
2183 1967 2392 2020 amissce
2416 1966 2626 2020 iuerint.
2657 1967 2910 2035 Populum
2934 1975 3108 2021 autem
3133 1965 3520 2024 Antiochenum

1941 2059 2119 2113 laudat
2156 2059 2306 2112 initio
2330 2097 2345 2123 ,
2375 2058 2512 2127 quod
2544 2059 2757 2112 monitis
2782 2060 2892 2113 suis
2920 2059 3348 2126 obtemperantes
3372 2057 3522 2111 audi-

1942 2159 2082 2204 tores
2106 2150 2173 2203 de
2207 2149 2463 2219 abigenda
2499 2149 2921 2218 juramentorum
2952 2149 3332 2203 consuetudine
3361 2162 3519 2201 cura-

1940 2250 2075 2294 rent.
2107 2240 2162 2293 In
2197 2241 2308 2293 lucc
2340 2241 2464 2294 item
2497 2239 2654 2293 verba
2674 2282 2689 2305 ,
2721 2239 2844 2292 Catii
2870 2250 3104 2292 enarrant
3138 2238 3353 2309 gloriam
3394 2238 3519 2304 Dei,

1938 2332 2101 2384 multa
2129 2330 2273 2396 dicit,
2305 2345 2367 2385 ac
2397 2331 2487 2384 Dei
2518 2331 2896 2398 providentiam
2926 2332 2976 2385 in
3004 2345 3176 2384 rerum
3202 2329 3521 2384 naturalium

1939 2419 2124 2473 ordine
2158 2430 2316 2487 atque
2357 2429 2618 2472 concentu
2660 2418 2912 2488 praedicat
2942 2435 2955 2472 :
2983 2418 3301 2488 demumque
3342 2429 3522 2475 monet

1940 2517 1996 2561 ut
2024 2524 2051 2561 a
2078 2508 2394 2577 juramcntis
2423 2508 2771 2562 abstineatur.

2012 2602 2230 2655 llomilia
2259 2602 2463 2656 decima
2493 2618 2597 2655 non
2630 2601 2716 2655 die
2756 2613 2949 2655 nonam
2992 2602 3301 2670 insequente
3342 2600 3521 2653 habita

1938 2692 2054 2757 fuit,
2084 2695 2205 2747 |;cet
2232 2694 2369 2747 idem
2404 2703 2750 2762 prosequatur
2776 2704 3145 2761 argumentum
3178 2700 3231 2744 ut
3263 2705 3392 2744 voce
3420 2706 3519 2742 nn-

1940 2800 2045 2852 per,
2074 2783 2350 2837 indicatur.
2382 2784 2721 2838 Auditoribus
2751 2792 2924 2835 autem
2953 2782 3246 2848 gratulatur
3280 2780 3518 2851 Chryso-

1938 2885 2172 2939 stomus,
2212 2874 2350 2944 quod
2394 2876 2608 2929 monitis
2647 2875 2758 2930 suis
2799 2874 3298 2943 obtemperaverint.
3339 2872 3521 2941 Longe

1938 2965 2125 3017 melius
2147 2981 2262 3019 esse
2288 2966 2359 3019 ait
2387 2966 2605 3019 verbum
2631 2966 2832 3027 audire,
2857 2981 3013 3034 quam
3038 2964 3300 3032 jejunare.
3327 2962 3521 3017 Probat

1936 3055 2128 3109 deinde
2150 3056 2401 3109 mundum
2425 3057 2539 3110 sine
2560 3056 2652 3109 Dei
2678 3056 3002 3124 providentia
3029 3066 3169 3108 stare
3196 3069 3298 3107 non
3324 3068 3517 3123 posse:

1936 3144 2233 3212 desinitque
2258 3144 2471 3198 demum
2497 3144 2827 3199 cohortando
2854 3154 2908 3197 ut
2933 3144 3234 3212 juramenta
3267 3144 3515 3197 vitentur.

2007 3234 2287 3287 llomiliam
2320 3234 2652 3288 undecimam
2695 3242 2841 3304 putat
2881 3233 3250 3288 Tillemoutius
3286 3232 3517 3286 habitam

1936 3323 2098 3377 fuisse
2127 3332 2245 3392 post
2271 3338 2409 3390 eam,
2443 3340 2559 3393 qure
2587 3325 2790 3379 decima
2817 3326 2998 3393 quinta
3027 3324 3329 3380 inscribitur
3359 3323 3515 3388 intra,

1934 3429 2141 3485 necnon
2171 3422 2289 3481 post
2318 3423 2622 3483 sequentem
2649 3413 2905 3468 decimam
2935 3425 3158 3468 sextam.
3193 3414 3303 3467 Hoc
3333 3422 3511 3468 autem

1934 3506 2211 3560 ratiocinio
2241 3506 2426 3558 nititur
2454 3506 2540 3559 ille
2566 3522 2578 3556 :
2607 3504 2663 3558 In
2693 3520 2752 3559 ea
2778 3547 2789 3567 ,
2816 3504 3017 3574 inquit,
3044 3505 3256 3558 homilia
3284 3505 3351 3559 de
3376 3504 3518 3575 peri-

1934 3596 2067 3650 culis
2107 3604 2160 3650 et
2201 3597 2482 3661 azrumnis,
2515 3596 2707 3665 quibus
2744 3596 2851 3665 jam
2896 3596 3069 3649 functa
3107 3596 3293 3649 civitas
3332 3595 3519 3649 Antio-

1937 3687 2102 3740 cbcna
2130 3697 2274 3752 erat,
2305 3688 2497 3755 agitur,
2531 3704 2647 3756 qua:
2683 3696 2799 3757 post
2831 3687 3113 3741 adventum
3143 3686 3435 3742 ilcllebichi
3464 3697 3517 3741 et

1937 3776 2152 3830 Cresarii
2194 3778 2451 3831 accidisse
2479 3777 2742 3831 videntur.
2779 3777 2867 3830 Ille
2897 3787 3074 3831 autem
3105 3777 3360 3831 adventus
3390 3776 3516 3830 Hel-

1934 3866 2126 3921 lebicbi
2154 3876 2207 3921 et
2232 3865 2444 3920 Cmsarii
2476 3868 2526 3920 in
2554 3867 2774 3923 decinue
2808 3868 3047 3933 septima:
3078 3866 3310 3921 homilia:
3341 3867 3512 3930 titulo,

1936 3959 2088 4027 longe
2117 3969 2232 4027 post
2261 3958 2624 4022 undecimam,
2655 3958 2722 4012 de
2752 3974 2852 4027 qua
2886 3974 3023 4012 nunc
3050 3957 3285 4027 agimus,
3315 3972 3515 4011 menm-

1933 4061 2099 4103 ratnr.
2138 4050 2248 4103 Hoc
2287 4049 2446 4103 fultus
2473 4059 2786 4118 argumento
2825 4050 3195 4103 Tillemoutius
3220 4064 3325 4103 non
3355 4050 3516 4103 modo

1934 4139 2192 4193 decimam
2233 4140 2501 4208 quintam,
2542 4140 2633 4193 sed
2674 4142 2832 4193 etiam
2863 4140 3121 4193 decimam
3153 4149 3356 4194 sextam
3392 4151 3515 4193 ante

1932 4232 2265 4285 undecimam
2288 4231 2561 4285 locandam
2581 4246 2700 4286 esse
2722 4240 2887 4302 putat.
2914 4232 2980 4285 At
3004 4243 3349 4300 prmterquam
3373 4232 3513 4300 quod

1933 4338 2117 4378 omnes
2144 4337 2360 4392 prorsus
2387 4323 2722 4392 Manuscripti
2751 4323 2993 4375 eumdem
3024 4339 3176 4391 quem
3204 4323 3342 4375 Editi
3370 4322 3514 4375 ordi-
3572 4352 3577 4355 -

1935 4430 2053 4468 nem
2076 4423 2289 4467 servant
2314 4432 2326 4467 :
2347 4430 2407 4468 ea
2430 4415 2605 4467 omnia
2629 4430 2745 4482 quae
2769 4425 2893 4469 tunc
2916 4415 3168 4482 temporis
3182 4415 3511 4479 acciderunt,

1932 4504 2123 4557 bonam
2147 4503 2409 4558 interdum
2438 4518 2604 4572 Spem,
2636 4502 2887 4572 pericula,
2917 4504 3157 4568 timores,
3182 4504 3370 4567 atinas,
3395 4520 3514 4573 qua:

1932 4592 2067 4647 bene
2104 4593 2267 4646 multa
2304 4595 2355 4646 in
2400 4594 2511 4662 pari
2544 4608 2672 4647 casu
2714 4608 2923 4661 semper
2960 4594 3265 4662 contingere
3302 4594 3514 4659 solent,

1932 4699 2037 4737 non
2058 4691 2140 4736 sat
2164 4693 2407 4739 accurate
2438 4684 2698 4749 novimus,
2733 4694 2789 4737 ιιι
2816 4699 2880 4737 ex
2913 4684 3209 4753 hujusmodi
3232 4685 3511 4747 ratiocinio

1932 4776 2130 4844 aliquid
2158 4777 2208 4829 in
2244 4777 2430 4831 ordine
2469 4776 2780 4830 mutandum
2809 4792 2869 4829 ea
2899 4776 2965 4830 de
2990 4792 3147 4830 causa
3175 4789 3510 4831 censeamus.

1932 4866 2090 4920 Multa
2129 4867 2263 4920 dixit
2300 4867 2740 4938 Chrysostomus,
2783 4866 3024 4934 forteque
3058 4866 3210 4935 longo
3251 4868 3398 4934 plura
3433 4878 3511 4919 ta-

1932 4960 2062 5013 cuit.
2093 4959 2449 5025 Quamobrem
2478 4957 2648 5011 donec
2674 4957 2796 5025 quid
2824 4956 3020 5010 certius
3048 4966 3305 5025 emergat,
3337 4957 3514 5025 prisco

1930 5048 2101 5101 ordini
2129 5047 2376 5101 standum
2407 5056 2670 5115 putamus.
2700 5046 2752 5099 In
2780 5046 2878 5099 hac
2905 5046 3062 5113 igitur
3090 5046 3301 5099 homilia
3338 5048 3513 5113 primo

1931 5141 2124 5208 gratias
2165 5140 2271 5207 agit
2307 5139 2718 5208 Chrysustomus
2740 5174 2754 5200 ,
2787 5136 2927 5204 quod
2958 5136 3141 5188 civitas
3169 5137 3236 5190 ab
3273 5137 3511 5189 immisso

1932 5240 2137 5285 terrore
2166 5231 2539 5298 respiraverit;
2570 5245 2632 5283 ex
2665 5228 2871 5297 injectis
2896 5230 3087 5296 quippe
3121 5229 3509 5296 suspicionibus

1931 5323 2195 5390 perterriti
2224 5322 2594 5392 quamplurimi
2623 5323 2967 5389 aulugcrant:
2999 5318 3099 5371 hoc
3122 5319 3437 5373 calamitatis
3458 5332 3508 5372 et

1928 5414 2149 5466 terroris
2176 5421 2436 5481 tempore,
2460 5414 2658 5481 aliquot
2683 5412 2869 5465 diebus
2894 5411 3053 5463 tacuit
3071 5410 3504 5479 Chrysostomus,

1931 5512 1985 5555 ιιι
2015 5504 2125 5571 ipse
2154 5504 2243 5556 ait.
2282 5504 2426 5557 llanc
2454 5519 2580 5557 vero
2607 5502 2874 5555 homiliam
2900 5501 3112 5569 conjicit
3140 5502 3504 5555 Tillemoutius

1931 5595 1983 5647 in
2014 5594 2196 5647 feriant
2225 5594 2510 5648 secundam
2545 5603 2746 5663 quartae
2778 5590 3121 5644 hebdomadis
3151 5591 3504 5660 Quadragesz-

1934 5703 2051 5745 mm,
2082 5696 2133 5739 et
2158 5687 2366 5745 quidem
2396 5685 2612 5746 Optime.
2642 5694 2696 5737 ut
2724 5682 2786 5735 ad
2818 5666 3085 5733 llomiliam
3113 5682 3370 5736 decimam
3396 5690 3504 5736 ter-

3071 5794 3148 5853 10
