  <div class='ocr_page' id='page_1' title='image "/cluster/home/n/w/nwhite01/storage/ocr_20150623/47/pst.000005712441/157.png"; bbox 0 0 4264 6306; ppageno 0'>
   <div class='ocr_carea' id='block_1_1' title="bbox 675 323 1570 399">
    <p class='ocr_par' dir='ltr' id='par_1_1' title="bbox 675 323 1570 399">
     <span class='ocr_line' id='line_1_1' title="bbox 675 323 1570 399; baseline -0.002 -21"><span class='ocrx_word' id='word_1_1' title='bbox 675 323 772 378; x_wconf 75' lang='lat' dir='ltr'><strong>no</strong></span> <span class='ocrx_word' id='word_1_2' title='bbox 1567 397 1570 399; x_wconf 5' lang='lat' dir='ltr'><strong>g</strong></span> 
     </span>
    </p>
   </div>
   <div class='ocr_carea' id='block_1_2' title="bbox 676 416 2238 497">
    <p class='ocr_par' dir='ltr' id='par_1_2' title="bbox 676 416 2238 497">
     <span class='ocr_line' id='line_1_2' title="bbox 676 416 2238 497; baseline -0.014 -9"><span class='ocrx_word' id='word_1_3' title='bbox 676 437 796 488; x_wconf 89' lang='lat' dir='ltr'><strong>tiam</strong></span> <span class='ocrx_word' id='word_1_4' title='bbox 825 434 1081 484; x_wconf 82' lang='lat' dir='ltr'><strong>dicemus.</strong></span> <span class='ocrx_word' id='word_1_5' title='bbox 1114 428 1296 497; x_wconf 77' lang='lat' dir='ltr'><strong>Agitur</strong></span> <span class='ocrx_word' id='word_1_6' title='bbox 1325 421 1583 494; x_wconf 66' lang='lat' dir='ltr'><strong>pratcipue</strong></span> <span class='ocrx_word' id='word_1_7' title='bbox 1611 437 1660 472; x_wconf 89' lang='grc' dir='ltr'><strong>ιιι</strong></span> <span class='ocrx_word' id='word_1_8' title='bbox 1687 420 1782 472; x_wconf 79' lang='lat' dir='ltr'><strong>hac</strong></span> <span class='ocrx_word' id='word_1_9' title='bbox 1811 417 2022 469; x_wconf 82' lang='lat' dir='ltr'><strong>lnuniiia</strong></span> <span class='ocrx_word' id='word_1_10' title='bbox 2056 416 2119 468; x_wconf 71' lang='lat' dir='ltr'><strong>de</strong></span> <span class='ocrx_word' id='word_1_11' title='bbox 2151 416 2238 467; x_wconf 77' lang='lat' dir='ltr'><strong>Dei</strong></span> 
     </span>
    </p>
   </div>
   <div class='ocr_carea' id='block_1_3' title="bbox 672 506 2207 592">
    <p class='ocr_par' dir='ltr' id='par_1_3' title="bbox 672 506 2207 592">
     <span class='ocr_line' id='line_1_3' title="bbox 672 506 2207 592; baseline -0.013 -16"><span class='ocrx_word' id='word_1_12' title='bbox 672 524 924 592; x_wconf 80' lang='lat' dir='ltr'><strong>sapientia</strong></span> <span class='ocrx_word' id='word_1_13' title='bbox 966 522 1018 574; x_wconf 91' lang='lat' dir='ltr'><strong>in</strong></span> <span class='ocrx_word' id='word_1_14' title='bbox 1060 519 1283 572; x_wconf 86' lang='lat' dir='ltr'><strong>hominis</strong></span> <span class='ocrx_word' id='word_1_15' title='bbox 1313 514 1682 569; x_wconf 78' lang='lat' dir='ltr'><strong>constitutione</strong></span> <span class='ocrx_word' id='word_1_16' title='bbox 1705 553 1717 576; x_wconf 89' lang='lat'><strong>,</strong></span> <span class='ocrx_word' id='word_1_17' title='bbox 1757 521 1804 561; x_wconf 85' lang='lat' dir='ltr'><strong>et</strong></span> <span class='ocrx_word' id='word_1_18' title='bbox 1839 509 1886 559; x_wconf 92' lang='lat' dir='ltr'><strong>in</strong></span> <span class='ocrx_word' id='word_1_19' title='bbox 1931 511 2030 559; x_wconf 79' lang='lat' dir='ltr'><strong>line</strong></span> <span class='ocrx_word' id='word_1_20' title='bbox 2060 507 2124 557; x_wconf 86' lang='lat' dir='ltr'><strong>de</strong></span> <span class='ocrx_word' id='word_1_21' title='bbox 2160 506 2207 556; x_wconf 75' lang='grc' dir='ltr'><strong>ιι</strong></span> 
     </span>
    </p>
   </div>
   <div class='ocr_carea' id='block_1_4' title="bbox 673 612 1168 680">
    <p class='ocr_par' dir='ltr' id='par_1_4' title="bbox 673 612 1168 680">
     <span class='ocr_line' id='line_1_4' title="bbox 673 612 1168 680; baseline -0.012 -14"><span class='ocrx_word' id='word_1_22' title='bbox 673 613 829 666; x_wconf 82' lang='lat' dir='ltr'><strong>tando</strong></span> <span class='ocrx_word' id='word_1_23' title='bbox 850 612 1168 680; x_wconf 83' lang='lat' dir='ltr'><strong>juramento.</strong></span> 
     </span>
    </p>
   </div>
   <div class='ocr_carea' id='block_1_5' title="bbox 742 687 2237 758">
    <p class='ocr_par' dir='ltr' id='par_1_5' title="bbox 742 687 2237 758">
     <span class='ocr_line' id='line_1_5' title="bbox 742 687 2237 758; baseline -0.013 0"><span class='ocrx_word' id='word_1_24' title='bbox 742 704 1115 758; x_wconf 83' lang='lat' dir='ltr'><strong>Duodecimam</strong></span> <span class='ocrx_word' id='word_1_25' title='bbox 1148 709 1273 753; x_wconf 87' lang='lat' dir='ltr'><strong>item</strong></span> <span class='ocrx_word' id='word_1_26' title='bbox 1300 705 1353 751; x_wconf 90' lang='lat' dir='ltr'><strong>et</strong></span> <span class='ocrx_word' id='word_1_27' title='bbox 1379 696 1636 749; x_wconf 77' lang='lat' dir='ltr'><strong>decimam</strong></span> <span class='ocrx_word' id='word_1_28' title='bbox 1674 691 1876 744; x_wconf 83' lang='lat' dir='ltr'><strong>tertiam</strong></span> <span class='ocrx_word' id='word_1_29' title='bbox 1898 731 1910 753; x_wconf 82' lang='lat'><strong>,</strong></span> <span class='ocrx_word' id='word_1_30' title='bbox 1945 698 2061 756; x_wconf 82' lang='lat' dir='ltr'><strong>post</strong></span> <span class='ocrx_word' id='word_1_31' title='bbox 2096 687 2237 740; x_wconf 81' lang='lat' dir='ltr'><strong>deei-</strong></span> 
     </span>
    </p>
   </div>
   <div class='ocr_carea' id='block_1_6' title="bbox 671 780 2237 860">
    <p class='ocr_par' dir='ltr' id='par_1_6' title="bbox 671 780 2237 860">
     <span class='ocr_line' id='line_1_6' title="bbox 671 780 2237 860; baseline -0.012 -15"><span class='ocrx_word' id='word_1_32' title='bbox 671 808 808 845; x_wconf 90' lang='lat' dir='ltr'><strong>mam</strong></span> <span class='ocrx_word' id='word_1_33' title='bbox 839 792 1072 860; x_wconf 90' lang='lat' dir='ltr'><strong>quintam</strong></span> <span class='ocrx_word' id='word_1_34' title='bbox 1099 798 1152 841; x_wconf 84' lang='lat' dir='ltr'><strong>ct</strong></span> <span class='ocrx_word' id='word_1_35' title='bbox 1185 786 1440 840; x_wconf 80' lang='lat' dir='ltr'><strong>decimam</strong></span> <span class='ocrx_word' id='word_1_36' title='bbox 1472 793 1703 842; x_wconf 89' lang='lat' dir='ltr'><strong>sextam,</strong></span> <span class='ocrx_word' id='word_1_37' title='bbox 1737 780 1919 831; x_wconf 84' lang='lat' dir='ltr'><strong>eadem</strong></span> <span class='ocrx_word' id='word_1_38' title='bbox 1953 792 2051 845; x_wconf 87' lang='lat' dir='ltr'><strong>qua</strong></span> <span class='ocrx_word' id='word_1_39' title='bbox 2081 790 2237 842; x_wconf 83' lang='lat' dir='ltr'><strong>supra</strong></span> 
     </span>
    </p>
   </div>
   <div class='ocr_carea' id='block_1_7' title="bbox 669 866 2238 946">
    <p class='ocr_par' dir='ltr' id='par_1_7' title="bbox 669 866 2238 946">
     <span class='ocr_line' id='line_1_7' title="bbox 669 866 2238 946; baseline -0.011 -11"><span class='ocrx_word' id='word_1_40' title='bbox 669 885 735 937; x_wconf 89' lang='lat' dir='ltr'><strong>de</strong></span> <span class='ocrx_word' id='word_1_41' title='bbox 765 896 919 936; x_wconf 82' lang='lat' dir='ltr'><strong>causa</strong></span> <span class='ocrx_word' id='word_1_42' title='bbox 949 879 1118 946; x_wconf 82' lang='lat' dir='ltr'><strong>rejiett</strong></span> <span class='ocrx_word' id='word_1_43' title='bbox 1139 875 1522 931; x_wconf 87' lang='lat' dir='ltr'><strong>Tillemontius.</strong></span> <span class='ocrx_word' id='word_1_44' title='bbox 1555 875 1621 925; x_wconf 82' lang='lat' dir='ltr'><strong>At</strong></span> <span class='ocrx_word' id='word_1_45' title='bbox 1652 871 1831 924; x_wconf 84' lang='lat' dir='ltr'><strong>nescio</strong></span> <span class='ocrx_word' id='word_1_46' title='bbox 1855 883 1959 938; x_wconf 87' lang='lat' dir='ltr'><strong>quo</strong></span> <span class='ocrx_word' id='word_1_47' title='bbox 1987 876 2136 936; x_wconf 89' lang='lat' dir='ltr'><strong>pacto</strong></span> <span class='ocrx_word' id='word_1_48' title='bbox 2161 866 2238 918; x_wconf 90' lang='lat' dir='ltr'><strong>in-</strong></span> 
     </span>
    </p>
   </div>
   <div class='ocr_carea' id='block_1_8' title="bbox 671 952 2237 1038">
    <p class='ocr_par' dir='ltr' id='par_1_8' title="bbox 671 952 2237 1038">
     <span class='ocr_line' id='line_1_8' title="bbox 671 952 2237 1038; baseline -0.011 -15"><span class='ocrx_word' id='word_1_49' title='bbox 671 972 870 1038; x_wconf 84' lang='lat' dir='ltr'><strong>telligat</strong></span> <span class='ocrx_word' id='word_1_50' title='bbox 898 952 1021 1022; x_wconf 86' lang='lat' dir='ltr'><strong>illud</strong></span> <span class='ocrx_word' id='word_1_51' title='bbox 1057 969 1106 1020; x_wconf 90' lang='lat' dir='ltr'><strong>in</strong></span> <span class='ocrx_word' id='word_1_52' title='bbox 1138 967 1231 1018; x_wconf 68' lang='lat' dir='ltr'><strong>hac:</strong></span> <span class='ocrx_word' id='word_1_53' title='bbox 1266 965 1475 1017; x_wconf 74' lang='lat' dir='ltr'><strong>humilia</strong></span> <span class='ocrx_word' id='word_1_54' title='bbox 1505 961 1812 1015; x_wconf 82' lang='lat' dir='ltr'><strong>duodecima</strong></span> <span class='ocrx_word' id='word_1_55' title='bbox 1844 974 1986 1010; x_wconf 84' lang='lat' dir='ltr'><strong>tnun.</strong></span> <span class='ocrx_word' id='word_1_56' title='bbox 2012 959 2044 1037; x_wconf 71' lang='lat' dir='ltr'><strong>_i</strong></span> <span class='ocrx_word' id='word_1_57' title='bbox 2082 975 2093 1010; x_wconf 90' lang='lat'><strong>:</strong></span> <span class='ocrx_word' id='word_1_58' title='bbox 2125 956 2237 1008; x_wconf 84' lang='lat' dir='ltr'><strong>Tri-</strong></span> 
     </span>
    </p>
   </div>
   <div class='ocr_carea' id='block_1_9' title="bbox 668 1046 2236 1127">
    <p class='ocr_par' dir='ltr' id='par_1_9' title="bbox 668 1046 2236 1127">
     <span class='ocr_line' id='line_1_9' title="bbox 668 1046 2236 1127; baseline -0.01 -14"><span class='ocrx_word' id='word_1_59' title='bbox 668 1062 756 1113; x_wconf 83' lang='lat' dir='ltr'><strong>bus</strong></span> <span class='ocrx_word' id='word_1_60' title='bbox 779 1061 929 1127; x_wconf 79' lang='lat' dir='ltr'><strong>igitur</strong></span> <span class='ocrx_word' id='word_1_61' title='bbox 952 1057 1211 1126; x_wconf 67' lang='lat' dir='ltr'><strong>prrcteritis</strong></span> <span class='ocrx_word' id='word_1_62' title='bbox 1233 1054 1402 1106; x_wconf 76' lang='lat' dir='ltr'><strong>diebus</strong></span> <span class='ocrx_word' id='word_1_63' title='bbox 1426 1069 1576 1104; x_wconf 82' lang='lat' dir='ltr'><strong>unum</strong></span> <span class='ocrx_word' id='word_1_64' title='bbox 1603 1049 1897 1118; x_wconf 75' lang='lat' dir='ltr'><strong>cognitionis</strong></span> <span class='ocrx_word' id='word_1_65' title='bbox 1917 1046 2012 1099; x_wconf 80' lang='lat' dir='ltr'><strong>Dei</strong></span> <span class='ocrx_word' id='word_1_66' title='bbox 2035 1047 2236 1098; x_wconf 84' lang='lat' dir='ltr'><strong>modum</strong></span> 
     </span>
    </p>
   </div>
   <div class='ocr_carea' id='block_1_10' title="bbox 670 1137 2237 1216">
    <p class='ocr_par' dir='ltr' id='par_1_10' title="bbox 670 1137 2237 1216">
     <span class='ocr_line' id='line_1_10' title="bbox 670 1137 2237 1216; baseline -0.009 -16"><span class='ocrx_word' id='word_1_67' title='bbox 670 1150 1031 1216; x_wconf 72' lang='lat' dir='ltr'><strong>aumrclmmus,</strong></span> <span class='ocrx_word' id='word_1_68' title='bbox 1064 1147 1324 1214; x_wconf 81' lang='lat' dir='ltr'><strong>ipsumque</strong></span> <span class='ocrx_word' id='word_1_69' title='bbox 1357 1143 1404 1195; x_wconf 84' lang='lat' dir='ltr'><strong>in</strong></span> <span class='ocrx_word' id='word_1_70' title='bbox 1435 1143 1584 1209; x_wconf 82' lang='lat' dir='ltr'><strong>liuent</strong></span> <span class='ocrx_word' id='word_1_71' title='bbox 1624 1138 1918 1191; x_wconf 65' lang='lat' dir='ltr'><strong>deduximus</strong></span> <span class='ocrx_word' id='word_1_72' title='bbox 1941 1177 1954 1200; x_wconf 85' lang='lat'><strong>,</strong></span> <span class='ocrx_word' id='word_1_73' title='bbox 1992 1137 2237 1202; x_wconf 79' lang='lat' dir='ltr'><strong>interpre-</strong></span> 
     </span>
    </p>
   </div>
   <div class='ocr_carea' id='block_1_11' title="bbox 667 1228 2236 1309">
    <p class='ocr_par' dir='ltr' id='par_1_11' title="bbox 667 1228 2236 1309">
     <span class='ocr_line' id='line_1_11' title="bbox 667 1228 2236 1309; baseline -0.01 -16"><span class='ocrx_word' id='word_1_74' title='bbox 667 1252 825 1294; x_wconf 74' lang='lat' dir='ltr'><strong>tantes</strong></span> <span class='ocrx_word' id='word_1_75' title='bbox 851 1239 1098 1309; x_wconf 83' lang='lat' dir='ltr'><strong>quomodo</strong></span> <span class='ocrx_word' id='word_1_76' title='bbox 1121 1235 1244 1289; x_wconf 53' lang='grc' dir='ltr'>(ξι-ιι</span> <span class='ocrx_word' id='word_1_77' title='bbox 1271 1243 1517 1287; x_wconf 84' lang='lat' dir='ltr'><strong>enarrant</strong></span> <span class='ocrx_word' id='word_1_78' title='bbox 1535 1231 1756 1300; x_wconf 80' lang='lat' dir='ltr'><strong>gloriam</strong></span> <span class='ocrx_word' id='word_1_79' title='bbox 1788 1228 1912 1292; x_wconf 86' lang='lat' dir='ltr'><strong>Dei;</strong></span> <span class='ocrx_word' id='word_1_80' title='bbox 1940 1237 1985 1280; x_wconf 89' lang='lat' dir='ltr'><strong>ct</strong></span> <span class='ocrx_word' id='word_1_81' title='bbox 2005 1229 2151 1296; x_wconf 84' lang='lat' dir='ltr'><strong>quale</strong></span> <span class='ocrx_word' id='word_1_82' title='bbox 2174 1229 2236 1278; x_wconf 81' lang='lat' dir='ltr'><strong>sit</strong></span> 
     </span>
    </p>
   </div>
   <div class='ocr_carea' id='block_1_12' title="bbox 668 1317 2235 1392">
    <p class='ocr_par' dir='ltr' id='par_1_12' title="bbox 668 1317 2235 1392">
     <span class='ocr_line' id='line_1_12' title="bbox 668 1317 2235 1392; baseline -0.011 -7"><span class='ocrx_word' id='word_1_83' title='bbox 668 1332 822 1385; x_wconf 80' lang='lat' dir='ltr'><strong>Pauli</strong></span> <span class='ocrx_word' id='word_1_84' title='bbox 850 1334 1066 1392; x_wconf 76' lang='lat' dir='ltr'><strong>dictum,</strong></span> <span class='ocrx_word' id='word_1_85' title='bbox 1099 1326 1383 1381; x_wconf 84' lang='lat' dir='ltr'><strong>lnvisibilia</strong></span> <span class='ocrx_word' id='word_1_86' title='bbox 1416 1325 1580 1392; x_wconf 90' lang='lat' dir='ltr'><strong>ipsius</strong></span> <span class='ocrx_word' id='word_1_87' title='bbox 1605 1337 1632 1374; x_wconf 89' lang='lat' dir='ltr'><strong>a</strong></span> <span class='ocrx_word' id='word_1_88' title='bbox 1664 1329 1907 1374; x_wconf 87' lang='lat' dir='ltr'><strong>creatura</strong></span> <span class='ocrx_word' id='word_1_89' title='bbox 1935 1317 2112 1371; x_wconf 85' lang='lat' dir='ltr'><strong>mundi</strong></span> <span class='ocrx_word' id='word_1_90' title='bbox 2144 1330 2235 1382; x_wconf 78' lang='lat' dir='ltr'><strong>per</strong></span> 
     </span>
    </p>
   </div>
   <div class='ocr_carea' id='block_1_13' title="bbox 666 1408 2236 1491">
    <p class='ocr_par' dir='ltr' id='par_1_13' title="bbox 666 1408 2236 1491">
     <span class='ocr_line' id='line_1_13' title="bbox 666 1408 2236 1491; baseline -0.009 -16"><span class='ocrx_word' id='word_1_91' title='bbox 666 1441 725 1476; x_wconf 89' lang='lat' dir='ltr'><strong>ea</strong></span> <span class='ocrx_word' id='word_1_92' title='bbox 747 1465 761 1487; x_wconf 98' lang='lat'><strong>,</strong></span> <span class='ocrx_word' id='word_1_93' title='bbox 790 1439 906 1491; x_wconf 77' lang='lat' dir='ltr'><strong>qum</strong></span> <span class='ocrx_word' id='word_1_94' title='bbox 939 1423 1070 1474; x_wconf 87' lang='lat' dir='ltr'><strong>facta</strong></span> <span class='ocrx_word' id='word_1_95' title='bbox 1106 1427 1257 1482; x_wconf 90' lang='lat' dir='ltr'><strong>sunt,</strong></span> <span class='ocrx_word' id='word_1_96' title='bbox 1300 1416 1565 1470; x_wconf 85' lang='lat' dir='ltr'><strong>intellecta</strong></span> <span class='ocrx_word' id='word_1_97' title='bbox 1603 1412 1997 1480; x_wconf 86' lang='lat' dir='ltr'><strong>conspiciuntur</strong></span> <span class='ocrx_word' id='word_1_98' title='bbox 2026 1428 2038 1463; x_wconf 89' lang='lat'><strong>:</strong></span> <span class='ocrx_word' id='word_1_99' title='bbox 2071 1418 2117 1461; x_wconf 81' lang='lat' dir='ltr'><strong>et</strong></span> <span class='ocrx_word' id='word_1_100' title='bbox 2148 1408 2236 1461; x_wconf 83' lang='lat' dir='ltr'><strong>de-</strong></span> 
     </span>
    </p>
   </div>
   <div class='ocr_carea' id='block_1_14' title="bbox 666 1501 2234 1579">
    <p class='ocr_par' dir='ltr' id='par_1_14' title="bbox 666 1501 2234 1579">
     <span class='ocr_line' id='line_1_14' title="bbox 666 1501 2234 1579; baseline -0.01 -12"><span class='ocrx_word' id='word_1_101' title='bbox 666 1515 1045 1568; x_wconf 69' lang='lat' dir='ltr'><strong>monstrat-imus</strong></span> <span class='ocrx_word' id='word_1_102' title='bbox 1085 1511 1330 1579; x_wconf 83' lang='lat' dir='ltr'><strong>quomodo</strong></span> <span class='ocrx_word' id='word_1_103' title='bbox 1365 1525 1393 1560; x_wconf 81' lang='grc' dir='ltr'>(ι</span> <span class='ocrx_word' id='word_1_104' title='bbox 1423 1515 1648 1560; x_wconf 75' lang='lat' dir='ltr'><strong>creatura</strong></span> <span class='ocrx_word' id='word_1_105' title='bbox 1682 1505 1883 1566; x_wconf 82' lang='lat' dir='ltr'><strong>nnmdi,</strong></span> <span class='ocrx_word' id='word_1_106' title='bbox 1916 1512 1960 1555; x_wconf 86' lang='lat' dir='ltr'><strong>ct</strong></span> <span class='ocrx_word' id='word_1_107' title='bbox 1990 1501 2234 1569; x_wconf 80' lang='lat' dir='ltr'><strong>quomodo</strong></span> 
     </span>
    </p>
   </div>
   <div class='ocr_carea' id='block_1_15' title="bbox 666 1591 2237 1676">
    <p class='ocr_par' dir='ltr' id='par_1_15' title="bbox 666 1591 2237 1676">
     <span class='ocr_line' id='line_1_15' title="bbox 666 1591 2237 1676; baseline -0.01 -17"><span class='ocrx_word' id='word_1_108' title='bbox 666 1623 752 1676; x_wconf 78' lang='lat' dir='ltr'><strong>per</strong></span> <span class='ocrx_word' id='word_1_109' title='bbox 775 1605 948 1658; x_wconf 72' lang='lat' dir='ltr'><strong>aulum</strong></span> <span class='ocrx_word' id='word_1_110' title='bbox 976 1614 1020 1656; x_wconf 88' lang='lat' dir='ltr'><strong>et</strong></span> <span class='ocrx_word' id='word_1_111' title='bbox 1051 1614 1228 1655; x_wconf 82' lang='lat' dir='ltr'><strong>terram</strong></span> <span class='ocrx_word' id='word_1_112' title='bbox 1253 1610 1295 1651; x_wconf 86' lang='lat' dir='ltr'><strong>ct</strong></span> <span class='ocrx_word' id='word_1_113' title='bbox 1323 1615 1458 1651; x_wconf 87' lang='lat' dir='ltr'><strong>mare</strong></span> <span class='ocrx_word' id='word_1_114' title='bbox 1486 1597 1692 1651; x_wconf 75' lang='lat' dir='ltr'><strong>Creator</strong></span> <span class='ocrx_word' id='word_1_115' title='bbox 1719 1595 2042 1664; x_wconf 82' lang='lat' dir='ltr'><strong>giori/icctur.</strong></span> <span class='ocrx_word' id='word_1_116' title='bbox 2073 1591 2237 1644; x_wconf 79' lang='lat' dir='ltr'><strong>Hodie</strong></span> 
     </span>
    </p>
   </div>
   <div class='ocr_carea' id='block_1_16' title="bbox 664 1681 2233 1760">
    <p class='ocr_par' dir='ltr' id='par_1_16' title="bbox 664 1681 2233 1760">
     <span class='ocr_line' id='line_1_16' title="bbox 664 1681 2233 1760; baseline -0.008 -12"><span class='ocrx_word' id='word_1_117' title='bbox 664 1713 804 1760; x_wconf 83' lang='lat' dir='ltr'><strong>rem,</strong></span> <span class='ocrx_word' id='word_1_118' title='bbox 837 1705 937 1749; x_wconf 90' lang='lat' dir='ltr'><strong>etc.</strong></span> <span class='ocrx_word' id='word_1_119' title='bbox 972 1694 1066 1747; x_wconf 85' lang='lat' dir='ltr'><strong>llic</strong></span> <span class='ocrx_word' id='word_1_120' title='bbox 1104 1692 1295 1746; x_wconf 86' lang='lat' dir='ltr'><strong>seriem</strong></span> <span class='ocrx_word' id='word_1_121' title='bbox 1328 1690 1482 1743; x_wconf 88' lang='lat' dir='ltr'><strong>trium</strong></span> <span class='ocrx_word' id='word_1_122' title='bbox 1521 1687 1851 1741; x_wconf 90' lang='lat' dir='ltr'><strong>bomiliarum</strong></span> <span class='ocrx_word' id='word_1_123' title='bbox 1874 1725 1888 1749; x_wconf 94' lang='lat'><strong>,</strong></span> <span class='ocrx_word' id='word_1_124' title='bbox 1917 1699 2021 1753; x_wconf 91' lang='lat' dir='ltr'><strong>quo</strong></span> <span class='ocrx_word' id='word_1_125' title='bbox 2049 1681 2233 1736; x_wconf 85' lang='lat' dir='ltr'><strong>ordine</strong></span> 
     </span>
    </p>
   </div>
   <div class='ocr_carea' id='block_1_17' title="bbox 665 1777 2229 1845">
    <p class='ocr_par' dir='ltr' id='par_1_17' title="bbox 665 1777 2229 1845">
     <span class='ocr_line' id='line_1_17' title="bbox 665 1777 2229 1845; baseline -0.008 -6"><span class='ocrx_word' id='word_1_126' title='bbox 665 1786 857 1839; x_wconf 85' lang='lat' dir='ltr'><strong>habit-.e</strong></span> <span class='ocrx_word' id='word_1_127' title='bbox 882 1786 1088 1838; x_wconf 82' lang='lat' dir='ltr'><strong>fuerant</strong></span> <span class='ocrx_word' id='word_1_128' title='bbox 1107 1792 1227 1836; x_wconf 89' lang='lat' dir='ltr'><strong>ante</strong></span> <span class='ocrx_word' id='word_1_129' title='bbox 1247 1780 1607 1836; x_wconf 82' lang='lat' dir='ltr'><strong>duodecimam</strong></span> <span class='ocrx_word' id='word_1_130' title='bbox 1631 1779 1779 1831; x_wconf 77' lang='lat' dir='ltr'><strong>affert</strong></span> <span class='ocrx_word' id='word_1_131' title='bbox 1801 1777 2229 1845; x_wconf 71' lang='lat' dir='ltr'><strong>Chrysostomus,</strong></span> 
     </span>
    </p>
   </div>
   <div class='ocr_carea' id='block_1_18' title="bbox 665 1865 2234 1942">
    <p class='ocr_par' dir='ltr' id='par_1_18' title="bbox 665 1865 2234 1942">
     <span class='ocr_line' id='line_1_18' title="bbox 665 1865 2234 1942; baseline -0.006 -16"><span class='ocrx_word' id='word_1_132' title='bbox 665 1890 852 1942; x_wconf 88' lang='lat' dir='ltr'><strong>nempe</strong></span> <span class='ocrx_word' id='word_1_133' title='bbox 885 1890 1066 1937; x_wconf 70' lang='lat' dir='ltr'><strong>notam,</strong></span> <span class='ocrx_word' id='word_1_134' title='bbox 1093 1872 1309 1925; x_wconf 75' lang='lat' dir='ltr'><strong>deeinue</strong></span> <span class='ocrx_word' id='word_1_135' title='bbox 1347 1880 1400 1925; x_wconf 89' lang='lat' dir='ltr'><strong>et</strong></span> <span class='ocrx_word' id='word_1_136' title='bbox 1439 1869 1745 1923; x_wconf 52' lang='lat' dir='ltr'><strong>undecima}.</strong></span> <span class='ocrx_word' id='word_1_137' title='bbox 1776 1867 1831 1920; x_wconf 87' lang='lat' dir='ltr'><strong>In</strong></span> <span class='ocrx_word' id='word_1_138' title='bbox 1862 1881 1996 1920; x_wconf 85' lang='lat' dir='ltr'><strong>nona</strong></span> <span class='ocrx_word' id='word_1_139' title='bbox 2026 1882 2170 1919; x_wconf 90' lang='lat' dir='ltr'><strong>num.</strong></span> <span class='ocrx_word' id='word_1_140' title='bbox 2200 1865 2234 1917; x_wconf 77' lang='lat'><strong>9.</strong></span> 
     </span>
    </p>
   </div>
   <div class='ocr_carea' id='block_1_19' title="bbox 663 1954 2234 2032">
    <p class='ocr_par' dir='ltr' id='par_1_19' title="bbox 663 1954 2234 2032">
     <span class='ocr_line' id='line_1_19' title="bbox 663 1954 2234 2032; baseline -0.006 -17"><span class='ocrx_word' id='word_1_141' title='bbox 663 1972 1028 2032; x_wconf 86' lang='lat' dir='ltr'><strong>argumentum</strong></span> <span class='ocrx_word' id='word_1_142' title='bbox 1053 1962 1304 2014; x_wconf 83' lang='lat' dir='ltr'><strong>orationis</strong></span> <span class='ocrx_word' id='word_1_143' title='bbox 1334 1961 1477 2028; x_wconf 81' lang='lat' dir='ltr'><strong>ponit</strong></span> <span class='ocrx_word' id='word_1_144' title='bbox 1504 1959 1602 2011; x_wconf 83' lang='lat' dir='ltr'><strong>hoc</strong></span> <span class='ocrx_word' id='word_1_145' title='bbox 1630 1958 1772 2011; x_wconf 81' lang='lat' dir='ltr'><strong>Pauli</strong></span> <span class='ocrx_word' id='word_1_146' title='bbox 1803 1957 2020 2021; x_wconf 90' lang='lat' dir='ltr'><strong>dictum,</strong></span> <span class='ocrx_word' id='word_1_147' title='bbox 2051 1954 2234 2007; x_wconf 74' lang='grc' dir='ltr'><em>1ηιοὶδί-</em></span> 
     </span>
    </p>
   </div>
   <div class='ocr_carea' id='block_1_20' title="bbox 663 2047 2233 2120">
    <p class='ocr_par' dir='ltr' id='par_1_20' title="bbox 663 2047 2233 2120">
     <span class='ocr_line' id='line_1_20' title="bbox 663 2047 2233 2120; baseline -0.004 -16"><span class='ocrx_word' id='word_1_148' title='bbox 663 2053 780 2105; x_wconf 80' lang='lat' dir='ltr'><strong>bilia</strong></span> <span class='ocrx_word' id='word_1_149' title='bbox 811 2053 988 2120; x_wconf 84' lang='lat' dir='ltr'><strong>ipsius,</strong></span> <span class='ocrx_word' id='word_1_150' title='bbox 1018 2061 1159 2113; x_wconf 86' lang='lat' dir='ltr'><strong>etc.;</strong></span> <span class='ocrx_word' id='word_1_151' title='bbox 1200 2051 1431 2118; x_wconf 89' lang='lat' dir='ltr'><strong>illudque</strong></span> <span class='ocrx_word' id='word_1_152' title='bbox 1469 2048 1816 2111; x_wconf 84' lang='lat' dir='ltr'><strong>Psalmorum,</strong></span> <span class='ocrx_word' id='word_1_153' title='bbox 1846 2047 1968 2100; x_wconf 67' lang='grc' dir='ltr'><strong>ϐαι·ίὶ</strong></span> <span class='ocrx_word' id='word_1_154' title='bbox 1998 2057 2233 2100; x_wconf 83' lang='lat' dir='ltr'><strong>enarrant</strong></span> 
     </span>
    </p>
   </div>
   <div class='ocr_carea' id='block_1_21' title="bbox 663 2136 2234 2212">
    <p class='ocr_par' dir='ltr' id='par_1_21' title="bbox 663 2136 2234 2212">
     <span class='ocr_line' id='line_1_21' title="bbox 663 2136 2234 2212; baseline -0.005 -16"><span class='ocrx_word' id='word_1_155' title='bbox 663 2143 873 2212; x_wconf 83' lang='lat' dir='ltr'><strong>gloriam</strong></span> <span class='ocrx_word' id='word_1_156' title='bbox 901 2141 1010 2194; x_wconf 73' lang='lat' dir='ltr'><strong>Dei.</strong></span> <span class='ocrx_word' id='word_1_157' title='bbox 1043 2141 1097 2194; x_wconf 84' lang='lat' dir='ltr'><strong>in</strong></span> <span class='ocrx_word' id='word_1_158' title='bbox 1126 2141 1325 2194; x_wconf 88' lang='lat' dir='ltr'><strong>decima</strong></span> <span class='ocrx_word' id='word_1_159' title='bbox 1359 2141 1482 2192; x_wconf 90' lang='lat' dir='ltr'><strong>item</strong></span> <span class='ocrx_word' id='word_1_160' title='bbox 1510 2154 1654 2192; x_wconf 78' lang='lat' dir='ltr'><strong>nimi.</strong></span> <span class='ocrx_word' id='word_1_161' title='bbox 1688 2139 1722 2190; x_wconf 69' lang='grc'><strong>2</strong></span> <span class='ocrx_word' id='word_1_162' title='bbox 1747 2152 1801 2190; x_wconf 91' lang='lat' dir='ltr'><strong>se</strong></span> <span class='ocrx_word' id='word_1_163' title='bbox 1829 2137 1927 2191; x_wconf 84' lang='lat' dir='ltr'><strong>hoc</strong></span> <span class='ocrx_word' id='word_1_164' title='bbox 1953 2136 2121 2204; x_wconf 82' lang='lat' dir='ltr'><strong>ipsum</strong></span> <span class='ocrx_word' id='word_1_165' title='bbox 2149 2151 2234 2189; x_wconf 88' lang='lat' dir='ltr'><strong>ar-</strong></span> 
     </span>
    </p>
   </div>
   <div class='ocr_carea' id='block_1_22' title="bbox 663 2228 2234 2303">
    <p class='ocr_par' dir='ltr' id='par_1_22' title="bbox 663 2228 2234 2303">
     <span class='ocr_line' id='line_1_22' title="bbox 663 2228 2234 2303; baseline -0.003 -19"><span class='ocrx_word' id='word_1_166' title='bbox 663 2242 966 2303; x_wconf 82' lang='lat' dir='ltr'><strong>gumentum</strong></span> <span class='ocrx_word' id='word_1_167' title='bbox 1014 2231 1255 2300; x_wconf 78' lang='lat' dir='ltr'><strong>persequi</strong></span> <span class='ocrx_word' id='word_1_168' title='bbox 1296 2231 1530 2284; x_wconf 82' lang='lat' dir='ltr'><strong>declarat</strong></span> <span class='ocrx_word' id='word_1_169' title='bbox 1567 2247 1578 2281; x_wconf 93' lang='lat'><strong>:</strong></span> <span class='ocrx_word' id='word_1_170' title='bbox 1614 2230 1663 2281; x_wconf 88' lang='lat' dir='ltr'><strong>in</strong></span> <span class='ocrx_word' id='word_1_171' title='bbox 1709 2228 1984 2281; x_wconf 77' lang='lat' dir='ltr'><strong>undecima</strong></span> <span class='ocrx_word' id='word_1_172' title='bbox 2026 2242 2234 2296; x_wconf 89' lang='lat' dir='ltr'><strong>quoque</strong></span> 
     </span>
    </p>
   </div>
   <div class='ocr_carea' id='block_1_23' title="bbox 662 2318 2233 2389">
    <p class='ocr_par' dir='ltr' id='par_1_23' title="bbox 662 2318 2233 2389">
     <span class='ocr_line' id='line_1_23' title="bbox 662 2318 2233 2389; baseline -0.004 -12"><span class='ocrx_word' id='word_1_173' title='bbox 662 2340 809 2377; x_wconf 82' lang='lat' dir='ltr'><strong>uani.</strong></span> <span class='ocrx_word' id='word_1_174' title='bbox 834 2323 868 2374; x_wconf 73' lang='lat'><strong>‘2.</strong></span> <span class='ocrx_word' id='word_1_175' title='bbox 893 2338 950 2376; x_wconf 87' lang='lat' dir='ltr'><strong>se</strong></span> <span class='ocrx_word' id='word_1_176' title='bbox 978 2321 1147 2375; x_wconf 87' lang='lat' dir='ltr'><strong>cidem</strong></span> <span class='ocrx_word' id='word_1_177' title='bbox 1174 2329 1481 2389; x_wconf 87' lang='lat' dir='ltr'><strong>argumento</strong></span> <span class='ocrx_word' id='word_1_178' title='bbox 1505 2321 1746 2373; x_wconf 76' lang='lat' dir='ltr'><strong>insistere</strong></span> <span class='ocrx_word' id='word_1_179' title='bbox 1772 2318 2100 2372; x_wconf 81' lang='lat' dir='ltr'><strong>testificatur.</strong></span> <span class='ocrx_word' id='word_1_180' title='bbox 2126 2325 2233 2371; x_wconf 71' lang='lat' dir='ltr'><strong>Au-</strong></span> 
     </span>
    </p>
   </div>
   <div class='ocr_carea' id='block_1_24' title="bbox 661 2409 2233 2483">
    <p class='ocr_par' dir='ltr' id='par_1_24' title="bbox 661 2409 2233 2483">
     <span class='ocr_line' id='line_1_24' title="bbox 661 2409 2233 2483; baseline -0.004 -15"><span class='ocrx_word' id='word_1_181' title='bbox 661 2430 766 2468; x_wconf 87' lang='lat' dir='ltr'><strong>liOll</strong></span> <span class='ocrx_word' id='word_1_182' title='bbox 795 2413 1154 2483; x_wconf 70' lang='lat' dir='ltr'><strong>Chrysostomi</strong></span> <span class='ocrx_word' id='word_1_183' title='bbox 1186 2412 1338 2465; x_wconf 87' lang='lat' dir='ltr'><strong>dictis</strong></span> <span class='ocrx_word' id='word_1_184' title='bbox 1367 2411 1469 2463; x_wconf 81' lang='lat' dir='ltr'><strong>vim</strong></span> <span class='ocrx_word' id='word_1_185' title='bbox 1511 2409 1668 2463; x_wconf 88' lang='lat' dir='ltr'><strong>infert</strong></span> <span class='ocrx_word' id='word_1_186' title='bbox 1696 2411 2082 2473; x_wconf 64' lang='lat' dir='ltr'><strong>&#39;l‘illemontius,</strong></span> <span class='ocrx_word' id='word_1_187' title='bbox 2113 2423 2233 2461; x_wconf 86' lang='lat' dir='ltr'><strong>cum</strong></span> 
     </span>
    </p>
   </div>
   <div class='ocr_carea' id='block_1_25' title="bbox 661 2499 2231 2559">
    <p class='ocr_par' dir='ltr' id='par_1_25' title="bbox 661 2499 2231 2559">
     <span class='ocr_line' id='line_1_25' title="bbox 661 2499 2231 2559; baseline -0.006 0"><span class='ocrx_word' id='word_1_188' title='bbox 661 2505 919 2559; x_wconf 88' lang='lat' dir='ltr'><strong>decimam</strong></span> <span class='ocrx_word' id='word_1_189' title='bbox 955 2505 1088 2556; x_wconf 89' lang='lat' dir='ltr'><strong>inter</strong></span> <span class='ocrx_word' id='word_1_190' title='bbox 1117 2511 1168 2556; x_wconf 67' lang='lat' dir='ltr'><strong>et.</strong></span> <span class='ocrx_word' id='word_1_191' title='bbox 1199 2502 1526 2554; x_wconf 84' lang='lat' dir='ltr'><strong>undecimam</strong></span> <span class='ocrx_word' id='word_1_192' title='bbox 1568 2501 1676 2552; x_wconf 87' lang='lat' dir='ltr'><strong>vult</strong></span> <span class='ocrx_word' id='word_1_193' title='bbox 1707 2500 1944 2553; x_wconf 83' lang='lat' dir='ltr'><strong>interseri</strong></span> <span class='ocrx_word' id='word_1_194' title='bbox 1975 2499 2231 2552; x_wconf 83' lang='lat' dir='ltr'><strong>decimam</strong></span> 
     </span>
    </p>
   </div>
   <div class='ocr_carea' id='block_1_26' title="bbox 660 2588 2234 2666">
    <p class='ocr_par' dir='ltr' id='par_1_26' title="bbox 660 2588 2234 2666">
     <span class='ocr_line' id='line_1_26' title="bbox 660 2588 2234 2666; baseline -0.005 -16"><span class='ocrx_word' id='word_1_195' title='bbox 660 2598 894 2666; x_wconf 83' lang='lat' dir='ltr'><strong>quintam</strong></span> <span class='ocrx_word' id='word_1_196' title='bbox 931 2605 984 2648; x_wconf 90' lang='lat' dir='ltr'><strong>et</strong></span> <span class='ocrx_word' id='word_1_197' title='bbox 1022 2594 1276 2648; x_wconf 87' lang='lat' dir='ltr'><strong>decimam</strong></span> <span class='ocrx_word' id='word_1_198' title='bbox 1309 2593 1552 2647; x_wconf 81' lang='lat' dir='ltr'><strong>sextam?</strong></span> <span class='ocrx_word' id='word_1_199' title='bbox 1580 2590 1631 2644; x_wconf 90' lang='lat' dir='ltr'><strong>ld</strong></span> <span class='ocrx_word' id='word_1_200' title='bbox 1660 2599 1834 2642; x_wconf 90' lang='lat' dir='ltr'><strong>autem</strong></span> <span class='ocrx_word' id='word_1_201' title='bbox 1869 2590 1953 2643; x_wconf 87' lang='lat' dir='ltr'><strong>ille</strong></span> <span class='ocrx_word' id='word_1_202' title='bbox 1981 2588 2234 2642; x_wconf 88' lang='lat' dir='ltr'><strong>subdubi-</strong></span> 
     </span>
    </p>
   </div>
   <div class='ocr_carea' id='block_1_27' title="bbox 663 2680 2231 2754">
    <p class='ocr_par' dir='ltr' id='par_1_27' title="bbox 663 2680 2231 2754">
     <span class='ocr_line' id='line_1_27' title="bbox 663 2680 2231 2754; baseline -0.005 -14"><span class='ocrx_word' id='word_1_203' title='bbox 663 2689 821 2740; x_wconf 90' lang='lat' dir='ltr'><strong>tando</strong></span> <span class='ocrx_word' id='word_1_204' title='bbox 844 2697 1043 2740; x_wconf 90' lang='lat' dir='ltr'><strong>tantum</strong></span> <span class='ocrx_word' id='word_1_205' title='bbox 1067 2686 1308 2754; x_wconf 89' lang='lat' dir='ltr'><strong>proponit</strong></span> <span class='ocrx_word' id='word_1_206' title='bbox 1335 2685 1385 2737; x_wconf 91' lang='lat' dir='ltr'><strong>in</strong></span> <span class='ocrx_word' id='word_1_207' title='bbox 1415 2693 1535 2736; x_wconf 90' lang='lat' dir='ltr'><strong>nota</strong></span> <span class='ocrx_word' id='word_1_208' title='bbox 1563 2682 1630 2737; x_wconf 74' lang='lat'><strong>29</strong></span> <span class='ocrx_word' id='word_1_209' title='bbox 1658 2682 1722 2735; x_wconf 86' lang='lat' dir='ltr'><strong>ad</strong></span> <span class='ocrx_word' id='word_1_210' title='bbox 1754 2682 1923 2734; x_wconf 78' lang='lat' dir='ltr'><strong>Vitam</strong></span> <span class='ocrx_word' id='word_1_211' title='bbox 1949 2680 2231 2734; x_wconf 88' lang='lat' dir='ltr'><strong>Theodosii</strong></span> 
     </span>
    </p>
   </div>
   <div class='ocr_carea' id='block_1_28' title="bbox 663 2771 2230 2845">
    <p class='ocr_par' dir='ltr' id='par_1_28' title="bbox 663 2771 2230 2845">
     <span class='ocr_line' id='line_1_28' title="bbox 663 2771 2230 2845; baseline -0.006 -15"><span class='ocrx_word' id='word_1_212' title='bbox 663 2777 1020 2845; x_wconf 86' lang='lat' dir='ltr'><strong>imperatoris,</strong></span> <span class='ocrx_word' id='word_1_213' title='bbox 1051 2792 1102 2828; x_wconf 92' lang='lat' dir='ltr'><strong>n.</strong></span> <span class='ocrx_word' id='word_1_214' title='bbox 1135 2776 1218 2836; x_wconf 77' lang='grc'><strong>10,</strong></span> <span class='ocrx_word' id='word_1_215' title='bbox 1250 2775 1308 2826; x_wconf 83' lang='grc' dir='ltr'>Η</span> <span class='ocrx_word' id='word_1_216' title='bbox 1336 2781 1388 2825; x_wconf 87' lang='lat' dir='ltr'><strong>et</strong></span> <span class='ocrx_word' id='word_1_217' title='bbox 1414 2787 1584 2840; x_wconf 84' lang='lat' dir='ltr'><strong>seqq.,</strong></span> <span class='ocrx_word' id='word_1_218' title='bbox 1613 2771 1905 2838; x_wconf 72' lang='lat' dir='ltr'><strong>fateturque</strong></span> <span class='ocrx_word' id='word_1_219' title='bbox 1930 2785 2048 2823; x_wconf 92' lang='lat' dir='ltr'><strong>eum</strong></span> <span class='ocrx_word' id='word_1_220' title='bbox 2077 2784 2230 2837; x_wconf 81' lang='lat' dir='ltr'><strong>quem</strong></span> 
     </span>
    </p>
   </div>
   <div class='ocr_carea' id='block_1_29' title="bbox 663 2860 2227 2930">
    <p class='ocr_par' dir='ltr' id='par_1_29' title="bbox 663 2860 2227 2930">
     <span class='ocr_line' id='line_1_29' title="bbox 663 2860 2227 2930; baseline -0.005 -12"><span class='ocrx_word' id='word_1_221' title='bbox 663 2881 757 2918; x_wconf 87' lang='lat' dir='ltr'><strong>nos</strong></span> <span class='ocrx_word' id='word_1_222' title='bbox 786 2865 1060 2918; x_wconf 87' lang='lat' dir='ltr'><strong>statuimus</strong></span> <span class='ocrx_word' id='word_1_223' title='bbox 1085 2865 1324 2916; x_wconf 82' lang='lat' dir='ltr'><strong>ordinem</strong></span> <span class='ocrx_word' id='word_1_224' title='bbox 1353 2863 1496 2915; x_wconf 89' lang='lat' dir='ltr'><strong>clare</strong></span> <span class='ocrx_word' id='word_1_225' title='bbox 1518 2877 1544 2913; x_wconf 89' lang='lat' dir='ltr'><strong>a</strong></span> <span class='ocrx_word' id='word_1_226' title='bbox 1567 2861 1944 2930; x_wconf 76' lang='lat' dir='ltr'><strong>Chrysostomo</strong></span> <span class='ocrx_word' id='word_1_227' title='bbox 1971 2860 2188 2912; x_wconf 89' lang='lat' dir='ltr'><strong>indicari</strong></span> <span class='ocrx_word' id='word_1_228' title='bbox 2217 2877 2227 2910; x_wconf 94' lang='lat'><strong>:</strong></span> 
     </span>
    </p>
   </div>
   <div class='ocr_carea' id='block_1_30' title="bbox 661 2949 2233 3022">
    <p class='ocr_par' dir='ltr' id='par_1_30' title="bbox 661 2949 2233 3022">
     <span class='ocr_line' id='line_1_30' title="bbox 661 2949 2233 3022; baseline -0.004 -14"><span class='ocrx_word' id='word_1_229' title='bbox 661 2955 750 3008; x_wconf 85' lang='lat' dir='ltr'><strong>sed</strong></span> <span class='ocrx_word' id='word_1_230' title='bbox 780 2956 956 3008; x_wconf 90' lang='lat' dir='ltr'><strong>nescio</strong></span> <span class='ocrx_word' id='word_1_231' title='bbox 980 2969 1083 3022; x_wconf 88' lang='lat' dir='ltr'><strong>quo</strong></span> <span class='ocrx_word' id='word_1_232' title='bbox 1105 2964 1255 3022; x_wconf 85' lang='lat' dir='ltr'><strong>pacto</strong></span> <span class='ocrx_word' id='word_1_233' title='bbox 1281 2953 1346 3004; x_wconf 87' lang='lat' dir='ltr'><strong>ab</strong></span> <span class='ocrx_word' id='word_1_234' title='bbox 1372 2951 1557 3006; x_wconf 86' lang='lat' dir='ltr'><strong>eodem</strong></span> <span class='ocrx_word' id='word_1_235' title='bbox 1579 2951 1691 3019; x_wconf 83' lang='lat' dir='ltr'><strong>ipso</strong></span> <span class='ocrx_word' id='word_1_236' title='bbox 1708 2950 1892 3004; x_wconf 89' lang='lat' dir='ltr'><strong>ordine</strong></span> <span class='ocrx_word' id='word_1_237' title='bbox 1919 2959 2098 3018; x_wconf 89' lang='lat' dir='ltr'><strong>postea</strong></span> <span class='ocrx_word' id='word_1_238' title='bbox 2126 2949 2233 3001; x_wconf 89' lang='lat' dir='ltr'><strong>dis-</strong></span> 
     </span>
    </p>
   </div>
   <div class='ocr_carea' id='block_1_31' title="bbox 661 3041 2234 3111">
    <p class='ocr_par' dir='ltr' id='par_1_31' title="bbox 661 3041 2234 3111">
     <span class='ocr_line' id='line_1_31' title="bbox 661 3041 2234 3111; baseline -0.004 -12"><span class='ocrx_word' id='word_1_239' title='bbox 661 3045 830 3099; x_wconf 82' lang='lat' dir='ltr'><strong>cedat.</strong></span> <span class='ocrx_word' id='word_1_240' title='bbox 857 3044 1115 3098; x_wconf 78' lang='lat' dir='ltr'><strong>C.eterum</strong></span> <span class='ocrx_word' id='word_1_241' title='bbox 1152 3059 1270 3097; x_wconf 90' lang='lat' dir='ltr'><strong>cum</strong></span> <span class='ocrx_word' id='word_1_242' title='bbox 1298 3041 1426 3095; x_wconf 89' lang='lat' dir='ltr'><strong>dicit</strong></span> <span class='ocrx_word' id='word_1_243' title='bbox 1467 3041 1896 3111; x_wconf 76' lang='lat' dir='ltr'><strong>Chrysostomus,</strong></span> <span class='ocrx_word' id='word_1_244' title='bbox 1924 3041 2079 3092; x_wconf 80' lang='lat' dir='ltr'><strong>tribus</strong></span> <span class='ocrx_word' id='word_1_245' title='bbox 2105 3055 2234 3108; x_wconf 74' lang='lat' dir='ltr'><strong>pm!-</strong></span> 
     </span>
    </p>
   </div>
   <div class='ocr_carea' id='block_1_32' title="bbox 611 3130 2234 3200">
    <p class='ocr_par' dir='ltr' id='par_1_32' title="bbox 611 3130 2234 3200">
     <span class='ocr_line' id='line_1_32' title="bbox 611 3130 2234 3200; baseline -0.001 -16"><span class='ocrx_word' id='word_1_246' title='bbox 611 3180 614 3184; x_wconf 89' lang='lat'><strong>.</strong></span> <span class='ocrx_word' id='word_1_247' title='bbox 662 3135 817 3188; x_wconf 78' lang='lat' dir='ltr'><strong>teritis</strong></span> <span class='ocrx_word' id='word_1_248' title='bbox 843 3134 1031 3197; x_wconf 82' lang='lat' dir='ltr'><strong>diebus,</strong></span> <span class='ocrx_word' id='word_1_249' title='bbox 1063 3148 1166 3186; x_wconf 80' lang='lat' dir='ltr'><strong>non</strong></span> <span class='ocrx_word' id='word_1_250' title='bbox 1195 3132 1500 3200; x_wconf 78' lang='lat' dir='ltr'><strong>intelligitur</strong></span> <span class='ocrx_word' id='word_1_251' title='bbox 1526 3131 1592 3184; x_wconf 91' lang='lat' dir='ltr'><strong>de</strong></span> <span class='ocrx_word' id='word_1_252' title='bbox 1623 3131 1790 3184; x_wconf 91' lang='lat' dir='ltr'><strong>tribus</strong></span> <span class='ocrx_word' id='word_1_253' title='bbox 1822 3131 2100 3198; x_wconf 82' lang='lat' dir='ltr'><strong>postremis</strong></span> <span class='ocrx_word' id='word_1_254' title='bbox 2122 3130 2234 3183; x_wconf 88' lang='lat' dir='ltr'><strong>dic-</strong></span> 
     </span>
    </p>
   </div>
   <div class='ocr_carea' id='block_1_33' title="bbox 662 3221 2230 3293">
    <p class='ocr_par' dir='ltr' id='par_1_33' title="bbox 662 3221 2230 3293">
     <span class='ocr_line' id='line_1_33' title="bbox 662 3221 2230 3293; baseline -0.002 -15"><span class='ocrx_word' id='word_1_255' title='bbox 662 3226 759 3279; x_wconf 88' lang='lat' dir='ltr'><strong>bus</strong></span> <span class='ocrx_word' id='word_1_256' title='bbox 793 3227 840 3277; x_wconf 92' lang='lat' dir='ltr'><strong>in</strong></span> <span class='ocrx_word' id='word_1_257' title='bbox 877 3225 1064 3293; x_wconf 87' lang='lat' dir='ltr'><strong>quibus</strong></span> <span class='ocrx_word' id='word_1_258' title='bbox 1105 3225 1302 3277; x_wconf 82' lang='lat' dir='ltr'><strong>scilicet</strong></span> <span class='ocrx_word' id='word_1_259' title='bbox 1340 3223 1682 3276; x_wconf 74' lang='lat' dir='ltr'><strong>concinnatus</strong></span> <span class='ocrx_word' id='word_1_260' title='bbox 1711 3232 1842 3275; x_wconf 89' lang='lat' dir='ltr'><strong>erat.</strong></span> <span class='ocrx_word' id='word_1_261' title='bbox 1874 3223 1926 3276; x_wconf 87' lang='lat' dir='ltr'><strong>in</strong></span> <span class='ocrx_word' id='word_1_262' title='bbox 1966 3221 2064 3276; x_wconf 89' lang='lat' dir='ltr'><strong>hac</strong></span> <span class='ocrx_word' id='word_1_263' title='bbox 2107 3223 2230 3275; x_wconf 89' lang='lat' dir='ltr'><strong>item</strong></span> 
     </span>
    </p>
   </div>
   <div class='ocr_carea' id='block_1_34' title="bbox 662 3313 2233 3384">
    <p class='ocr_par' dir='ltr' id='par_1_34' title="bbox 662 3313 2233 3384">
     <span class='ocr_line' id='line_1_34' title="bbox 662 3313 2233 3384; baseline -0.003 -16"><span class='ocrx_word' id='word_1_264' title='bbox 662 3316 872 3369; x_wconf 81' lang='lat' dir='ltr'><strong>humilia</strong></span> <span class='ocrx_word' id='word_1_265' title='bbox 902 3315 1232 3380; x_wconf 84' lang='lat' dir='ltr'><strong>duodecima,</strong></span> <span class='ocrx_word' id='word_1_266' title='bbox 1257 3330 1373 3384; x_wconf 73' lang='lat' dir='ltr'><strong>qua:</strong></span> <span class='ocrx_word' id='word_1_267' title='bbox 1402 3314 1574 3368; x_wconf 88' lang='lat' dir='ltr'><strong>habita</strong></span> <span class='ocrx_word' id='word_1_268' title='bbox 1604 3323 1683 3368; x_wconf 90' lang='lat' dir='ltr'><strong>est</strong></span> <span class='ocrx_word' id='word_1_269' title='bbox 1712 3313 1837 3367; x_wconf 83' lang='lat' dir='ltr'><strong>feria</strong></span> <span class='ocrx_word' id='word_1_270' title='bbox 1863 3315 2012 3367; x_wconf 89' lang='lat' dir='ltr'><strong>tertia</strong></span> <span class='ocrx_word' id='word_1_271' title='bbox 2035 3323 2233 3383; x_wconf 74' lang='lat' dir='ltr'><strong>quarta:</strong></span> 
     </span>
    </p>
   </div>
   <div class='ocr_carea' id='block_1_35' title="bbox 663 3404 2231 3475">
    <p class='ocr_par' dir='ltr' id='par_1_35' title="bbox 663 3404 2231 3475">
     <span class='ocr_line' id='line_1_35' title="bbox 663 3404 2231 3475; baseline -0.001 -16"><span class='ocrx_word' id='word_1_272' title='bbox 663 3406 1006 3460; x_wconf 87' lang='lat' dir='ltr'><strong>hebdomadis</strong></span> <span class='ocrx_word' id='word_1_273' title='bbox 1032 3406 1486 3475; x_wconf 67' lang='lat' dir='ltr'><strong>Quadragesimm,</strong></span> <span class='ocrx_word' id='word_1_274' title='bbox 1517 3405 1688 3460; x_wconf 87' lang='lat' dir='ltr'><strong>cidem</strong></span> <span class='ocrx_word' id='word_1_275' title='bbox 1722 3404 1915 3458; x_wconf 84' lang='lat' dir='ltr'><strong>insistit</strong></span> <span class='ocrx_word' id='word_1_276' title='bbox 1953 3405 2231 3475; x_wconf 74' lang='lat' dir='ltr'><strong>hypothesi</strong></span> 
     </span>
    </p>
   </div>
   <div class='ocr_carea' id='block_1_36' title="bbox 662 3493 2232 3563">
    <p class='ocr_par' dir='ltr' id='par_1_36' title="bbox 662 3493 2232 3563">
     <span class='ocr_line' id='line_1_36' title="bbox 662 3493 2232 3563; baseline -0.002 -14"><span class='ocrx_word' id='word_1_277' title='bbox 662 3494 728 3549; x_wconf 89' lang='lat' dir='ltr'><strong>de</strong></span> <span class='ocrx_word' id='word_1_278' title='bbox 755 3495 1010 3563; x_wconf 85' lang='lat' dir='ltr'><strong>sapientia</strong></span> <span class='ocrx_word' id='word_1_279' title='bbox 1034 3495 1125 3548; x_wconf 88' lang='lat' dir='ltr'><strong>Dei</strong></span> <span class='ocrx_word' id='word_1_280' title='bbox 1148 3495 1195 3546; x_wconf 87' lang='lat' dir='ltr'><strong>in</strong></span> <span class='ocrx_word' id='word_1_281' title='bbox 1220 3494 1396 3547; x_wconf 90' lang='lat' dir='ltr'><strong>mandi</strong></span> <span class='ocrx_word' id='word_1_282' title='bbox 1421 3494 1631 3561; x_wconf 77' lang='lat' dir='ltr'><strong>Opificio</strong></span> <span class='ocrx_word' id='word_1_283' title='bbox 1654 3511 1666 3545; x_wconf 90' lang='lat'><strong>:</strong></span> <span class='ocrx_word' id='word_1_284' title='bbox 1693 3502 1872 3560; x_wconf 85' lang='lat' dir='ltr'><strong>postea</strong></span> <span class='ocrx_word' id='word_1_285' title='bbox 1899 3493 2004 3561; x_wconf 89' lang='lat' dir='ltr'><strong>agit</strong></span> <span class='ocrx_word' id='word_1_286' title='bbox 2030 3493 2094 3545; x_wconf 90' lang='lat' dir='ltr'><strong>de</strong></span> <span class='ocrx_word' id='word_1_287' title='bbox 2115 3493 2232 3560; x_wconf 88' lang='lat' dir='ltr'><strong>jure</strong></span> 
     </span>
    </p>
   </div>
   <div class='ocr_carea' id='block_1_37' title="bbox 664 3581 2232 3650">
    <p class='ocr_par' dir='ltr' id='par_1_37' title="bbox 664 3581 2232 3650">
     <span class='ocr_line' id='line_1_37' title="bbox 664 3581 2232 3650; baseline -0.001 -14"><span class='ocrx_word' id='word_1_288' title='bbox 664 3583 908 3647; x_wconf 84' lang='lat' dir='ltr'><strong>naturali,</strong></span> <span class='ocrx_word' id='word_1_289' title='bbox 935 3584 1087 3650; x_wconf 86' lang='lat' dir='ltr'><strong>cujus</strong></span> <span class='ocrx_word' id='word_1_290' title='bbox 1111 3581 1462 3650; x_wconf 85' lang='lat' dir='ltr'><strong>cognitionem</strong></span> <span class='ocrx_word' id='word_1_291' title='bbox 1496 3581 1636 3635; x_wconf 89' lang='lat' dir='ltr'><strong>Deus</strong></span> <span class='ocrx_word' id='word_1_292' title='bbox 1662 3581 1858 3634; x_wconf 82' lang='lat' dir='ltr'><strong>homini</strong></span> <span class='ocrx_word' id='word_1_293' title='bbox 1891 3581 2110 3645; x_wconf 89' lang='lat' dir='ltr'><strong>indidit,</strong></span> <span class='ocrx_word' id='word_1_294' title='bbox 2140 3582 2232 3634; x_wconf 77' lang='lat' dir='ltr'><strong>tle—</strong></span> 
     </span>
    </p>
   </div>
   <div class='ocr_carea' id='block_1_38' title="bbox 662 3671 1346 3742">
    <p class='ocr_par' dir='ltr' id='par_1_38' title="bbox 662 3671 1346 3742">
     <span class='ocr_line' id='line_1_38' title="bbox 662 3671 1346 3742; baseline 0 -20"><span class='ocrx_word' id='word_1_295' title='bbox 662 3688 764 3742; x_wconf 86' lang='lat' dir='ltr'><strong>que</strong></span> <span class='ocrx_word' id='word_1_296' title='bbox 786 3673 1086 3742; x_wconf 88' lang='lat' dir='ltr'><strong>jnrameuto</strong></span> <span class='ocrx_word' id='word_1_297' title='bbox 1113 3671 1346 3726; x_wconf 89' lang='lat' dir='ltr'><strong>vitando.</strong></span> 
     </span>
    </p>
   </div>
   <div class='ocr_carea' id='block_1_39' title="bbox 737 3761 2235 3840">
    <p class='ocr_par' dir='ltr' id='par_1_39' title="bbox 737 3761 2235 3840">
     <span class='ocr_line' id='line_1_39' title="bbox 737 3761 2235 3840; baseline 0.002 -26"><span class='ocrx_word' id='word_1_298' title='bbox 737 3764 998 3816; x_wconf 84' lang='lat' dir='ltr'><strong>Decimam</strong></span> <span class='ocrx_word' id='word_1_299' title='bbox 1028 3765 1236 3815; x_wconf 84' lang='lat' dir='ltr'><strong>tertiam</strong></span> <span class='ocrx_word' id='word_1_300' title='bbox 1261 3761 1527 3814; x_wconf 90' lang='lat' dir='ltr'><strong>homiliam</strong></span> <span class='ocrx_word' id='word_1_301' title='bbox 1551 3762 1681 3815; x_wconf 82' lang='lat' dir='ltr'><strong>dixit</strong></span> <span class='ocrx_word' id='word_1_302' title='bbox 1705 3763 1961 3831; x_wconf 87' lang='lat' dir='ltr'><strong>postridie</strong></span> <span class='ocrx_word' id='word_1_303' title='bbox 1983 3761 2235 3840; x_wconf 76' lang='lat' dir='ltr'><strong>duodeci-</strong></span> 
     </span>
    </p>
   </div>
   <div class='ocr_carea' id='block_1_40' title="bbox 665 3853 2236 3923">
    <p class='ocr_par' dir='ltr' id='par_1_40' title="bbox 665 3853 2236 3923">
     <span class='ocr_line' id='line_1_40' title="bbox 665 3853 2236 3923; baseline -0.001 -15"><span class='ocrx_word' id='word_1_304' title='bbox 665 3870 826 3908; x_wconf 87' lang='lat' dir='ltr'><strong>mam.</strong></span> <span class='ocrx_word' id='word_1_305' title='bbox 858 3854 1124 3922; x_wconf 86' lang='lat' dir='ltr'><strong>Principio</strong></span> <span class='ocrx_word' id='word_1_306' title='bbox 1150 3853 1344 3922; x_wconf 81' lang='lat' dir='ltr'><strong>gratias</strong></span> <span class='ocrx_word' id='word_1_307' title='bbox 1373 3854 1478 3923; x_wconf 83' lang='lat' dir='ltr'><strong>agit</strong></span> <span class='ocrx_word' id='word_1_308' title='bbox 1503 3854 1610 3908; x_wconf 91' lang='lat' dir='ltr'><strong>Deo</strong></span> <span class='ocrx_word' id='word_1_309' title='bbox 1641 3854 1705 3907; x_wconf 88' lang='lat' dir='ltr'><strong>de</strong></span> <span class='ocrx_word' id='word_1_310' title='bbox 1733 3864 1927 3908; x_wconf 89' lang='lat' dir='ltr'><strong>mutata</strong></span> <span class='ocrx_word' id='word_1_311' title='bbox 1957 3870 2130 3909; x_wconf 90' lang='lat' dir='ltr'><strong>rerum</strong></span> <span class='ocrx_word' id='word_1_312' title='bbox 2163 3856 2236 3906; x_wconf 87' lang='lat' dir='ltr'><strong>fa-</strong></span> 
     </span>
    </p>
   </div>
   <div class='ocr_carea' id='block_1_41' title="bbox 663 3945 2230 4014">
    <p class='ocr_par' dir='ltr' id='par_1_41' title="bbox 663 3945 2230 4014">
     <span class='ocr_line' id='line_1_41' title="bbox 663 3945 2230 4014; baseline 0.001 -18"><span class='ocrx_word' id='word_1_313' title='bbox 663 3946 765 4012; x_wconf 86' lang='lat' dir='ltr'><strong>cie,</strong></span> <span class='ocrx_word' id='word_1_314' title='bbox 795 3945 964 4014; x_wconf 86' lang='lat' dir='ltr'><strong>deque</strong></span> <span class='ocrx_word' id='word_1_315' title='bbox 991 3945 1196 3999; x_wconf 85' lang='lat' dir='ltr'><strong>sublato</strong></span> <span class='ocrx_word' id='word_1_316' title='bbox 1218 3953 1378 4007; x_wconf 91' lang='lat' dir='ltr'><strong>metu,</strong></span> <span class='ocrx_word' id='word_1_317' title='bbox 1403 3946 1488 4013; x_wconf 91' lang='lat' dir='ltr'><strong>qui</strong></span> <span class='ocrx_word' id='word_1_318' title='bbox 1512 3955 1685 3999; x_wconf 85' lang='lat' dir='ltr'><strong>tantus</strong></span> <span class='ocrx_word' id='word_1_319' title='bbox 1714 3946 1899 4010; x_wconf 81' lang='lat' dir='ltr'><strong>fuerat,</strong></span> <span class='ocrx_word' id='word_1_320' title='bbox 1920 3955 1972 3998; x_wconf 85' lang='lat' dir='ltr'><strong>ut</strong></span> <span class='ocrx_word' id='word_1_321' title='bbox 1998 3947 2230 4009; x_wconf 74' lang='lat' dir='ltr'><strong>civitatis,</strong></span> 
     </span>
    </p>
   </div>
   <div class='ocr_carea' id='block_1_42' title="bbox 664 4035 2235 4104">
    <p class='ocr_par' dir='ltr' id='par_1_42' title="bbox 664 4035 2235 4104">
     <span class='ocr_line' id='line_1_42' title="bbox 664 4035 2235 4104; baseline 0 -17"><span class='ocrx_word' id='word_1_322' title='bbox 664 4035 850 4103; x_wconf 76' lang='lat' dir='ltr'><strong>inquit,</strong></span> <span class='ocrx_word' id='word_1_323' title='bbox 879 4037 1040 4104; x_wconf 73' lang='lat' dir='ltr'><strong>major</strong></span> <span class='ocrx_word' id='word_1_324' title='bbox 1065 4052 1181 4102; x_wconf 81' lang='lat' dir='ltr'><strong>pars</strong></span> <span class='ocrx_word' id='word_1_325' title='bbox 1210 4051 1314 4103; x_wconf 79' lang='lat' dir='ltr'><strong>pra:</strong></span> <span class='ocrx_word' id='word_1_326' title='bbox 1345 4035 1517 4087; x_wconf 85' lang='lat' dir='ltr'><strong>timore</strong></span> <span class='ocrx_word' id='word_1_327' title='bbox 1541 4044 1588 4087; x_wconf 89' lang='lat' dir='ltr'><strong>ct</strong></span> <span class='ocrx_word' id='word_1_328' title='bbox 1616 4036 1996 4088; x_wconf 86' lang='lat' dir='ltr'><strong>comminatione</strong></span> <span class='ocrx_word' id='word_1_329' title='bbox 2021 4035 2112 4088; x_wconf 80' lang='lat' dir='ltr'><strong>illa</strong></span> <span class='ocrx_word' id='word_1_330' title='bbox 2131 4079 2144 4096; x_wconf 79' lang='lat'><strong>,</strong></span> <span class='ocrx_word' id='word_1_331' title='bbox 2167 4036 2235 4087; x_wconf 84' lang='lat' dir='ltr'><strong>ad</strong></span> 
     </span>
    </p>
   </div>
   <div class='ocr_carea' id='block_1_43' title="bbox 664 4124 2235 4192">
    <p class='ocr_par' dir='ltr' id='par_1_43' title="bbox 664 4124 2235 4192">
     <span class='ocr_line' id='line_1_43' title="bbox 664 4124 2235 4192; baseline 0.002 -15"><span class='ocrx_word' id='word_1_332' title='bbox 664 4126 858 4179; x_wconf 78' lang='lat' dir='ltr'><strong>deserta</strong></span> <span class='ocrx_word' id='word_1_333' title='bbox 889 4136 932 4179; x_wconf 81' lang='lat' dir='ltr'><strong>et</strong></span> <span class='ocrx_word' id='word_1_334' title='bbox 955 4126 1122 4192; x_wconf 72' lang='lat' dir='ltr'><strong>fauces</strong></span> <span class='ocrx_word' id='word_1_335' title='bbox 1144 4126 1384 4177; x_wconf 88' lang='lat' dir='ltr'><strong>montium</strong></span> <span class='ocrx_word' id='word_1_336' title='bbox 1409 4166 1422 4187; x_wconf 93' lang='lat'><strong>,</strong></span> <span class='ocrx_word' id='word_1_337' title='bbox 1456 4135 1499 4177; x_wconf 87' lang='lat' dir='ltr'><strong>et</strong></span> <span class='ocrx_word' id='word_1_338' title='bbox 1530 4124 1724 4178; x_wconf 79' lang='lat' dir='ltr'><strong>occulta</strong></span> <span class='ocrx_word' id='word_1_339' title='bbox 1753 4127 1973 4178; x_wconf 84' lang='lat' dir='ltr'><strong>locorum</strong></span> <span class='ocrx_word' id='word_1_340' title='bbox 2001 4128 2235 4180; x_wconf 77' lang='lat' dir='ltr'><strong>transmi-</strong></span> 
     </span>
    </p>
   </div>
   <div class='ocr_carea' id='block_1_44' title="bbox 665 4215 2236 4286">
    <p class='ocr_par' dir='ltr' id='par_1_44' title="bbox 665 4215 2236 4286">
     <span class='ocr_line' id='line_1_44' title="bbox 665 4215 2236 4286; baseline 0.002 -19"><span class='ocrx_word' id='word_1_341' title='bbox 665 4217 896 4286; x_wconf 77' lang='lat' dir='ltr'><strong>grarcrit.</strong></span> <span class='ocrx_word' id='word_1_342' title='bbox 931 4216 1059 4268; x_wconf 91' lang='lat' dir='ltr'><strong>llinc</strong></span> <span class='ocrx_word' id='word_1_343' title='bbox 1084 4215 1148 4269; x_wconf 89' lang='lat' dir='ltr'><strong>de</strong></span> <span class='ocrx_word' id='word_1_344' title='bbox 1173 4215 1350 4268; x_wconf 72' lang='lat' dir='ltr'><strong>muliis</strong></span> <span class='ocrx_word' id='word_1_345' title='bbox 1379 4215 1441 4268; x_wconf 91' lang='lat' dir='ltr'><strong>ad</strong></span> <span class='ocrx_word' id='word_1_346' title='bbox 1475 4215 1697 4269; x_wconf 87' lang='lat' dir='ltr'><strong>tribunal</strong></span> <span class='ocrx_word' id='word_1_347' title='bbox 1725 4215 1992 4275; x_wconf 90' lang='lat' dir='ltr'><strong>adductis.</strong></span> <span class='ocrx_word' id='word_1_348' title='bbox 2024 4218 2088 4270; x_wconf 89' lang='lat' dir='ltr'><strong>de</strong></span> <span class='ocrx_word' id='word_1_349' title='bbox 2113 4217 2236 4270; x_wconf 89' lang='lat' dir='ltr'><strong>hor-</strong></span> 
     </span>
    </p>
   </div>
   <div class='ocr_carea' id='block_1_45' title="bbox 667 4304 2236 4374">
    <p class='ocr_par' dir='ltr' id='par_1_45' title="bbox 667 4304 2236 4374">
     <span class='ocr_line' id='line_1_45' title="bbox 667 4304 2236 4374; baseline 0.002 -16"><span class='ocrx_word' id='word_1_350' title='bbox 667 4305 802 4358; x_wconf 88' lang='lat' dir='ltr'><strong>ribili</strong></span> <span class='ocrx_word' id='word_1_351' title='bbox 833 4304 1005 4358; x_wconf 84' lang='lat' dir='ltr'><strong>habita</strong></span> <span class='ocrx_word' id='word_1_352' title='bbox 1043 4305 1317 4358; x_wconf 83' lang='lat' dir='ltr'><strong>verberum</strong></span> <span class='ocrx_word' id='word_1_353' title='bbox 1361 4313 1414 4358; x_wconf 90' lang='lat' dir='ltr'><strong>et</strong></span> <span class='ocrx_word' id='word_1_354' title='bbox 1458 4305 1777 4372; x_wconf 82' lang='lat' dir='ltr'><strong>flagellorum</strong></span> <span class='ocrx_word' id='word_1_355' title='bbox 1809 4306 2102 4374; x_wconf 69' lang='lat' dir='ltr'><strong>qumstionc</strong></span> <span class='ocrx_word' id='word_1_356' title='bbox 2124 4348 2136 4369; x_wconf 87' lang='lat'><strong>,</strong></span> <span class='ocrx_word' id='word_1_357' title='bbox 2171 4308 2236 4361; x_wconf 87' lang='lat' dir='ltr'><strong>de</strong></span> 
     </span>
    </p>
   </div>
   <div class='ocr_carea' id='block_1_46' title="bbox 666 4395 2237 4466">
    <p class='ocr_par' dir='ltr' id='par_1_46' title="bbox 666 4395 2237 4466">
     <span class='ocr_line' id='line_1_46' title="bbox 666 4395 2237 4466; baseline 0.002 -17"><span class='ocrx_word' id='word_1_358' title='bbox 666 4397 781 4450; x_wconf 76' lang='lat' dir='ltr'><strong>aliis</strong></span> <span class='ocrx_word' id='word_1_359' title='bbox 807 4397 868 4450; x_wconf 90' lang='lat' dir='ltr'><strong>ad</strong></span> <span class='ocrx_word' id='word_1_360' title='bbox 896 4396 1206 4465; x_wconf 78' lang='lat' dir='ltr'><strong>supplicium</strong></span> <span class='ocrx_word' id='word_1_361' title='bbox 1234 4397 1470 4463; x_wconf 87' lang='lat' dir='ltr'><strong>raptatis,</strong></span> <span class='ocrx_word' id='word_1_362' title='bbox 1494 4395 1560 4450; x_wconf 88' lang='lat' dir='ltr'><strong>de</strong></span> <span class='ocrx_word' id='word_1_363' title='bbox 1583 4405 1748 4450; x_wconf 88' lang='lat' dir='ltr'><strong>matre</strong></span> <span class='ocrx_word' id='word_1_364' title='bbox 1773 4405 1822 4450; x_wconf 89' lang='lat' dir='ltr'><strong>et</strong></span> <span class='ocrx_word' id='word_1_365' title='bbox 1848 4412 2032 4451; x_wconf 88' lang='lat' dir='ltr'><strong>sorore</strong></span> <span class='ocrx_word' id='word_1_366' title='bbox 2060 4397 2237 4466; x_wconf 75' lang='lat' dir='ltr'><strong>cujus-</strong></span> 
     </span>
    </p>
   </div>
   <div class='ocr_carea' id='block_1_47' title="bbox 665 4485 2236 4556">
    <p class='ocr_par' dir='ltr' id='par_1_47' title="bbox 665 4485 2236 4556">
     <span class='ocr_line' id='line_1_47' title="bbox 665 4485 2236 4556; baseline 0.002 -18"><span class='ocrx_word' id='word_1_367' title='bbox 665 4486 808 4548; x_wconf 89' lang='lat' dir='ltr'><strong>dam,</strong></span> <span class='ocrx_word' id='word_1_368' title='bbox 833 4487 898 4540; x_wconf 91' lang='lat' dir='ltr'><strong>de</strong></span> <span class='ocrx_word' id='word_1_369' title='bbox 925 4493 1029 4554; x_wconf 88' lang='lat' dir='ltr'><strong>quo</strong></span> <span class='ocrx_word' id='word_1_370' title='bbox 1070 4487 1208 4538; x_wconf 89' lang='lat' dir='ltr'><strong>intus</strong></span> <span class='ocrx_word' id='word_1_371' title='bbox 1233 4485 1578 4553; x_wconf 77' lang='lat' dir='ltr'><strong>indicabatur,</strong></span> <span class='ocrx_word' id='word_1_372' title='bbox 1606 4485 1671 4538; x_wconf 87' lang='lat' dir='ltr'><strong>ad</strong></span> <span class='ocrx_word' id='word_1_373' title='bbox 1702 4485 2012 4540; x_wconf 81' lang='lat' dir='ltr'><strong>vestibulum</strong></span> <span class='ocrx_word' id='word_1_374' title='bbox 2043 4487 2092 4540; x_wconf 91' lang='lat' dir='ltr'><strong>in</strong></span> <span class='ocrx_word' id='word_1_375' title='bbox 2122 4490 2236 4556; x_wconf 86' lang='lat' dir='ltr'><strong>pul-</strong></span> 
     </span>
    </p>
   </div>
   <div class='ocr_carea' id='block_1_48' title="bbox 667 4573 2235 4646">
    <p class='ocr_par' dir='ltr' id='par_1_48' title="bbox 667 4573 2235 4646">
     <span class='ocr_line' id='line_1_48' title="bbox 667 4573 2235 4646; baseline 0.003 -19"><span class='ocrx_word' id='word_1_376' title='bbox 667 4590 790 4629; x_wconf 89' lang='lat' dir='ltr'><strong>vere</strong></span> <span class='ocrx_word' id='word_1_377' title='bbox 811 4575 1074 4627; x_wconf 78' lang='lat' dir='ltr'><strong>volutatis.</strong></span> <span class='ocrx_word' id='word_1_378' title='bbox 1105 4574 1227 4627; x_wconf 65' lang='lat' dir='ltr'><strong>llaec</strong></span> <span class='ocrx_word' id='word_1_379' title='bbox 1255 4573 1515 4642; x_wconf 88' lang='lat' dir='ltr'><strong>pathetice</strong></span> <span class='ocrx_word' id='word_1_380' title='bbox 1536 4573 1785 4628; x_wconf 90' lang='lat' dir='ltr'><strong>describit</strong></span> <span class='ocrx_word' id='word_1_381' title='bbox 1805 4573 2235 4646; x_wconf 86' lang='lat' dir='ltr'><strong>Chrysostomus,</strong></span> 
     </span>
    </p>
   </div>
   <div class='ocr_carea' id='block_1_49' title="bbox 665 4663 2232 4733">
    <p class='ocr_par' dir='ltr' id='par_1_49' title="bbox 665 4663 2232 4733">
     <span class='ocr_line' id='line_1_49' title="bbox 665 4663 2232 4733; baseline 0.002 -16"><span class='ocrx_word' id='word_1_382' title='bbox 665 4681 785 4733; x_wconf 77' lang='lat' dir='ltr'><strong>qum</strong></span> <span class='ocrx_word' id='word_1_383' title='bbox 809 4665 986 4732; x_wconf 87' lang='lat' dir='ltr'><strong>paucis</strong></span> <span class='ocrx_word' id='word_1_384' title='bbox 1009 4673 1130 4718; x_wconf 86' lang='lat' dir='ltr'><strong>ante</strong></span> <span class='ocrx_word' id='word_1_385' title='bbox 1153 4663 1355 4726; x_wconf 89' lang='lat' dir='ltr'><strong>diebus,</strong></span> <span class='ocrx_word' id='word_1_386' title='bbox 1380 4664 1579 4717; x_wconf 83' lang='lat' dir='ltr'><strong>scilicet</strong></span> <span class='ocrx_word' id='word_1_387' title='bbox 1597 4674 1878 4733; x_wconf 83' lang='lat' dir='ltr'><strong>antequam</strong></span> <span class='ocrx_word' id='word_1_388' title='bbox 1904 4665 2232 4720; x_wconf 88' lang='lat' dir='ltr'><strong>undecimam</strong></span> 
     </span>
    </p>
   </div>
   <div class='ocr_carea' id='block_1_50' title="bbox 665 4755 2237 4826">
    <p class='ocr_par' dir='ltr' id='par_1_50' title="bbox 665 4755 2237 4826">
     <span class='ocr_line' id='line_1_50' title="bbox 665 4755 2237 4826; baseline 0 -16"><span class='ocrx_word' id='word_1_389' title='bbox 665 4757 974 4810; x_wconf 88' lang='lat' dir='ltr'><strong>concionem</strong></span> <span class='ocrx_word' id='word_1_390' title='bbox 1003 4755 1220 4811; x_wconf 85' lang='lat' dir='ltr'><strong>haberet</strong></span> <span class='ocrx_word' id='word_1_391' title='bbox 1243 4797 1256 4821; x_wconf 90' lang='lat'><strong>,</strong></span> <span class='ocrx_word' id='word_1_392' title='bbox 1288 4766 1432 4826; x_wconf 82' lang='lat' dir='ltr'><strong>gesta</strong></span> <span class='ocrx_word' id='word_1_393' title='bbox 1462 4757 1686 4811; x_wconf 82' lang='lat' dir='ltr'><strong>fuerant.</strong></span> <span class='ocrx_word' id='word_1_394' title='bbox 1720 4757 1842 4812; x_wconf 79' lang='lat' dir='ltr'><strong>[hec</strong></span> <span class='ocrx_word' id='word_1_395' title='bbox 1868 4767 2040 4810; x_wconf 86' lang='lat' dir='ltr'><strong>autem</strong></span> <span class='ocrx_word' id='word_1_396' title='bbox 2069 4757 2237 4810; x_wconf 91' lang='lat' dir='ltr'><strong>homi—</strong></span> 
     </span>
    </p>
   </div>
   <div class='ocr_carea' id='block_1_51' title="bbox 667 4841 2237 4915">
    <p class='ocr_par' dir='ltr' id='par_1_51' title="bbox 667 4841 2237 4915">
     <span class='ocr_line' id='line_1_51' title="bbox 667 4841 2237 4915; baseline 0 -15"><span class='ocrx_word' id='word_1_397' title='bbox 667 4847 733 4900; x_wconf 90' lang='lat' dir='ltr'><strong>lia</strong></span> <span class='ocrx_word' id='word_1_398' title='bbox 779 4846 952 4901; x_wconf 82' lang='lat' dir='ltr'><strong>habita</strong></span> <span class='ocrx_word' id='word_1_399' title='bbox 992 4846 1150 4901; x_wconf 88' lang='lat' dir='ltr'><strong>fuisse</strong></span> <span class='ocrx_word' id='word_1_400' title='bbox 1191 4847 1405 4900; x_wconf 90' lang='lat' dir='ltr'><strong>omnino</strong></span> <span class='ocrx_word' id='word_1_401' title='bbox 1431 4847 1636 4901; x_wconf 88' lang='lat' dir='ltr'><strong>videtur</strong></span> <span class='ocrx_word' id='word_1_402' title='bbox 1664 4846 1790 4902; x_wconf 89' lang='lat' dir='ltr'><strong>feria</strong></span> <span class='ocrx_word' id='word_1_403' title='bbox 1825 4857 2007 4915; x_wconf 88' lang='lat' dir='ltr'><strong>quarta</strong></span> <span class='ocrx_word' id='word_1_404' title='bbox 2037 4841 2237 4901; x_wconf 81' lang='lat' dir='ltr'><strong>hebdo-</strong></span> 
     </span>
    </p>
   </div>
   <div class='ocr_carea' id='block_1_52' title="bbox 671 4938 2236 5009">
    <p class='ocr_par' dir='ltr' id='par_1_52' title="bbox 671 4938 2236 5009">
     <span class='ocr_line' id='line_1_52' title="bbox 671 4938 2236 5009; baseline -0.001 -16"><span class='ocrx_word' id='word_1_405' title='bbox 671 4938 841 4993; x_wconf 87' lang='lat' dir='ltr'><strong>madis</strong></span> <span class='ocrx_word' id='word_1_406' title='bbox 868 4950 1066 5008; x_wconf 69' lang='lat' dir='ltr'><strong>quarta:</strong></span> <span class='ocrx_word' id='word_1_407' title='bbox 1095 4938 1538 5009; x_wconf 66' lang='lat' dir='ltr'><strong>Quadragesimaa.</strong></span> <span class='ocrx_word' id='word_1_408' title='bbox 1577 4939 1870 4994; x_wconf 69' lang='lat' dir='ltr'><strong>Prmmissis</strong></span> <span class='ocrx_word' id='word_1_409' title='bbox 1895 4949 2071 4992; x_wconf 90' lang='lat' dir='ltr'><strong>autem</strong></span> <span class='ocrx_word' id='word_1_410' title='bbox 2102 4939 2236 4992; x_wconf 87' lang='lat' dir='ltr'><strong>bene</strong></span> 
     </span>
    </p>
   </div>
   <div class='ocr_carea' id='block_1_53' title="bbox 669 5029 2237 5098">
    <p class='ocr_par' dir='ltr' id='par_1_53' title="bbox 669 5029 2237 5098">
     <span class='ocr_line' id='line_1_53' title="bbox 669 5029 2237 5098; baseline 0.001 -14"><span class='ocrx_word' id='word_1_411' title='bbox 669 5031 849 5084; x_wconf 90' lang='lat' dir='ltr'><strong>multis</strong></span> <span class='ocrx_word' id='word_1_412' title='bbox 886 5029 953 5084; x_wconf 90' lang='lat' dir='ltr'><strong>de</strong></span> <span class='ocrx_word' id='word_1_413' title='bbox 991 5029 1287 5083; x_wconf 87' lang='lat' dir='ltr'><strong>calamitate</strong></span> <span class='ocrx_word' id='word_1_414' title='bbox 1329 5029 1655 5084; x_wconf 87' lang='lat' dir='ltr'><strong>Autiochena</strong></span> <span class='ocrx_word' id='word_1_415' title='bbox 1682 5069 1694 5093; x_wconf 93' lang='lat'><strong>,</strong></span> <span class='ocrx_word' id='word_1_416' title='bbox 1737 5029 1802 5083; x_wconf 88' lang='lat' dir='ltr'><strong>ad</strong></span> <span class='ocrx_word' id='word_1_417' title='bbox 1851 5031 2128 5098; x_wconf 90' lang='lat' dir='ltr'><strong>pristinum</strong></span> <span class='ocrx_word' id='word_1_418' title='bbox 2170 5030 2237 5085; x_wconf 85' lang='lat' dir='ltr'><strong>de</strong></span> 
     </span>
    </p>
   </div>
   <div class='ocr_carea' id='block_1_54' title="bbox 673 5120 2232 5190">
    <p class='ocr_par' dir='ltr' id='par_1_54' title="bbox 673 5120 2232 5190">
     <span class='ocr_line' id='line_1_54' title="bbox 673 5120 2232 5190; baseline -0.001 -15"><span class='ocrx_word' id='word_1_419' title='bbox 673 5120 898 5176; x_wconf 91' lang='lat' dir='ltr'><strong>hominis</strong></span> <span class='ocrx_word' id='word_1_420' title='bbox 927 5122 1138 5189; x_wconf 82' lang='lat' dir='ltr'><strong>epiticio</strong></span> <span class='ocrx_word' id='word_1_421' title='bbox 1179 5131 1542 5190; x_wconf 81' lang='lat' dir='ltr'><strong>argumentum</strong></span> <span class='ocrx_word' id='word_1_422' title='bbox 1589 5121 1904 5186; x_wconf 85' lang='lat' dir='ltr'><strong>descendit,</strong></span> <span class='ocrx_word' id='word_1_423' title='bbox 1945 5131 1998 5175; x_wconf 90' lang='lat' dir='ltr'><strong>et</strong></span> <span class='ocrx_word' id='word_1_424' title='bbox 2039 5122 2232 5175; x_wconf 90' lang='lat' dir='ltr'><strong>cohor-</strong></span> 
     </span>
    </p>
   </div>
   <div class='ocr_carea' id='block_1_55' title="bbox 670 5211 2237 5280">
    <p class='ocr_par' dir='ltr' id='par_1_55' title="bbox 670 5211 2237 5280">
     <span class='ocr_line' id='line_1_55' title="bbox 670 5211 2237 5280; baseline -0.001 -14"><span class='ocrx_word' id='word_1_425' title='bbox 670 5212 832 5266; x_wconf 84' lang='lat' dir='ltr'><strong>tando</strong></span> <span class='ocrx_word' id='word_1_426' title='bbox 856 5212 922 5267; x_wconf 86' lang='lat' dir='ltr'><strong>de</strong></span> <span class='ocrx_word' id='word_1_427' title='bbox 955 5227 1100 5266; x_wconf 88' lang='lat' dir='ltr'><strong>more</strong></span> <span class='ocrx_word' id='word_1_428' title='bbox 1127 5212 1190 5266; x_wconf 89' lang='lat' dir='ltr'><strong>ad</strong></span> <span class='ocrx_word' id='word_1_429' title='bbox 1217 5212 1512 5280; x_wconf 88' lang='lat' dir='ltr'><strong>juramenta</strong></span> <span class='ocrx_word' id='word_1_430' title='bbox 1534 5212 1747 5266; x_wconf 84' lang='lat' dir='ltr'><strong>vitanda</strong></span> <span class='ocrx_word' id='word_1_431' title='bbox 1775 5211 2066 5267; x_wconf 90' lang='lat' dir='ltr'><strong>orationem</strong></span> <span class='ocrx_word' id='word_1_432' title='bbox 2093 5215 2237 5267; x_wconf 85' lang='lat' dir='ltr'><strong>clau-</strong></span> 
     </span>
    </p>
   </div>
   <div class='ocr_carea' id='block_1_56' title="bbox 668 5302 766 5357">
    <p class='ocr_par' dir='ltr' id='par_1_56' title="bbox 668 5302 766 5357">
     <span class='ocr_line' id='line_1_56' title="bbox 668 5302 766 5357; baseline -0.01 0"><span class='ocrx_word' id='word_1_433' title='bbox 668 5302 766 5357; x_wconf 90' lang='lat' dir='ltr'><strong>dit.</strong></span> 
     </span>
    </p>
   </div>
   <div class='ocr_carea' id='block_1_57' title="bbox 743 5393 2236 5463">
    <p class='ocr_par' dir='ltr' id='par_1_57' title="bbox 743 5393 2236 5463">
     <span class='ocr_line' id='line_1_57' title="bbox 743 5393 2236 5463; baseline -0.002 -15"><span class='ocrx_word' id='word_1_434' title='bbox 743 5393 1009 5448; x_wconf 87' lang='lat' dir='ltr'><strong>Decimam</strong></span> <span class='ocrx_word' id='word_1_435' title='bbox 1069 5401 1306 5463; x_wconf 80' lang='lat' dir='ltr'><strong>quartam</strong></span> <span class='ocrx_word' id='word_1_436' title='bbox 1355 5393 1721 5448; x_wconf 85' lang='lat' dir='ltr'><strong>Tillemontius</strong></span> <span class='ocrx_word' id='word_1_437' title='bbox 1764 5393 2037 5448; x_wconf 82' lang='lat' dir='ltr'><strong>locandam</strong></span> <span class='ocrx_word' id='word_1_438' title='bbox 2091 5401 2236 5462; x_wconf 87' lang='lat' dir='ltr'><strong>putat</strong></span> 
     </span>
    </p>
   </div>
   <div class='ocr_carea' id='block_1_58' title="bbox 669 5483 2237 5554">
    <p class='ocr_par' dir='ltr' id='par_1_58' title="bbox 669 5483 2237 5554">
     <span class='ocr_line' id='line_1_58' title="bbox 669 5483 2237 5554; baseline -0.001 -16"><span class='ocrx_word' id='word_1_439' title='bbox 669 5495 787 5554; x_wconf 87' lang='lat' dir='ltr'><strong>post</strong></span> <span class='ocrx_word' id='word_1_440' title='bbox 813 5484 1068 5538; x_wconf 86' lang='lat' dir='ltr'><strong>decimam</strong></span> <span class='ocrx_word' id='word_1_441' title='bbox 1102 5493 1338 5538; x_wconf 81' lang='lat' dir='ltr'><strong>octavam</strong></span> <span class='ocrx_word' id='word_1_442' title='bbox 1361 5525 1376 5548; x_wconf 95' lang='lat'><strong>,</strong></span> <span class='ocrx_word' id='word_1_443' title='bbox 1420 5486 1518 5538; x_wconf 90' lang='lat' dir='ltr'><strong>hac</strong></span> <span class='ocrx_word' id='word_1_444' title='bbox 1557 5493 1823 5553; x_wconf 89' lang='lat' dir='ltr'><strong>permotus</strong></span> <span class='ocrx_word' id='word_1_445' title='bbox 1874 5484 2077 5537; x_wconf 90' lang='lat' dir='ltr'><strong>ratione</strong></span> <span class='ocrx_word' id='word_1_446' title='bbox 2109 5502 2119 5536; x_wconf 92' lang='lat'>:</span> <span class='ocrx_word' id='word_1_447' title='bbox 2154 5483 2237 5537; x_wconf 82' lang='lat' dir='ltr'><strong>ln-</strong></span> 
     </span>
    </p>
   </div>
   <div class='ocr_carea' id='block_1_59' title="bbox 671 5572 2235 5644">
    <p class='ocr_par' dir='ltr' id='par_1_59' title="bbox 671 5572 2235 5644">
     <span class='ocr_line' id='line_1_59' title="bbox 671 5572 2235 5644; baseline 0 -18"><span class='ocrx_word' id='word_1_448' title='bbox 671 5577 764 5626; x_wconf 87' lang='lat' dir='ltr'><strong>itio</strong></span> <span class='ocrx_word' id='word_1_449' title='bbox 789 5575 860 5628; x_wconf 89' lang='lat' dir='ltr'><strong>ait</strong></span> <span class='ocrx_word' id='word_1_450' title='bbox 883 5574 1310 5644; x_wconf 80' lang='lat' dir='ltr'><strong>Chrysostomus,</strong></span> <span class='ocrx_word' id='word_1_451' title='bbox 1348 5572 1464 5627; x_wconf 79' lang='lat' dir='ltr'><strong>Non</strong></span> <span class='ocrx_word' id='word_1_452' title='bbox 1494 5591 1669 5643; x_wconf 86' lang='lat' dir='ltr'><strong>parum</strong></span> <span class='ocrx_word' id='word_1_453' title='bbox 1700 5575 1943 5627; x_wconf 76' lang='lat' dir='ltr'><strong>civitatem</strong></span> <span class='ocrx_word' id='word_1_454' title='bbox 1964 5575 2103 5627; x_wconf 72' lang='lat' dir='ltr'><strong>nobis</strong></span> <span class='ocrx_word' id='word_1_455' title='bbox 2131 5575 2235 5626; x_wconf 84' lang='lat' dir='ltr'><strong>heri</strong></span> 
     </span>
    </p>
   </div>
   <div class='ocr_carea' id='block_1_60' title="bbox 667 5663 2231 5734">
    <p class='ocr_par' dir='ltr' id='par_1_60' title="bbox 667 5663 2231 5734">
     <span class='ocr_line' id='line_1_60' title="bbox 667 5663 2231 5734; baseline -0.003 -16"><span class='ocrx_word' id='word_1_456' title='bbox 667 5667 898 5720; x_wconf 78' lang='lat' dir='ltr'><strong>dutt&#39;olus</strong></span> <span class='ocrx_word' id='word_1_457' title='bbox 931 5683 972 5734; x_wconf 81' lang='lat' dir='ltr'><strong>p.</strong></span> <span class='ocrx_word' id='word_1_458' title='bbox 993 5663 1243 5730; x_wconf 73' lang='lat' dir='ltr'><strong>rturbat‘it,</strong></span> <span class='ocrx_word' id='word_1_459' title='bbox 1275 5665 1361 5717; x_wconf 71' lang='lat' dir='ltr'><strong>sed</strong></span> <span class='ocrx_word' id='word_1_460' title='bbox 1384 5671 1431 5717; x_wconf 84' lang='lat' dir='ltr'><strong>et</strong></span> <span class='ocrx_word' id='word_1_461' title='bbox 1460 5663 1590 5717; x_wconf 77' lang='lat' dir='ltr'><strong>Deus</strong></span> <span class='ocrx_word' id='word_1_462' title='bbox 1619 5679 1706 5717; x_wconf 75' lang='lat' dir='ltr'><strong>nos</strong></span> <span class='ocrx_word' id='word_1_463' title='bbox 1729 5664 1900 5717; x_wconf 83' lang='lat' dir='ltr'><strong>iterum</strong></span> <span class='ocrx_word' id='word_1_464' title='bbox 1927 5680 2021 5716; x_wconf 84' lang='lat' dir='ltr'><strong>non</strong></span> <span class='ocrx_word' id='word_1_465' title='bbox 2057 5679 2231 5731; x_wconf 80' lang='lat' dir='ltr'><strong>parum</strong></span> 
     </span>
    </p>
   </div>
   <div class='ocr_carea' id='block_1_61' title="bbox 1739 299 2828 362">
    <p class='ocr_par' dir='ltr' id='par_1_61' title="bbox 1739 299 2828 362">
     <span class='ocr_line' id='line_1_61' title="bbox 1739 299 2828 362; baseline -0.007 -4"><span class='ocrx_word' id='word_1_466' title='bbox 1739 307 1791 358; x_wconf 84' lang='lat' dir='ltr'><strong>S.</strong></span> <span class='ocrx_word' id='word_1_467' title='bbox 1837 303 2107 357; x_wconf 64' lang='lat' dir='ltr'><strong>Jt).\I\&quot;NIS</strong></span> <span class='ocrx_word' id='word_1_468' title='bbox 2147 300 2608 355; x_wconf 59' lang='lat' dir='ltr'><strong>(Illltl’SOSTOMI</strong></span> <span class='ocrx_word' id='word_1_469' title='bbox 2654 299 2828 362; x_wconf 67' lang='lat' dir='ltr'><strong>Vl&#39;lA,</strong></span> 
     </span>
    </p>
   </div>
   <div class='ocr_carea' id='block_1_62' title="bbox 3825 305 3928 360">
    <p class='ocr_par' dir='ltr' id='par_1_62' title="bbox 3825 305 3928 360">
     <span class='ocr_line' id='line_1_62' title="bbox 3825 305 3928 360; baseline 0 0"><span class='ocrx_word' id='word_1_470' title='bbox 3825 305 3928 360; x_wconf 67' lang='grc' dir='ltr'><strong>Ιῗο</strong></span> 
     </span>
    </p>
   </div>
   <div class='ocr_carea' id='block_1_63' title="bbox 2350 413 3928 482">
    <p class='ocr_par' dir='ltr' id='par_1_63' title="bbox 2350 413 3928 482">
     <span class='ocr_line' id='line_1_63' title="bbox 2350 413 3928 482; baseline 0.003 -19"><span class='ocrx_word' id='word_1_471' title='bbox 2350 415 2635 464; x_wconf 68' lang='lat' dir='ltr'><strong>consolatus</strong></span> <span class='ocrx_word' id='word_1_472' title='bbox 2657 423 2745 464; x_wconf 74' lang='lat' dir='ltr'><strong>est.</strong></span> <span class='ocrx_word' id='word_1_473' title='bbox 2772 413 2895 464; x_wconf 69' lang='lat' dir='ltr'><strong>llme</strong></span> <span class='ocrx_word' id='word_1_474' title='bbox 2918 414 3096 475; x_wconf 82' lang='lat' dir='ltr'><strong>verba,</strong></span> <span class='ocrx_word' id='word_1_475' title='bbox 3128 414 3290 482; x_wconf 85' lang='lat' dir='ltr'><strong>inquit</strong></span> <span class='ocrx_word' id='word_1_476' title='bbox 3325 413 3411 466; x_wconf 78' lang='lat' dir='ltr'><strong>ille</strong></span> <span class='ocrx_word' id='word_1_477' title='bbox 3436 454 3448 478; x_wconf 94' lang='lat'><strong>,</strong></span> <span class='ocrx_word' id='word_1_478' title='bbox 3483 414 3761 470; x_wconf 71' lang='lat' dir='ltr'><strong>adventum</strong></span> <span class='ocrx_word' id='word_1_479' title='bbox 3797 415 3928 470; x_wconf 84' lang='lat' dir='ltr'><strong>llel-</strong></span> 
     </span>
    </p>
   </div>
   <div class='ocr_carea' id='block_1_64' title="bbox 2351 501 3927 577">
    <p class='ocr_par' dir='ltr' id='par_1_64' title="bbox 2351 501 3927 577">
     <span class='ocr_line' id='line_1_64' title="bbox 2351 501 3927 577; baseline 0.006 -26"><span class='ocrx_word' id='word_1_480' title='bbox 2351 501 2561 565; x_wconf 76' lang='lat' dir='ltr'><strong>lebichi,</strong></span> <span class='ocrx_word' id='word_1_481' title='bbox 2591 511 2643 554; x_wconf 81' lang='lat' dir='ltr'><strong>et</strong></span> <span class='ocrx_word' id='word_1_482' title='bbox 2674 503 2910 554; x_wconf 81' lang='lat' dir='ltr'><strong>utmtium</strong></span> <span class='ocrx_word' id='word_1_483' title='bbox 2930 504 3036 570; x_wconf 86' lang='lat' dir='ltr'><strong>jam</strong></span> <span class='ocrx_word' id='word_1_484' title='bbox 3061 502 3514 573; x_wconf 64' lang='lat' dir='ltr'><strong>Culhlnltlltmptill</strong></span> <span class='ocrx_word' id='word_1_485' title='bbox 3541 505 3726 561; x_wconf 79' lang='lat' dir='ltr'><strong>adesse</strong></span> <span class='ocrx_word' id='word_1_486' title='bbox 3753 509 3927 577; x_wconf 82' lang='lat' dir='ltr'><strong>signi-</strong></span> 
     </span>
    </p>
   </div>
   <div class='ocr_carea' id='block_1_65' title="bbox 2349 590 3928 664">
    <p class='ocr_par' dir='ltr' id='par_1_65' title="bbox 2349 590 3928 664">
     <span class='ocr_line' id='line_1_65' title="bbox 2349 590 3928 664; baseline 0.005 -24"><span class='ocrx_word' id='word_1_487' title='bbox 2349 590 2522 642; x_wconf 77' lang='lat' dir='ltr'><strong>ficant.</strong></span> <span class='ocrx_word' id='word_1_488' title='bbox 2558 590 2746 642; x_wconf 67' lang='lat' dir='ltr'><strong>\‘vrmu</strong></span> <span class='ocrx_word' id='word_1_489' title='bbox 2790 590 2901 644; x_wconf 81' lang='lat' dir='ltr'><strong>lucc</strong></span> <span class='ocrx_word' id='word_1_490' title='bbox 2942 592 3250 646; x_wconf 79' lang='lat' dir='ltr'><strong>hariolando</strong></span> <span class='ocrx_word' id='word_1_491' title='bbox 3290 593 3552 647; x_wconf 90' lang='lat' dir='ltr'><strong>dicuntur.</strong></span> <span class='ocrx_word' id='word_1_492' title='bbox 3585 595 3723 660; x_wconf 84' lang='lat' dir='ltr'><strong>Quot</strong></span> <span class='ocrx_word' id='word_1_493' title='bbox 3748 598 3928 664; x_wconf 74' lang='lat' dir='ltr'><strong>suspi-</strong></span> 
     </span>
    </p>
   </div>
   <div class='ocr_carea' id='block_1_66' title="bbox 2345 681 3923 750">
    <p class='ocr_par' dir='ltr' id='par_1_66' title="bbox 2345 681 3923 750">
     <span class='ocr_line' id='line_1_66' title="bbox 2345 681 3923 750; baseline 0.004 -17"><span class='ocrx_word' id='word_1_494' title='bbox 2345 681 2526 733; x_wconf 84' lang='lat' dir='ltr'><strong>ciones</strong></span> <span class='ocrx_word' id='word_1_495' title='bbox 2551 689 2602 732; x_wconf 93' lang='lat' dir='ltr'><strong>et</strong></span> <span class='ocrx_word' id='word_1_496' title='bbox 2634 690 2864 734; x_wconf 89' lang='lat' dir='ltr'><strong>terrores</strong></span> <span class='ocrx_word' id='word_1_497' title='bbox 2904 683 3168 735; x_wconf 87' lang='lat' dir='ltr'><strong>iunnissos</strong></span> <span class='ocrx_word' id='word_1_498' title='bbox 3198 694 3347 750; x_wconf 86' lang='lat' dir='ltr'><strong>putas</strong></span> <span class='ocrx_word' id='word_1_499' title='bbox 3379 685 3720 740; x_wconf 76' lang='lat' dir='ltr'><strong>Antiochenis</strong></span> <span class='ocrx_word' id='word_1_500' title='bbox 3745 729 3762 750; x_wconf 86' lang='lat'><strong>,</strong></span> <span class='ocrx_word' id='word_1_501' title='bbox 3792 687 3923 740; x_wconf 87' lang='lat' dir='ltr'><strong>dum</strong></span> 
     </span>
    </p>
   </div>
   <div class='ocr_carea' id='block_1_67' title="bbox 2343 770 3924 840">
    <p class='ocr_par' dir='ltr' id='par_1_67' title="bbox 2343 770 3924 840">
     <span class='ocr_line' id='line_1_67' title="bbox 2343 770 3924 840; baseline 0.005 -19"><span class='ocrx_word' id='word_1_502' title='bbox 2343 770 2502 822; x_wconf 87' lang='lat' dir='ltr'><strong>animi</strong></span> <span class='ocrx_word' id='word_1_503' title='bbox 2534 771 2842 838; x_wconf 87' lang='lat' dir='ltr'><strong>penderent,</strong></span> <span class='ocrx_word' id='word_1_504' title='bbox 2867 781 2917 825; x_wconf 92' lang='lat' dir='ltr'><strong>et</strong></span> <span class='ocrx_word' id='word_1_505' title='bbox 2939 787 3188 840; x_wconf 89' lang='lat' dir='ltr'><strong>quorsum</strong></span> <span class='ocrx_word' id='word_1_506' title='bbox 3214 783 3318 826; x_wconf 92' lang='lat' dir='ltr'><strong>tam</strong></span> <span class='ocrx_word' id='word_1_507' title='bbox 3341 774 3563 828; x_wconf 84' lang='lat' dir='ltr'><strong>infausta</strong></span> <span class='ocrx_word' id='word_1_508' title='bbox 3591 791 3676 829; x_wconf 88' lang='lat' dir='ltr'><strong>res</strong></span> <span class='ocrx_word' id='word_1_509' title='bbox 3696 791 3924 829; x_wconf 86' lang='lat' dir='ltr'><strong>evasura</strong></span> 
     </span>
    </p>
   </div>
   <div class='ocr_carea' id='block_1_68' title="bbox 2343 862 3925 930">
    <p class='ocr_par' dir='ltr' id='par_1_68' title="bbox 2343 862 3925 930">
     <span class='ocr_line' id='line_1_68' title="bbox 2343 862 3925 930; baseline 0.006 -18"><span class='ocrx_word' id='word_1_510' title='bbox 2343 870 2483 914; x_wconf 85' lang='lat' dir='ltr'><strong>esset</strong></span> <span class='ocrx_word' id='word_1_511' title='bbox 2529 862 2865 930; x_wconf 86' lang='lat' dir='ltr'><strong>ignorarent?</strong></span> <span class='ocrx_word' id='word_1_512' title='bbox 2902 863 2974 916; x_wconf 85' lang='lat' dir='ltr'>De</span> <span class='ocrx_word' id='word_1_513' title='bbox 3005 864 3068 916; x_wconf 91' lang='lat' dir='ltr'><strong>iis</strong></span> <span class='ocrx_word' id='word_1_514' title='bbox 3097 879 3224 917; x_wconf 90' lang='lat' dir='ltr'><strong>vero</strong></span> <span class='ocrx_word' id='word_1_515' title='bbox 3265 865 3556 920; x_wconf 89' lang='lat' dir='ltr'><strong>terroribus</strong></span> <span class='ocrx_word' id='word_1_516' title='bbox 3595 869 3925 923; x_wconf 85' lang='lat' dir='ltr'><strong>rumoribus-</strong></span> 
     </span>
    </p>
   </div>
   <div class='ocr_carea' id='block_1_69' title="bbox 2343 953 3920 1025">
    <p class='ocr_par' dir='ltr' id='par_1_69' title="bbox 2343 953 3920 1025">
     <span class='ocr_line' id='line_1_69' title="bbox 2343 953 3920 1025; baseline 0.008 -24"><span class='ocrx_word' id='word_1_517' title='bbox 2343 967 2445 1019; x_wconf 85' lang='lat' dir='ltr'><strong>que</strong></span> <span class='ocrx_word' id='word_1_518' title='bbox 2493 953 2791 1005; x_wconf 82' lang='lat' dir='ltr'><strong>ratiocinari</strong></span> <span class='ocrx_word' id='word_1_519' title='bbox 2829 955 3094 1022; x_wconf 90' lang='lat' dir='ltr'><strong>quomodo</strong></span> <span class='ocrx_word' id='word_1_520' title='bbox 3122 971 3420 1023; x_wconf 87' lang='lat' dir='ltr'><strong>possumus,</strong></span> <span class='ocrx_word' id='word_1_521' title='bbox 3452 959 3538 1025; x_wconf 91' lang='lat' dir='ltr'><strong>qui</strong></span> <span class='ocrx_word' id='word_1_522' title='bbox 3569 973 3750 1012; x_wconf 81' lang='lat' dir='ltr'><strong>eorum</strong></span> <span class='ocrx_word' id='word_1_523' title='bbox 3777 961 3920 1014; x_wconf 83' lang='lat' dir='ltr'><strong>haud</strong></span> 
     </span>
    </p>
   </div>
   <div class='ocr_carea' id='block_1_70' title="bbox 2342 1043 3892 1123">
    <p class='ocr_par' dir='ltr' id='par_1_70' title="bbox 2342 1043 3892 1123">
     <span class='ocr_line' id='line_1_70' title="bbox 2342 1043 3892 1123; baseline 0.008 -27"><span class='ocrx_word' id='word_1_524' title='bbox 2342 1043 2502 1096; x_wconf 82' lang='lat' dir='ltr'><strong>dubie</strong></span> <span class='ocrx_word' id='word_1_525' title='bbox 2542 1045 2822 1098; x_wconf 75' lang='lat' dir='ltr'><strong>maximam</strong></span> <span class='ocrx_word' id='word_1_526' title='bbox 2857 1055 3057 1114; x_wconf 84' lang='lat' dir='ltr'><strong>partem</strong></span> <span class='ocrx_word' id='word_1_527' title='bbox 3102 1049 3437 1115; x_wconf 80' lang='lat' dir='ltr'><strong>ignoramus;</strong></span> <span class='ocrx_word' id='word_1_528' title='bbox 3466 1059 3520 1106; x_wconf 85' lang='lat' dir='ltr'><strong>et</strong></span> <span class='ocrx_word' id='word_1_529' title='bbox 3548 1055 3590 1107; x_wconf 91' lang='lat' dir='ltr'><strong>si</strong></span> <span class='ocrx_word' id='word_1_530' title='bbox 3631 1069 3728 1123; x_wconf 87' lang='lat' dir='ltr'><strong>qua</strong></span> <span class='ocrx_word' id='word_1_531' title='bbox 3771 1057 3892 1109; x_wconf 85' lang='lat' dir='ltr'><strong>novi</strong></span> 
     </span>
    </p>
   </div>
   <div class='ocr_carea' id='block_1_71' title="bbox 2341 1136 3920 1212">
    <p class='ocr_par' dir='ltr' id='par_1_71' title="bbox 2341 1136 3920 1212">
     <span class='ocr_line' id='line_1_71' title="bbox 2341 1136 3920 1212; baseline 0.009 -27"><span class='ocrx_word' id='word_1_532' title='bbox 2341 1149 2478 1198; x_wconf 86' lang='lat' dir='ltr'><strong>mus,</strong></span> <span class='ocrx_word' id='word_1_533' title='bbox 2510 1136 2576 1186; x_wconf 92' lang='lat' dir='ltr'><strong>ita</strong></span> <span class='ocrx_word' id='word_1_534' title='bbox 2604 1137 2912 1204; x_wconf 90' lang='lat' dir='ltr'><strong>plerumque</strong></span> <span class='ocrx_word' id='word_1_535' title='bbox 2941 1137 3282 1208; x_wconf 80' lang='lat' dir='ltr'><strong>intelligimus</strong></span> <span class='ocrx_word' id='word_1_536' title='bbox 3303 1182 3315 1202; x_wconf 95' lang='lat'><strong>,</strong></span> <span class='ocrx_word' id='word_1_537' title='bbox 3357 1149 3414 1194; x_wconf 91' lang='lat' dir='ltr'><strong>ut</strong></span> <span class='ocrx_word' id='word_1_538' title='bbox 3449 1143 3536 1196; x_wconf 81' lang='lat' dir='ltr'><strong>vix</strong></span> <span class='ocrx_word' id='word_1_539' title='bbox 3576 1143 3696 1198; x_wconf 92' lang='lat' dir='ltr'><strong>inde</strong></span> <span class='ocrx_word' id='word_1_540' title='bbox 3723 1161 3920 1212; x_wconf 87' lang='lat' dir='ltr'><strong>quam-</strong></span> 
     </span>
    </p>
   </div>
   <div class='ocr_carea' id='block_1_72' title="bbox 2342 1227 3923 1296">
    <p class='ocr_par' dir='ltr' id='par_1_72' title="bbox 2342 1227 3923 1296">
     <span class='ocr_line' id='line_1_72' title="bbox 2342 1227 3923 1296; baseline 0.011 -23"><span class='ocrx_word' id='word_1_541' title='bbox 2342 1227 2480 1291; x_wconf 83' lang='lat' dir='ltr'><strong>piam</strong></span> <span class='ocrx_word' id='word_1_542' title='bbox 2507 1233 2684 1278; x_wconf 87' lang='lat' dir='ltr'><strong>notam</strong></span> <span class='ocrx_word' id='word_1_543' title='bbox 2715 1228 2973 1294; x_wconf 72' lang='lat' dir='ltr'><strong>expiscari</strong></span> <span class='ocrx_word' id='word_1_544' title='bbox 3007 1230 3266 1296; x_wconf 88' lang='lat' dir='ltr'><strong>possimus</strong></span> <span class='ocrx_word' id='word_1_545' title='bbox 3292 1232 3313 1284; x_wconf 89' lang='lat'><strong>?</strong></span> <span class='ocrx_word' id='word_1_546' title='bbox 3353 1232 3475 1286; x_wconf 74' lang='lat' dir='ltr'><strong>llam</strong></span> <span class='ocrx_word' id='word_1_547' title='bbox 3502 1232 3719 1288; x_wconf 88' lang='lat' dir='ltr'><strong>homilia</strong></span> <span class='ocrx_word' id='word_1_548' title='bbox 3751 1237 3923 1290; x_wconf 84' lang='lat' dir='ltr'><strong>ferme</strong></span> 
     </span>
    </p>
   </div>
   <div class='ocr_carea' id='block_1_73' title="bbox 2342 1317 3229 1386">
    <p class='ocr_par' dir='ltr' id='par_1_73' title="bbox 2342 1317 3229 1386">
     <span class='ocr_line' id='line_1_73' title="bbox 2342 1317 3229 1386; baseline 0.006 -19"><span class='ocrx_word' id='word_1_549' title='bbox 2342 1322 2446 1367; x_wconf 90' lang='lat' dir='ltr'><strong>tota</strong></span> <span class='ocrx_word' id='word_1_550' title='bbox 2474 1325 2555 1368; x_wconf 92' lang='lat' dir='ltr'><strong>est</strong></span> <span class='ocrx_word' id='word_1_551' title='bbox 2581 1318 2646 1369; x_wconf 89' lang='lat' dir='ltr'><strong>de</strong></span> <span class='ocrx_word' id='word_1_552' title='bbox 2675 1317 2888 1372; x_wconf 88' lang='lat' dir='ltr'><strong>vitando</strong></span> <span class='ocrx_word' id='word_1_553' title='bbox 2908 1321 3229 1386; x_wconf 90' lang='lat' dir='ltr'><strong>juramento.</strong></span> 
     </span>
    </p>
   </div>
   <div class='ocr_carea' id='block_1_74' title="bbox 2412 1406 3923 1474">
    <p class='ocr_par' dir='ltr' id='par_1_74' title="bbox 2412 1406 3923 1474">
     <span class='ocr_line' id='line_1_74' title="bbox 2412 1406 3923 1474; baseline 0.007 -16"><span class='ocrx_word' id='word_1_554' title='bbox 2412 1406 2675 1458; x_wconf 88' lang='lat' dir='ltr'><strong>Decimam</strong></span> <span class='ocrx_word' id='word_1_555' title='bbox 2703 1408 2937 1474; x_wconf 84' lang='lat' dir='ltr'><strong>quintam</strong></span> <span class='ocrx_word' id='word_1_556' title='bbox 2969 1407 3240 1464; x_wconf 87' lang='lat' dir='ltr'><strong>homiliam</strong></span> <span class='ocrx_word' id='word_1_557' title='bbox 3273 1413 3381 1466; x_wconf 89' lang='lat' dir='ltr'><strong>vult</strong></span> <span class='ocrx_word' id='word_1_558' title='bbox 3418 1413 3791 1470; x_wconf 88' lang='lat' dir='ltr'><strong>Tillemontius</strong></span> <span class='ocrx_word' id='word_1_559' title='bbox 3825 1417 3923 1469; x_wconf 76' lang='lat' dir='ltr'><strong>ba-</strong></span> 
     </span>
    </p>
   </div>
   <div class='ocr_carea' id='block_1_75' title="bbox 2339 1495 3917 1572">
    <p class='ocr_par' dir='ltr' id='par_1_75' title="bbox 2339 1495 3917 1572">
     <span class='ocr_line' id='line_1_75' title="bbox 2339 1495 3917 1572; baseline 0.009 -24"><span class='ocrx_word' id='word_1_560' title='bbox 2339 1495 2498 1548; x_wconf 88' lang='lat' dir='ltr'><strong>bitarn</strong></span> <span class='ocrx_word' id='word_1_561' title='bbox 2538 1495 2698 1550; x_wconf 80' lang='lat' dir='ltr'><strong>fuisse</strong></span> <span class='ocrx_word' id='word_1_562' title='bbox 2738 1498 2877 1552; x_wconf 90' lang='lat' dir='ltr'><strong>inter</strong></span> <span class='ocrx_word' id='word_1_563' title='bbox 2915 1499 3174 1554; x_wconf 88' lang='lat' dir='ltr'><strong>decimam</strong></span> <span class='ocrx_word' id='word_1_564' title='bbox 3209 1512 3264 1556; x_wconf 88' lang='lat' dir='ltr'><strong>et</strong></span> <span class='ocrx_word' id='word_1_565' title='bbox 3303 1502 3671 1572; x_wconf 87' lang='lat' dir='ltr'><strong>undecimam,</strong></span> <span class='ocrx_word' id='word_1_566' title='bbox 3706 1516 3814 1560; x_wconf 90' lang='lat' dir='ltr'><strong>tum</strong></span> <span class='ocrx_word' id='word_1_567' title='bbox 3847 1509 3917 1562; x_wconf 87' lang='lat' dir='ltr'><strong>ob</strong></span> 
     </span>
    </p>
   </div>
   <div class='ocr_carea' id='block_1_76' title="bbox 2339 1587 3914 1664">
    <p class='ocr_par' dir='ltr' id='par_1_76' title="bbox 2339 1587 3914 1664">
     <span class='ocr_line' id='line_1_76' title="bbox 2339 1587 3914 1664; baseline 0.007 -26"><span class='ocrx_word' id='word_1_568' title='bbox 2339 1600 2524 1638; x_wconf 86' lang='lat' dir='ltr'><strong>causas</strong></span> <span class='ocrx_word' id='word_1_569' title='bbox 2561 1601 2718 1654; x_wconf 86' lang='lat' dir='ltr'><strong>supra</strong></span> <span class='ocrx_word' id='word_1_570' title='bbox 2764 1587 2828 1641; x_wconf 90' lang='lat' dir='ltr'><strong>ad</strong></span> <span class='ocrx_word' id='word_1_571' title='bbox 2873 1589 3205 1644; x_wconf 89' lang='lat' dir='ltr'><strong>undecimam</strong></span> <span class='ocrx_word' id='word_1_572' title='bbox 3248 1603 3567 1648; x_wconf 75' lang='lat' dir='ltr'><strong>memoratas</strong></span> <span class='ocrx_word' id='word_1_573' title='bbox 3593 1636 3606 1659; x_wconf 93' lang='lat'><strong>,</strong></span> <span class='ocrx_word' id='word_1_574' title='bbox 3651 1605 3760 1649; x_wconf 91' lang='lat' dir='ltr'><strong>tum</strong></span> <span class='ocrx_word' id='word_1_575' title='bbox 3791 1597 3914 1664; x_wconf 83' lang='lat' dir='ltr'><strong>quia</strong></span> 
     </span>
    </p>
   </div>
   <div class='ocr_carea' id='block_1_77' title="bbox 2339 1675 3916 1751">
    <p class='ocr_par' dir='ltr' id='par_1_77' title="bbox 2339 1675 3916 1751">
     <span class='ocr_line' id='line_1_77' title="bbox 2339 1675 3916 1751; baseline 0.008 -24"><span class='ocrx_word' id='word_1_576' title='bbox 2339 1675 2746 1744; x_wconf 70' lang='lat' dir='ltr'><strong>Clil‘ySOlelltllS</strong></span> <span class='ocrx_word' id='word_1_577' title='bbox 2783 1679 2860 1731; x_wconf 89' lang='lat' dir='ltr'><strong>sic</strong></span> <span class='ocrx_word' id='word_1_578' title='bbox 2907 1679 3066 1734; x_wconf 83' lang='lat' dir='ltr'><strong>habet</strong></span> <span class='ocrx_word' id='word_1_579' title='bbox 3093 1681 3240 1735; x_wconf 92' lang='lat' dir='ltr'><strong>initio</strong></span> <span class='ocrx_word' id='word_1_580' title='bbox 3267 1700 3280 1736; x_wconf 93' lang='lat'><strong>:</strong></span> <span class='ocrx_word' id='word_1_581' title='bbox 3309 1682 3580 1751; x_wconf 81' lang='lat' dir='ltr'><strong>Oportebat</strong></span> <span class='ocrx_word' id='word_1_582' title='bbox 3619 1695 3662 1738; x_wconf 82' lang='lat' dir='ltr'><strong>et</strong></span> <span class='ocrx_word' id='word_1_583' title='bbox 3691 1685 3838 1738; x_wconf 80' lang='lat' dir='ltr'><strong>hodie</strong></span> <span class='ocrx_word' id='word_1_584' title='bbox 3869 1697 3916 1739; x_wconf 81' lang='lat' dir='ltr'><strong>et</strong></span> 
     </span>
    </p>
   </div>
   <div class='ocr_carea' id='block_1_78' title="bbox 2338 1767 3915 1839">
    <p class='ocr_par' dir='ltr' id='par_1_78' title="bbox 2338 1767 3915 1839">
     <span class='ocr_line' id='line_1_78' title="bbox 2338 1767 3915 1839; baseline 0.008 -22"><span class='ocrx_word' id='word_1_585' title='bbox 2338 1767 2593 1833; x_wconf 73' lang='lat' dir='ltr'><strong>superiore</strong></span> <span class='ocrx_word' id='word_1_586' title='bbox 2632 1767 2837 1821; x_wconf 79' lang='lat' dir='ltr'><strong>sabbato</strong></span> <span class='ocrx_word' id='word_1_587' title='bbox 2868 1769 2928 1821; x_wconf 81' lang='lat' dir='ltr'><strong>de</strong></span> <span class='ocrx_word' id='word_1_588' title='bbox 2956 1772 3154 1839; x_wconf 53' lang='lat' dir='ltr'><strong>jijunio</strong></span> <span class='ocrx_word' id='word_1_589' title='bbox 3184 1788 3376 1826; x_wconf 85' lang='lat' dir='ltr'><strong>movere</strong></span> <span class='ocrx_word' id='word_1_590' title='bbox 3399 1791 3691 1829; x_wconf 78' lang='lat' dir='ltr'><strong>sermonem.</strong></span> <span class='ocrx_word' id='word_1_591' title='bbox 3723 1777 3818 1831; x_wconf 81' lang='lat' dir='ltr'><strong>Ubi</strong></span> <span class='ocrx_word' id='word_1_592' title='bbox 3852 1779 3915 1830; x_wconf 91' lang='lat' dir='ltr'><strong>il-</strong></span> 
     </span>
    </p>
   </div>
   <div class='ocr_carea' id='block_1_79' title="bbox 2340 1854 3914 1933">
    <p class='ocr_par' dir='ltr' id='par_1_79' title="bbox 2340 1854 3914 1933">
     <span class='ocr_line' id='line_1_79' title="bbox 2340 1854 3914 1933; baseline 0.009 -27"><span class='ocrx_word' id='word_1_593' title='bbox 2340 1854 2426 1909; x_wconf 90' lang='lat' dir='ltr'><strong>lud</strong></span> <span class='ocrx_word' id='word_1_594' title='bbox 2451 1897 2464 1920; x_wconf 90' lang='lat'><strong>,</strong></span> <span class='ocrx_word' id='word_1_595' title='bbox 2507 1858 2764 1924; x_wconf 82' lang='lat' dir='ltr'><strong>superiore</strong></span> <span class='ocrx_word' id='word_1_596' title='bbox 2788 1900 2802 1925; x_wconf 88' lang='lat'><strong>,</strong></span> <span class='ocrx_word' id='word_1_597' title='bbox 2831 1861 2979 1927; x_wconf 86' lang='lat' dir='ltr'><strong>quasi</strong></span> <span class='ocrx_word' id='word_1_598' title='bbox 3007 1872 3148 1915; x_wconf 89' lang='lat' dir='ltr'><strong>esset</strong></span> <span class='ocrx_word' id='word_1_599' title='bbox 3186 1864 3347 1931; x_wconf 87' lang='lat' dir='ltr'><strong>primo</strong></span> <span class='ocrx_word' id='word_1_600' title='bbox 3385 1863 3452 1918; x_wconf 90' lang='lat' dir='ltr'><strong>de</strong></span> <span class='ocrx_word' id='word_1_601' title='bbox 3487 1867 3658 1933; x_wconf 90' lang='lat' dir='ltr'><strong>primo</strong></span> <span class='ocrx_word' id='word_1_602' title='bbox 3694 1869 3914 1922; x_wconf 86' lang='lat' dir='ltr'><strong>sabbato</strong></span> 
     </span>
    </p>
   </div>
   <div class='ocr_carea' id='block_1_80' title="bbox 2337 1948 3911 2026">
    <p class='ocr_par' dir='ltr' id='par_1_80' title="bbox 2337 1948 3911 2026">
     <span class='ocr_line' id='line_1_80' title="bbox 2337 1948 3911 2026; baseline 0.009 -27"><span class='ocrx_word' id='word_1_603' title='bbox 2337 1948 2795 2018; x_wconf 73' lang='lat' dir='ltr'><strong>Quadragesimrc,</strong></span> <span class='ocrx_word' id='word_1_604' title='bbox 2828 1952 3217 2007; x_wconf 88' lang='lat' dir='ltr'><strong>subdubitando</strong></span> <span class='ocrx_word' id='word_1_605' title='bbox 3255 1964 3464 2022; x_wconf 89' lang='lat' dir='ltr'><strong>tamen,</strong></span> <span class='ocrx_word' id='word_1_606' title='bbox 3507 1957 3783 2026; x_wconf 87' lang='lat' dir='ltr'><strong>intelligit;</strong></span> <span class='ocrx_word' id='word_1_607' title='bbox 3814 1961 3911 2013; x_wconf 85' lang='lat' dir='ltr'><strong>sed</strong></span> 
     </span>
    </p>
   </div>
   <div class='ocr_carea' id='block_1_81' title="bbox 2341 2043 3913 2116">
    <p class='ocr_par' dir='ltr' id='par_1_81' title="bbox 2341 2043 3913 2116">
     <span class='ocr_line' id='line_1_81' title="bbox 2341 2043 3913 2116; baseline 0.007 -23"><span class='ocrx_word' id='word_1_608' title='bbox 2341 2056 2458 2106; x_wconf 82' lang='lat' dir='ltr'><strong>nos,</strong></span> <span class='ocrx_word' id='word_1_609' title='bbox 2493 2052 2541 2094; x_wconf 93' lang='lat' dir='ltr'><strong>ut</strong></span> <span class='ocrx_word' id='word_1_610' title='bbox 2571 2051 2625 2096; x_wconf 89' lang='lat' dir='ltr'><strong>et</strong></span> <span class='ocrx_word' id='word_1_611' title='bbox 2653 2043 2954 2098; x_wconf 86' lang='lat' dir='ltr'><strong>Bernardus</strong></span> <span class='ocrx_word' id='word_1_612' title='bbox 2981 2045 3280 2110; x_wconf 87' lang='lat' dir='ltr'><strong>Brixianus,</strong></span> <span class='ocrx_word' id='word_1_613' title='bbox 3311 2046 3379 2101; x_wconf 89' lang='lat' dir='ltr'><strong>de</strong></span> <span class='ocrx_word' id='word_1_614' title='bbox 3405 2048 3681 2116; x_wconf 86' lang='lat' dir='ltr'><strong>superiore</strong></span> <span class='ocrx_word' id='word_1_615' title='bbox 3708 2049 3817 2104; x_wconf 84' lang='lat' dir='ltr'><strong>sive</strong></span> <span class='ocrx_word' id='word_1_616' title='bbox 3845 2051 3913 2104; x_wconf 84' lang='lat' dir='ltr'><strong>de</strong></span> 
     </span>
    </p>
   </div>
   <div class='ocr_carea' id='block_1_82' title="bbox 2339 2132 3912 2208">
    <p class='ocr_par' dir='ltr' id='par_1_82' title="bbox 2339 2132 3912 2208">
     <span class='ocr_line' id='line_1_82' title="bbox 2339 2132 3912 2208; baseline 0.009 -25"><span class='ocrx_word' id='word_1_617' title='bbox 2339 2132 2670 2199; x_wconf 73' lang='lat' dir='ltr'><strong>prmcedente</strong></span> <span class='ocrx_word' id='word_1_618' title='bbox 2699 2133 3058 2202; x_wconf 84' lang='lat' dir='ltr'><strong>intelligimus,</strong></span> <span class='ocrx_word' id='word_1_619' title='bbox 3092 2145 3248 2205; x_wconf 86' lang='lat' dir='ltr'><strong>atque</strong></span> <span class='ocrx_word' id='word_1_620' title='bbox 3275 2135 3344 2190; x_wconf 86' lang='lat' dir='ltr'><strong>ita</strong></span> <span class='ocrx_word' id='word_1_621' title='bbox 3372 2138 3767 2208; x_wconf 86' lang='lat' dir='ltr'><strong>intelligendum</strong></span> <span class='ocrx_word' id='word_1_622' title='bbox 3792 2157 3912 2197; x_wconf 85' lang='lat' dir='ltr'><strong>esse</strong></span> 
     </span>
    </p>
   </div>
   <div class='ocr_carea' id='block_1_83' title="bbox 2337 2223 3910 2300">
    <p class='ocr_par' dir='ltr' id='par_1_83' title="bbox 2337 2223 3910 2300">
     <span class='ocr_line' id='line_1_83' title="bbox 2337 2223 3910 2300; baseline 0.007 -25"><span class='ocrx_word' id='word_1_623' title='bbox 2337 2223 2599 2291; x_wconf 87' lang='lat' dir='ltr'><strong>exemplis</strong></span> <span class='ocrx_word' id='word_1_624' title='bbox 2642 2227 3018 2293; x_wconf 89' lang='lat' dir='ltr'><strong>comprobatur</strong></span> <span class='ocrx_word' id='word_1_625' title='bbox 3054 2243 3067 2278; x_wconf 93' lang='lat'><strong>:</strong></span> <span class='ocrx_word' id='word_1_626' title='bbox 3107 2226 3410 2296; x_wconf 81' lang='lat' dir='ltr'><strong>nullamque</strong></span> <span class='ocrx_word' id='word_1_627' title='bbox 3451 2229 3608 2282; x_wconf 86' lang='lat' dir='ltr'><strong>aliam</strong></span> <span class='ocrx_word' id='word_1_628' title='bbox 3647 2231 3910 2300; x_wconf 85' lang='lat' dir='ltr'><strong>interponi</strong></span> 
     </span>
    </p>
   </div>
   <div class='ocr_carea' id='block_1_84' title="bbox 2339 2313 3914 2398">
    <p class='ocr_par' dir='ltr' id='par_1_84' title="bbox 2339 2313 3914 2398">
     <span class='ocr_line' id='line_1_84' title="bbox 2339 2313 3914 2398; baseline 0.006 -32"><span class='ocrx_word' id='word_1_629' title='bbox 2339 2327 2491 2382; x_wconf 81' lang='lat' dir='ltr'><strong>posse</strong></span> <span class='ocrx_word' id='word_1_630' title='bbox 2522 2313 2790 2398; x_wconf 76' lang='lat' dir='ltr'><strong>homiliam</strong></span> <span class='ocrx_word' id='word_1_631' title='bbox 2821 2315 2956 2369; x_wconf 88' lang='lat' dir='ltr'><strong>inter</strong></span> <span class='ocrx_word' id='word_1_632' title='bbox 2976 2315 3235 2370; x_wconf 89' lang='lat' dir='ltr'><strong>decimam</strong></span> <span class='ocrx_word' id='word_1_633' title='bbox 3260 2327 3309 2371; x_wconf 85' lang='lat' dir='ltr'><strong>et</strong></span> <span class='ocrx_word' id='word_1_634' title='bbox 3333 2318 3667 2374; x_wconf 89' lang='lat' dir='ltr'><strong>undecimam</strong></span> <span class='ocrx_word' id='word_1_635' title='bbox 3691 2321 3798 2390; x_wconf 85' lang='lat' dir='ltr'><strong>jam</strong></span> <span class='ocrx_word' id='word_1_636' title='bbox 3822 2339 3914 2377; x_wconf 88' lang='lat' dir='ltr'><strong>su-</strong></span> 
     </span>
    </p>
   </div>
   <div class='ocr_carea' id='block_1_85' title="bbox 2339 2405 3911 2479">
    <p class='ocr_par' dir='ltr' id='par_1_85' title="bbox 2339 2405 3911 2479">
     <span class='ocr_line' id='line_1_85' title="bbox 2339 2405 3911 2479; baseline 0.006 -22"><span class='ocrx_word' id='word_1_637' title='bbox 2339 2405 2518 2474; x_wconf 87' lang='lat' dir='ltr'><strong>perius</strong></span> <span class='ocrx_word' id='word_1_638' title='bbox 2557 2407 2914 2473; x_wconf 82' lang='lat' dir='ltr'><strong>probavimus.</strong></span> <span class='ocrx_word' id='word_1_639' title='bbox 2945 2408 3236 2463; x_wconf 89' lang='lat' dir='ltr'><strong>Occasione</strong></span> <span class='ocrx_word' id='word_1_640' title='bbox 3268 2420 3438 2464; x_wconf 89' lang='lat' dir='ltr'><strong>metus</strong></span> <span class='ocrx_word' id='word_1_641' title='bbox 3463 2428 3567 2479; x_wconf 87' lang='lat' dir='ltr'><strong>quo</strong></span> <span class='ocrx_word' id='word_1_642' title='bbox 3597 2413 3769 2467; x_wconf 78' lang='lat' dir='ltr'><strong>affecti</strong></span> <span class='ocrx_word' id='word_1_643' title='bbox 3801 2416 3911 2467; x_wconf 81' lang='lat' dir='ltr'><strong>An-</strong></span> 
     </span>
    </p>
   </div>
   <div class='ocr_carea' id='block_1_86' title="bbox 2338 2494 3907 2561">
    <p class='ocr_par' dir='ltr' id='par_1_86' title="bbox 2338 2494 3907 2561">
     <span class='ocr_line' id='line_1_86' title="bbox 2338 2494 3907 2561; baseline 0.007 -15"><span class='ocrx_word' id='word_1_644' title='bbox 2338 2494 2566 2548; x_wconf 88' lang='lat' dir='ltr'><strong>tiocheni</strong></span> <span class='ocrx_word' id='word_1_645' title='bbox 2597 2505 2748 2548; x_wconf 90' lang='lat' dir='ltr'><strong>erant</strong></span> <span class='ocrx_word' id='word_1_646' title='bbox 2772 2536 2788 2561; x_wconf 86' lang='lat'><strong>,</strong></span> <span class='ocrx_word' id='word_1_647' title='bbox 2823 2496 2986 2549; x_wconf 90' lang='lat' dir='ltr'><strong>multa</strong></span> <span class='ocrx_word' id='word_1_648' title='bbox 3030 2497 3160 2551; x_wconf 77' lang='lat' dir='ltr'><strong>dicit</strong></span> <span class='ocrx_word' id='word_1_649' title='bbox 3203 2499 3270 2553; x_wconf 88' lang='lat' dir='ltr'><strong>de</strong></span> <span class='ocrx_word' id='word_1_650' title='bbox 3312 2500 3452 2554; x_wconf 87' lang='lat' dir='ltr'><strong>bono</strong></span> <span class='ocrx_word' id='word_1_651' title='bbox 3483 2500 3686 2556; x_wconf 89' lang='lat' dir='ltr'><strong>timoris</strong></span> <span class='ocrx_word' id='word_1_652' title='bbox 3721 2521 3733 2556; x_wconf 87' lang='lat'>:</span> <span class='ocrx_word' id='word_1_653' title='bbox 3764 2514 3816 2557; x_wconf 88' lang='lat' dir='ltr'><strong>et</strong></span> <span class='ocrx_word' id='word_1_654' title='bbox 3853 2504 3907 2558; x_wconf 88' lang='lat' dir='ltr'><strong>in</strong></span> 
     </span>
    </p>
   </div>
   <div class='ocr_carea' id='block_1_87' title="bbox 2336 2582 3911 2663">
    <p class='ocr_par' dir='ltr' id='par_1_87' title="bbox 2336 2582 3911 2663">
     <span class='ocr_line' id='line_1_87' title="bbox 2336 2582 3911 2663; baseline 0.008 -28"><span class='ocrx_word' id='word_1_655' title='bbox 2336 2582 2441 2636; x_wconf 86' lang='lat' dir='ltr'><strong>ﬁne</strong></span> <span class='ocrx_word' id='word_1_656' title='bbox 2465 2592 2645 2638; x_wconf 90' lang='lat' dir='ltr'><strong>contra</strong></span> <span class='ocrx_word' id='word_1_657' title='bbox 2672 2585 2881 2653; x_wconf 77' lang='lat' dir='ltr'><strong>iurandi</strong></span> <span class='ocrx_word' id='word_1_658' title='bbox 2899 2627 2913 2649; x_wconf 89' lang='lat'><strong>,</strong></span> <span class='ocrx_word' id='word_1_659' title='bbox 2941 2587 3006 2639; x_wconf 85' lang='lat' dir='ltr'><strong>ab</strong></span> <span class='ocrx_word' id='word_1_660' title='bbox 3032 2587 3254 2657; x_wconf 88' lang='lat' dir='ltr'><strong>aliisque</strong></span> <span class='ocrx_word' id='word_1_661' title='bbox 3279 2589 3636 2658; x_wconf 86' lang='lat' dir='ltr'><strong>jurameutum</strong></span> <span class='ocrx_word' id='word_1_662' title='bbox 3667 2593 3911 2663; x_wconf 84' lang='lat' dir='ltr'><strong>exigendi</strong></span> 
     </span>
    </p>
   </div>
   <div class='ocr_carea' id='block_1_88' title="bbox 2335 2674 3159 2731">
    <p class='ocr_par' dir='ltr' id='par_1_88' title="bbox 2335 2674 3159 2731">
     <span class='ocr_line' id='line_1_88' title="bbox 2335 2674 3159 2731; baseline 0 -1"><span class='ocrx_word' id='word_1_663' title='bbox 2335 2674 2772 2730; x_wconf 90' lang='lat' dir='ltr'><strong>consuetudinem</strong></span> <span class='ocrx_word' id='word_1_664' title='bbox 2799 2677 3159 2731; x_wconf 87' lang='lat' dir='ltr'><strong>coneiouatur.</strong></span> 
     </span>
    </p>
   </div>
   <div class='ocr_carea' id='block_1_89' title="bbox 2406 2763 3911 2843">
    <p class='ocr_par' dir='ltr' id='par_1_89' title="bbox 2406 2763 3911 2843">
     <span class='ocr_line' id='line_1_89' title="bbox 2406 2763 3911 2843; baseline 0.006 -24"><span class='ocrx_word' id='word_1_665' title='bbox 2406 2763 2620 2819; x_wconf 87' lang='lat' dir='ltr'><strong>Decima</strong></span> <span class='ocrx_word' id='word_1_666' title='bbox 2649 2778 2795 2821; x_wconf 79' lang='lat' dir='ltr'><strong>sexta</strong></span> <span class='ocrx_word' id='word_1_667' title='bbox 2829 2776 2948 2821; x_wconf 90' lang='lat' dir='ltr'><strong>tunc</strong></span> <span class='ocrx_word' id='word_1_668' title='bbox 2977 2768 3154 2822; x_wconf 87' lang='lat' dir='ltr'><strong>habita</strong></span> <span class='ocrx_word' id='word_1_669' title='bbox 3183 2768 3298 2835; x_wconf 88' lang='lat' dir='ltr'><strong>fuit,</strong></span> <span class='ocrx_word' id='word_1_670' title='bbox 3322 2786 3442 2825; x_wconf 92' lang='lat' dir='ltr'><strong>cum</strong></span> <span class='ocrx_word' id='word_1_671' title='bbox 3469 2786 3654 2842; x_wconf 88' lang='lat' dir='ltr'><strong>sparso</strong></span> <span class='ocrx_word' id='word_1_672' title='bbox 3680 2773 3911 2843; x_wconf 88' lang='lat' dir='ltr'><strong>quodam</strong></span> 
     </span>
    </p>
   </div>
   <div class='ocr_carea' id='block_1_90' title="bbox 2337 2854 3912 2931">
    <p class='ocr_par' dir='ltr' id='par_1_90' title="bbox 2337 2854 3912 2931">
     <span class='ocr_line' id='line_1_90' title="bbox 2337 2854 3912 2931; baseline 0.006 -24"><span class='ocrx_word' id='word_1_673' title='bbox 2337 2854 2470 2908; x_wconf 84' lang='lat' dir='ltr'><strong>falso</strong></span> <span class='ocrx_word' id='word_1_674' title='bbox 2497 2855 2682 2908; x_wconf 67' lang='lat' dir='ltr'><strong>futura!</strong></span> <span class='ocrx_word' id='word_1_675' title='bbox 2710 2858 3060 2924; x_wconf 84' lang='lat' dir='ltr'><strong>populationis</strong></span> <span class='ocrx_word' id='word_1_676' title='bbox 3085 2874 3319 2923; x_wconf 83' lang='lat' dir='ltr'><strong>rumore,</strong></span> <span class='ocrx_word' id='word_1_677' title='bbox 3349 2860 3417 2914; x_wconf 90' lang='lat' dir='ltr'><strong>de</strong></span> <span class='ocrx_word' id='word_1_678' title='bbox 3440 2860 3560 2930; x_wconf 88' lang='lat' dir='ltr'><strong>fuga</strong></span> <span class='ocrx_word' id='word_1_679' title='bbox 3584 2864 3912 2931; x_wconf 84' lang='lat' dir='ltr'><strong>capessenda</strong></span> 
     </span>
    </p>
   </div>
   <div class='ocr_carea' id='block_1_91' title="bbox 2337 2945 3914 3007">
    <p class='ocr_par' dir='ltr' id='par_1_91' title="bbox 2337 2945 3914 3007">
     <span class='ocr_line' id='line_1_91' title="bbox 2337 2945 3914 3007; baseline 0.006 -10"><span class='ocrx_word' id='word_1_680' title='bbox 2337 2959 2523 2998; x_wconf 87' lang='lat' dir='ltr'><strong>omnes</strong></span> <span class='ocrx_word' id='word_1_681' title='bbox 2545 2945 2927 2998; x_wconf 87' lang='lat' dir='ltr'><strong>deliberabant.</strong></span> <span class='ocrx_word' id='word_1_682' title='bbox 2957 2947 3100 2999; x_wconf 86' lang='lat' dir='ltr'><strong>lianc</strong></span> <span class='ocrx_word' id='word_1_683' title='bbox 3123 2948 3281 3001; x_wconf 91' lang='lat' dir='ltr'><strong>etiam</strong></span> <span class='ocrx_word' id='word_1_684' title='bbox 3307 2949 3422 3003; x_wconf 90' lang='lat' dir='ltr'><strong>loco</strong></span> <span class='ocrx_word' id='word_1_685' title='bbox 3450 2965 3661 3005; x_wconf 89' lang='lat' dir='ltr'><strong>movere</strong></span> <span class='ocrx_word' id='word_1_686' title='bbox 3689 2962 3914 3007; x_wconf 90' lang='lat' dir='ltr'><strong>conatur</strong></span> 
     </span>
    </p>
   </div>
   <div class='ocr_carea' id='block_1_92' title="bbox 2337 3035 3910 3109">
    <p class='ocr_par' dir='ltr' id='par_1_92' title="bbox 2337 3035 3910 3109">
     <span class='ocr_line' id='line_1_92' title="bbox 2337 3035 3910 3109; baseline 0.006 -21"><span class='ocrx_word' id='word_1_687' title='bbox 2337 3035 2723 3102; x_wconf 89' lang='lat' dir='ltr'><strong>Tillemontius,</strong></span> <span class='ocrx_word' id='word_1_688' title='bbox 2742 3046 2795 3091; x_wconf 88' lang='lat' dir='ltr'><strong>et</strong></span> <span class='ocrx_word' id='word_1_689' title='bbox 2824 3037 2959 3091; x_wconf 88' lang='lat' dir='ltr'><strong>inter</strong></span> <span class='ocrx_word' id='word_1_690' title='bbox 2977 3036 3235 3092; x_wconf 87' lang='lat' dir='ltr'><strong>decimam</strong></span> <span class='ocrx_word' id='word_1_691' title='bbox 3262 3048 3313 3092; x_wconf 92' lang='lat' dir='ltr'><strong>et</strong></span> <span class='ocrx_word' id='word_1_692' title='bbox 3338 3040 3665 3095; x_wconf 89' lang='lat' dir='ltr'><strong>undecimam</strong></span> <span class='ocrx_word' id='word_1_693' title='bbox 3693 3045 3802 3097; x_wconf 89' lang='lat' dir='ltr'><strong>loca</strong></span> <span class='ocrx_word' id='word_1_694' title='bbox 3815 3059 3871 3098; x_wconf 89' lang='lat' dir='ltr'><strong>re</strong></span> <span class='ocrx_word' id='word_1_695' title='bbox 3896 3061 3910 3109; x_wconf 91' lang='lat'><strong>;</strong></span> 
     </span>
    </p>
   </div>
   <div class='ocr_carea' id='block_1_93' title="bbox 2336 3126 3915 3195">
    <p class='ocr_par' dir='ltr' id='par_1_93' title="bbox 2336 3126 3915 3195">
     <span class='ocr_line' id='line_1_93' title="bbox 2336 3126 3915 3195; baseline 0.006 -17"><span class='ocrx_word' id='word_1_696' title='bbox 2336 3126 2476 3195; x_wconf 90' lang='lat' dir='ltr'><strong>quod</strong></span> <span class='ocrx_word' id='word_1_697' title='bbox 2507 3135 2704 3192; x_wconf 88' lang='lat' dir='ltr'><strong>tamen,</strong></span> <span class='ocrx_word' id='word_1_698' title='bbox 2739 3135 2797 3181; x_wconf 92' lang='lat' dir='ltr'><strong>ut</strong></span> <span class='ocrx_word' id='word_1_699' title='bbox 2827 3126 2891 3180; x_wconf 89' lang='lat' dir='ltr'><strong>ad</strong></span> <span class='ocrx_word' id='word_1_700' title='bbox 2920 3127 3286 3182; x_wconf 88' lang='lat' dir='ltr'><strong>duodecimam</strong></span> <span class='ocrx_word' id='word_1_701' title='bbox 3309 3129 3556 3195; x_wconf 85' lang='lat' dir='ltr'><strong>diximus,</strong></span> <span class='ocrx_word' id='word_1_702' title='bbox 3584 3132 3786 3186; x_wconf 87' lang='lat' dir='ltr'><strong>admitti</strong></span> <span class='ocrx_word' id='word_1_703' title='bbox 3818 3150 3915 3189; x_wconf 89' lang='lat' dir='ltr'><strong>ne-</strong></span> 
     </span>
    </p>
   </div>
   <div class='ocr_carea' id='block_1_94' title="bbox 2337 3216 3918 3288">
    <p class='ocr_par' dir='ltr' id='par_1_94' title="bbox 2337 3216 3918 3288">
     <span class='ocr_line' id='line_1_94' title="bbox 2337 3216 3918 3288; baseline 0.006 -20"><span class='ocrx_word' id='word_1_704' title='bbox 2337 3217 2468 3284; x_wconf 87' lang='lat' dir='ltr'><strong>quit.</strong></span> <span class='ocrx_word' id='word_1_705' title='bbox 2504 3217 2594 3269; x_wconf 91' lang='lat' dir='ltr'><strong>llis</strong></span> <span class='ocrx_word' id='word_1_706' title='bbox 2626 3232 2783 3284; x_wconf 88' lang='lat' dir='ltr'><strong>porro</strong></span> <span class='ocrx_word' id='word_1_707' title='bbox 2815 3216 2998 3270; x_wconf 87' lang='lat' dir='ltr'><strong>nititur</strong></span> <span class='ocrx_word' id='word_1_708' title='bbox 3022 3218 3386 3288; x_wconf 77' lang='lat' dir='ltr'><strong>Chrysostomi</strong></span> <span class='ocrx_word' id='word_1_709' title='bbox 3423 3223 3597 3276; x_wconf 88' lang='lat' dir='ltr'><strong>verbis</strong></span> <span class='ocrx_word' id='word_1_710' title='bbox 3627 3221 3918 3278; x_wconf 87' lang='lat' dir='ltr'><strong>Tillemon-</strong></span> 
     </span>
    </p>
   </div>
   <div class='ocr_carea' id='block_1_95' title="bbox 2341 3306 3915 3382">
    <p class='ocr_par' dir='ltr' id='par_1_95' title="bbox 2341 3306 3915 3382">
     <span class='ocr_line' id='line_1_95' title="bbox 2341 3306 3915 3382; baseline 0.006 -23"><span class='ocrx_word' id='word_1_711' title='bbox 2341 3307 2442 3360; x_wconf 92' lang='lat' dir='ltr'><strong>tius</strong></span> <span class='ocrx_word' id='word_1_712' title='bbox 2474 3308 2578 3360; x_wconf 90' lang='lat' dir='ltr'><strong>:ait</strong></span> <span class='ocrx_word' id='word_1_713' title='bbox 2599 3307 2654 3360; x_wconf 90' lang='lat' dir='ltr'><strong>S.</strong></span> <span class='ocrx_word' id='word_1_714' title='bbox 2684 3306 2871 3361; x_wconf 90' lang='lat' dir='ltr'><strong>doctor</strong></span> <span class='ocrx_word' id='word_1_715' title='bbox 2900 3324 2952 3362; x_wconf 90' lang='grc' dir='ltr'>ιι.</span> <span class='ocrx_word' id='word_1_716' title='bbox 2985 3308 3038 3374; x_wconf 83' lang='lat'><strong>6,</strong></span> <span class='ocrx_word' id='word_1_717' title='bbox 3071 3309 3358 3364; x_wconf 79' lang='lat' dir='ltr'><strong>Secundam</strong></span> <span class='ocrx_word' id='word_1_718' title='bbox 3379 3312 3563 3381; x_wconf 75' lang='lat' dir='ltr'><strong>jejunii</strong></span> <span class='ocrx_word' id='word_1_719' title='bbox 3577 3316 3915 3382; x_wconf 82' lang='lat' dir='ltr'><strong>septimanam</strong></span> 
     </span>
    </p>
   </div>
   <div class='ocr_carea' id='block_1_96' title="bbox 2339 3397 3916 3473">
    <p class='ocr_par' dir='ltr' id='par_1_96' title="bbox 2339 3397 3916 3473">
     <span class='ocr_line' id='line_1_96' title="bbox 2339 3397 3916 3473; baseline 0.011 -28"><span class='ocrx_word' id='word_1_720' title='bbox 2339 3397 2712 3464; x_wconf 69' lang='lat' dir='ltr'><strong>prtctcrivimus.</strong></span> <span class='ocrx_word' id='word_1_721' title='bbox 2725 3399 2861 3453; x_wconf 84' lang='lat' dir='ltr'><strong>Duas</strong></span> <span class='ocrx_word' id='word_1_722' title='bbox 2875 3414 2998 3468; x_wconf 86' lang='lat' dir='ltr'><strong>ergo</strong></span> <span class='ocrx_word' id='word_1_723' title='bbox 3013 3408 3211 3453; x_wconf 89' lang='lat' dir='ltr'><strong>tantum</strong></span> <span class='ocrx_word' id='word_1_724' title='bbox 3227 3401 3582 3457; x_wconf 88' lang='lat' dir='ltr'><strong>hebdomadas</strong></span> <span class='ocrx_word' id='word_1_725' title='bbox 3595 3406 3916 3473; x_wconf 70' lang='lat' dir='ltr'><strong>prmteriissc</strong></span> 
     </span>
    </p>
   </div>
   <div class='ocr_carea' id='block_1_97' title="bbox 2336 3488 3918 3572">
    <p class='ocr_par' dir='ltr' id='par_1_97' title="bbox 2336 3488 3918 3572">
     <span class='ocr_line' id='line_1_97' title="bbox 2336 3488 3918 3572; baseline 0.006 -31"><span class='ocrx_word' id='word_1_726' title='bbox 2336 3489 2484 3556; x_wconf 88' lang='lat' dir='ltr'><strong>dicit,</strong></span> <span class='ocrx_word' id='word_1_727' title='bbox 2517 3488 2654 3572; x_wconf 77' lang='lat' dir='ltr'><strong>quod</strong></span> <span class='ocrx_word' id='word_1_728' title='bbox 2687 3489 2892 3543; x_wconf 89' lang='lat' dir='ltr'><strong>admitti</strong></span> <span class='ocrx_word' id='word_1_729' title='bbox 2938 3506 3044 3545; x_wconf 88' lang='lat' dir='ltr'><strong>non</strong></span> <span class='ocrx_word' id='word_1_730' title='bbox 3093 3507 3248 3561; x_wconf 91' lang='lat' dir='ltr'><strong>posse</strong></span> <span class='ocrx_word' id='word_1_731' title='bbox 3280 3494 3540 3558; x_wconf 84' lang='lat' dir='ltr'><strong>videatur,</strong></span> <span class='ocrx_word' id='word_1_732' title='bbox 3572 3497 3615 3549; x_wconf 87' lang='lat' dir='ltr'><strong>si</strong></span> <span class='ocrx_word' id='word_1_733' title='bbox 3656 3495 3831 3550; x_wconf 89' lang='lat' dir='ltr'><strong>locum</strong></span> <span class='ocrx_word' id='word_1_734' title='bbox 3859 3507 3918 3552; x_wconf 88' lang='lat' dir='ltr'><strong>et</strong></span> 
     </span>
    </p>
   </div>
   <div class='ocr_carea' id='block_1_98' title="bbox 2339 3582 3914 3642">
    <p class='ocr_par' dir='ltr' id='par_1_98' title="bbox 2339 3582 3914 3642">
     <span class='ocr_line' id='line_1_98' title="bbox 2339 3582 3914 3642; baseline 0.006 -10"><span class='ocrx_word' id='word_1_735' title='bbox 2339 3595 2616 3634; x_wconf 90' lang='lat' dir='ltr'><strong>numerum</strong></span> <span class='ocrx_word' id='word_1_736' title='bbox 2666 3596 2818 3634; x_wconf 92' lang='lat' dir='ltr'><strong>suum</strong></span> <span class='ocrx_word' id='word_1_737' title='bbox 2860 3582 2942 3636; x_wconf 88' lang='lat' dir='ltr'><strong>illa</strong></span> <span class='ocrx_word' id='word_1_738' title='bbox 2975 3592 3190 3637; x_wconf 85' lang='lat' dir='ltr'><strong>teneat:</strong></span> <span class='ocrx_word' id='word_1_739' title='bbox 3224 3583 3345 3638; x_wconf 91' lang='lat' dir='ltr'><strong>ideo</strong></span> <span class='ocrx_word' id='word_1_740' title='bbox 3369 3585 3738 3642; x_wconf 87' lang='lat' dir='ltr'><strong>Tillemontius</strong></span> <span class='ocrx_word' id='word_1_741' title='bbox 3769 3589 3914 3642; x_wconf 87' lang='lat' dir='ltr'><strong>illam</strong></span> 
     </span>
    </p>
   </div>
   <div class='ocr_carea' id='block_1_99' title="bbox 2337 3667 3918 3739">
    <p class='ocr_par' dir='ltr' id='par_1_99' title="bbox 2337 3667 3918 3739">
     <span class='ocr_line' id='line_1_99' title="bbox 2337 3667 3918 3739; baseline 0.006 -17"><span class='ocrx_word' id='word_1_742' title='bbox 2337 3667 2456 3722; x_wconf 83' lang='lat' dir='ltr'><strong>loco</strong></span> <span class='ocrx_word' id='word_1_743' title='bbox 2483 3670 2794 3723; x_wconf 82' lang='lat' dir='ltr'><strong>movendam</strong></span> <span class='ocrx_word' id='word_1_744' title='bbox 2817 3681 2936 3726; x_wconf 80' lang='lat' dir='ltr'><strong>eSSc</strong></span> <span class='ocrx_word' id='word_1_745' title='bbox 2966 3681 3115 3739; x_wconf 87' lang='lat' dir='ltr'><strong>putat</strong></span> <span class='ocrx_word' id='word_1_746' title='bbox 3141 3683 3195 3727; x_wconf 89' lang='lat' dir='ltr'><strong>et</strong></span> <span class='ocrx_word' id='word_1_747' title='bbox 3221 3673 3356 3727; x_wconf 88' lang='lat' dir='ltr'><strong>inter</strong></span> <span class='ocrx_word' id='word_1_748' title='bbox 3379 3673 3637 3730; x_wconf 83' lang='lat' dir='ltr'><strong>decimam</strong></span> <span class='ocrx_word' id='word_1_749' title='bbox 3666 3688 3719 3731; x_wconf 89' lang='lat' dir='ltr'><strong>et</strong></span> <span class='ocrx_word' id='word_1_750' title='bbox 3747 3677 3918 3732; x_wconf 84' lang='lat' dir='ltr'><strong>unde-</strong></span> 
     </span>
    </p>
   </div>
   <div class='ocr_carea' id='block_1_100' title="bbox 2338 3759 3910 3830">
    <p class='ocr_par' dir='ltr' id='par_1_100' title="bbox 2338 3759 3910 3830">
     <span class='ocr_line' id='line_1_100' title="bbox 2338 3759 3910 3830; baseline 0.008 -18"><span class='ocrx_word' id='word_1_751' title='bbox 2338 3761 2550 3813; x_wconf 88' lang='lat' dir='ltr'><strong>cimam.</strong></span> <span class='ocrx_word' id='word_1_752' title='bbox 2578 3759 2692 3814; x_wconf 87' lang='lat' dir='ltr'><strong>Non</strong></span> <span class='ocrx_word' id='word_1_753' title='bbox 2723 3776 2877 3830; x_wconf 89' lang='lat' dir='ltr'><strong>posse</strong></span> <span class='ocrx_word' id='word_1_754' title='bbox 2907 3763 3049 3815; x_wconf 89' lang='lat' dir='ltr'><strong>illam</strong></span> <span class='ocrx_word' id='word_1_755' title='bbox 3074 3763 3211 3816; x_wconf 89' lang='lat' dir='ltr'><strong>inter</strong></span> <span class='ocrx_word' id='word_1_756' title='bbox 3229 3765 3484 3819; x_wconf 88' lang='lat' dir='ltr'><strong>decimam</strong></span> <span class='ocrx_word' id='word_1_757' title='bbox 3509 3775 3561 3820; x_wconf 90' lang='lat' dir='ltr'><strong>et</strong></span> <span class='ocrx_word' id='word_1_758' title='bbox 3578 3767 3910 3824; x_wconf 87' lang='lat' dir='ltr'><strong>undecimam</strong></span> 
     </span>
    </p>
   </div>
   <div class='ocr_carea' id='block_1_101' title="bbox 2339 3850 3909 3924">
    <p class='ocr_par' dir='ltr' id='par_1_101' title="bbox 2339 3850 3909 3924">
     <span class='ocr_line' id='line_1_101' title="bbox 2339 3850 3909 3924; baseline 0.006 -21"><span class='ocrx_word' id='word_1_759' title='bbox 2339 3851 2558 3919; x_wconf 90' lang='lat' dir='ltr'><strong>reponi,</strong></span> <span class='ocrx_word' id='word_1_760' title='bbox 2587 3850 2694 3918; x_wconf 87' lang='lat' dir='ltr'><strong>jam</strong></span> <span class='ocrx_word' id='word_1_761' title='bbox 2723 3851 2963 3920; x_wconf 87' lang='lat' dir='ltr'><strong>superius</strong></span> <span class='ocrx_word' id='word_1_762' title='bbox 2994 3851 3267 3920; x_wconf 87' lang='lat' dir='ltr'><strong>probatum</strong></span> <span class='ocrx_word' id='word_1_763' title='bbox 3295 3863 3396 3906; x_wconf 89' lang='lat' dir='ltr'><strong>est.</strong></span> <span class='ocrx_word' id='word_1_764' title='bbox 3423 3853 3538 3907; x_wconf 86' lang='lat' dir='ltr'><strong>Non</strong></span> <span class='ocrx_word' id='word_1_765' title='bbox 3568 3871 3723 3924; x_wconf 89' lang='lat' dir='ltr'><strong>posse</strong></span> <span class='ocrx_word' id='word_1_766' title='bbox 3751 3857 3909 3912; x_wconf 86' lang='lat' dir='ltr'><strong>etiam</strong></span> 
     </span>
    </p>
   </div>
   <div class='ocr_carea' id='block_1_102' title="bbox 2339 3940 3911 4003">
    <p class='ocr_par' dir='ltr' id='par_1_102' title="bbox 2339 3940 3911 4003">
     <span class='ocr_line' id='line_1_102' title="bbox 2339 3940 3911 4003; baseline 0.006 -10"><span class='ocrx_word' id='word_1_767' title='bbox 2339 3940 2439 3994; x_wconf 90' lang='lat' dir='ltr'><strong>hoc</strong></span> <span class='ocrx_word' id='word_1_768' title='bbox 2480 3942 2531 3995; x_wconf 91' lang='lat' dir='ltr'><strong>in</strong></span> <span class='ocrx_word' id='word_1_769' title='bbox 2568 3941 2685 3995; x_wconf 87' lang='lat' dir='ltr'><strong>loco</strong></span> <span class='ocrx_word' id='word_1_770' title='bbox 2722 3951 2775 3995; x_wconf 87' lang='lat' dir='ltr'><strong>et</strong></span> <span class='ocrx_word' id='word_1_771' title='bbox 2812 3958 3032 3995; x_wconf 89' lang='lat' dir='ltr'><strong>numero</strong></span> <span class='ocrx_word' id='word_1_772' title='bbox 3071 3944 3361 3999; x_wconf 87' lang='lat' dir='ltr'><strong>consistere</strong></span> <span class='ocrx_word' id='word_1_773' title='bbox 3402 3947 3620 4002; x_wconf 89' lang='lat' dir='ltr'><strong>omnino</strong></span> <span class='ocrx_word' id='word_1_774' title='bbox 3657 3948 3868 4003; x_wconf 88' lang='lat' dir='ltr'><strong>videtur</strong></span> <span class='ocrx_word' id='word_1_775' title='bbox 3898 3969 3911 4002; x_wconf 93' lang='lat'><strong>:</strong></span> 
     </span>
    </p>
   </div>
   <div class='ocr_carea' id='block_1_103' title="bbox 2340 4030 3910 4104">
    <p class='ocr_par' dir='ltr' id='par_1_103' title="bbox 2340 4030 3910 4104">
     <span class='ocr_line' id='line_1_103' title="bbox 2340 4030 3910 4104; baseline 0.006 -21"><span class='ocrx_word' id='word_1_776' title='bbox 2340 4045 2459 4083; x_wconf 87' lang='lat' dir='ltr'><strong>nam</strong></span> <span class='ocrx_word' id='word_1_777' title='bbox 2490 4031 2532 4083; x_wconf 91' lang='lat' dir='ltr'><strong>si</strong></span> <span class='ocrx_word' id='word_1_778' title='bbox 2558 4039 2675 4098; x_wconf 87' lang='lat' dir='ltr'><strong>post</strong></span> <span class='ocrx_word' id='word_1_779' title='bbox 2701 4030 3186 4100; x_wconf 87' lang='lat' dir='ltr'><strong>secundamjejtmii</strong></span> <span class='ocrx_word' id='word_1_780' title='bbox 3208 4034 3553 4101; x_wconf 84' lang='lat' dir='ltr'><strong>septimanam</strong></span> <span class='ocrx_word' id='word_1_781' title='bbox 3586 4037 3761 4090; x_wconf 88' lang='lat' dir='ltr'><strong>habita</strong></span> <span class='ocrx_word' id='word_1_782' title='bbox 3794 4038 3910 4104; x_wconf 89' lang='lat' dir='ltr'><strong>fuit,</strong></span> 
     </span>
    </p>
   </div>
   <div class='ocr_carea' id='block_1_104' title="bbox 2339 4121 3918 4192">
    <p class='ocr_par' dir='ltr' id='par_1_104' title="bbox 2339 4121 3918 4192">
     <span class='ocr_line' id='line_1_104' title="bbox 2339 4121 3918 4192; baseline 0.005 -17"><span class='ocrx_word' id='word_1_783' title='bbox 2339 4121 2594 4176; x_wconf 87' lang='lat' dir='ltr'><strong>decimam</strong></span> <span class='ocrx_word' id='word_1_784' title='bbox 2641 4123 2844 4175; x_wconf 88' lang='lat' dir='ltr'><strong>tertiam</strong></span> <span class='ocrx_word' id='word_1_785' title='bbox 2882 4130 2936 4176; x_wconf 90' lang='lat' dir='ltr'><strong>et</strong></span> <span class='ocrx_word' id='word_1_786' title='bbox 2976 4132 3254 4191; x_wconf 87' lang='lat' dir='ltr'><strong>sequentes</strong></span> <span class='ocrx_word' id='word_1_787' title='bbox 3287 4126 3572 4192; x_wconf 59' lang='lat' dir='ltr'><strong>praecessit.</strong></span> <span class='ocrx_word' id='word_1_788' title='bbox 3616 4125 3742 4181; x_wconf 61' lang='lat' dir='ltr'><strong>Hasc</strong></span> <span class='ocrx_word' id='word_1_789' title='bbox 3771 4139 3918 4183; x_wconf 84' lang='lat' dir='ltr'><strong>certe</strong></span> 
     </span>
    </p>
   </div>
   <div class='ocr_carea' id='block_1_105' title="bbox 2341 4213 3914 4282">
    <p class='ocr_par' dir='ltr' id='par_1_105' title="bbox 2341 4213 3914 4282">
     <span class='ocr_line' id='line_1_105' title="bbox 2341 4213 3914 4282; baseline 0.005 -17"><span class='ocrx_word' id='word_1_790' title='bbox 2341 4213 2560 4266; x_wconf 88' lang='lat' dir='ltr'><strong>salebris</strong></span> <span class='ocrx_word' id='word_1_791' title='bbox 2593 4221 2714 4266; x_wconf 91' lang='lat' dir='ltr'><strong>sunt</strong></span> <span class='ocrx_word' id='word_1_792' title='bbox 2757 4213 2908 4282; x_wconf 87' lang='lat' dir='ltr'><strong>plena</strong></span> <span class='ocrx_word' id='word_1_793' title='bbox 2947 4231 2958 4266; x_wconf 90' lang='lat'><strong>:</strong></span> <span class='ocrx_word' id='word_1_794' title='bbox 2997 4221 3314 4282; x_wconf 88' lang='lat' dir='ltr'><strong>quapropter</strong></span> <span class='ocrx_word' id='word_1_795' title='bbox 3356 4230 3467 4268; x_wconf 89' lang='lat' dir='ltr'><strong>rem</strong></span> <span class='ocrx_word' id='word_1_796' title='bbox 3499 4215 3708 4271; x_wconf 88' lang='lat' dir='ltr'><strong>dubiam</strong></span> <span class='ocrx_word' id='word_1_797' title='bbox 3749 4219 3914 4273; x_wconf 88' lang='lat' dir='ltr'><strong>relin—</strong></span> 
     </span>
    </p>
   </div>
   <div class='ocr_carea' id='block_1_106' title="bbox 2340 4303 3917 4370">
    <p class='ocr_par' dir='ltr' id='par_1_106' title="bbox 2340 4303 3917 4370">
     <span class='ocr_line' id='line_1_106' title="bbox 2340 4303 3917 4370; baseline 0.008 -18"><span class='ocrx_word' id='word_1_798' title='bbox 2340 4318 2504 4370; x_wconf 89' lang='lat' dir='ltr'><strong>quere</strong></span> <span class='ocrx_word' id='word_1_799' title='bbox 2533 4303 2700 4356; x_wconf 84' lang='lat' dir='ltr'><strong>visum</strong></span> <span class='ocrx_word' id='word_1_800' title='bbox 2728 4311 2828 4356; x_wconf 88' lang='lat' dir='ltr'><strong>est.</strong></span> <span class='ocrx_word' id='word_1_801' title='bbox 2862 4303 2995 4369; x_wconf 86' lang='lat' dir='ltr'><strong>Quid</strong></span> <span class='ocrx_word' id='word_1_802' title='bbox 3037 4305 3078 4356; x_wconf 88' lang='lat' dir='ltr'><strong>si</strong></span> <span class='ocrx_word' id='word_1_803' title='bbox 3110 4303 3398 4359; x_wconf 77' lang='lat' dir='ltr'><strong>dixerimus</strong></span> <span class='ocrx_word' id='word_1_804' title='bbox 3426 4321 3658 4362; x_wconf 82' lang='lat' dir='ltr'><strong>errorem</strong></span> <span class='ocrx_word' id='word_1_805' title='bbox 3691 4308 3917 4364; x_wconf 85' lang='lat' dir='ltr'><strong>fortasse</strong></span> 
     </span>
    </p>
   </div>
   <div class='ocr_carea' id='block_1_107' title="bbox 2342 4390 3916 4464">
    <p class='ocr_par' dir='ltr' id='par_1_107' title="bbox 2342 4390 3916 4464">
     <span class='ocr_line' id='line_1_107' title="bbox 2342 4390 3916 4464; baseline 0.004 -19"><span class='ocrx_word' id='word_1_806' title='bbox 2342 4390 2556 4445; x_wconf 84' lang='lat' dir='ltr'><strong>in-hunc</strong></span> <span class='ocrx_word' id='word_1_807' title='bbox 2576 4392 2747 4446; x_wconf 89' lang='lat' dir='ltr'><strong>locum</strong></span> <span class='ocrx_word' id='word_1_808' title='bbox 2781 4393 3040 4446; x_wconf 86' lang='lat' dir='ltr'><strong>invectum</strong></span> <span class='ocrx_word' id='word_1_809' title='bbox 3062 4407 3180 4446; x_wconf 89' lang='lat' dir='ltr'><strong>esse</strong></span> <span class='ocrx_word' id='word_1_810' title='bbox 3207 4408 3236 4445; x_wconf 85' lang='lat' dir='ltr'><strong>a</strong></span> <span class='ocrx_word' id='word_1_811' title='bbox 3259 4394 3448 4460; x_wconf 88' lang='lat' dir='ltr'><strong>scriba,</strong></span> <span class='ocrx_word' id='word_1_812' title='bbox 3473 4396 3560 4464; x_wconf 90' lang='lat' dir='ltr'><strong>qui</strong></span> <span class='ocrx_word' id='word_1_813' title='bbox 3592 4397 3792 4450; x_wconf 86' lang='lat' dir='ltr'><strong>literam</strong></span> <span class='ocrx_word' id='word_1_814' title='bbox 3817 4415 3916 4452; x_wconf 91' lang='lat' dir='ltr'><strong>nu-</strong></span> 
     </span>
    </p>
   </div>
   <div class='ocr_carea' id='block_1_108' title="bbox 2341 4482 3914 4554">
    <p class='ocr_par' dir='ltr' id='par_1_108' title="bbox 2341 4482 3914 4554">
     <span class='ocr_line' id='line_1_108' title="bbox 2341 4482 3914 4554; baseline 0.004 -19"><span class='ocrx_word' id='word_1_815' title='bbox 2341 4482 2588 4536; x_wconf 88' lang='lat' dir='ltr'><strong>meralem</strong></span> <span class='ocrx_word' id='word_1_816' title='bbox 2611 4507 2638 4548; x_wconf 73' lang='grc' dir='ltr'><strong><em>ν</em></strong></span> <span class='ocrx_word' id='word_1_817' title='bbox 2663 4498 2758 4551; x_wconf 91' lang='lat' dir='ltr'><strong>pro</strong></span> <span class='ocrx_word' id='word_1_818' title='bbox 2782 4483 2929 4537; x_wconf 89' lang='lat' dir='ltr'><strong>tertia</strong></span> <span class='ocrx_word' id='word_1_819' title='bbox 2955 4484 3176 4551; x_wconf 89' lang='lat' dir='ltr'><strong>positam</strong></span> <span class='ocrx_word' id='word_1_820' title='bbox 3199 4483 3249 4537; x_wconf 91' lang='lat' dir='ltr'><strong>in</strong></span> <span class='ocrx_word' id='word_1_821' title='bbox 3271 4493 3318 4547; x_wconf 77' lang='grc' dir='ltr'><strong>ε,</strong></span> <span class='ocrx_word' id='word_1_822' title='bbox 3348 4484 3399 4538; x_wconf 87' lang='lat' dir='ltr'><strong>id</strong></span> <span class='ocrx_word' id='word_1_823' title='bbox 3426 4495 3507 4539; x_wconf 89' lang='lat' dir='ltr'><strong>est</strong></span> <span class='ocrx_word' id='word_1_824' title='bbox 3533 4487 3584 4540; x_wconf 90' lang='lat' dir='ltr'><strong>in</strong></span> <span class='ocrx_word' id='word_1_825' title='bbox 3606 4488 3914 4554; x_wconf 87' lang='lat' dir='ltr'><strong>secundam,</strong></span> 
     </span>
    </p>
   </div>
   <div class='ocr_carea' id='block_1_109' title="bbox 2341 4571 3919 4646">
    <p class='ocr_par' dir='ltr' id='par_1_109' title="bbox 2341 4571 3919 4646">
     <span class='ocr_line' id='line_1_109' title="bbox 2341 4571 3919 4646; baseline 0.005 -20"><span class='ocrx_word' id='word_1_826' title='bbox 2341 4573 2658 4628; x_wconf 87' lang='lat' dir='ltr'><strong>mutaverit?</strong></span> <span class='ocrx_word' id='word_1_827' title='bbox 2701 4571 2757 4627; x_wconf 90' lang='lat' dir='ltr'><strong>In</strong></span> <span class='ocrx_word' id='word_1_828' title='bbox 2796 4573 2895 4628; x_wconf 90' lang='lat' dir='ltr'><strong>hac</strong></span> <span class='ocrx_word' id='word_1_829' title='bbox 2924 4574 3177 4628; x_wconf 90' lang='lat' dir='ltr'><strong>concione</strong></span> <span class='ocrx_word' id='word_1_830' title='bbox 3207 4575 3492 4644; x_wconf 74' lang='lat' dir='ltr'><strong>przeniissis</strong></span> <span class='ocrx_word' id='word_1_831' title='bbox 3517 4577 3823 4646; x_wconf 88' lang='lat' dir='ltr'><strong>quibusdam</strong></span> <span class='ocrx_word' id='word_1_832' title='bbox 3849 4579 3919 4634; x_wconf 86' lang='lat' dir='ltr'><strong>de</strong></span> 
     </span>
    </p>
   </div>
   <div class='ocr_carea' id='block_1_110' title="bbox 2337 4662 3914 4732">
    <p class='ocr_par' dir='ltr' id='par_1_110' title="bbox 2337 4662 3914 4732">
     <span class='ocr_line' id='line_1_110' title="bbox 2337 4662 3914 4732; baseline 0.003 -16"><span class='ocrx_word' id='word_1_833' title='bbox 2337 4663 2618 4716; x_wconf 74' lang='lat' dir='ltr'><strong>timiditate</strong></span> <span class='ocrx_word' id='word_1_834' title='bbox 2647 4663 3094 4717; x_wconf 78' lang='lat' dir='ltr'><strong>Antiochenorum</strong></span> <span class='ocrx_word' id='word_1_835' title='bbox 3115 4704 3131 4730; x_wconf 87' lang='lat'><strong>,</strong></span> <span class='ocrx_word' id='word_1_836' title='bbox 3160 4662 3330 4732; x_wconf 89' lang='lat' dir='ltr'><strong>deque</strong></span> <span class='ocrx_word' id='word_1_837' title='bbox 3352 4665 3655 4732; x_wconf 87' lang='lat' dir='ltr'><strong>jnramento</strong></span> <span class='ocrx_word' id='word_1_838' title='bbox 3677 4667 3914 4732; x_wconf 86' lang='lat' dir='ltr'><strong>vitando,</strong></span> 
     </span>
    </p>
   </div>
   <div class='ocr_carea' id='block_1_111' title="bbox 2341 4753 3918 4827">
    <p class='ocr_par' dir='ltr' id='par_1_111' title="bbox 2341 4753 3918 4827">
     <span class='ocr_line' id='line_1_111' title="bbox 2341 4753 3918 4827; baseline 0.006 -20"><span class='ocrx_word' id='word_1_839' title='bbox 2341 4763 2707 4823; x_wconf 82' lang='lat' dir='ltr'><strong>argumentum</strong></span> <span class='ocrx_word' id='word_1_840' title='bbox 2737 4753 2970 4810; x_wconf 65' lang='lat' dir='ltr'><strong>homiliae</strong></span> <span class='ocrx_word' id='word_1_841' title='bbox 2999 4763 3268 4809; x_wconf 90' lang='lat' dir='ltr'><strong>mutuatur</strong></span> <span class='ocrx_word' id='word_1_842' title='bbox 3293 4757 3700 4827; x_wconf 83' lang='lat' dir='ltr'><strong>Chrysostomus</strong></span> <span class='ocrx_word' id='word_1_843' title='bbox 3729 4776 3793 4814; x_wconf 78' lang='lat' dir='ltr'><strong>ex</strong></span> <span class='ocrx_word' id='word_1_844' title='bbox 3831 4759 3918 4816; x_wconf 87' lang='lat' dir='ltr'><strong>his</strong></span> 
     </span>
    </p>
   </div>
   <div class='ocr_carea' id='block_1_112' title="bbox 2343 4845 3918 4908">
    <p class='ocr_par' dir='ltr' id='par_1_112' title="bbox 2343 4845 3918 4908">
     <span class='ocr_line' id='line_1_112' title="bbox 2343 4845 3918 4908; baseline 0.006 -9"><span class='ocrx_word' id='word_1_845' title='bbox 2343 4845 2486 4899; x_wconf 83' lang='lat' dir='ltr'><strong>Pauli</strong></span> <span class='ocrx_word' id='word_1_846' title='bbox 2515 4846 2689 4900; x_wconf 89' lang='lat' dir='ltr'><strong>verbis</strong></span> <span class='ocrx_word' id='word_1_847' title='bbox 2718 4863 2730 4898; x_wconf 91' lang='lat'>:</span> <span class='ocrx_word' id='word_1_848' title='bbox 2766 4846 2960 4901; x_wconf 81' lang='lat' dir='ltr'><strong>Paulus</strong></span> <span class='ocrx_word' id='word_1_849' title='bbox 2987 4849 3177 4900; x_wconf 83' lang='lat' dir='ltr'><strong>vinctus</strong></span> <span class='ocrx_word' id='word_1_850' title='bbox 3194 4848 3318 4901; x_wconf 81' lang='lat' dir='ltr'><strong>Jcsu</strong></span> <span class='ocrx_word' id='word_1_851' title='bbox 3343 4848 3530 4904; x_wconf 83' lang='lat' dir='ltr'><strong>Christi</strong></span> <span class='ocrx_word' id='word_1_852' title='bbox 3553 4860 3598 4904; x_wconf 86' lang='lat' dir='ltr'><strong>et</strong></span> <span class='ocrx_word' id='word_1_853' title='bbox 3622 4851 3918 4908; x_wconf 70' lang='lat' dir='ltr'><strong>Timotheus</strong></span> 
     </span>
    </p>
   </div>
   <div class='ocr_carea' id='block_1_113' title="bbox 2342 4937 3916 5007">
    <p class='ocr_par' dir='ltr' id='par_1_113' title="bbox 2342 4937 3916 5007">
     <span class='ocr_line' id='line_1_113' title="bbox 2342 4937 3916 5007; baseline 0.006 -19"><span class='ocrx_word' id='word_1_854' title='bbox 2342 4939 2532 5006; x_wconf 80' lang='lat' dir='ltr'><strong>frater,</strong></span> <span class='ocrx_word' id='word_1_855' title='bbox 2578 4937 2900 5007; x_wconf 83' lang='lat' dir='ltr'><strong>Paulumque</strong></span> <span class='ocrx_word' id='word_1_856' title='bbox 2937 4939 3298 5007; x_wconf 79' lang='lat' dir='ltr'><strong>gloriosiorcm</strong></span> <span class='ocrx_word' id='word_1_857' title='bbox 3335 4955 3397 4994; x_wconf 85' lang='lat' dir='ltr'><strong>ex</strong></span> <span class='ocrx_word' id='word_1_858' title='bbox 3435 4942 3658 4996; x_wconf 76' lang='lat' dir='ltr'><strong>vinculis</strong></span> <span class='ocrx_word' id='word_1_859' title='bbox 3691 4943 3916 4997; x_wconf 86' lang='lat' dir='ltr'><strong>demon-</strong></span> 
     </span>
    </p>
   </div>
   <div class='ocr_carea' id='block_1_114' title="bbox 2341 5030 3414 5097">
    <p class='ocr_par' dir='ltr' id='par_1_114' title="bbox 2341 5030 3414 5097">
     <span class='ocr_line' id='line_1_114' title="bbox 2341 5030 3414 5097; baseline 0.001 -16"><span class='ocrx_word' id='word_1_860' title='bbox 2341 5038 2494 5093; x_wconf 86' lang='lat' dir='ltr'><strong>strat,</strong></span> <span class='ocrx_word' id='word_1_861' title='bbox 2523 5043 2680 5097; x_wconf 89' lang='lat' dir='ltr'><strong>quam</strong></span> <span class='ocrx_word' id='word_1_862' title='bbox 2711 5044 2773 5083; x_wconf 84' lang='lat' dir='ltr'><strong>ex</strong></span> <span class='ocrx_word' id='word_1_863' title='bbox 2807 5030 2996 5083; x_wconf 83' lang='lat' dir='ltr'><strong>virtute</strong></span> <span class='ocrx_word' id='word_1_864' title='bbox 3023 5031 3414 5084; x_wconf 88' lang='lat' dir='ltr'><strong>miraculorum.</strong></span> 
     </span>
    </p>
   </div>
   <div class='ocr_carea' id='block_1_115' title="bbox 2414 5118 3919 5191">
    <p class='ocr_par' dir='ltr' id='par_1_115' title="bbox 2414 5118 3919 5191">
     <span class='ocr_line' id='line_1_115' title="bbox 2414 5118 3919 5191; baseline 0.003 -20"><span class='ocrx_word' id='word_1_865' title='bbox 2414 5118 2626 5172; x_wconf 85' lang='lat' dir='ltr'><strong>Decima</strong></span> <span class='ocrx_word' id='word_1_866' title='bbox 2671 5119 2895 5187; x_wconf 87' lang='lat' dir='ltr'><strong>septima</strong></span> <span class='ocrx_word' id='word_1_867' title='bbox 2940 5119 3113 5174; x_wconf 87' lang='lat' dir='ltr'><strong>habita</strong></span> <span class='ocrx_word' id='word_1_868' title='bbox 3146 5130 3226 5175; x_wconf 91' lang='lat' dir='ltr'><strong>est</strong></span> <span class='ocrx_word' id='word_1_869' title='bbox 3265 5130 3538 5191; x_wconf 86' lang='lat' dir='ltr'><strong>postquam</strong></span> <span class='ocrx_word' id='word_1_870' title='bbox 3577 5122 3919 5179; x_wconf 80' lang='lat' dir='ltr'><strong>llellebichus</strong></span> 
     </span>
    </p>
   </div>
   <div class='ocr_carea' id='block_1_116' title="bbox 2341 5209 3917 5284">
    <p class='ocr_par' dir='ltr' id='par_1_116' title="bbox 2341 5209 3917 5284">
     <span class='ocr_line' id='line_1_116' title="bbox 2341 5209 3917 5284; baseline 0.003 -19"><span class='ocrx_word' id='word_1_871' title='bbox 2341 5211 2585 5281; x_wconf 76' lang='lat' dir='ltr'><strong>Magister</strong></span> <span class='ocrx_word' id='word_1_872' title='bbox 2612 5211 2836 5266; x_wconf 88' lang='lat' dir='ltr'><strong>militum</strong></span> <span class='ocrx_word' id='word_1_873' title='bbox 2863 5220 2915 5267; x_wconf 90' lang='lat' dir='ltr'><strong>et</strong></span> <span class='ocrx_word' id='word_1_874' title='bbox 2942 5209 3200 5266; x_wconf 66' lang='lat' dir='ltr'><strong>Caesarius</strong></span> <span class='ocrx_word' id='word_1_875' title='bbox 3228 5213 3472 5282; x_wconf 82' lang='lat' dir='ltr'><strong>Magister</strong></span> <span class='ocrx_word' id='word_1_876' title='bbox 3498 5214 3566 5267; x_wconf 87' lang='lat' dir='ltr'><strong>ab</strong></span> <span class='ocrx_word' id='word_1_877' title='bbox 3591 5214 3917 5284; x_wconf 87' lang='lat' dir='ltr'><strong>lmperatore</strong></span> 
     </span>
    </p>
   </div>
   <div class='ocr_carea' id='block_1_117' title="bbox 2342 5302 3918 5371">
    <p class='ocr_par' dir='ltr' id='par_1_117' title="bbox 2342 5302 3918 5371">
     <span class='ocr_line' id='line_1_117' title="bbox 2342 5302 3918 5371; baseline 0.004 -17"><span class='ocrx_word' id='word_1_878' title='bbox 2342 5302 2489 5355; x_wconf 89' lang='lat' dir='ltr'><strong>missi</strong></span> <span class='ocrx_word' id='word_1_879' title='bbox 2521 5302 2866 5371; x_wconf 87' lang='lat' dir='ltr'><strong>perquisitum</strong></span> <span class='ocrx_word' id='word_1_880' title='bbox 2893 5302 2959 5356; x_wconf 89' lang='lat' dir='ltr'><strong>de</strong></span> <span class='ocrx_word' id='word_1_881' title='bbox 2988 5303 3247 5356; x_wconf 87' lang='lat' dir='ltr'><strong>seditione</strong></span> <span class='ocrx_word' id='word_1_882' title='bbox 3269 5344 3283 5368; x_wconf 88' lang='lat'><strong>,</strong></span> <span class='ocrx_word' id='word_1_883' title='bbox 3315 5304 3646 5358; x_wconf 79' lang='lat' dir='ltr'><strong>Antiochiam</strong></span> <span class='ocrx_word' id='word_1_884' title='bbox 3685 5304 3918 5360; x_wconf 82' lang='lat' dir='ltr'><strong>advene-</strong></span> 
     </span>
    </p>
   </div>
   <div class='ocr_carea' id='block_1_118' title="bbox 2343 5383 3913 5466">
    <p class='ocr_par' dir='ltr' id='par_1_118' title="bbox 2343 5383 3913 5466">
     <span class='ocr_line' id='line_1_118' title="bbox 2343 5383 3913 5466; baseline 0.004 -20"><span class='ocrx_word' id='word_1_885' title='bbox 2343 5402 2478 5446; x_wconf 86' lang='lat' dir='ltr'><strong>rant.</strong></span> <span class='ocrx_word' id='word_1_886' title='bbox 2513 5393 2846 5448; x_wconf 85' lang='lat' dir='ltr'><strong>llellebiehus</strong></span> <span class='ocrx_word' id='word_1_887' title='bbox 2873 5394 2954 5447; x_wconf 90' lang='lat' dir='ltr'><strong>hic</strong></span> <span class='ocrx_word' id='word_1_888' title='bbox 2975 5434 2989 5459; x_wconf 85' lang='lat'><strong>,</strong></span> <span class='ocrx_word' id='word_1_889' title='bbox 3018 5393 3264 5463; x_wconf 83' lang='lat' dir='ltr'><strong>Magister</strong></span> <span class='ocrx_word' id='word_1_890' title='bbox 3287 5383 3519 5462; x_wconf 64' lang='lat' dir='ltr'><strong>erinitum</strong></span> <span class='ocrx_word' id='word_1_891' title='bbox 3549 5396 3913 5466; x_wconf 87' lang='lat' dir='ltr'><strong>peditumque,</strong></span> 
     </span>
    </p>
   </div>
   <div class='ocr_carea' id='block_1_119' title="bbox 2341 5482 3918 5555">
    <p class='ocr_par' dir='ltr' id='par_1_119' title="bbox 2341 5482 3918 5555">
     <span class='ocr_line' id='line_1_119' title="bbox 2341 5482 3918 5555; baseline 0.004 -21"><span class='ocrx_word' id='word_1_892' title='bbox 2341 5482 2464 5535; x_wconf 92' lang='lat' dir='ltr'><strong>alibi</strong></span> <span class='ocrx_word' id='word_1_893' title='bbox 2508 5491 2828 5538; x_wconf 85' lang='lat' dir='ltr'><strong>memoratus</strong></span> <span class='ocrx_word' id='word_1_894' title='bbox 2867 5485 3134 5548; x_wconf 88' lang='lat' dir='ltr'><strong>occurrit,</strong></span> <span class='ocrx_word' id='word_1_895' title='bbox 3178 5493 3231 5537; x_wconf 89' lang='lat' dir='ltr'><strong>et</strong></span> <span class='ocrx_word' id='word_1_896' title='bbox 3269 5484 3483 5552; x_wconf 62' lang='lat' dir='ltr'><strong>justitiaa</strong></span> <span class='ocrx_word' id='word_1_897' title='bbox 3521 5486 3918 5555; x_wconf 65' lang='lat' dir='ltr'><strong>clementianpne</strong></span> 
     </span>
    </p>
   </div>
   <div class='ocr_carea' id='block_1_120' title="bbox 2343 5571 3918 5644">
    <p class='ocr_par' dir='ltr' id='par_1_120' title="bbox 2343 5571 3918 5644">
     <span class='ocr_line' id='line_1_120' title="bbox 2343 5571 3918 5644; baseline 0.002 -21"><span class='ocrx_word' id='word_1_898' title='bbox 2343 5571 2494 5626; x_wconf 86' lang='lat' dir='ltr'><strong>laude</strong></span> <span class='ocrx_word' id='word_1_899' title='bbox 2522 5572 2743 5627; x_wconf 75' lang='lat' dir='ltr'><strong>celebris</strong></span> <span class='ocrx_word' id='word_1_900' title='bbox 2768 5583 2880 5628; x_wconf 85' lang='lat' dir='ltr'><strong>erat</strong></span> <span class='ocrx_word' id='word_1_901' title='bbox 2909 5593 2921 5626; x_wconf 64' lang='grc' dir='ltr'>ς</span> <span class='ocrx_word' id='word_1_902' title='bbox 2951 5572 3209 5627; x_wconf 61' lang='lat' dir='ltr'><strong>Czemrius</strong></span> <span class='ocrx_word' id='word_1_903' title='bbox 3233 5575 3414 5636; x_wconf 84' lang='lat' dir='ltr'><strong>etiam,</strong></span> <span class='ocrx_word' id='word_1_904' title='bbox 3447 5574 3691 5644; x_wconf 76' lang='lat' dir='ltr'><strong>Magister</strong></span> <span class='ocrx_word' id='word_1_905' title='bbox 3716 5577 3918 5630; x_wconf 74' lang='lat' dir='ltr'><strong>ofﬁcio.</strong></span> 
     </span>
    </p>
   </div>
   <div class='ocr_carea' id='block_1_121' title="bbox 2344 5662 3914 5734">
    <p class='ocr_par' dir='ltr' id='par_1_121' title="bbox 2344 5662 3914 5734">
     <span class='ocr_line' id='line_1_121' title="bbox 2344 5662 3914 5734; baseline 0.003 -19"><span class='ocrx_word' id='word_1_906' title='bbox 2344 5677 2459 5715; x_wconf 91' lang='lat' dir='ltr'><strong>rum</strong></span> <span class='ocrx_word' id='word_1_907' title='bbox 2489 5662 2609 5716; x_wconf 89' lang='lat' dir='ltr'><strong>alibi</strong></span> <span class='ocrx_word' id='word_1_908' title='bbox 2637 5663 2825 5730; x_wconf 88' lang='lat' dir='ltr'><strong>dictus,</strong></span> <span class='ocrx_word' id='word_1_909' title='bbox 2862 5665 2971 5734; x_wconf 85' lang='lat' dir='ltr'><strong>pari</strong></span> <span class='ocrx_word' id='word_1_910' title='bbox 2997 5663 3259 5734; x_wconf 74' lang='lat' dir='ltr'><strong>gaudebat</strong></span> <span class='ocrx_word' id='word_1_911' title='bbox 3289 5665 3563 5732; x_wconf 86' lang='lat' dir='ltr'><strong>probitatis</strong></span> <span class='ocrx_word' id='word_1_912' title='bbox 3593 5666 3752 5720; x_wconf 86' lang='lat' dir='ltr'><strong>fama.</strong></span> <span class='ocrx_word' id='word_1_913' title='bbox 3784 5665 3914 5721; x_wconf 85' lang='lat' dir='ltr'><strong>Pro-</strong></span> 
     </span>
    </p>
   </div>
  </div>
