4264 6306
193 435 281 488 liii
1366 430 1548 490 NUNC
1587 425 1844 485 PRIMUM
1883 425 2250 483 ADORNATA
2263 466 2276 481 .

189 546 424 599 nuntiata
447 555 630 601 autem
659 546 759 601 fitit
780 546 892 602 htec
915 543 1128 600 homilia
1156 560 1276 601 cum
1307 544 1624 600 Antiocheni
1656 559 1790 614 pene

183 649 216 688 ε
241 647 386 688 metu
411 635 568 690 liberi
600 648 799 692 essent.
832 637 1133 704 Innumero,
1157 638 1229 692 ait
1251 637 1339 691 ille
1359 653 1506 690 num.
1532 636 1588 699 2,
1612 653 1790 703 exspe-

180 727 430 779 ctabimus
459 728 636 792 mala;
663 730 884 781 omnium
905 728 1172 798 facultates
1194 729 1445 798 direptum
1474 728 1558 791 iri,
1592 725 1790 780 habita-

179 816 303 869 cala
331 833 446 869 cum
474 817 815 872 habitantibus
844 817 1182 872 comburenda
1210 860 1223 882 ,
1254 817 1504 870 civitatein
1534 816 1596 868 de
1625 817 1790 869 medio

181 909 466 962 tollendam
495 911 633 976 orbe,
662 919 708 964 et
729 912 886 979 ipsius
910 910 1148 978 reliquias
1170 927 1338 962 omnes
1366 911 1635 982 perituras,
1669 923 1788 961 ara-

180 1009 320 1049 trum
349 1001 509 1066 ipsius
533 1009 720 1053 terram
746 1001 1060 1055 sulcaturum
1086 1017 1209 1053 esse.
1238 1000 1342 1054 Sed
1361 1016 1473 1053 ecce
1489 1001 1596 1053 lucc
1618 999 1788 1052 omnia

178 1087 320 1139 intra
340 1074 764 1158 exspectationem
783 1101 976 1144 tantum
995 1101 1256 1156 steterunt,
1277 1101 1320 1145 et
1341 1091 1392 1144 in
1410 1108 1535 1161 opus
1553 1108 1652 1143 non
1670 1106 1790 1160 pro-

179 1189 463 1231 cesserunt.
497 1180 609 1232 Sub
631 1181 743 1234 hzrc
771 1191 948 1235 narrat
975 1181 1243 1250 quomodo
1267 1182 1511 1236 monachi
1539 1197 1604 1236 ex
1631 1197 1787 1234 mon-

182 1268 330 1322 tibus
360 1270 700 1324 Antiochiam
731 1273 1140 1341 descenderint,
1171 1281 1229 1326 ut
1253 1273 1459 1342 judices
1492 1273 1784 1343 placarent,

179 1356 311 1411 dum
347 1359 560 1414 interim
585 1361 886 1432 philosophi
916 1378 1103 1417 onmes
1144 1363 1315 1417 Graeci
1348 1364 1535 1418 urbem
1566 1364 1786 1418 desere-

181 1459 302 1504 rent
331 1471 342 1502 :
373 1469 482 1521 quo
523 1463 677 1522 pacto
708 1456 865 1510 etiam
906 1458 1214 1512 Sacerdotes
1249 1457 1298 1511 in
1342 1460 1567 1527 gratiam
1609 1459 1814 1537 populi.

179 1552 411 1598 strenue
444 1559 554 1597 rem
581 1547 842 1615 gesserint
874 1565 888 1601 :
917 1563 1102 1617 poenas
1131 1548 1198 1601 ab
1218 1549 1546 1618 Imperatore
1569 1548 1784 1604 demum

179 1633 450 1703 irrogatas
471 1677 485 1702 ,
521 1637 667 1692 leves
698 1638 1106 1710 tolerabilcsque
1129 1655 1267 1706 esse,
1297 1655 1469 1711 neque
1495 1639 1786 1695 dolendum

176 1726 225 1780 si
258 1727 575 1782 orchestram
605 1740 650 1783 et
678 1730 857 1784 balnea
887 1733 1192 1795 occluserit,
1222 1748 1285 1786 ac
1313 1734 1672 1803 metropolcos
1701 1733 1784 1788 di-

175 1818 441 1884 gnitatem
470 1820 537 1873 ab
565 1821 696 1874 urbe
723 1822 1020 1876 Antiochia:
1052 1825 1348 1879 sustulerit.
1382 1826 1574 1880 Veram
1598 1827 1788 1881 Antio-

174 1907 316 1961 chia:
337 1908 656 1978 dignitatem
686 1926 827 1978 esse,
863 1912 1004 1982 quod
1030 1914 1082 1967 in
1110 1929 1171 1968 ea
1194 1914 1436 1985 discipuli
1456 1916 1653 1971 Christi
1674 1917 1790 1986 pri-

175 2015 327 2055 mum
360 2000 650 2056 Christiani
674 2005 779 2058 sint
801 2006 991 2071 vocati,
1015 2015 1068 2059 et
1086 2007 1228 2075 quod
1248 2007 1564 2062 Antiocheni
1587 2011 1786 2064 sanctis

173 2091 650 2160 Jcrosolymitauis
673 2096 808 2146 tame
831 2094 1194 2149 laborantibus
1216 2111 1370 2166 opem
1403 2098 1654 2153 tulerint:
1679 2115 1782 2153 non

172 2182 603 2250 magnitudinem
625 2225 639 2249 ,
687 2183 781 2237 sed
815 2185 1064 2256 pietatem
1103 2186 1259 2240 urbes
1289 2202 1568 2243 exornare.
1596 2190 1652 2243 In
1680 2189 1787 2244 ﬁne

171 2285 359 2327 autem
387 2273 535 2341 dicit,
559 2277 691 2330 alios
709 2261 881 2332 adhuc
905 2279 955 2331 in
979 2293 1192 2334 carcere
1220 2278 1437 2348 degere,
1461 2281 1595 2336 alios
1621 2282 1670 2335 in
1695 2299 1786 2336 cx-

171 2365 358 2419 silium
404 2367 692 2423 mittendos
740 2384 878 2424 esse.
926 2368 1073 2424 Hanc
1107 2370 1377 2424 homiliam
1410 2373 1784 2429 Tillemoulius

170 2460 390 2512 confert
417 2461 470 2512 in
515 2461 900 2516 hcbdomadem
934 2472 1176 2532 quartam
1204 2463 1635 2533 Quadragesimm
1667 2477 1785 2535 post

171 2541 368 2597 feriam
397 2556 664 2613 quartam,
697 2546 790 2599 sed
822 2561 883 2601 cx
913 2547 1218 2616 conjectura
1250 2557 1473 2602 tantum.
1508 2549 1781 2619 Metropo-

169 2633 294 2689 leos
353 2646 482 2688 vero
541 2635 771 2704 dignitas
818 2638 1073 2692 translata
1126 2639 1220 2693 fuit
1262 2640 1544 2695 Antiochia
1596 2641 1784 2697 Laodi-

168 2738 351 2792 ceam,
377 2725 645 2780 rcfcrente
672 2727 1010 2782 Thcodorcto
1040 2730 1073 2800 l.
1105 2730 1158 2794 5,
1188 2745 1238 2783 c.
1271 2731 1359 2785 19.

251 2815 469 2870 Decima
498 2829 681 2871 octava
716 2817 931 2872 homilia
965 2828 1084 2888 post
1113 2820 1391 2874 dimidium
1418 2821 1608 2891 jejuuii
1640 2822 1781 2878 dicta

167 2905 296 2970 fuit,
331 2919 386 2960 ut
413 2910 486 2961 ait
517 2909 666 2963 initio
691 2909 1125 2981 Clnysostomus.
1163 2910 1316 2965 Putat
1341 2927 1469 2966 vero
1490 2913 1782 2968 Tillemon-

168 3001 282 3051 tius
311 3000 453 3052 illam
488 3002 537 3054 in
569 3002 895 3056 Dominicam
929 3007 1165 3072 quintam
1193 3003 1630 3073 Quadragcsimm
1658 3022 1783 3075 pro-

166 3089 427 3164 babiliter
447 3091 635 3159 eonjici
659 3107 836 3162 posse.
868 3093 1056 3162 Agitur
1086 3109 1246 3162 porro
1271 3094 1339 3148 de
1361 3110 1484 3149 vera
1503 3095 1780 3165 jejunandi

165 3182 386 3236 ratione
408 3223 420 3244 .
454 3183 519 3236 de
542 3184 844 3238 divitiarum
870 3192 1180 3253 contemptu
1199 3226 1212 3247 ,
1241 3184 1308 3240 de
1343 3185 1557 3242 tristitia
1584 3203 1780 3244 secun-

166 3274 300 3327 dum
339 3277 526 3339 Deum,
559 3285 661 3330 etc.

247 3367 520 3420 Hactenus
565 3369 614 3421 in
654 3367 996 3422 homiliarum
1037 3383 1262 3424 numero
1289 3378 1343 3424 et
1375 3370 1563 3425 ordine
1594 3369 1779 3425 Savilii

161 3467 222 3510 et
269 3457 558 3513 Fronimius
612 3460 786 3512 Duczei
832 3460 1103 3515 Editiones
1149 3471 1407 3530 sequutus
1454 3478 1618 3529 sum;
1669 3465 1779 3518 imo

163 3551 335 3610 etiam
365 3549 629 3604 decimam
663 3567 856 3606 nonam
880 3554 1218 3608 continenter
1243 3555 1417 3624 posui,
1445 3555 1776 3611 Tillemontii

162 3644 412 3712 opinioni
444 3645 798 3714 adstipulatus
818 3687 831 3709 ,
865 3647 952 3716 qui
986 3649 1124 3702 inter
1147 3647 1651 3718 Quadragesimales
1677 3649 1775 3703 dc-

164 3736 366 3788 cimam
412 3751 604 3788 nonam
650 3745 704 3790 et
745 3736 858 3805 ipse
901 3739 1103 3806 putavit
1140 3741 1551 3795 accenscndam.
1579 3741 1775 3795 Verum

163 3837 355 3894 postea
387 3827 635 3882 secundis
663 3830 805 3882 curis
831 3831 1066 3898 comperi
1095 3829 1240 3882 illam’
1266 3829 1356 3884 ditt
1387 3840 1510 3900 post
1536 3831 1738 3884 Pascha
1760 3872 1774 3894 ,

165 3918 449 3972 Dominiea
495 3935 686 3988 nempe
715 3929 838 3975 ante
877 3921 1262 3975 Ascensionem
1291 3922 1500 3976 Domini
1530 3922 1768 3977 habitam

165 4010 371 4074 fuisse,
414 4022 476 4064 ut
512 4013 672 4066 etiam
716 4012 767 4066 in
808 4013 962 4066 titulo
1003 4012 1168 4067 fertur
1193 4056 1208 4080 ,
1257 4027 1452 4083 nempe
1497 4013 1773 4069 Dominica

162 4119 250 4163 τῆς
282 4108 628 4169 ἐπισωζςμένης
657 4143 671 4165 ,
715 4119 834 4174 qua:
866 4104 1194 4158 Dominicam
1227 4106 1465 4174 quintam
1509 4117 1632 4175 post
1673 4107 1775 4162 Pa-

161 4193 321 4259 scha,
347 4195 460 4247 sive
490 4193 818 4248 Dominicam
842 4205 966 4250 ante
993 4197 1380 4251 Ascensioncm
1408 4197 1692 4268 signiﬁcat,
1717 4207 1776 4254 ut

161 4287 240 4340 ait
265 4284 375 4340 Leo
398 4287 643 4340 Allatius.
665 4287 768 4341 Sed
797 4303 858 4342 ea
887 4287 953 4341 de
981 4303 1039 4341 re
1065 4286 1199 4342 infra
1229 4289 1486 4357 pluribus.
1514 4288 1646 4344 Cum
1675 4292 1775 4345 ita-

161 4395 272 4448 que
303 4379 392 4431 illa
425 4379 563 4432 inter
592 4379 850 4434 llomilias
874 4379 941 4434 de
965 4380 1185 4446 Statuis,
1220 4381 1301 4435 vel
1328 4380 1775 4450 Quadragcsima-

164 4471 244 4526 les
275 4473 542 4526 reccnscri
571 4487 672 4526 non
693 4472 908 4538 debeat,
934 4471 1140 4526 decima
1171 4487 1310 4526 nona
1332 4473 1435 4526 erit
1461 4472 1582 4541 illa,
1614 4488 1772 4543 quam

162 4578 266 4618 nos
290 4564 601 4632 vigesimam
626 4578 995 4633 pesueramus,
1015 4579 1240 4634 qumque
1262 4563 1313 4617 in
1339 4564 1586 4618 Editione
1603 4565 1776 4620 Fron-

164 4656 314 4710 tonis
347 4656 530 4708 Duczei
553 4658 806 4725 vigesima
835 4655 1070 4710 secunda
1102 4664 1444 4722 numeratur,
1486 4655 1773 4726 habilaque

162 4748 304 4814 fuit,
339 4755 475 4802 teste
511 4745 899 4819 Chrysostomo
921 4788 937 4813 ,
967 4747 1154 4801 decem
1183 4747 1370 4801 diebus
1397 4755 1520 4802 ante
1543 4746 1769 4802 Pascha.

164 4837 263 4894 Illa
295 4852 424 4892 vero
444 4880 457 4902 ,
487 4844 648 4908 quam
677 4833 880 4893 Fronto
916 4839 1140 4893 Ducaaus
1167 4838 1476 4908 vigesimum
1508 4853 1768 4893 numera-

162 4940 326 4987 verat
347 4972 360 4995 ,
395 4941 448 4983 et
477 4945 576 4984 nos
607 4931 915 4999 vigesimam
945 4931 1171 4999 primam
1204 4930 1478 5000 posuimus
1498 4971 1513 4996 ,
1547 4931 1655 4998 jam
1690 4930 1770 4984 vi-

162 5025 376 5095 gesima
392 5026 514 5093 erit,
529 5027 740 5097 dempta
757 5039 948 5093 nempe
976 5024 1062 5078 illa
1092 5023 1270 5077 habita
1302 5025 1356 5079 in
1389 5024 1664 5078 Dominica
1688 5039 1772 5086 τῆς

161 5121 549 5182 ἐπισωςομένης,
583 5117 651 5171 de
687 5131 790 5186 qua
830 5129 931 5175 suo
961 5115 1079 5170 loco
1107 5126 1311 5185 agetur.
1358 5114 1481 5169 llmc
1505 5130 1670 5186 porro
1696 5117 1774 5168 vi-

161 5206 375 5276 gesima
398 5205 478 5260 est
502 5207 685 5260 ultima
708 5206 774 5260 de
795 5202 1017 5261 Statuis.
1047 5206 1230 5276 Itaque
1251 5205 1360 5275 jam
1383 5206 1568 5276 viginti
1598 5206 1771 5260 solum

167 5298 436 5354 Homilias
459 5299 527 5353 de
551 5297 749 5353 Statuis
771 5311 1056 5353 recensere
1076 5309 1308 5368 oportet,
1334 5299 1456 5368 quia
1479 5298 1588 5362 illa,
1613 5314 1771 5368 quant

168 5405 273 5445 nos
302 5391 562 5444 decimam
592 5405 786 5444 nonam
815 5391 1107 5459 posuimus,
1141 5390 1247 5442 alio
1274 5389 1642 5445 transferenda
1668 5399 1770 5456 est,

169 5494 226 5537 et
253 5479 503 5545 homilia,
535 5495 694 5550 quam
724 5480 1033 5550 vigesimam
1068 5481 1292 5550 primam
1327 5480 1527 5534 Fronto
1548 5481 1774 5535 Duczeus

171 5582 462 5644 posuerat,
491 5583 575 5628 est
598 5572 897 5628 catechesis
923 5573 1070 5628 extra
1099 5573 1294 5627 seriem
1324 5571 1676 5627 Homiliarum
1707 5571 1776 5627 de

171 5661 377 5720 Statuis
408 5663 675 5734 ponenda,
705 5675 762 5718 ut
787 5664 906 5719 loco
935 5679 1032 5719 suo
1055 5663 1316 5718 dicemus.

245 5757 306 5812 1η
346 5758 600 5828 vigesima
643 5756 879 5819 homilia,
913 5769 1071 5825 quam
1117 5770 1216 5810 nos
1241 5756 1351 5826 jam
1379 5754 1641 5810 decimam
1679 5770 1776 5809 no-

182 5863 307 5902 nam
331 5863 706 5913 numeramus,
725 5846 778 5902 in
797 5847 952 5904 titulo
968 5847 1081 5904 haec
1101 5843 1374 5905 adduntur
1402 5851 1455 5906 in
1483 5843 1774 5907 Manuscri-

3393 434 3496 489 12?.

1896 542 2000 613 ptis
2031 543 2347 612 quibusdam
2385 563 2394 596 :
2437 543 2579 598 Dicta
2605 555 2677 600 est
2705 546 2872 601 decem
2902 547 3076 604 diebus
3111 559 3227 605 ante
3263 563 3493 608 sanctum

1897 643 1940 686 et
1966 634 2208 704 viviﬁcam
2237 623 2444 688 Domini
2466 639 2623 690 nostri
2648 636 2704 689 Ι.
2727 637 2783 691 C.
2819 639 3256 696 llcsurrectionem
3275 661 3337 698 ea:
3358 661 3492 698 mor-

1897 726 1995 777 tuis
2019 741 2037 778 :
2064 725 2204 794 quod
2254 727 2453 794 optime
2496 727 2719 797 quadrat
2762 729 2832 782 ad
2861 731 3060 786 dictum
3093 733 3219 788 illud
3250 735 3492 808 Chryso-

1894 817 2052 869 stomi
2099 817 2254 883 paulo
2296 818 2625 888 ante_ﬁneni
2674 820 2908 876 homilitc
2941 842 2952 876 :
2989 824 3342 896 Quadraginta
3386 830 3493 882 dies

1895 908 2263 976 prwlcrierunt.
2289 909 2476 964 Habita
2500 926 2629 980 ergo
2651 910 2811 967 fuerit
2839 914 2952 968 hinc
2972 917 3159 970 concio
3188 901 3317 972 feria
3341 931 3491 974 sexta

1893 1008 2014 1066 post
2033 999 2380 1065 Dominieam,
2397 1017 2554 1071 quam
2575 1001 2847 1058 Passionis
2865 1019 3136 1060 vocamus.
3154 1007 3278 1062 [late
3295 1011 3382 1080 qui
3391 1026 3494 1080 ppc

1894 1088 2006 1161 dies
2025 1099 2138 1144 erat
2156 1091 2581 1162 quadragesima,
2603 1093 2904 1164 incipiendo
2922 1112 2952 1151 a
2975 1096 3104 1152 feria
3122 1100 3354 1154 secunda
3375 1111 3495 1170 post

1893 1178 2422 1250 Quinquagesimam,
2455 1199 2575 1252 qua:
2618 1194 2734 1238 erat
2772 1186 2979 1241 initium
3009 1179 3443 1259 Quadragesimte
3478 1209 3490 1245 :

1893 1279 2006 1325 erat
2034 1270 2158 1324 item
2185 1271 2392 1326 decima
2419 1283 2542 1328 ante
2569 1274 2769 1331 Pascha
2791 1316 2805 1338 ,
2838 1277 3010 1346 ipsum
3039 1279 3318 1334 Paschalis
3347 1281 3489 1337 diem

1893 1361 2313 1415 annumerando.
2340 1363 2434 1417 Est
2458 1372 2635 1418 autem
2665 1363 2778 1421 hinc
2805 1366 3020 1422 homilia
3044 1368 3212 1424 ferme
3235 1380 3342 1425 tota
3363 1387 3494 1427 con-

1895 1458 1974 1504 tra
2016 1452 2340 1507 simultatem
2383 1463 2438 1508 et
2482 1454 2789 1524 injuriaram
2818 1458 3130 1514 memoriam
3157 1501 3173 1526 ,
3216 1469 3270 1516 et
3307 1461 3356 1515 in
3387 1461 3492 1518 line

1893 1553 1992 1609 pro
2017 1557 2165 1596 more
2195 1543 2350 1597 solito
2380 1555 2563 1598 contra
2594 1544 2912 1614 juramenta.

1969 1633 2232 1702 Vigesima
2265 1635 2431 1705 prima
2465 1636 2702 1705 homilia,
2734 1655 2892 1709 quam
2918 1655 3017 1695 nos
3046 1641 3490 1712 vigesimam-nu-

1893 1724 2201 1778 morandum
2233 1735 2480 1795 putamus
2500 1770 2514 1793 ,
2553 1739 2634 1784 est
2675 1730 2859 1785 ultima
2888 1731 2954 1787 de
2983 1732 3203 1787 Statuis.
3235 1735 3354 1804 Ipso
3383 1736 3490 1790 Re.

1892 1815 2238 1870 surrectiouis
2283 1817 2370 1872 die
2413 1817 2592 1873 habita
2635 1820 2891 1890 probatur
2933 1837 2998 1876 ex
3042 1823 3105 1878 iis
3135 1840 3254 1893 qua:
3281 1826 3380 1880 sub
3410 1827 3490 1880 in-

1894 1906 2044 1960 itium
2096 1908 2364 1974 dicuntur,
2413 1919 2466 1964 et
2510 1920 2632 1980 post
2669 1912 2898 1967 reditum
2949 1914 3186 1969 Flaviani
3229 1917 3486 1986 cpiscOpi.

1892 1997 2073 2052 Primo
2112 1997 2292 2052 laudat
2319 1999 2648 2071 ,Flavianum
2673 2042 2687 2065 ,
2711 2002 2852 2070 quod
2883 2017 3070 2059 sorore
3109 2004 3298 2060 morbo
3338 2006 3490 2059 laboo

1892 2100 2074 2156 rante,
2103 2091 2170 2146 de
2194 2093 2453 2148 extremis
2480 2095 2817 2162 periclitante
2836 2137 2849 2160 ,
2880 2106 2934 2150 et
2958 2097 3177 2153 fratrem
3209 2114 3275 2152 ne
3302 2114 3360 2154 se
3389 2099 3487 2154 de-

1892 2191 2097 2235 sereret
2142 2191 2364 2252 rogante
2390 2223 2404 2249 ,
2437 2184 2616 2238 omnia
2650 2193 2824 2239 tamen
2867 2187 2956 2241 ille
2992 2186 3356 2256 pOSthabucrit
3383 2229 3402 2256 ,
3434 2200 3491 2243 ut

1893 2271 2210 2340 periclitanti
2239 2272 2391 2343 gregi
2418 2273 2768 2342 prospiceret.
2794 2263 2986 2330 Narrat
3011 2277 3280 2344 quomodo
3313 2277 3484 2347 Impe-

1890 2366 2124 2417 ratorem
2153 2362 2347 2418 adierit
2375 2372 2426 2417 et
2459 2364 2512 2417 in
2538 2374 2883 2433 conspectum
2913 2363 3028 2434 ejus
3057 2365 3340 2430 adductus,
3371 2376 3485 2422 sta-

1892 2454 1983 2508 tim
2005 2454 2274 2525 lacrymis,
2294 2455 2438 2508 luctu
2461 2464 2510 2509 et
2541 2455 2756 2509 silentio
2774 2456 2877 2509 vim
2900 2456 3103 2512 doloris
3123 2459 3447 2528 expresserit
3471 2475 3485 2512 ε

1889 2541 2191 2614 deindeque
2222 2543 2412 2599 leniter
2438 2543 2684 2598 hortante
2711 2546 3036 2614 Imperatorc
3061 2549 3358 2603 orationem
3387 2548 3453 2604 ha
3472 2581 3489 2594 -

1888 2634 2068 2690 buerit
2092 2675 2108 2702 ,
2139 2651 2297 2706 quam
2341 2635 2756 2707 Chrysostomus
2800 2636 2867 2691 ad
2907 2637 3124 2692 vei-hum
3171 2640 3330 2694 refert
3367 2651 3490 2709 apte

1887 2728 2236 2795 compositam
2265 2726 2330 2781 ad
2358 2726 2718 2782 Theodosium
2754 2727 3072 2796 placandum
3107 2747 3120 2781 :
3151 2729 3486 2784 Theodosius

1887 2832 2017 2872 vero
2057 2819 2120 2871 ad
2167 2819 2590 2874 misericordiam
2637 2829 2974 2886 commotus,
3020 2821 3134 2876 haec
3178 2821 3486 2878 Christiano

1889 2908 2138 2981 Principc
2177 2911 2333 2980 digna
2378 2913 2594 2980 protulit
2625 2913 2788 2967 verba
2821 2929 2833 2966 :
2868 2912 3004 2979 Quid
3027 2929 3263 2984 magnum
3289 2917 3414 2978 erit,
3446 2917 3490 2968 si

1888 3002 2194 3066 hominibus,
2224 3004 2310 3070 qui
2335 3020 2424 3057 nos
2454 3005 2768 3058 contumeliis
2792 3001 3086 3070 aﬁ'eccrunt,
3107 3005 3236 3056 iram
3259 3006 3486 3058 remitta—

1888 3109 1996 3146 mus
2015 3135 2029 3158 ,
2061 3110 2176 3146 cum
2203 3110 2292 3148 nos
2323 3096 2420 3164 ipsi
2450 3095 2677 3150 homines
2707 3097 2863 3149 simus
2886 3112 2904 3159 ,'
2934 3095 3138 3167 quando
3167 3097 3345 3149 mundi
3375 3096 3483 3149 Do-

1885 3185 2052 3238 minus
2078 3185 2132 3238 in
2162 3195 2348 3239 (errant
2376 3187 2678 3240 descendens
2698 3228 2712 3252 ,
2757 3203 2817 3239 ac
2853 3197 3059 3256 propter
3095 3203 3185 3240 nos
3226 3187 3375 3240 homo
3404 3191 3485 3256 fa-

1885 3289 2014 3343 ctus,
2040 3289 2082 3332 et
2105 3295 2134 3330 a
2157 3279 2394 3347 bene/icio
2417 3278 2610 3346 a/fectis
2635 3279 2931 3347 cruciﬁxus,
2958 3296 3048 3348 pro
3069 3279 3484 3349 cruciﬁgentibus

1885 3388 1939 3426 se
1960 3370 2169 3425 Patrem
2198 3372 2357 3426 oravit
2383 3372 2593 3426 dicens:
2615 3372 2832 3444 Ignosce
2859 3373 2999 3437 illis;
3029 3385 3130 3427 non
3156 3374 3288 3427 enim
3315 3374 3485 3428 sciunt

1884 3465 2006 3536 quid
2031 3465 2248 3534 faciunt.
2275 3464 2409 3519 Cum
2441 3475 2624 3519 autem
2667 3464 2951 3519 Flavianus
2986 3465 3188 3518 Pascha
3219 3477 3346 3519 cum
3374 3463 3481 3518 lm-

1885 3566 2137 3626 peratore
2176 3556 2450 3610 celebrare
2477 3555 2669 3621 vellet,
2703 3555 2913 3624 reponit
2939 3554 3274 3610 Theodosius
3302 3573 3315 3607 :
3349 3553 3483 3610 Novi

1884 3646 2343 3701 Antiochenorum
2369 3646 2580 3700 animos
2607 3646 2977 3708 conturbatos,
3008 3654 3063 3699 et
3082 3645 3483 3715 multassuper-

1884 3751 2004 3792 esse
2033 3737 2353 3792 calamitatis
2389 3735 2662 3806 reliquias.
2691 3735 2784 3789 Abi
2813 3745 2857 3789 et
2883 3737 3162 3789 consolare.
3197 3735 3261 3790 Si
3301 3739 3484 3807 guber-

1884 3841 2110 3883 natorem
2152 3829 2400 3893 viderint,
2439 3845 2530 3882 nec
2571 3830 2838 3899 prseteritos
2873 3830 3258 3881 reminiscentur
3291 3838 3483 3898 tempe-

1881 3923 2047 3985 statis,
2071 3922 2157 3974 sed
2187 3922 2351 3992 ipsam
2377 3921 2596 3974 tristium
2625 3919 2918 3971 memoriam
2951 3918 3203 3972 delebant.
3233 3918 3357 3973 llaec
3388 3919 3481 3973 ubi

1881 4013 2233 4070 Antiochenis
2265 4012 2503 4066 nuntiata
2535 4010 2704 4074 fuere,
2733 4008 2926 4080 gaudio
2955 4008 3155 4079 perfusi
3186 4008 3357 4063 forum
3389 4025 3480 4064 co-

1883 4114 2163 4169 r0nartrnl,
2195 4105 2440 4158 lucernas
2469 4100 2866 4164 accenderunt,
2899 4109 2956 4155 et
2983 4111 3109 4154 ante
3135 4098 3375 4154 oﬁicinas
3404 4101 3483 4153 le-

1881 4197 2157 4251 ctisternia
2186 4209 2438 4265 posuere.
2471 4194 2568 4248 llic
2601 4192 2813 4248 tandem
2855 4191 2949 4247 fuit
2973 4191 3323 4246 Antiochense
3340 4191 3480 4246 sedi-

1881 4291 2044 4345 tionis
2071 4291 2266 4344 exitus.

1951 4382 2070 4438 Jam
2096 4383 2162 4437 ad
2191 4381 2467 4454 sequentia
2492 4381 2789 4444 veniamus,
2811 4392 2928 4449 quae
2953 4377 3228 4447 postdiem
3252 4375 3484 4432 Pascha-

1882 4476 1949 4531 tis
1976 4475 2298 4545 subscquuta
2330 4484 2452 4528 sunt
2484 4493 2497 4528 :
2529 4475 2582 4528 in
2609 4474 2760 4544 queis
2790 4486 2854 4526 ex
2890 4471 3141 4525 diuturna
3168 4469 3482 4523 tractatione

1883 4583 1988 4622 non
2020 4582 2189 4636 pauca
2235 4574 2400 4633 sunt,
2427 4579 2547 4634 quae
2582 4563 2787 4633 pridem
2829 4561 3122 4616 secundum
3150 4560 3480 4614 'I‘illemontit

1882 4659 2205 4714 sententiam
2233 4668 2592 4712 statueramus
2619 4699 2631 4721 ,
2665 4670 2889 4726 qua-ique
2909 4654 3017 4723 jam
3048 4652 3300 4706 mutanda
3328 4653 3483 4705 nobis

1881 4759 2024 4805 sum.
2057 4751 2276 4817 Eorum,
2295 4766 2413 4826 qua:
2436 4759 2555 4820 post
2583 4749 2726 4803 diem
2750 4747 3025 4802 Paschatis
3043 4747 3205 4816 hujus
3230 4745 3353 4798 anui
3379 4747 3482 4799 387

1881 4843 2210 4912 subsequuta
2253 4844 2410 4907 sunt‘,
2465 4840 2598 4895 ordo
2641 4840 2805 4909 probe
2837 4840 3130 4909 percipitur
3157 4851 3223 4892 ex
3265 4837 3332 4891 iis
3362 4852 3485 4906 quae

1881 4933 2144 4988 Sermone
2192 4933 2362 5003 primo
2388 4932 2455 4986 de
2495 4933 2648 4986 Anna
2683 4940 2865 4984 narrat
2903 4931 3338 5002 Chrysostomus.
3383 4924 3486 4980 Vos

1881 5026 2014 5078 enim
2041 5026 2278 5094 fortasse,
2312 5025 2502 5095 inquit,
2527 5040 2698 5077 eorum
2725 5024 2868 5078 obliti
2897 5021 3035 5088 estis,
3061 5038 3118 5076 eo
3141 5022 3276 5092 quod
3298 5019 3484 5075 multos

1882 5117 2072 5170 interea
2111 5133 2364 5170 sermones
2389 5156 2404 5182 ,
2435 5127 2481 5170 et
2522 5117 2585 5173 de
2627 5115 2742 5169 aliis
2792 5113 2940 5169 rebus
2991 5131 3084 5168 nos
3138 5110 3480 5168 habuerimus.

1885 5206 2024 5261 Nam
2053 5224 2250 5261 reverso
2279 5225 2310 5259 a
2342 5206 2616 5277 longinqua
2647 5205 3051 5279 peregrinatione
3079 5197 3241 5258 Patre
3268 5214 3438 5256 nostro
3466 5244 3480 5265 ,

1883 5299 2217 5352 necessarium
2243 5298 2340 5368 fuit
2369 5297 2540 5352 omnia
2571 5305 2983 5360 Commemorare,
3013 5305 3127 5365 qua?
3149 5296 3202 5348 in
3226 5293 3484 5349 Comitum

1881 5391 2213 5444 acciderant:
2243 5406 2303 5443 ac
2331 5389 2512 5442 deinde
2535 5404 2650 5442 cum
2679 5387 2948 5460 gentilibus
2978 5389 3267 5457 disputare,
3303 5396 3359 5440 ut
3392 5386 3486 5440 hos

1883 5483 1929 5536 vi
1959 5481 2262 5536 calamitatis
2300 5482 2366 5534 ad
2407 5481 2662 5534 meliorem
2693 5484 2891 5550 frugem
2923 5487 3178 5531 ravocatos
3202 5519 3217 5544 ,
3248 5477 3371 5546 qui,
3395 5476 3486 5528 de-

1882 5583 2016 5628 serto
2049 5571 2313 5645 gentilium
2342 5577 2529 5636 errore,
2561 5587 2670 5624 sese
2691 5572 2758 5624 ad
2784 5587 2874 5625 nos
2900 5564 3220 5624 contulerant
3245 5611 3259 5634 ,
3295 5584 3387 5638 pro
3412 5568 3484 5622 vi-

1882 5663 1967 5720 rili
1993 5666 2428 5736 confirmarentus,
2461 5681 2521 5718 ac
2550 5665 2859 5730 doceremus,
2887 5663 3093 5726 quantis
3121 5661 3336 5716 tenebris
3361 5661 3486 5715 libe-

1882 5758 2022 5826 rati,
2052 5752 2127 5810 ad
2151 5759 2345 5811 tantam
2382 5756 2603 5810 veritatis
2644 5756 2806 5810 lucem
2845 5757 3202 5808 occurrissent.
3235 5751 3362 5808 Post
3391 5751 3487 5806 illa

1884 5867 2088 5906 rursum
2115 5850 2287 5905 niultis
2311 5847 2485 5904 diebus
2512 5857 2792 5920 nmrtyr‘um
2818 5847 3090 5920 festivitate
3103 5834 3250 5920 potiti
3272 5850 3484 5902 sumus:
