4264 6306
726 337 824 392 ης

723 463 879 516 neque
919 446 1127 514 tempori
1160 449 1452 502 conveniens
1485 447 1656 516 [uisset
1683 464 1764 500 eos
1788 489 1803 514 ,
1835 449 1919 521 qui
1956 449 2006 500 in
2047 446 2289 514 sepulcris

721 545 999 605 martyrum
1029 545 1363 603 versarentur,
1393 553 1565 590 earum
1601 536 1811 589 laudum
1851 553 1961 606 quae
1990 534 2292 605 martyribus

721 625 956 679 debentur
984 635 1203 679 exsortes
1232 626 1501 679 discedere.
1540 625 1790 682 Successit
1828 627 1906 680 his
1939 629 2006 678 ad
2042 626 2292 678 abstinen-

729 717 843 768 ‘lnm
884 731 917 767 α
947 717 1249 785 juramentis
1300 716 1600 770 exhortatio.
1655 715 1779 771 Cum
1827 718 1958 770 enim
1997 725 2151 769 totam
2204 733 2292 768 ru-

725 805 964 859 sticorum
1013 807 1263 859 nationem
1316 805 1368 858 in
1413 805 1583 860 urbem
1629 807 1904 876 ingressam
1957 818 2291 872 cerneremus,

727 894 818 946 hos
869 895 959 948 illo
1000 911 1031 948 a
1079 894 1219 948 nobis
1265 895 1530 949 instructos
1569 896 1747 950 viatico
1787 896 2070 952 censuimus
2119 897 2292 950 dimit-

728 985 921 1039 tendos.

802 1072 1041 1128 Hemina:
1079 1081 1188 1142 post
1222 1073 1425 1128 Pascha
1474 1074 1638 1129 dicta.
1689 1105 1760 1117 —
1809 1076 2057 1139 Reuerso,
2107 1077 2292 1147 inquit,

731 1177 794 1216 ex
849 1164 1120 1232 longinqua
1159 1164 1554 1234 peregrinatione
1595 1164 1751 1219 Patre
1794 1175 1964 1220 nostro
1989 1208 2003 1231 ,
2063 1183 2295 1221 necessa-

733 1252 864 1304 rium
925 1254 1020 1323 fuit
1073 1254 1243 1306 omnia
1297 1269 1718 1320 commemorare,
1768 1270 1883 1325 quas
1923 1255 1978 1308 in
2047 1255 2296 1310 Comitatu

731 1343 1036 1398 acciderant.
1063 1345 1155 1398 llic
1176 1346 1490 1400 lmtddubic
1521 1346 1960 1402 notatﬂomiliam
1989 1349 2296 1419 vigesimum

735 1435 956 1504 primam
1007 1437 1071 1489 ad
1129 1437 1384 1506 Populum
1424 1439 1811 1495 Antiochenum
1853 1440 1914 1495 Τ.
1943 1441 2012 1507 2,
2051 1458 2096 1494 c.
2150 1441 2242 1495 ΞΗ
2283 1458 2294 1494 :

737 1540 891 1592 quam
915 1525 1215 1596 vigesimam
1245 1530 1624 1584 numerandum
1653 1545 1771 1585 esse
1799 1531 1956 1585 modo
1972 1531 2297 1598 dicebamus,

737 1614 790 1667 in
816 1629 914 1683 qua
933 1617 1103 1684 agitur
1117 1615 1182 1671 de
1198 1617 1366 1671 reditu
1391 1617 1622 1672 Flaviani
1646 1619 1899 1688 episcopi,
1917 1618 2089 1690 deque
2115 1635 2302 1676 recon-

737 1704 911 1758 ciliata
929 1705 1208 1761 Theodosii
1242 1706 1577 1776 Imperatoris
1591 1724 1710 1763 cum
1745 1711 2084 1765 Antiochenis
2111 1713 2298 1782 gratia,

736 1809 854 1862 quae
880 1797 1065 1848 concio
1087 1797 1135 1848 in
1161 1796 1245 1851 die
1261 1797 1532 1852 Paschalis
1550 1790 1723 1852 habita
1747 1799 2304 1874 fuerat.PergitChry-

738 1885 1100 1938 sostomuszAc
1120 1887 1298 1939 deinde
1313 1903 1426 1941 cum
1438 1891 1702 1958 gentilibus
1719 1891 1975 1961 disputare
1990 1895 2227 1963 oportuit,
2250 1904 2304 1948 ut

743 1975 831 2028 hos
858 1978 904 2028 vi
945 1976 1246 2031 calamitatis
1286 1979 1354 2032 ad
1382 1981 1631 2034 meliorem
1661 1984 1857 2054 frugem
1895 1995 2165 2051 revocatos,
2196 1988 2300 2055 qui,

742 2066 933 2120 deserto
958 2069 1219 2136 gentilium
1242 2085 1426 2135 errore,
1443 2087 1549 2126 sese
1573 2073 1641 2134 att
1657 2089 1746 2126 nos
1767 2076 2104 2142 contulerant,
2125 2093 2214 2145 pro
2234 2079 2306 2129 vi-

740 2157 826 2209 rili
855 2159 1285 2225 confirmaremus,
1324 2163 1521 2230 quantis
1547 2164 1758 2218 tenebris
1785 2166 1980 2220 liberati
2005 2168 2072 2221 ad
2115 2177 2306 2222 tantam

745 2244 906 2299 lucem
956 2248 1175 2301 veritatis
1201 2252 1544 2305 occurrissent.
1592 2253 1793 2324 Nempe
1821 2255 2010 2311 diebus
2053 2267 2169 2326 post
2205 2257 2304 2313 Ba-

744 2336 974 2390 schalem
997 2338 1381 2395 solemnitatem
1408 2345 1746 2411 sequentibus
1769 2348 1990 2416 gentiles
2018 2349 2136 2403 illos
2174 2365 2305 2404 con-

751 2423 961 2482 firmare
1004 2429 1232 2495 studuit,
1278 2432 1364 2498 qui
1391 2447 1456 2487 ex
1495 2433 1790 2490 calamitate
1817 2438 2156 2493 Autiochenis
2201 2449 2305 2494 tam

745 2515 1025 2582 gentilibus
1050 2533 1205 2586 quam
1233 2519 1543 2575 Christianis
1573 2525 1641 2578 ob
1668 2539 1885 2578 eversas
1914 2536 2115 2581 statuas
2141 2529 2306 2596 illata,

748 2604 812 2658 ad
845 2606 1114 2661 meliorem
1147 2608 1347 2679 frugem
1374 2613 1627 2678 revocati,
1670 2614 1736 2668 ad
1767 2616 2118 2672 Christianam
2153 2621 2305 2675 fidem

747 2707 1080 2750 accesserant
1108 2715 1120 2750 :
1154 2713 1219 2751 an
1247 2712 1418 2755 autem
1449 2718 1571 2768 ιιιιίι,
1604 2719 1668 2757 an
1701 2705 1936 2773 pluribus
1965 2710 2309 2766 concionibus

747 2785 800 2839 id
847 2787 1032 2855 egerit,
1075 2789 1330 2844 incertum
1372 2802 1452 2845 est
1480 2809 1492 2854 ;
1538 2793 1631 2846 scd
1660 2795 1771 2849 sive
1805 2812 1962 2850 uitam
1993 2800 2104 2853 sive
2136 2802 2310 2869 plures

749 2877 1011 2942 habuerit,
1038 2881 1211 2935 omnia
1241 2883 1534 2938 amisimus.
1566 2884 1756 2939 Verum
1791 2887 1925 2941 hanc
1949 2889 2208 2955 jacturam
2234 2900 2305 2943 ut-

748 2980 975 3036 cumque
1001 2971 1159 3024 sarcit
1186 2971 1592 3042 Chrysostomus
1618 3015 1632 3037 ,
1662 2976 1748 3044 qui
1774 2991 1833 3029 ea
1856 2993 1973 3046 qua:
1995 2978 2061 3031 ad
2089 2981 2309 3047 gentiles

747 3056 954 3111 dixerat
979 3059 1028 3112 in
1049 3060 1145 3114 hac
1172 3060 1385 3116 homilia
1413 3078 1509 3117 nec
1538 3065 1718 3132 paucis
1746 3066 1920 3119 verbis
1944 3069 2150 3138 repetit.
2175 3070 2310 3124 Sub-

746 3145 918 3216 jungit
945 3163 1071 3203 vero
1096 3149 1152 3203 S.
1181 3150 1364 3204 doctor
1391 3152 1574 3206 isthcec
1607 3173 1619 3206 :
1672 3151 1790 3207 Post
1827 3156 1916 3208 illa
1943 3172 2144 3210 rursum
2189 3159 2313 3212 mul-

751 3238 814 3290 tis
839 3238 1007 3290 diebns
1028 3249 1312 3293 sanctorum
1343 3236 1604 3311 festivitate
1629 3245 1777 3308 potiti
1798 3261 1990 3310 sunms,
2019 3264 2174 3316 neque
2191 3259 2313 3302 tem-

751 3327 863 3394 pori
890 3328 1183 3380 conueniens
1209 3330 1383 3398 {uisset
1409 3345 1490 3382 eos
1515 3371 1530 3395 ,
1559 3333 1645 3400 qui
1671 3333 1722 3384 in
1761 3335 2003 3401 sepulcris
2035 3346 2312 3404 martyrum

749 3424 1091 3481 rersarentur,
1120 3432 1288 3470 earum
1311 3419 1541 3471 tandum
1587 3436 1699 3489 qua:
1745 3422 2046 3492 nmrtgribus
2075 3423 2314 3477 debentur

754 3514 972 3558 exsortes
1014 3506 1280 3559 discedere.
1309 3508 1556 3562 Successit
1587 3511 1664 3564 his
1691 3511 1758 3563 ad
1794 3513 2141 3566 abstinendum
2167 3531 2196 3566 a
2217 3515 2307 3583 ju-

753 3595 989 3647 ramentis
1013 3596 1288 3650 cohortatio
1314 3613 1332 3650 :
1359 3615 1470 3652 cum
1497 3601 1626 3652 enim
1648 3611 1802 3654 totam
1827 3603 2127 3656 rusticorum
2151 3604 2314 3658 natio-

753 3699 864 3734 nem
898 3685 951 3736 in
999 3684 1167 3738 urbem
1207 3687 1480 3757 ingressam
1518 3706 1851 3757 cerneremus,
1882 3693 1971 3757 hos
1995 3692 2084 3747 illo
2113 3709 2144 3746 α
2173 3695 2312 3748 nobis

755 3772 1018 3826 instructos
1043 3775 1218 3828 viatico
1243 3781 1525 3832 censuimus
1557 3755 1898 3835 dimittendos:

831 3865 1024 3918 Eadem
1055 3881 1210 3933 porro
1238 3869 1366 3935 ipsa,
1397 3885 1516 3938 qua:
1545 3871 1610 3924 de
1634 3882 1918 3942 martyrum
1949 3874 2315 3932 festivitatibus

759 3954 971 4008 humilia
1005 3957 1169 4024 prima
1195 3957 1261 4011 de
1290 3961 1439 4014 Anna
1481 3960 1662 4028 refert,
1693 3966 1742 4016 in
1768 3964 1994 4019 llon'iilia
2021 3983 2231 4037 quoque
2262 3971 2312 4023 iu

761 4046 1024 4100 lioadniea
1066 4064 1148 4109 τῆς
1171 4054 1509 4117 inmunem;
1550 4065 1806 4120 recenset,
1835 4057 1933 4109 etsi
1983 4059 2191 4126 paulum
2231 4059 2314 4113 di-

763 4151 915 4187 verso
942 4138 1186 4191 narrandi
1217 4140 1394 4204 modo,
1427 4151 1716 4210 martyrum
1748 4159 1936 4213 nempe
1952 4147 2315 4204 solemnitates

759 4227 935 4280 inultis
977 4227 1161 4282 diebus
1195 4230 1508 4295 celebratas,
1557 4239 1612 4285 et
1645 4234 1961 4288 rusticorum
2007 4237 2313 4305 adventum,

756 4318 946 4386 quibus
970 4317 1053 4370 ille
1080 4318 1419 4375 concionatus
1436 4329 1534 4374 est.
1564 4321 1752 4376 Verum
1772 4324 1858 4379 hic
1881 4327 1954 4380 ait
1979 4329 2068 4382 ille
2088 4343 2166 4392 se,
2191 4330 2315 4382 dum

759 4415 1046 4477 martyrum
1081 4407 1208 4461 festa
1240 4409 1633 4466 celebrarentur
1654 4453 1670 4479 ,
1703 4413 2006 4470 inﬁrmitate
2043 4416 2317 4473 detentum

759 4497 897 4552 domi
931 4501 1206 4565 n'iansissc,
1239 4503 1408 4570 neque
1436 4512 1721 4574 martyrum
1749 4505 2116 4564 festivitatibus
2151 4512 2319 4566 inter-

759 4588 942 4645 fuisse.
987 4588 1138 4671 Ilndc
1177 4590 1336 4646 infert
1373 4593 1741 4650 'l‘illemontius
1770 4596 1902 4652 duas
1932 4598 2093 4655 fuisse
2121 4613 2320 4674 marty-

761 4695 878 4733 rum
924 4680 1234 4736 festivitates
1274 4701 1286 4734 :
1319 4692 1372 4737 et
1408 4692 1684 4754 utramque
1720 4687 1872 4758 longa
1904 4689 2042 4744 serie
2086 4691 2322 4763 duosque

762 4771 1081 4826 rusticorum
1108 4774 1394 4839 adventus;
1414 4784 1572 4844 atque
1601 4791 1846 4851 sermone
1871 4779 2044 4849 primo
2063 4781 2130 4838 do
2145 4784 2318 4850 Anna,

762 4864 828 4918 de
859 4864 918 4919 iis
950 4874 1237 4936 martyrum
1265 4865 1657 4934 festivitatibus,
1684 4869 1854 4940 deque
1884 4874 2198 4929 rusticorum
2225 4877 2321 4930 ad-
2389 4884 2394 4888 ’

764 4961 941 5019 ventu,
961 4970 1075 5024 quae
1105 4957 1155 5011 in
1174 4956 1585 5015 hebdomadibus
1610 4970 1730 5028 post
1758 4961 1957 5016 Pascha
1977 4963 2279 5020 acciderunt
2306 4985 2320 5021 :

766 5045 817 5098 in
850 5045 1058 5098 humilia
1087 5056 1262 5102 autem
1294 5048 1469 5103 habita
1496 5050 1549 5104 in
1583 5051 1849 5106 Dominica
1889 5061 2324 5124 τῆςιπισωςομένης

767 5135 829 5190 de
859 5145 1146 5207 martyrum
1174 5137 1321 5193 festis
1337 5147 1390 5193 et
1416 5140 1482 5195 de
1504 5141 1822 5198 rusticorum
1848 5145 2077 5201 adventu
2103 5149 2207 5218 agi,
2234 5152 2325 5220 qui

766 5228 817 5278 in
872 5225 1282 5297 Quadragesima
1336 5231 1687 5301 contigerunt.
1729 5234 1844 5289 Non
1897 5238 2326 5297 animadvertens

765 5316 1199 5387 Chrys-ostentum
1226 5319 1406 5375 dicere
1433 5322 1481 5376 in
1509 5323 1693 5378 eadem
1721 5324 1955 5394 homilia,
1981 5328 2166 5384 ducem
2213 5347 2328 5387 om-

764 5408 910 5464 nium
958 5409 1158 5463 scilicet
1201 5409 1529 5481 Flavianum,
1575 5415 1626 5468 in
1669 5415 1815 5471 hisce
1851 5432 1943 5487 per
1972 5419 2155 5476 urbem
2198 5435 2330 5480 acus

767 5506 1058 5567 martyrum
1101 5500 1526 5571 celebritatibus,
1574 5507 1823 5576 pOpulum
1873 5509 2328 5569 circumduxisse:

770 5589 912 5657 atqui
946 5591 1213 5658 quomodo
1250 5595 1417 5663 potuit
1442 5604 1679 5664 tempore
1706 5597 2134 5668 Quadragesima:
2161 5616 2329 5672 pOpu-

767 5677 882 5734 lum
935 5683 1314 5738 Antiochenam
1355 5688 1529 5741 multis
1559 5687 1743 5742 diebus
1781 5688 2175 5748 circumducere
2199 5733 2213 5758 ,
2242 5694 2328 5760 qui

1774 340 1826 393 S.
1872 335 2146 392 1053*le
2185 334 2655 391 CllRYS()STO.\l|
2699 333 2876 402 ViTA,

3867 325 3976 380 ιιὶι

2403 460 2493 512 per
2552 454 2718 498 totum
2771 442 3197 510 Quadragcsima:
3250 449 3456 506 tempus
3510 435 3974 502 Constantinopoli

2398 543 2638 586 versatus
2680 533 2783 585 sit?
2835 532 2993 584 Miror
3037 529 3151 584 haec
3190 542 3294 582 non
3335 525 3771 580 animadvertisse
3800 522 3969 576 Tilic-

2398 623 2676 687 montium,
2712 619 2895 692 'neque
2945 622 3046 674 alia
3093 620 3258 674 multa
3291 619 3487 673 absona
3519 631 3636 686 qua:
3665 631 3730 669 ex
3768 613 3994 682 duplici

2398 713 2484 767 illa
2525 713 2778 769 festorum
2805 714 2966 777 serie,
2999 711 3192 782 duplici
3224 712 3348 764 item
3379 709 3697 763 rusticorum
3737 707 3977 760 adventu

2398 805 2756 874 sequebantur
2803 804 3124 874 percepisse.
3173 801 3354 870 Neque
3381 799 3614 854 diffiteor
3652 797 3848 866 aliquid
3875 811 3975 850 su-

2397 906 2616 969 peresse
2645 893 3004 957 difficultatis;
3029 891 3120 946 sed
3147 891 3265 956 quia
3307 891 3372 945 iis
3395 888 3641 944 omnibus
3671 902 3788 956 qua:
3813 886 3980 954 objici

2399 991 2665 1051 pottrant,
2716 984 2766 1036 iu
2825 982 2929 1036 fine
2984 980 3310 1035 Prmfationis
3353 979 3438 1034 ad.
3469 987 3713 1048 quartum
3745 976 3979 1030 'l‘omum

2398 1072 2498 1126 abi.
2525 1071 2609 1127 ide
2651 1072 3020 1136 satisfecimus,
3048 1086 3114 1125 eo
3165 1071 3419 1127 lectorem
3461 1069 3739 1134 mittimus,
3769 1075 3827 1121 ut
3853 1080 3982 1120 sus-

2406 1171 2610 1231 ceptam
2632 1162 2904 1216 historiam
2937 1175 3336 1232 persequamur.
3861 1149 3867 1153 ’

2475 1251 2601 1305 Post
2624 1250 2826 1305 Pascha
2851 1250 3010 1320 igitur
3037 1250 3259 1319 gentiles
3288 1247 3426 1314 illos,
3455 1245 3542 1317 qui
3567 1245 3693 1298 dum
3722 1242 3982 1298 Theodo-

2402 1340 2513 1394 sius
2542 1340 2593 1394 in
2617 1340 2999 1406 Antiochenos,
3029 1339 3117 1410 qui
3145 1347 3345 1394 Statuas
3371 1351 3494 1391 suas
3513 1335 3837 1405 dejecerant,
3859 1348 3978 1387 su:-

2404 1430 2575 1496 viret,
2621 1431 2895 1500 majorque
2938 1430 3213 1485 calamitas
3254 1436 3677 1497 exspectaretur,
3709 1425 3774 1479 ad
3819 1423 3989 1478 Chri-

2407 1521 2630 1575 stianam
2661 1521 2819 1576 fidem
2841 1529 3196 1586 accesserant,
3223 1518 3632 1585 Chrysostomus
3663 1515 3714 1568 in
3735 1504 3989 1582 suscepta

2406 1626 2531 1665 vera
2546 1611 2802 1681 religione
2825 1613 3142 1666 confirmare
3166 1609 3364 1663 studuit
3386 1625 3401 1665 :
3421 1607 3610 1663 deinde
3628 1621 3755 1660 vero
3781 1606 3984 1657 solem-

2407 1702 2598 1756 nitates
2629 1711 2920 1773 martyrum
2950 1716 3046 1770 per
3071 1700 3264 1754 multos
3289 1699 3404 1754 dies
3429 1699 3481 1752 in
3510 1696 3669 1751 variis
3695 1694 3839 1748 urbis
3859 1709 3990 1761 par-

2411 1791 2548 1847 tibus
2575 1791 2854 1846 celebratae
2880 1799 3020 1856 suut,
3047 1790 3299 1845 Flaviano
3327 1789 3576 1858 episcopo
3603 1785 3852 1856 pupulum
3870 1784 3988 1836 eir-

2407 1883 2775 1958 cumduccnte,
2806 1882 2933 1937 dum
2979 1878 3631 1951 interim'Chrysostomus
3670 1875 3854 1930 morbo
3882 1873 3992 1927 de-

2412 1983 2584 2027 tentus
2625 1971 2769 2026 domi
2813 1971 3147 2036 consisteret,
3191 1970 3283 2025 sed
3323 1979 3502 2036 mente
3544 1976 3600 2022 et
3641 1966 3816 2020 animo
3857 1978 3987 2016 cum

2412 2064 2562 2134 plebe
2591 2063 2657 2118 ad
2687 2062 2860 2118 officia
2889 2060 3209 2132 martyribus
3234 2059 3500 2116 reddenda
3528 2065 3826 2113 accurreret
3849 2072 3864 2120 ;
3888 2053 3990 2108 de-

2413 2169 2676 2223 mumquev
2705 2152 3115 2207 adventantibus
3153 2151 3364 2206 rusticis
3401 2164 3432 2206 c
3458 2150 3628 2203 vicina
3659 2149 3857 2202 circum
3891 2167 3991 2206 rc-

2411 2246 2568 2315 gionc
2609 2247 2878 2301 Dominica
2910 2254 3033 2299 ante
3065 2243 3613 2311 Ascensionem,quas
3642 2243 3992 2308 ἐπισωςεμένης

2417 2336 2740 2401 inscribitur,
2772 2336 3081 2390 concionem
3117 2334 3333 2398 habuit,
3365 2333 3448 2387 ubi
3475 2342 3750 2403 postquam
3796 2332 3865 2387 de
3892 2349 3987 2386 rn-

2414 2426 2562 2480 stieis
2582 2427 2672 2495 qui
2703 2434 2992 2495 praesentes
3020 2434 3189 2486 erant,
3218 2439 3322 2476 non
3353 2438 3515 2491 pauca
3543 2422 3765 2488 dixerat,
3795 2432 3989 2476 contra

2411 2517 2706 2586 juramenta
2751 2530 2845 2586 pro
2871 2530 3019 2569 more
3050 2529 3146 2568 suo
3175 2515 3427 2582 loquutus
3459 2521 3558 2566 est.
3591 2513 3733 2566 Inter
3757 2514 3990 2568 rusticos

2414 2617 2588 2660 autem
2619 2607 2739 2660 illos
2767 2606 3060 2676 presbyteri
3091 2605 3303 2674 quidam
3326 2613 3499 2669 erant,
3531 2604 3619 2672 qui
3648 2612 3842 2658 terram
3861 2619 3988 2658 ara-

2414 2696 2539 2750 bant
2559 2705 2612 2749 ct
2636 2705 2825 2750 caetera
2853 2697 3066 2750 rustica:
3093 2696 3214 2750 vita:
3241 2695 3417 2749 nnmia
3449 2694 3788 2764 przestabant,
3821 2705 3989 2764 atque

2415 2786 2773 2855 apostolorum
2804 2801 2949 2841 more
2979 2786 3172 2840 vietum
3198 2785 3295 2839 sibi
3324 2785 3985 2854 pai'abantquuotidiano

2416 2877 2617 2932 labore.

2489 2969 2728 3022 lioniiliaz
2751 2969 2812 3022 de
2833 2969 2997 3022 Anna.
3015 2968 3272 3022 —Paucis
3291 2967 3473 3021 diebus
3496 2975 3612 3036 post
3645 2966 3780 3020 hanc
3807 2965 3988 3020 homi-

2418 3060 2538 3112 liam
2565 3060 2779 3128 elapsis,
2808 3059 2874 3112 de
2901 3059 3050 3112 Anna
3074 3068 3240 3112 matre
3265 3057 3527 3112 Samuelis
3554 3056 3854 3109 concionari
3878 3071 3993 3111 cm-

2417 3149 2491 3218 pit
2520 3147 2604 3217 (T.
2625 3150 2676 3203 4.
2717 3166 2763 3201 c.
2789 3145 2941 3216 65f).
2975 3148 3206 3202 Primam
3235 3162 3360 3202 vero
3389 3147 3658 3201 homiliam
3686 3147 3888 3200 orditur
3905 3148 3995 3200 di-

2417 3252 2562 3300 cens,
2597 3237 2903 3291 memoriam
2935 3237 3364 3307 Quadragesimtc
3395 3251 3512 3290 cum
3541 3235 3729 3290 affectu
3749 3246 3800 3291 et
3824 3236 3989 3291 futuri

2413 3328 2600 3396 jejunii
2621 3327 2888 3382 desiderio
2914 3343 3125 3396 semper
3141 3342 3260 3382 esse
3289 3327 3621 3380 servandam.
3646 3325 3778 3380 llinc
3795 3339 3995 3396 quanta

2421 3418 2556 3472 bona
2584 3433 2648 3472 ex
2672 3418 2874 3487 jejunio
2899 3418 3142 3472 oriantur
3160 3429 3389 3473 enarrat.
3422 3418 3494 3472 Ita
3526 3433 3683 3486 porro
3701 3417 3993 3487 dejejunio

2418 3509 2842 3578 Quadragesin'ne
2876 3509 3124 3578 loquitur,
3161 3520 3213 3562 ut
3243 3508 3487 3564 crederes
3529 3510 3705 3562 statim
3745 3509 3869 3562 illud
3899 3511 3985 3564 vel

2423 3600 2670 3652 hesterno
2717 3598 2803 3652 vel
2831 3599 3085 3666 proximis
3120 3599 3306 3652 diebus
3348 3598 3588 3652 desiisse.
3626 3598 3728 3652 Sed
3783 3605 3996 3666 postea,

2421 3705 2540 3744 cum
2587 3690 2819 3758 loquitur
2844 3691 2909 3744 de
2951 3689 3013 3744 iis
3043 3706 3161 3760 qurc
3206 3699 3324 3759 post
3370 3689 3838 3760 Quadragesimam
3869 3705 4001 3745 cve-

2423 3789 2632 3843 nerant,
2680 3780 2830 3836 facile
2872 3781 3167 3835 advertitur
3205 3797 3310 3834 non
3339 3795 3525 3850 parum
3556 3781 3710 3849 spatii
3738 3780 4003 3834 interces-

2422 3873 2575 3937 sisse,
2593 3879 2648 3925 et
2677 3871 2900 3939 plurima
2929 3879 3139 3940 peracta
3167 3869 3332 3925 fuisse
3362 3887 3374 3923 :
3408 3883 3600 3938 nempe
3627 3871 4001 3940 disputationes

2422 3975 2518 4014 seu
2547 3960 2808 4030 colloquia
2839 3974 2956 4015 cum
2982 3961 3282 4031 gentilibus,
3312 3976 3431 4030 qua:
3457 3960 3865 4031 Chrysostomus
3889 3961 3995 4014 ha-

2422 4052 2534 4107 buit
2556 4093 2571 4118 ,
2597 4062 2653 4106 ut
2682 4053 2799 4106 illos
2825 4053 3138 4107 calamitatis
3169 4063 3406 4123 tempore
3426 4052 3489 4106 ad
3520 4049 3868 4106 Christianam
3894 4067 3998 4108 re-

2423 4144 2668 4213 ligionem
2691 4157 2996 4208 conversos,
3029 4144 3082 4196 in
3113 4142 3218 4197 fide
3247 4143 3589 4196 confirmaret
3613 4161 3624 4198 :
3645 4141 3834 4198 deinde
3859 4140 4004 4197 festa

2423 4243 2716 4304 martyrum
2739 4250 2855 4304 quae
2887 4234 3064 4288 multis
3084 4233 3270 4288 diebus
3296 4233 3347 4286 in
3374 4232 3705 4287 Antiochena
3735 4233 3865 4287 urbe
3893 4247 4001 4288 cc-

2425 4325 2625 4380 lcbrata
2669 4325 2880 4381 fuerunt
2909 4343 2922 4379 :
2963 4326 3282 4395 demumque
3311 4326 3629 4380 rusticorum
3656 4326 3911 4381 adventus
3946 4337 4008 4383 et

2423 4417 2719 4473 COllOl'ltlliO
2741 4419 2842 4474 illis
2872 4419 3006 4473 facta
3037 4418 3087 4472 in
3115 4418 3385 4473 Dominica
3412 4433 3493 4479 τῆς
3521 4423 3877 4485 δπισωζομένης.

2499 4509 2698 4564 Deinde
2741 4525 2914 4580 neque
2946 4519 3049 4563 tam
3080 4509 3226 4564 brevi
3254 4507 3569 4578 compendio
3596 4509 3759 4563 refert
3785 4506 4009 4562 coneio-

2427 4618 2545 4656 nem
2566 4604 2728 4666 illam,
2748 4619 2904 4672 quam
2922 4619 3038 4657 cum
3058 4604 3257 4659 Graecis
3269 4617 3362 4657 seu
3379 4604 3624 4672 gentibus
3641 4603 3739 4656 illis
3756 4601 3818 4656 ad
3841 4601 4007 4658 fidem

2427 4694 2697 4748 conversis
2725 4693 2997 4748 habuerat.
3029 4692 3085 4747 ιη
3128 4708 3188 4748 ea
3211 4692 3480 4747 coneionis
3509 4692 3702 4746 habita:
3725 4693 3860 4746 serie
3884 4691 4008 4748 lucc

2429 4783 2632 4847 effatur,
2663 4797 2802 4852 qua),
2831 4783 2875 4836 si
2904 4796 3008 4836 non
3039 4796 3268 4852 semper,
3299 4768 3612 4853 plerumque
3646 4781 3828 4835 saltem
3872 4796 4010 4838 vera

2431 4890 2549 4930 esse
2579 4876 2934 4945 comperimus
2962 4914 2975 4941 ,
3007 4877 3150 4946 quod
3183 4891 3374 4944 nempe
3410 4875 3559 4930 liberi
3591 4875 3794 4929 arbitrii
3833 4873 4012 4944 major

2431 4969 2510 5021 vis
2534 4968 2621 5029 sit,
2650 4981 2810 5037 quam
2835 4974 3058 5021 naturze.
3087 4966 3312 5021 Demum
3340 4966 3413 5019 ait
3443 4965 3749 5020 mulieribus
3775 4965 4012 5021 maxime

2432 5066 2734 5126 competere
2745 5055 3109 5111 educationem
3123 5055 3430 5123 liberorum,
3445 5055 3802 5125 idque‘probat
3812 5067 4009 5108 exem-

2435 5149 2521 5217 plo
2544 5149 2712 5202 Annae
2737 5147 2924 5201 matris
2943 5146 3224 5212 Samuelis,
3254 5146 3436 5215 sicque
3459 5145 3670 5200 demum
3698 5145 3763 5198 ad
3782 5159 4009 5214 scopum

2436 5241 2581 5295 venit
2603 5249 2658 5295 et
2685 5239 2753 5294 ad
2772 5239 3042 5295 coneionis
3062 5246 3452 5309 argumentum.
3481 5237 3648 5292 Anna:
3672 5237 3922 5291 virtutem
3948 5246 4013 5291 ct

2437 5332 2620 5388 laudes
2639 5331 2910 5402 praedicat,
2933 5332 3124 5386 seriem
3151 5346 3214 5385 ex
3242 5326 3389 5385 sacra
3416 5329 3686 5399 Scriptura
3713 5339 4010 5383 mutuatus.

2439 5421 2586 5477 Hanc
2608 5437 2768 5493 porro
2795 5421 3105 5478 concionem
3138 5419 3322 5475 habuit
3356 5420 3435 5474 vel
3467 5428 3589 5474 ante
3627 5419 4013 5474 Ascensionein

2438 5512 2596 5582 hujus
2624 5514 2745 5566 anni
2775 5522 2893 5582 post
2926 5511 3253 5566 Dominicam
3283 5510 3542 5580 quintam,
3573 5511 3652 5564 vel
3673 5509 3872 5581 aliquot
3891 5509 4015 5564 die-

2439 5604 2538 5659 bus
2563 5612 2687 5658 ante
2717 5603 3087 5663 Pentecosteu.

2515 5695 2818 5752 Secundum
2859 5710 3160 5756 sermonem
3194 5695 3248 5753 in
3297 5697 3505 5757 Annam
3544 5696 3728 5767 paucis
3755 5707 3879 5770 post
3903 5694 4020 5767 pri-
