4264 6306
210 429 298 485 1Ξ5
1357 413 1535 480 NUNC
1576 404 1819 477 ἲ)ῧῖἓὲυὲ

204 557 332 595 nium
361 540 545 595 diebus
575 538 962 610 pronuntiavit,
992 536 1292 607 etquidem,
1323 545 1378 589 ut
1412 532 1631 591 credere
1655 541 1757 597 est,

201 642 314 685 ante
339 630 715 684 Pentecosten.
738 629 917 684 Primo
940 635 1118 681 autem
1149 625 1337 694 probat
1362 626 1568 687 Annam
1597 632 1651 678 et
1672 638 1762 691 pa-

202 732 324 776 trem
356 721 514 775 simul
560 729 615 775 et
657 729 877 775 matrem
908 718 1170 775 Samuelis
1201 716 1303 771 dici
1336 729 1511 785 posse,
1544 715 1764 782 ejusque

200 810 449 878 duplicem
476 810 730 863 virtutem
760 808 1014 873 celebrat,
1046 803 1237 874 nempe
1273 805 1326 858 in
1353 802 1599 873 precibus
1627 802 1763 855 assi-

199 900 463 967 duitatem,
494 910 551 955 et
576 900 737 954 animi
763 899 1109 970 vigilantiam,
1131 898 1321 967 quibus
1343 894 1534 950 deinde
1556 894 1760 949 tertiam

198 990 354 1056 addit,
381 1005 576 1060 nempe
600 990 964 1045 conviciorum
994 987 1330 1043 tolerantiam
1367 994 1421 1040 ct
1457 992 1763 1037 mansuetu-

197 1082 398 1147 dinem,
425 1082 758 1151 earptimque
793 1079 923 1136 dicit
962 1078 1287 1150 precandum
1331 1090 1451 1132 esse
1480 1083 1764 1143 antequam

196 1173 256 1226 ad
281 1186 515 1227 mensam
545 1171 847 1227 accedatur.

260 1262 489 1317 Tertium
511 1304 525 1326 ,
554 1276 714 1331 quem
741 1270 864 1317 ante
904 1260 1251 1314 Pentecosten
1277 1257 1439 1323 dixit,
1476 1257 1681 1311 orditur
1733 1272 1760 1311 a

197 1353 433 1424 lacrymis
458 1354 659 1418 Annaz;
691 1353 867 1423 aitque
894 1338 1246 1422 lacr‘ymaruin
1286 1350 1763 1417 imbrem-irrigare

198 1446 416 1513 plantam
437 1444 780 1513 precationis;
801 1443 870 1497 ita
900 1452 957 1497 ut
973 1442 1174 1497 fructus
1190 1450 1243 1496 et
1265 1440 1489 1496 celerior
1512 1449 1567 1494 et
1595 1439 1764 1506 major

198 1534 480 1603 proveniat.
510 1535 719 1587 Annam
746 1532 797 1587 in
833 1534 1134 1602 exemplum
1163 1531 1445 1600 proponit,
1474 1545 1579 1599 quo
1609 1539 1764 1599 pacto

196 1625 335 1678 liberi
365 1625 470 1679 sint
513 1625 796 1680 educandi.
831 1625 960 1679 Cum
999 1632 1175 1679 autem
1219 1624 1306 1677 illa
1330 1623 1629 1680 Samuelcm
1657 1636 1762 1676 ara:

195 1728 349 1769 sacrte
376 1715 540 1770 cultui
585 1714 877 1779 addixerit,
906 1714 1021 1784 ejus
1065 1713 1384 1769 sacriﬁcium
1428 1712 1762 1766 Sacerdotum

195 1805 374 1860 oblatis
399 1806 591 1861 hoStiis
613 1813 971 1874 comparatur.
1005 1806 1225 1860 Demum
1251 1803 1529 1873 disciplina
1560 1802 1761 1857 caelesti

199 1894 503 1950 imbuendos
523 1896 749 1965 juvenes
777 1909 897 1950 esse
924 1894 1073 1949 dicit.

256 1986 520 2055 Quartus,
550 2003 712 2058 quem
741 1987 807 2043 de
834 1986 982 2042 Anna
1011 1986 1225 2052 habuit,
1256 2000 1434 2041 sermo
1462 1984 1761 2052 intercidit,

193 2087 245 2133 ut
268 2079 530 2147 colligitur
559 2094 625 2133 ex
666 2078 730 2132 iis
771 2093 887 2148 qua:
927 2079 978 2132 in
1010 2079 1195 2147 quinto
1224 2092 1505 2145 sermone,
1538 2076 1627 2146 qui
1652 2076 1764 2146 jam

194 2176 395 2235 quartus
438 2167 531 2223 illo
584 2171 781 2223 amisso
819 2168 1159 2233 inscribitur,
1202 2166 1450 2222 dicuntur
1491 2182 1636 2221 num.
1684 2167 1761 2222 ὅτ

194 2274 371 2329 nempe
414 2260 469 2313 in
523 2259 841 2328 praicedenti
865 2274 1114 2315 sermone
1155 2259 1418 2329 explicata
1448 2258 1613 2313 fuisse
1647 2257 1762 2312 haec

194 2344 338 2398 verba
371 2345 565 2399 cantici
611 2347 776 2398 Anna:
825 2361 837 2397 :
880 2343 1241 2412 Con/innatum
1270 2354 1340 2397 est
1380 2359 1467 2396 cor
1504 2358 1669 2396 meum
1710 2342 1763 2395 in

200 2434 407 2489 Domino
429 2478 444 2500 ,
470 2445 581 2490 etc.
618 2454 631 2490 :
659 2450 884 2505 quorum
910 2436 1279 2505 interpretatio
1306 2449 1412 2489 non
1458 2433 1683 2488 habetur
1708 2433 1759 2486 in

192 2544 250 2579 eo
274 2527 359 2596 qui
392 2527 583 2580 tertius
607 2536 708 2580 est.

254 2616 477 2682 Quintus
498 2657 514 2683 ,
547 2617 637 2686 qui
666 2630 808 2670 nunc
837 2625 1056 2685 quartus
1084 2615 1137 2669 in
1169 2615 1320 2669 titulo
1349 2613 1548 2677 fertur,
1580 2612 1648 2666 ab
1667 2626 1761 2666 au-

194 2707 411 2762 ditorum
466 2708 735 2777 paucitate
764 2708 981 2777 incipit,
1027 2716 1081 2763 et
1121 2708 1240 2777 quia
1286 2708 1412 2761 circi
1463 2706 1759 2775 Spectacula

198 2797 394 2857 solitam
423 2797 776 2868 frequentiam
798 2798 1156 2863 abstulerant,
1187 2807 1370 2852 contra
1414 2797 1566 2851 ludos
1603 2810 1761 2865 eque-

193 2896 340 2954 stres,
363 2903 566 2958 eosque
590 2889 680 2958 qui
700 2889 792 2943 illo
820 2888 1135 2959 properandi
1162 2902 1323 2943 causa
1352 2888 1629 2942 ecclesiam
1670 2886 1763 2941 de-

191 2989 456 3045 sererent,
490 2980 657 3034 multa
699 2995 977 3049 promere
1014 2995 1112 3034 suo
1143 2980 1431 3057 profundit.
1470 2980 1543 3033 De
1574 2993 1760 3047 prcca-

194 3069 322 3125 tione
338 3069 556 3124 demum
582 3071 711 3140 agit,
738 3071 916 3140 aitque
946 3069 1240 3125 orationem
1263 3085 1383 3124 cum
1417 3068 1609 3123 affectu
1636 3082 1761 3122 con-

190 3160 410 3228 junctam
472 3176 596 3217 esse
642 3161 877 3227 debere,
927 3176 1248 3232 omnemque
1310 3161 1483 3215 locum
1533 3174 1652 3215 esse
1694 3160 1761 3213 ad

192 3253 435 3307 orandum
461 3263 842 3323 Opportunum.
871 3253 1100 3321 Quartus
1142 3260 1197 3308 et
1225 3252 1439 3321 quintus
1470 3258 1595 3306 ante
1624 3250 1761 3305 Pen-

194 3350 413 3397 tecosten
436 3342 569 3397 dicti
602 3341 769 3398 fuere.

254 3433 474 3498 Sextus,
508 3435 599 3504 qui
633 3450 771 3489 nunc
798 3433 1014 3506 quintus
1040 3433 1346 3488 inscribitur
1370 3474 1383 3498 ,
1422 3442 1540 3502 post
1568 3432 1759 3487 festum

197 3522 528 3580 l‘entecostes
584 3525 797 3579 habitus
846 3524 978 3591 fuit,
1031 3533 1089 3577 ut
1136 3533 1255 3593 post
1298 3523 1503 3577 initium
1545 3523 1757 3577 dicitur.

195 3610 443 3683 Principio
468 3613 728 3669 adversus
756 3629 850 3670 eos
892 3614 1154 3684 loquitur,
1181 3614 1267 3683 qui
1299 3615 1352 3667 in
1388 3612 1582 3667 diebus
1612 3612 1761 3667 festis

194 3709 239 3754 et
262 3703 685 3759 solemnitatibus
734 3713 938 3759 tantum
980 3704 1260 3760 ecclesiam
1307 3703 1755 3774 frequentabant:

196 3790 370 3850 deinde
399 3795 634 3865 explicat
658 3797 786 3866 quid
811 3798 881 3851 sit
909 3797 1025 3851 dies
1050 3797 1246 3863 festus,
1280 3812 1340 3851 ac
1378 3800 1445 3851 de
1482 3797 1638 3851 Anna
1665 3811 1762 3866 pro

197 3900 329 3941 more
353 3888 611 3959 loquitur.
643 3889 775 3944 Item
801 3891 909 3959 agit
945 3888 1205 3946 adversus
1232 3906 1356 3955 eos,
1388 3890 1479 3960 qui
1518 3890 1764 3943 incusant

197 3978 408 4035 divinam
431 3982 825 4052 providentiam
852 4025 866 4049 ,
898 3998 964 4038 eo
992 3984 1134 4053 quod
1178 3984 1229 4038 in
1261 3985 1357 4037 hac
1396 3983 1502 4037 vita
1547 3982 1761 4052 quidam

197 4070 289 4125 sint
309 4073 529 4139 divites,
564 4073 777 4143 quidam
803 4090 1084 4144 pauperes.
1116 4075 1351 4144 Denique
1385 4076 1459 4129 ait
1484 4086 1762 4144 pauperta-

198 4170 289 4215 tem
317 4164 655 4218 utilissimam
678 4179 815 4232 esse,
837 4180 898 4219 ac
919 4166 1037 4235 plus
1066 4165 1351 4235 voluptatis
1376 4173 1533 4235 atque
1560 4166 1755 4219 securi-

200 4253 305 4307 tatis
326 4254 544 4320 habere,
572 4269 729 4323 quam
754 4255 950 4310 divitia:
974 4255 1235 4320 habeant,
1267 4255 1620 4309 demonstrat.

261 4341 496 4399 Homilies
515 4346 1012 4401 alite.——llon1iliam
1037 4329 1301 4402 Debitoris
1323 4347 1510 4402 decem
1531 4346 1756 4401 millium

201 4434 499 4491 talentorum
533 4435 638 4491 hoc
662 4452 802 4492 anno
830 4453 887 4493 se
912 4438 1160 4493 habuisse
1189 4449 1576 4494 commemorat
1597 4440 1764 4510 Chry-

198 4534 446 4581 sostomus
483 4525 573 4594 (Τ.
604 4527 659 4582 5.
684 4541 732 4579 c.
752 4525 844 4601 l7)
865 4571 881 4595 ,
910 4544 1031 4584 cum
1070 4530 1144 4583 ait
1167 4545 1315 4583 num.
1347 4531 1373 4585 1
1410 4547 1425 4584 :
1458 4529 1569 4584 Nos
1597 4540 1764 4584 autem

200 4630 337 4669 unam
373 4618 621 4671 cliordam
645 4620 950 4688 pulsavimus
975 4637 1064 4690 per
1088 4629 1244 4673 totam
1278 4620 1761 4691 Quadragesimam,

200 4703 306 4759 dum
329 4708 484 4777 legem
514 4709 651 4763 vobis
672 4712 735 4764 de
748 4712 1038 4781 juramento
1063 4712 1410 4776 recitarimus;
1435 4722 1481 4764 et
1508 4711 1601 4766 Dei
1634 4729 1758 4781 gra-

202 4794 265 4847 tia
286 4797 514 4863 eﬂ'ectnm
561 4804 670 4864 est,
700 4811 755 4854 ut
784 4802 1022 4871 pleraque
1061 4818 1092 4853 α
1121 4802 1262 4855 nobis
1285 4818 1376 4855 ora
1417 4802 1472 4854 in
1506 4803 1601 4855 hac
1644 4804 1767 4873 legis

204 4886 403 4940 melodia
435 4890 511 4941 ita
540 4890 764 4943 instituta
803 4892 936 4955 sint,
980 4900 1035 4944 ut
1070 4890 1282 4959 depulsa
1314 4882 1467 4963 prava
1496 4902 1766 4946 consuetu—

209 4975 341 5042 dine,
367 4994 458 5047 pro
488 4995 545 5031 eo
574 4979 709 5049 quod
728 4988 843 5033 ante
862 4977 1025 5032 Deum
1058 4979 1306 5050 jurabant
1324 5021 1340 5045 ,
1368 4981 1481 5050 jam
1508 4982 1635 5034 nihil
1670 4982 1768 5035 nisi

206 5061 312 5130 Est,
332 5078 375 5119 et
399 5066 520 5121 Non
541 5077 614 5121 est
632 5109 646 5133 ,
674 5079 718 5121 et
746 5067 902 5123 Crede
927 5068 1051 5122 milii
1069 5109 1083 5134 ,
1111 5070 1163 5121 in
1184 5070 1359 5139 lingua
1388 5086 1479 5122 sua
1505 5070 1768 5139 circumfe-

205 5162 332 5220 rant,
359 5156 508 5225 idque
533 5158 586 5210 in
606 5159 742 5210 omni
775 5159 1056 5227 colloquio,
1097 5168 1202 5213 etc.
1235 5159 1417 5229 Itaque
1467 5168 1616 5214 certo
1645 5176 1769 5216 cer-

208 5246 297 5297 tius
320 5255 399 5299 est
423 5248 597 5316 ipsum
619 5248 755 5302 hanc
782 5250 1093 5304 concionem
1128 5249 1377 5305 habuisse
1406 5248 1595 5305 eodem
1630 5265 1769 5306 anno

208 5346 302 5401 quo
328 5334 583 5391 llomilias
611 5338 663 5390 in
704 5337 916 5392 Statuas
943 5338 1230 5405 habuerat;
1264 5354 1437 5409 neque
1478 5340 1652 5395 minus
1677 5357 1746 5395 ex.

211 5425 451 5489 ploratum
473 5436 557 5483 est
585 5428 755 5498 ipsum
785 5429 921 5484 hanc
942 5431 1165 5499 primam
1189 5431 1439 5486 habuisse
1459 5432 1769 5487 concionem

213 5523 467 5584 postquam
497 5532 563 5573 ex
593 5517 780 5572 morbo
828 5520 1206 5584 convaluerat,
1240 5529 1297 5574 ut
1332 5536 1398 5575 ex
1428 5520 1614 5590 primis
1643 5537 1771 5575 con-

210 5600 359 5657 eionis
381 5605 558 5661 verbis
582 5608 841 5677 arguitur.
898 5608 1056 5674 Quasi
1076 5626 1137 5663 ea:
1166 5608 1441 5679 longinqua
1475 5611 1767 5680 peregrina-

213 5691 359 5760 tione,
387 5696 585 5766 inquit,
606 5692 696 5750 ’ad
722 5713 807 5751 vos
834 5713 1057 5753 reversus
1086 5715 1242 5753 essem
1263 5741 1276 5764 ,
1313 5701 1385 5754 ita
1418 5717 1498 5753 me
1519 5700 1669 5753 hodie
1693 5706 1772 5769 af-

216 5779 374 5837 fectum
400 5789 551 5843 sentio
580 5803 600 5852 ί
628 5804 743 5842 cum
780 5788 909 5842 enim
940 5791 1130 5845 nullum
1165 5792 1439 5846 amicorum
1462 5793 1769 5848 consortiqu

1357 413 1535 480 NUNC
1576 410 1840 477 ἲ)ῧῖἓὲυὲ

1881 409 2269 478 Αοοῐιμλέὲῖὲ.
2384 463 2387 465 -
3350 419 3452 476 126

1873 547 1979 585 esse
2023 543 2214 602 potest,
2260 535 2388 590 nihil
2444 539 2693 592 commodi
2750 539 2899 606 aﬂ'ert
2956 558 3124 597 eorum
3164 540 3452 613 pra'sentin.

1877 622 2211 687 Quamobrem
2239 642 2330 681 nos
2350 629 2437 698 qui
2462 630 2600 683 domi
2625 632 2949 687 versabamur
2965 676 2979 701 ,
3008 652 3226 705 peregre.
3252 652 3452 691 versan-

1871 708 2001 767 tibus
2023 716 2151 769 nihil
2178 718 2275 771 hac
2300 720 2353 772 in
2383 731 2525 789 parte
2557 723 2805 792 feliciores
2843 724 3034 797 fuimus
3064 743 3083 789 ,°
3107 730 3346 787 nimirum
3370 748 3451 800 qut

1870 807 2130 873 superiore
2155 817 2377 879 tempore
2402 813 2547 866 nulla
2576 814 2831 869 vobiscum
2866 801 3117 887 colloquia
3144 819 3325 873 habere
3358 838 3443 890 po-

1871 898 2059 950 tuimus
2084 912 2102 950 :
2128 900 2216 953 sed
2241 900 2413 954 danda
2439 912 2513 957 est
2546 905 2691 957 venia
2709 945 2727 970 ,
2775 922 2890 959 cum
2916 907 3046 961 illud
3091 924 3192 962 non
3221 910 3414 963 inertia:
3438 953 3452 977 ,

1871 986 1957 1039 sed
1972 988 2281 1056 inﬁrmitatis
2302 992 2556 1047 silentium
2577 996 2744 1063 fuerit.
2771 997 2987 1051 Certum
3009 998 3185 1068 itaque
3210 1010 3292 1055 est
3320 1001 3455 1056 hanc

1871 1076 2096 1159 primam
2125 1079 2394 1135 homiliam
2424 1081 2671 1140 habuisse
2696 1083 3140 1155 Chrysostomum
3170 1098 3450 1160 postquam

1870 1158 1938 1216 ab
1987 1166 2303 1234 a'gritudine
2352 1173 2717 1228 convaluerat.
2767 1175 2882 1230 Jam
2929 1160 3182 1246 quaeritur
3210 1158 3453 1248 quoniam

1870 1255 2130 1323 :rgritudo
2159 1276 2171 1310 :
2205 1275 2330 1314 num
2385 1262 2476 1315 illa
2528 1279 2628 1334 qua
2675 1265 2949 1321 laborabat
2992 1269 3117 1323 dum
3159 1280 3451 1342 martyrum

1870 1343 2237 1402 solemnitates
2263 1365 2359 1418 per
2385 1352 2568 1408 urbem
2600 1342 3022 1426 celebrarentur,
3070 1360 3136 1416 de
3166 1377 3269 1431 qua
3296 1378 3453 1431 supe-

1873 1435 2003 1489 rius.
2054 1437 2109 1492 Si
2140 1439 2207 1493 de
2246 1440 2333 1495 illa
2379 1442 2738 1515 intelligatur,
2770 1446 2910 1504 hanc
2947 1460 3094 1505 certe
3136 1453 3449 1509 concionem

1871 1523 2115 1581 habuerit
2139 1540 2422 1599 antequam
2458 1533 2745 1591 llomiliam
2778 1539 2829 1592 in
2861 1540 3137 1595 Dominica
3166 1558 3250 1604 τῆς
3273 1549 3449 1598 imm-

1868 1624 2060 1683 ςομένης
2075 1628 2124 1673 et
2140 1618 2396 1675 llomilias
2412 1622 2478 1678 de
2491 1626 2640 1680 Anna
2661 1628 2886 1696 praedico
2895 1631 3195 1686 ret.Verum
3209 1634 3341 1689 adeo
3354 1635 3452 1691 l're-

1868 1714 2091 1773 quenter
2107 1707 2517 1780 Cbrysostomus
2539 1714 2933 1772 infirmitatibus
2953 1722 3226 1789 corporeis
3247 1722 3453 1779 detine-

1871 1792 2041 1861 batur,
2070 1806 2246 1853 utnon
2275 1802 2539 1869 possimus
2562 1804 2612 1857 id
2638 1806 2787 1873 quasi
2810 1818 3011 1863 certum
3038 1820 3271 1866 statuere
3292 1831 3305 1867 :
3324 1828 3453 1883 qna-

1870 1899 1927 1939 re
1954 1886 2004 1939 in
2037 1888 2237 1944 incerto
2264 1907 2351 1947 res
2375 1904 2587 1950 maneat
2610 1906 2838 1964 oportet.
2867 1898 2922 1952 ln
2954 1898 3052 1955 hac
3078 1916 3205 1955 vero
3229 1902 3445 1957 homilia

1870 1974 1920 2028 id
1948 1978 2209 2048 praecipue
2237 1982 2462 2049 probare
2490 1975 2694 2052 nititur,
2725 1989 2869 2043 omni
2892 2000 3111 2059 peccato
3128 1991 3448 2049 deteriorem

1869 2082 1989 2121 esse
2014 2069 2326 2139 injuriarum
2354 2077 2801 2133 recordationem.

1941 2160 2087 2214 llanc
2128 2166 2481 2234 continenter,
2524 2177 2582 2222 ut
2617 2170 2849 2238 videtur,
2897 2183 3133 2244 sequuta:
3171 2186 3296 2231 sunt
3342 2188 3453 2235 tres

1867 2251 2111 2308 llomilias
2139 2254 2206 2310 de
2246 2257 2441 2313 Davide
2486 2268 2539 2313 ct
2566 2260 2727 2316 Saﬁle
2767 2261 2853 2332 (Τ.
2897 2265 2949 2318 4.
2998 2283 3044 2320 c.
3075 2263 3179 2318 675
3203 2265 3244 2336 ).
3278 2270 3451 2338 Arguo

1868 2355 2105 2401 mentum
2130 2348 2272 2402 enim
2314 2350 2456 2419 quod
2498 2351 2551 2405 in
2600 2352 2823 2408 Homilia
2866 2354 2933 2410 de
2976 2355 3222 2412 Debitore
3264 2359 3450 2414 decem

1868 2437 2088 2491 millium
2115 2438 2433 2494 talentorum
2460 2453 2715 2511 cmperat,
2738 2459 2929 2513 nempe
2952 2446 3016 2499 de
3037 2447 3347 2516 injuriarum
3370 2465 3453 2504 re-

1866 2527 2177 2584 Cordatione
2219 2531 2556 2599 depellenda,
2591 2534 2642 2588 in
2677 2536 2821 2591 hisce
2868 2538 3035 2592 tribus
3077 2539 3307 2596 homiliis
3347 2558 3449 2597 una

1869 2617 2033 2683 serie,
2064 2620 2308 2688 exemplo
2334 2621 2549 2677 Davidis
2578 2639 2726 2690 usus,
2753 2612 2968 2681 strenue
3006 2631 3357 2698 persequitur,
3399 2642 3454 2687 et

1866 2708 2079 2776 quidem
2106 2710 2240 2764 adeo
2266 2713 2511 2780 pathetice
2537 2724 2594 2769 ut
2617 2715 2938 2772 'auditorum
2970 2720 3229 2791 laerymas
3257 2739 3451 2783 excus-

1867 2797 2033 2864 serit,
2076 2805 2234 2869 alque
2280 2810 2338 2855 ut
2371 2802 2551 2859 videre
2590 2815 2673 2859 est
2698 2847 2714 2874 ,
2755 2808 3117 2864 Antiochenos
3148 2812 3215 2865 ad
3253 2829 3453 2883 praece-

1866 2894 2012 2955 ptum
2042 2889 2201 2955 illud,
2240 2890 2450 2961 Diligite
2474 2895 2702 2951 inimicos
2741 2909 2959 2962 vestros,
3004 2895 3326 2969 implendum
3357 2905 3453 2961 ait-

1865 2974 2111 3043 duxerit;
2144 2990 2198 3033 ut
2227 2981 2278 3034 in
2302 2981 2714 3053 Quadragesima
2746 2988 3013 3055 praeterita
3042 2989 3227 3044 eodem
3254 3006 3283 3044 a
3309 2991 3455 3060 jura-

1867 3071 2079 3137 mentis,
2109 3072 2301 3141 quibus
2328 3075 2611 3130 admodum
2644 3081 2839 3133 assueti
2866 3090 3037 3147 erant,
3070 3093 3344 3141 avocarat.

1941 3158 1996 3215 In
2024 3171 2259 3216 mentem
2283 3164 2410 3217 mihi
2438 3166 2613 3219 subito
2638 3170 2782 3221 venit
2807 3170 3096 3225 verisimile
3126 3173 3270 3226 nullo
3300 3174 3455 3228 modo

1867 3265 1986 3306 esse
2015 3268 2172 3321 posse
2209 3252 2647 3326 Chrysostomum
2682 3259 2966 3315 Homiliam
3009 3263 3075 3317 de
3118 3264 3365 3319 Debitore
3403 3276 3455 3320 et

1865 3346 1975 3397 tres
2004 3354 2288 3412 sequentes
2327 3345 2573 3402 habuisse
2599 3359 2719 3418 post
2758 3351 3127 3419 aegritudinem
3172 3354 3313 3408 illam
3355 3372 3455 3425 qna

1870 3441 1987 3501 post
2014 3433 2216 3497 Pascha
2239 3437 2363 3491 anni
2392 3438 2495 3493 587
2520 3438 2769 3495 detentus
2799 3441 2914 3507 fuit,
2941 3443 3064 3497 dum
3097 3446 3225 3499 festa
3255 3457 3416 3518 mart}
3436 3478 3456 3489 -

1868 3538 1984 3576 rum
2015 3524 2195 3578 multis
2242 3526 2430 3581 diebus
2472 3543 2567 3596 per
2605 3530 2787 3583 urbem
2833 3530 3170 3587 Antiochiam
3213 3535 3455 3589 celebra-

1867 3622 2049 3668 rentur
2076 3631 2089 3667 :
2122 3616 2176 3670 1°
2208 3617 2328 3685 quia
2356 3626 2476 3686 post
2502 3618 2646 3673 illam
2678 3619 2918 3675 Paschali
2963 3632 3202 3691 tempore
3233 3624 3456 3678 infirmi-

1868 3710 2031 3759 tatem
2082 3706 2251 3774 prima
2306 3707 2493 3762 concio
2536 3707 2637 3763 fuit
2692 3710 2799 3774 illa,
2860 3726 3017 3781 quam
3073 3713 3125 3766 in
3183 3714 3453 3770 Dominica

1865 3800 2209 3863 ἐπισωζομένης
2232 3797 2417 3852 videre
2463 3807 2565 3864 est,
2612 3809 2670 3854 ut
2718 3801 2912 3855 ibidem
2964 3802 3114 3856 initio
3164 3804 3375 3868 dicitur,
3404 3814 3457 3861 et

1866 3887 2053 3940 concio
2078 3886 2144 3942 de
2166 3888 2412 3943 Debitore
2440 3891 2610 3959 prima
2650 3907 2861 3961 quoque
2890 3901 2973 3946 est
2994 3934 3011 3959 ,
3039 3894 3133 3949 sed
3160 3904 3276 3964 post
3302 3897 3459 3965 aegri.

1869 3976 2104 4031 tudinem
2148 3977 2285 4034 haud
2315 3980 2475 4035 dubie
2516 3982 2697 4035 aliam.
2738 3983 2797 4036 2°
2840 3984 2972 4051 Quia
3009 3985 3055 4038 si
3111 3984 3344 4040 homilia:
3386 3987 3455 4042 de

1868 4068 2116 4124 Debitore
2145 4079 2199 4125 et
2238 4080 2346 4126 tres
2385 4082 2669 4141 sequentes
2716 4083 2956 4144 tempore
2992 4075 3235 4130 Paschali
3265 4077 3457 4132 habitae

1866 4161 2092 4218 fuissent
2117 4173 2239 4219 ante
2262 4165 2543 4219 llomiliam
2588 4183 2672 4228 τῆς
2711 4174 3051 4235 δπισωζομένης
3094 4178 3149 4224 et
3187 4170 3253 4225 de
3280 4172 3454 4238 Anna,

1868 4253 1919 4306 in
1947 4253 2028 4307 his
2059 4255 2195 4309 haud
2227 4256 2385 4311 dubie
2410 4265 2719 4312 memoratio
2753 4256 2998 4324 fuissent,
3035 4268 3093 4313 ut
3114 4260 3234 4314 alia:
3257 4276 3289 4313 a
3320 4272 3456 4317 tem-

1867 4358 1997 4413 pore
2021 4343 2297 4401 Paschatis
2326 4347 2481 4401 dicta:
2502 4357 2812 4404 memorata:
2838 4358 2980 4403 sunt.
3007 4351 3252 4421 Alioquin
3280 4362 3457 4407 autem

1869 4438 2156 4493 verisimile
2195 4453 2298 4492 non
2347 4448 2430 4494 est
2457 4438 2704 4495 homilias
2741 4442 2856 4495 illas
2903 4451 3133 4511 quatuor
3171 4444 3255 4497 vel
3292 4445 3460 4498 conti-

1869 4540 2061 4584 nenter
2088 4538 2213 4583 ante
2238 4528 2587 4585 Pentecosten
2617 4532 2703 4585 vel
2722 4532 2946 4587 alternis
2972 4533 3178 4587 vicibus
3208 4548 3327 4587 cum
3360 4536 3459 4589 ho-

1870 4620 2029 4674 miliis
2057 4620 2124 4675 de
2151 4624 2305 4675 Anna
2333 4622 2540 4676 habitas
2566 4621 2750 4677 fuisse.
2778 4624 3116 4694 Quapropter
3144 4635 3270 4694 puto
3293 4627 3462 4696 Chry-

1870 4719 2187 4775 sostomum,
2229 4713 2317 4781 qui
2349 4711 2777 4781 frequentissime
2806 4715 2993 4769 morbo
3020 4716 3313 4780 laborabat,
3344 4729 3463 4785 post

1873 4801 2219 4858 Pentecosten
2257 4804 2438 4873 ignoto
2469 4803 2621 4859 nobis
2665 4820 2850 4859 mense
2897 4805 3213 4875 aegritudine
3246 4814 3460 4875 captum

1873 4890 2060 4959 fuisse,
2092 4902 2145 4947 et
2171 4893 2259 4947 ubi
2302 4893 2588 4958 convaluit,
2625 4894 2849 4962 primam
2879 4895 3151 4949 homiliam
3182 4895 3329 4949 illam
3365 4895 3461 4950 ha-

1871 4981 2051 5035 buisse
2090 4981 2157 5036 de
2194 4982 2435 5037 debitore
2472 4982 2658 5037 decem
2698 4983 2922 5037 millium
2968 4985 3322 5049 talentorum,
3374 4984 3461 5037 ubi

1873 5080 2055 5143 contra
2086 5071 2397 5139 injuriarum
2430 5072 2856 5127 recordationem
2881 5074 3229 5127 concionatus
3250 5083 3351 5128 est.

1946 5161 2003 5216 In
2031 5162 2202 5231 prima
2250 5162 2317 5217 de
2367 5163 2568 5218 Davide
2616 5163 2835 5217 homilia
2881 5164 2947 5218 de
2999 5162 3279 5218 tolerantia
3331 5164 3459 5231 agit,

1873 5259 1928 5305 et
1964 5252 2102 5321 quod
2138 5261 2381 5321 oporteat
2426 5254 2655 5311 inimicis
2689 5268 2933 5323 parcere,
2976 5269 3077 5309 nec
3116 5254 3185 5309 de
3212 5254 3462 5323 quopiam

1875 5343 2014 5398 male
2040 5343 2205 5412 loqui.

1948 5433 2004 5487 ln
2032 5434 2263 5489 secunda
2307 5435 2495 5503 probat
2533 5450 2639 5490 non
2681 5435 2845 5490 modo
2889 5436 3139 5491 virtutem
3188 5449 3463 5503 exercere,

1879 5524 1971 5578 sed
2002 5525 2163 5579 etiam
2199 5525 2391 5581 virtute
2418 5525 2668 5595 praeditos
2708 5525 2947 5593 laudare,
2979 5542 3085 5580 non
3113 5540 3300 5595 parum
3324 5524 3465 5579 utili-

1880 5615 2000 5669 tatis
2030 5614 2221 5669 afferre
2252 5632 2267 5672 :
2296 5617 2543 5686 quodque
2573 5616 2739 5671 David
2761 5616 3181 5686 magnificentius
3209 5624 3466 5685 tropaeum

1876 5704 2107 5758 erexerit
2126 5705 2392 5772 parcendo
2420 5706 2591 5773 Sauli,
2615 5721 2773 5775 quam
2798 5716 3062 5775 prostrato
3083 5705 3317 5773 Goliath,
3348 5719 3465 5759 ma-

1878 5793 2062 5863 gisque
2091 5793 2188 5848 sibi
2224 5793 2481 5863 profucrit
2506 5812 2662 5864 quam
2695 5794 2865 5851 Sauli.
