4264 6306
796 313 890 367 ίξἹ
1321 309 1327 314 ”
1849 302 1904 357 S.
1947 301 2224 358 JOANNIS
2261 300 2732 358 CHRYSOSTOM!
2779 305 2952 369 \'!T.\,

677 484 742 490 _____
785 481 792 484 _
841 426 918 488 .ltt
933 421 1232 490 terum-ubi
1255 419 1398 478 'vidit
1437 417 1629 477 milites
1667 416 1824 473 exiis
1850 415 2056 482 adesse,
2084 415 2168 486 qui
2193 429 2358 484 nuper

789 531 845 575 ut
877 517 1148 573 theatralia
1190 515 1487 584 spectacula
1521 511 1732 564 adirent
1775 524 2017 560 conemur
2050 524 2151 558 non
2194 508 2357 558 inter-

787 610 1011 668 fuerant,
1036 606 1166 658 dixit
1193 621 1255 658 ex
1294 600 1588 671 hnjusmodi
1630 597 2013 668 spectatoribus
2043 595 2234 652 multos
2261 594 2355 647 ad-

784 699 980 750 ulteros
1006 695 1138 759 fieri,
1167 695 1391 760 hincque
1420 690 1554 743 hell')
1583 697 1636 740 ct
1663 687 2028 741 contentiones
2055 683 2220 735 nasci.
2251 683 2357 734 Ad-

777 789 1008 841 (litvcro
1037 785 1283 838 Davidem
1331 797 1449 835 cum
1497 780 1655 839 Szc‘dc
1699 792 1855 831 omne
1893 761 2161 844 ipaticutize
2189 787 2353 840 genus

779 890 1096 942 superasse:
1131 870 1628 939 CitltttiiitltletiiCCl‘S
1653 868 1885 934 rapinam
1917 866 2171 933 patienter
2195 864 2347 926 ferre,

780 980 884 1024 non
943 966 1199 1027 minorem
1253 962 1501 1013 virtutem
1556 972 1695 1021 esse,
1755 970 1909 1018 quam
1959 953 2348 1021 elcemosyuam

3937 315 4059 373 ιεε

2471 414 2665 472 Christi
2699 435 2901 486 necem,
2932 436 3086 490 quant
3119 422 3263 476 vituli
3293 423 3674 480 adorationem.
3706 428 3784 480 Ex
3819 430 4061 497 prophe-

2468 508 2532 560 tis
2559 508 2736 561 denuo
2765 509 2951 578 probat
2989 508 3215 564 futuram
3250 512 3553 568 Judzcorum
3587 517 4049 582 reprobationem.

2466 594 2664 650 Deinde
2700 608 2892 666 quanta
2922 601 2990 652 sit
3017 601 3294 653 sacerdotii
3332 602 3557 670 dignitas
3581 603 3948 669 demonstrat,
3990 615 4054 659 et

2462 701 2600 739 nluic
2628 688 2936 755 abrogatum
2963 705 3082 743 esse
3106 689 3241 758 apud
3266 690 3476 746 Judmos
3503 695 3856 748 sacerdotium
3886 697 4057 748 evin-

2458 777 2561 842 cit,
2590 778 2936 846 obsecratque
2963 779 3125 832 libros
3151 789 3364 834 sanctos
3395 796 3498 834 non
3544 792 3778 838 sanctam
3821 783 4051 838 efﬁcere

2455 880 2796 936 synagogam,
2824 868 3057 936 nihilque
3089 885 3190 921 non
3222 871 3328 938 agit
3359 881 3409 924 ut
3442 872 3709 926 auditores
3735 888 3860 926 suos
3887 889 4050 927 aver-

2457 965 2530 1008 tat
2559 971 2586 1008 a
2614 971 2895 1026 synagoga:
2925 968 2978 1011 et
3004 953 3223 1011 aditu'ct
3253 960 3564 1016 imitatione.

2526 1045 2755 1114 ldipsum
2782 1058 3150 1116 argumentum
3179 1051 3509 1118 persequitur
3537 1053 3584 1104 in
3627 1053 3849 1120 septima
3897 1069 4046 1107 con-

777 1071 994 1111 ﬂl'OL’ﬂt’C
1003 1093 1016 1106 .

847 1097 1022 1199 bicusc
1047 1155 1220 1199 autem
1252 1141 1546 1212 Septembri
1578 1139 1698 1192 anui
1727 1138 1829 1192 587
1850 1135 1959 1204 jam
1995 1135 2178 1188 initam
2214 1148 2345 1187 con-

776 1247 852 1290 tra
875 1237 1083 1289 Judmos
1106 1235 1547 1295 concertationem
1579 1228 1664 1298 (Τ.
1695 1230 1743 1280 i.
1767 1248 1811 1283 c.
1839 1225 1996 1294 871),
2027 1240 2183 1293 quam
2207 1239 2346 1277 anno

777 1328 1017 1394 proximo
1046 1325 1148 1379 586
1190 1339 1369 1377 mense
1394 1323 1602 1375 circiter
1626 1317 1926 1384 Septembri
1956 1324 2224 1384 cmpcrat,
2254 1331 2343 1368 ea-

773 1416 894 1469 dem
931 1422 1241 1481 tempestate
1269 1412 1571 1478 resumpsit.
1603 1410 1656 1462 Id
1688 1410 1770 1461 ille
1800 1408 1945 1461 initio
1976 1417 2192 1475 quartae,
2229 1421 2344 1473 qua:

774 1507 958 1557 harum
1003 1505 1349 1573 posteriorum
1378 1504 1546 1570 prima
1586 1511 1697 1560 est,
1743 1501 1818 1555 sie
1847 1498 2118 1552 enuntiat:
2153 1496 2345 1549 Rursus

769 1595 846 1646 illi
873 1595 1092 1663 infelices
1124 1594 1500 1658 mortaliumque
1529 1591 1746 1641 omnium
1773 1587 2036 1642 miserrimi
2072 1584 2103 1637 ,1
2113 1585 2240 1641 ιιιΙωὶ
2259 1587 2344 1654 je-

767 1685 996 1756 junaturi
1019 1693 1134 1734 sunt
1157 1699 1174 1734 :
1203 1699 1373 1734 rursus
1403 1679 1585 1734 Clu-isti
1615 1695 1810 1748 gregem
1844 1677 2124 1729 inuniamus
2153 1692 2345 1729 necesse

768 1783 868 1836 est;
913 1773 1132 1840 ideoque
1162 1787 1217 1824 se
1245 1772 1426 1825 decem
1472 1770 1659 1822 diebus
1689 1778 1967 1836 antequam
2011 1765 2176 1820 Judaei
2203 1765 2340 1835 jeju-

771 1872 957 1914 nareut
984 1862 1096 1914 haec
1138 1862 1334 1924 monita
1365 1860 1573 1913 dedisse
1611 1860 1716 1923 ait,
1757 1861 1876 1926 quia
1918 1857 2065 1909 multi
2092 1873 2154 1909 ex
2185 1871 2342 1924 grege

768 1967 883 2011 suo,
917 1952 1140 2019 quadam
1173 1950 1548 2017 superstitione
1579 1949 1702 2003 moti
1725 1989 1738 2010 ,
1769 1963 1885 2001 cum
1916 1946 2110 2001 Judmis
2132 1945 2338 2014 jejuna—

768 2044 910 2100 baut.
961 2044 1150 2109 Aitque
1193 2043 1359 2109 primo
1399 2040 1700 2094 Judmorum
1743 2036 1867 2090 illud
1908 2035 2160 2109 jejunium
2201 2035 2340 2102 quod

767 2146 948 2187 contra
979 2136 1301 2192 voluntatem
1349 2132 1437 2185 Dei
1484 2132 1629 2184 fieret
1651 2171 1664 2194 ,
1698 2129 1913 2198 impium
1945 2136 1999 2181 et
2028 2102 2340 2180 sceleratum

767 2241 882 2277 esse
911 2245 920 2276 :
953 2225 1172 2294 ideoque
1215 2225 1331 2278 illos
1374 2223 1439 2275 ab
1479 2221 1580 2282 hoc
1614 2220 1831 2277 Judaico
1858 2229 2103 2287 suscepto
2140 2218 2342 2285 jejunio

767 2319 987 2382 avertit,
1028 2327 1079 2369 et
1129 2319 1177 2368 in
1223 2315 1488 2374 contionis
1520 2315 1621 2365 line
1649 2312 1781 2364 alios
1811 2312 1900 2379 qui
1937 2311 2003 2362 ab
2044 2308 2340 2376 lmjusmodi

767 2406 982 2459 Judaico
1006 2406 1208 2473 jejunio
1250 2403 1576 2456 abstinerent
1619 2402 1746 2454 hort'
1774 2408 1877 2462 tur,
1920 2409 1976 2452 ut
2007 2398 2192 2452 fratres
2217 2413 2340 2452 suos

767 2506 993 2549 avocent
1019 2495 1084 2548 ab
1106 2495 1404 2563 lmjusmodi
1423 2494 1656 2563 jejuniis,
1680 2508 1798 2563 quae
1821 2491 2160 2546 theatralibus
2182 2492 2338 2544 etiam

767 2586 1077 2655 spectaculis
1106 2585 1256 2652 longe
1282 2585 1459 2653 pejora
1491 2593 1688 2637 essent.

835 2674 1079 2738 Quintam
1102 2673 1370 2726 homiliam
1393 2672 1595 2727 orditur
1616 2673 1682 2725 ab
1704 2671 2000 2725 auditorum
2025 2671 2336 2740 frequentia,

766 2779 919 2831 quam
951 2765 1106 2816 solito
1134 2765 1386 2828 majorem
1414 2777 1530 2815 esse.
1558 2761 1768 2831 gaudet,
1800 2771 1853 2814 et
1881 2761 2154 2828 pristinum
2184 2777 2338 2829 argu-

768 2864 1000 2906 lilClliiltll
1029 2853 1302 2906 ardentius
1342 2852 1591 2920 suseipit,
1635 2868 1695 2906 ac
1727 2852 1944 2906 Judaica
1986 2854 2161 2905 omnia
2193 2869 2341 2919 pror-

766 2960 853 2995 sus
885 2944 1130 3010 abrogata
1164 2959 1280 2996 esse
1313 2945 1632 3011 prtmunliat.
1667 2942 1942 3010 Templum
1975 2960 2099 2995 vero
2125 2944 2342 2997 Jerusa-

766 3035 1075 3102 lymitauum
1108 3050 1393 3103 numquam
1419 3049 1536 3088 esse
1566 3036 1966 3097 restauraudum
1999 3035 2205 3101 probat,
2235 3051 2336 3088 non

765 3143 826 3177 ex
856 3126 1052 3179 Christi
1084 3126 1269 3188 modo,
1315 3125 1406 3178 sed
1439 3141 1503 3178 ex
1550 3125 1923 3194 prephctarum
1965 3126 2122 3178 etiam
2155 3127 2339 3193 prtedi—

765 3216 1046 3269 ctiouibus.
1078 3217 1244 3285 Leges
1272 3216 1690 3270 Christianorum
1719 3216 2049 3269 solummodo
2080 3218 2129 3268 in
2158 3233 2341 3284 perpe-

767 3320 909 3360 tuum
937 3308 1223 3362 servandas
1250 3323 1395 3370 esse,
1427 3317 1646 3361 cattcras
1678 3321 1862 3360 omnes
1889 3307 2232 3361 obsolevisse.
2267 3309 2339 3362 De

768 3398 1061 3452 habeormn
1095 3409 1270 3467 postea
1305 3399 1533 3466 pernicie
1561 3399 1796 3466 pluribus
1821 3399 1945 3466 agit,
1981 3399 2339 3466 ultionemque

769 3489 854 3541 ltei
896 3489 959 3540 de
993 3490 1091 3541 illis
1135 3499 1394 3555 sumptam
1438 3487 1548 3544 fuse
1572 3490 1921 3557 persequitur.
1953 3489 2183 3543 Danielis
2213 3507 2337 3543 vero

768 3579 1071 3644 pmphetias
1101 3580 1392 3630 minutatim
1419 3579 1665 3646 explicat,
1693 3579 2114 3646 peculiaremque
2146 3594 2338 3632 sermo-

767 3683 883 3719 uem
927 3669 990 3720 de
1025 3667 1438 3721 hebdomadibus
1481 3669 1709 3721 Danielis
1747 3669 1988 3721 instituit.
2035 3668 2338 3723 intimorum

765 3767 822 3807 ut
856 3758 1107 3825 templum
1141 3757 1479 3811 restituerent
1518 3769 1736 3810 conatus
1778 3768 2153 3810 commemorat
2179 3800 2192 3820 ,
2241 3761 2338 3813 sub

766 3845 1029 3902 lirulriauo
1064 3845 1383 3912 Imperatorc
1406 3886 1419 3909 ,
1469 3847 1566 3897 sub
1610 3847 1955 3899 Constz‘tntino
1978 3890 1989 3904 ,
2023 3849 2338 3916 denmmque

764 3937 862 3987 sub
891 3936 1096 3989 .luliauo
1147 3940 1424 4003 .\poslata,
1478 3939 1563 4004 qui
1613 3939 1739 4005 ipsis
1785 3938 2021 4000 favebat;
2070 3950 2120 3990 ct
2166 3950 2335 3993 tamen

765 4027 940 4077 omnia
968 4027 1066 4077 illis
1091 4025 1280 4077 frustra
1315 4043 1544 4079 cessere.
1579 4028 1796 4081 Dcmum
1832 4041 2104 4098 postquam
2134 4032 2338 4087 dixerat

766 4115 1066 4166 Malacliiam
1109 4117 1415 4183 prophetam
1447 4116 1801 4171 Christianum
1842 4121 2036 4173 cultum
2065 4123 2338 4192 pra-signi-

764 4206 1022 4270 lECavisse,
1056 4207 1250 4258 claudit
1294 4209 1640 4274 concionem,
1671 4212 1873 4263 eteteris
1916 4213 2143 4266 homiliis
2175 4215 2334 4282 duplo

764 4296 947 4346 saltem
982 4297 1306 4364 longiorem;
1356 4299 1421 4352 ita
1454 4309 1507 4352 ut
1547 4301 1704 4353 etiam
1733 4317 1798 4353 ex
1832 4303 2014 4355 oramli
2045 4304 2234 4358 ardore
2260 4316 2338 4357 at-

765 4404 865 4455 que
897 4390 1193 4456 prolixitate
1221 4394 1526 4446 raucitalcm
1559 4394 1911 4453 contraheret.

835 4480 1010 4547 Neque
1043 4489 1215 4533 tamen
1259 4482 1344 4534 ille
1382 4486 1458 4536 sic
1498 4484 1698 4537 destitit
1739 4502 1766 4536 a
1804 4487 2198 4550 concionando,
2242 4491 2332 4544 sed

764 4569 1016 4632 postridie
1045 4586 1229 4623 raucus
1256 4572 1480 4625 oratoris
1518 4588 1706 4625 llllltltlS
1743 4576 2009 4640 suscepit,
2042 4587 2093 4627 ct
2132 4589 2331 4631 sextam

766 4657 1030 4710 homiliam
1059 4659 1191 4711 dixit
1219 4671 1476 4726 prrescutc
1521 4661 1770 4714 Flaviano
1798 4665 2044 4731 episeopo
2068 4674 2119 4717 ct
2148 4682 2332 4734 magna

763 4750 938 4817 populi
972 4748 1288 4818 frequentia.
1325 4754 1493 4818 Atque
1524 4753 1588 4806 de.
1631 4755 1806 4820 templi
1836 4755 2194 4809 destructione
2238 4760 2335 4810 sub

767 4836 1089 4904 Vespasiano
1118 4841 1340 4907 primum
1375 4842 1621 4910 loquitur,
1656 4851 1708 4896 ct
1730 4846 1952 4899 oratoris
1981 4849 2145 4915 magis
2177 4864 2330 4915 quam

763 4928 1020 4979 mundum:
1061 4931 1317 4998 scriptoris
1347 4947 1534 4984 munus
1563 4948 1814 4986 exercens
1837 4975 1850 4997 ,
1880 4934 2006 4987 dicit
2030 4936 2136 5001 jam
2184 4939 2360 5003 quin--

762 5019 1114 5084 gentesimum
1141 5039 1331 5075 annum
1372 5024 1452 5091 agi
1488 5039 1552 5076 ex
1579 5039 1685 5092 quo
1715 5026 1965 5092 templum
1990 5027 2335 5096 Jerosolymi-

764 5119 944 5160 tantm
975 5108 1297 5164 destructum
1338 5111 1540 5175 fuerat;
1587 5115 1704 5166 licet
1746 5131 1848 5167 non
1898 5116 2013 5183 plus
2040 5135 2193 5186 quam
2226 5129 2332 5171 trer

763 5200 901 5252 renti
932 5201 1116 5255 decem
1145 5213 1196 5256 et
1220 5214 1339 5256 octo
1359 5204 1482 5255 anui
1511 5206 1577 5257 ab
1604 5205 1807 5258 excidio
1834 5206 1924 5258 illo
1945 5207 2104 5274 elapsi
2133 5220 2328 5264 essent.

768 5290 957 5343 Verum
991 5292 1126 5346 solet
1157 5293 1565 5364 Chrysogonms
1613 5298 1662 5348 iu
1708 5297 2054 5351 concionibus
2100 5301 2206 5351 suis
2240 5301 2334 5353 has

764 5389 1059 5445 temporum
1107 5383 1338 5436 rationes
1377 5395 1428 5436 ct
1456 5387 1858 5453 supputationes
1898 5402 2078 5454 parum
2111 5405 2296 5443 curare
2318 5432 2330 5452 ,

765 5478 818 5519 ut
856 5470 978 5524 alibi
1019 5471 1378 5526 observamus.
1430 5474 1559 5526 lliuc
1598 5490 1723 5528 vero
1757 5491 1972 5545 scapum
2015 5494 2334 5548 persequens

858 5557 1058 5620 doctor,
1101 5561 1227 5614 dicit
1267 5571 1320 5621 et
1369 5563 1554 5629 probat
1603 5580 1784 5617 necem
1833 5565 2025 5618 Christi
2077 5569 2332 5620 malorum

766 5660 973 5702 causam
1004 5649 1195 5704 Juda:is
1225 5651 1410 5716 fuisse,
1454 5652 1625 5723 aitque
1664 5654 1824 5707 Deum
1863 5655 2123 5726 indignius
2151 5660 2329 5713 tulisse

2451 1139 2602 1191 cionc
2633 1140 2924 1207 probatque
2948 1139 3194 1192 Judaicos
3221 1139 3352 1194 ritus
3377 1143 3656 1211 abrogatas
3681 1160 3819 1209 esse,
3849 1159 4044 1199 sacer-

2451 1228 2600 1280 dotes
2629 1227 2765 1295 apud
2797 1227 3003 1282 Judzeos
3045 1242 3162 1282 esse
3206 1245 3310 1282 non
3353 1246 3541 1299 posse,
3583 1234 3901 1301 unicumque
3933 1250 4041 1287 sa-

2449 1319 2708 1372 crificium
2736 1334 2853 1374 esse
2885 1336 2976 1388 per
3005 1335 3195 1389 corpus
3224 1320 3454 1385 Christi;
3480 1338 3539 1376 ac
3567 1324 3731 1392 legem
3763 1324 4039 1378 sublatam

2451 1411 2640 1473 fuisse,
2673 1426 2776 1462 non
2805 1411 2872 1464 ob
2900 1421 3108 1479 peccata
3149 1411 3449 1466 Judaeorum
3471 1455 3485 1477 ,
3518 1413 3608 1466 sed
3643 1407 3782 1482 quod
3821 1415 4037 1483 imper-

2451 1500 2581 1552 fecta
2621 1509 2784 1552 esset.
2818 1500 3036 1554 Domum
3077 1501 3140 1554 ad
3191 1501 3626 1555 Melchisedccum
3659 1503 3836 1567 venit,
3867 1505 4038 1566 cuius

2448 1588 2731 1642 sacerdmii
2763 1590 3068 1659 dignitatem
3101 1590 3354 1655 celebrat,
3395 1601 3446 1644 ct
3469 1607 3531 1644 ex
3556 1591 3806 1660 prepheta
3834 1593 4038 1659 prohat

2447 1678 2800 1731 sacerdotium
2827 1680 2954 1732 illud
2977 1687 3268 1732 extremum
3309 1695 3457 1745 esse,
3489 1696 3655 1748 exque
3690 1681 3833 1734 Pauli
3864 1681 4037 1735 dictis

2446 1768 2713 1820 Christum
2755 1783 2872 1823 esse
2913 1784 3095 1823 verum
3142 1769 3288 1822 illum
3339 1773 3669 1824 sacerdotem
3721 1787 3786 1824 ex
3831 1772 4035 1827 ordine

2447 1855 2834 1911 Melehisedeci.
2873 1858 2978 1912 llac
3010 1873 3139 1911 vero
3170 1859 3218 1911 in
3246 1875 3302 1912 re
3328 1859 3526 1912 diutius
3564 1861 3888 1926 immoratur,
3926 1862 4038 1917 de-

2446 1962 2695 2015 mumque
2725 1946 2950 2012 claudit,
2982 1947 3250 2002 auditores
3287 1948 3572 2002 cohortans
3600 1959 3654 2002 ut
3679 1949 3865 2005 fratres
3890 1966 4033 2006 suos

2445 2052 2474 2089 a
2504 2035 2738 2090 .iudaicis
2763 2036 3226 2091 observationibus
3250 2046 3525 2102 avertant,
3555 2048 3608 2093 et
3632 2039 3695 2092 ad
3726 2055 3902 2094 veram
3932 2059 4034 2094 re—

2445 2126 2647 2179 ducant
2666 2127 2825 2180 viam.
2857 2125 3072 2196 PrOpter
3097 2129 3190 2180 hoc
3211 2129 3360 2193 enim,
3393 2129 3578 2199 inquit,
3610 2146 3697 2183 nos
3722 2139 3913 2183 talltum
3937 2133 4032 2183 la-

2411 2267 2414 2270 .
2445 2217 2611 2269 borcm
2640 2217 2955 2285 suscipimus,
2991 2233 3146 2286 neque
3169 2228 3221 2270 ut
3252 2219 3484 2284 plausum
3511 2221 3864 2288 strepitumque
3889 2225 4036 2290 refc-

2446 2324 2632 2370 ranms,
2664 2309 2752 2360 sed
2782 2317 2834 2360 ut
2860 2309 3055 2362 avulsas
3081 2310 3148 2360 ad
3189 2309 3315 2361 viam
3344 2311 3564 2363 veritatis
3594 2312 3907 2365 reducamus.

2513 2399 2763 2452 Octavam
2817 2399 3000 2452 habuit
3061 2409 3334 2469 postquam
3397 2401 3652 2471 jejunium
3715 2404 4030 2460 Judmorum

2447 2492 2746 2552 transierat,
2782 2490 2917 2557 quod
2945 2490 3204 2557 jejunium
3227 2490 3537 2547 ebrietatem
3563 2507 3678 2547 esse
3700 2494 3843 2547 dicit.
3877 2495 4022 2549 Rur-

2445 2594 2667 2648 sumque
2703 2580 2969 2632 auditores
3009 2580 3266 2645 hortatur,
3315 2589 3368 2633 ut
3400 2580 3617 2635 fratrum
3658 2585 4028 2640 emendationi

2443 2677 2496 2726 et
2519 2669 2675 2722 saluti
2697 2672 2973 2723 consulant
3007 2679 3058 2724 et
3085 2670 3371 2740 advigilent
3403 2688 3414 2724 :
3449 2686 3545 2726 nec
3575 2672 3730 2728 modo
3755 2683 3875 2729 ante
3903 2690 4030 2743 pec-

2443 2769 2636 2824 catum,
2670 2761 2762 2817 scd
2793 2763 2948 2817 etiam
2980 2775 3093 2834 post
3120 2777 3390 2834 peccatum
3413 2783 3595 2821 manus
3623 2769 3725 2821 illis
3753 2770 4030 2838 porrigen-

2443 2852 2536 2907 das
2577 2866 2694 2905 esse
2724 2853 2880 2918 dicit,
2925 2865 2977 2906 ut
3020 2857 3154 2909 Deus
3196 2857 3322 2910 fecit
3370 2857 3590 2910 Adamo.
3639 2858 3856 2912 Peccata
3889 2875 4029 2912 vero

2445 2943 2667 2996 fratrum
2715 2945 3062 3013 corrigenda,
3105 2963 3209 3000 non
3248 2947 3539 3016 evulgauda
3573 2963 3713 3003 esse.
3753 2949 4026 3015 Quoniam

2444 3044 2618 3087 autem
2654 3033 2820 3088 λιιιΙωί
2852 3049 2907 3088 se
2934 3037 3168 3090 medicos
3202 3052 3318 3091 esse
3348 3037 3623 3098 dicebant,
3656 3047 3811 3111 atque
3838 3038 4026 3092 incan-

2445 3124 2724 3177 tationibus
2764 3141 2826 3178 ac
2879 3126 3210 3193 ligamiuihus
3239 3127 3301 3179 ad
3351 3127 3612 3180 curandos
3652 3128 3863 3180 morbos
3902 3137 4026 3181 ute-

2443 3214 2652 3278 bantur,
2679 3226 2863 3268 contra
2891 3232 2982 3269 eos
3024 3218 3111 3284 qui
3144 3216 3205 3268 ad
3246 3218 3375 3269 tales
3411 3217 3645 3271 medicos
3672 3217 4028 3286 confugerent.

2445 3306 2666 3374 insurgit
2691 3306 3098 3377 Chrysostomus
3120 3351 3132 3371 ,
3163 3311 3340 3378 aitque
3380 3309 3512 3361 mala
3544 3310 3717 3376 potius
3754 3312 4028 3378 patienter

2445 3399 2680 3460 ferenda,
2707 3415 2861 3466 quam
2895 3401 3025 3452 tales
3051 3399 3376 3453 adhibendas
3405 3401 3707 3453 curationes
3728 3442 3739 3464 ,
3773 3410 3931 3470 atque
3953 3404 4026 3456 ad

2446 3488 2607 3540 Deum
2636 3497 2688 3540 et
2717 3489 2780 3540 ad
2812 3499 3023 3541 sanctos
3053 3501 3314 3559 martyres
3342 3505 3460 3544 esse
3484 3490 3927 3559 confugiendum,
3959 3508 4027 3546 ac

2442 3580 2591 3645 signo
2613 3579 2782 3630 crucis
2806 3579 3054 3630 utendum

2515 3670 2639 3720 Alia:
2674 3670 2954 3721 conciones.
2978 3698 3048 3707 ——
3074 3668 3180 3722 lloc
3208 3679 3442 3737 tempore
3482 3670 3656 3722 habita
3693 3671 3784 3723 fuit
3827 3675 4024 3725 concio

2446 3757 2528 3809 illa
2573 3757 2621 3808 in
2670 3759 2929 3809 Psaltntnn
2973 3759 3032 3810 4|
3069 3757 3164 3823 (T.
3200 3760 3251 3813 5.
3290 3778 3335 3811 c.
3370 3758 3528 3825 155),
3580 3762 4025 3825 Quemadmodum

2444 3849 2686 3900 desiderat
2705 3865 2894 3912 cerrus,
2909 3859 3032 3908 etc.,
3056 3858 3109 3899 ut
3128 3849 3236 3917 ipse
3254 3849 3656 3919 Cbrysostomus
3674 3867 3770 3907 nec
3791 3852 4026 3908 obscure

2445 3937 2639 3989 indicat
2670 3937 2817 3990 initio
2844 3938 2924 3990 his
2946 3938 3120 3990 verbis
3147 3957 3158 3990 :
3206 3938 3301 3991 Vos
3322 3940 3538 4007 quidem,
3571 3943 3772 4009 inquit,
3807 3958 3892 3994 nos
3923 3959 4028 3996 uu-

2444 4045 2531 4094 ρει·
2559 4014 2939 4080 admirabamini
2959 4070 2970 4090 ,
3003 4029 3202 4096 qmme
3247 4029 3388 4080 verba
3419 4031 3625 4097 fecimus
3661 4031 3722 4082 de
3751 4030 4025 4084 Melchise—

2441 4118 2559 4168 deco
2581 4159 2594 4181 ,
2631 4129 2832 4184 propter
2860 4133 3028 4169 eorum
3058 4135 3167 4185 qua?
3191 4119 3324 4170 dicta
3356 4131 3469 4170 sunt
3497 4121 3852 4188 longitudinem
3876 4139 3892 4174 :
3924 4143 4026 4194 ego

2441 4218 2605 4259 autem
2651 4224 2733 4260 vos
2759 4208 3048 4259 admirabar
3087 4219 3288 4276 prOpter
3317 4220 3527 4261 vestram
3568 4213 3618 4262 in
3662 4213 3908 4264 audiendo
3941 4226 4028 4265 at-

2443 4300 2707 4351 tentionem
2737 4308 2782 4353 et
2808 4299 3121 4365 sapientiam,
3155 4310 3198 4349 et
3223 4302 3356 4364 quod
3375 4316 3487 4351 cum
3515 4302 3760 4368 prolixior
3786 4319 3838 4354 se
3866 4303 4022 4355 oblat-

2443 4390 2576 4440 lisse!
2615 4389 2805 4449 oratio,
2853 4403 2940 4439 nos
2982 4393 3046 4438 ad
3077 4389 3226 4454 linem
3263 4405 3414 4456 usque
3455 4393 3743 4458 consequuti
3769 4393 3900 4444 estis.
3956 4395 4023 4448 lit

2441 4478 2752 4546 quihusdam
2787 4479 3110 4545 interpositis
3138 4497 3150 4531 :
3193 4478 3618 4542 Quemadmodum
3647 4499 3761 4551 ergo
3793 4493 3909 4533 tunc
3937 4485 4025 4536 di-

2441 4569 2628 4631 cebam,
2658 4569 2789 4636 quod
2815 4569 2931 4620 dum
2957 4569 3061 4636 lupi
3087 4585 3287 4636 gregem
3317 4569 3572 4633 invadunt,
3599 4573 3771 4623 relicta
3805 4573 3978 4639 fistula
4001 4615 4018 4639 ,

2440 4662 2650 4730 fundum
2695 4663 2744 4713 in
2786 4678 2990 4712 manum
3020 4671 3218 4712 sumunt
3264 4672 3533 4729 pastores:
3572 4663 3640 4714 ita
3683 4679 3847 4724 nunc,
3893 4663 4022 4718 dum

2398 4803 2403 4806 ,
2441 4755 2566 4819 festa
2595 4750 2891 4803 Juttworum
2930 4752 3308 4817 prwtericruut,
3339 4753 3422 4820 qui
3460 4762 3574 4804 sunt
3610 4755 3842 4821 quibusve
3881 4756 4022 4822 lupis
4094 4809 4104 4815 ,

2440 4841 2778 4903 inunaniores,
2809 4841 2981 4892 relicta
3005 4857 3176 4892 rursus
3197 4844 3376 4909 funda,
3402 4842 3662 4894 redeamus
3683 4845 3748 4895 ad
3768 4844 3991 4911 ﬁstulam
4007 4889 4019 4902 .

2443 4931 2570 4982 llinc
2599 4930 2744 4983 vides
2773 4929 2905 4983 hanc
2931 4930 2979 4982 in
3017 4930 3056 4982 Ρ
3090 4931 3282 4986 almum
3309 4931 3369 4985 «il
3403 4931 3670 4987 houiiliam
3702 4942 3824 4987 tunc.
3862 4929 4021 4988 habi-

2441 5030 2544 5073 tam
2579 5019 2760 5079 fuisse,
2795 5034 2912 5072 cum
2943 5036 3111 5086 nuper
3141 5020 3204 5071 fle
3250 5019 3628 5074 Melchisedeeo
3669 5023 3828 5075 multa
3859 5023 4021 5078 dixis-

2439 5121 2553 5174 set,
2605 5120 2654 5163 et
2702 5110 2940 5162 humilius
2985 5119 3167 5162 contra
3219 5110 3428 5163 Judatos
3470 5110 3800 5164 absolvisset.
3849 5113 4018 5169 Multa

2440 5213 2612 5256 autem
2637 5201 2701 5254 de
2730 5201 3111 5255 Melchisedeco
3132 5201 3261 5253 dixit
3287 5202 3335 5252 in
3361 5201 3572 5253 homilia
3596 5212 3776 5254 contra
3801 5203 4023 5260 Judmos

2442 5295 2663 5361 septima
2687 5335 2700 5358 ,
2734 5309 2851 5360 qua:
2891 5301 2968 5344 est
3019 5293 3304 5358 penultima
3345 5292 3482 5343 illius
3509 5294 3820 5359 argumenti.
3858 5293 4020 5359 Quod

2441 5401 2566 5436 vero
2612 5383 2678 5436 tle
2722 5391 2932 5451 pastore
2976 5381 3132 5442 dicit,
3166 5380 3479 5432 adveniente
3526 5381 3647 5447 lupo
3690 5380 3902 5434 fundam
3935 5403 4024 5440 su-

2443 5484 2643 5537 mente,
2690 5477 2739 5525 in
2774 5482 2955 5540 quarta
2999 5471 3242 5533 habetur,
3272 5471 3356 5521 ubi
3400 5469 3548 5522 initio
3584 5474 3798 5524 secumli
3828 5487 4025 5530 contra

2441 5567 2648 5620 Jndmos
2677 5566 2798 5618 belli
2837 5566 2912 5617 sic
2937 5565 3210 5616 classicum
3239 5578 3427 5616 cauere
3457 5564 3663 5615 videtur
3697 5563 4026 5634 Chrysostu-

2447 5674 2600 5712 lttttS:
2639 5656 2831 5710 Παῖδας
2858 5656 3078 5723 infrliccs
3122 5653 3196 5705 illi
3238 5654 3617 5721 ntortulimuque
3659 5672 3883 5706 catmum
3921 5663 4022 5712 mi-
