4264 6306
309 390 405 444 HS

309 501 502 553 δίη-1ηιὶ
537 500 715 556 Judaei
747 502 1033 572 jciunaturi
1078 511 1230 557 sunt:
1260 518 1435 556 rursus
1470 501 1659 556 Christi
1698 513 1896 570 gregem

310 590 598 646 muniamus
645 609 844 646 necesse
907 602 996 648 est.
1060 592 1475 662 Quandoquidem
1535 601 1581 645 et
1639 601 1896 658 pastores,

311 683 553 751 quamdiu
592 683 746 737 nescia
780 683 934 738 bestia
958 686 1165 738 molesta
1196 671 1295 737 non
1331 691 1436 749 est,
1482 683 1574 736 sub
1613 682 1777 735 ilicem
1812 689 1901 734 aut

313 769 561 841 populum
582 774 818 844 ,porrccti
837 815 851 839 ,
884 775 1056 841 fistula
1091 783 1310 839 canunt,
1351 774 1568 827 sinentcs
1597 787 1708 825 oves
1750 771 1902 825 libere

314 877 407 930 pro
440 863 802 933 εαοιανὺὶιιοαιμ
832 880 1034 933 pascere
1057 881 1075 916 :
1101 881 1270 933 verum
1297 864 1450 918 simul
1488 873 1638 932 atque
1659 861 1901 914 senserint

311 950 549 1002 alicunde
587 949 820 1020 luporum
865 951 1201 1007 incursionem
1241 953 1498 1006 imminere
1519 994 1532 1016 ,
1560 942 1683 1004 mox
1708 949 1901 1018 objecta

311 1041 488 1109 [tstula
513 1044 725 1112 [undam
753 1047 1025 1115 arripiunt,
1056 1055 1102 1099 et
1129 1047 1306 1099 emisso
1333 1046 1529 1098 calamo
1552 1086 1565 1110 ,
1599 1044 1814 1114 fustibus
1853 1051 1900 1095 et

310 1131 454 1184 saxis
481 1132 741 1186 obarmant
769 1150 904 1200 sese,
945 1151 1135 1204 proque
1173 1135 1292 1188 ovili
1319 1135 1674 1198 consistentes,
1717 1148 1898 1201 magno

310 1223 533 1278 clamore
560 1226 844 1295 ingentique
871 1227 1072 1281 ululatu
1101 1227 1448 1296 vociferantes,
1482 1226 1764 1294 frequenter
1789 1223 1899 1291 ipso

309 1313 536 1368 clamore
569 1317 765 1384 feram,
812 1316 1103 1385 priusquam
1129 1317 1416 1386 irrumpat,
1441 1316 1668 1385 abigunt.
1715 1314 1898 1381 Itaque

311 1413 438 1474 post
477 1405 848 1474 Septembrem
889 1407 1013 1461 anni
1041 1407 1165 1475 587,
1200 1418 1476 1477 postquam
1507 1407 1752 1460 homilias
1782 1406 1898 1458 illas

309 1495 548 1565 quinque
569 1507 753 1550 contra
777 1495 990 1552 Iudaeos
1011 1497 1236 1564 dixerat,
1263 1498 1345 1552 vel
1375 1497 1596 1552 fortasse
1618 1503 1895 1566 postquam

311 1589 555 1642 ultimam
582 1589 810 1657 dixerat,
839 1607 955 1660 qua:
976 1592 1137 1649 etiam
1163 1601 1278 1660 post
1301 1591 1560 1660 jejunium
1592 1589 1896 1644 dUdiL‘tll‘lllll

309 1678 494 1732 habita
535 1679 663 1745 fuit,
693 1680 830 1735 hanc
858 1680 1131 1740 homiliam
1159 1681 1328 1747 dixit,
1365 1695 1520 1750 quam
1554 1689 1728 1733 tamen
1760 1678 1895 1732 inter

309 1770 691 1840 Expositiones
732 1772 784 1824 in
829 1772 1067 1826 Psalmes
1093 1774 1198 1826 alio
1238 1781 1476 1840 tempore
1514 1770 1894 1837 concinnatus,

306 1879 497 1917 eorum
526 1865 615 1932 qui
644 1879 742 1917 nos
769 1873 1151 1933 praecesserant
1172 1865 1416 1934 exemplo
1446 1864 1775 1933 reliquimus.

383 1953 564 2007 Primo
603 1963 780 2008 autem
806 1963 983 2007 narrat
1009 1970 1109 2024 qua
1137 1954 1204 2008 de
1231 1969 1389 2008 causa
1420 1954 1559 2008 Deus
1587 1955 1816 2023 psalmos
1843 1954 1894 2007 in

305 2045 476 2097 vitam
519 2053 756 2097 nostram
787 2043 1071 2110 induxerit,
1121 2054 1177 2098 ut
1207 2059 1398 2113 nempe
1440 2045 1774 2098 socordiorcs
1802 2043 1896 2098 ho-

306 2135 482 2188 mines
511 2135 759 2203 erigeret,
787 2136 1015 2188 animam
1048 2145 1336 2197 recrearet,
1383 2135 1592 2203 aliaque
1629 2134 1764 2188 bona
1797 2133 1893 2187 ho-

304 2225 540 2278 minibus
576 2225 892 2292 impertiret.
925 2225 1113 2279 Postea
1145 2225 1210 2278 de
1256 2223 1413 2278 modo
1444 2224 1698 2293 psallendi
1730 2224 1894 2278 multa

303 2315 457 2378 dicit,
503 2325 556 2368 et
581 2315 787 2383 aliquas
825 2315 1039 2368 adhibet
1067 2329 1243 2380 voces,
1290 2314 1354 2368 ad
1385 2330 1501 2367 eam
1534 2329 1644 2366 rem
1673 2329 1896 2382 usurpa-

306 2414 410 2469 tas,
451 2420 585 2474 quas
637 2420 745 2459 non
794 2405 1143 2474 intcliigentes
1166 2404 1301 2459 bene
1351 2405 1502 2458 multi
1552 2405 1890 2474 interpretes,

305 2513 585 2566 perperam
609 2506 898 2562 verterunt,
930 2506 983 2551 et
1007 2513 1232 2572 quarum
1258 2512 1410 2552 usum
1438 2507 1494 2552 et
1522 2513 1734 2551 sensum
1759 2496 1894 2549 mul-

305 2589 375 2641 tis
405 2589 626 2642 aliorum
648 2586 866 2643 Patrum
897 2598 952 2642 et
974 2589 1292 2658 scriptorum
1321 2589 1578 2658 exemplis
1606 2587 1893 2657 explicavi-

302 2697 426 2737 mus
456 2683 507 2736 in
539 2683 758 2736 Monito.

374 2772 667 2828 Catecltescs
710 2775 777 2826 ad
821 2774 1203 2828 illuminandas.
1231 2805 1301 2814 —
1330 2774 1487 2829 Bitias
1536 2773 1886 2840 Cateeheses,

299 2878 435 2934 quas
462 2865 529 2918 ad
564 2865 938 2920 illuminandos
995 2881 1088 2920 seu
1126 2865 1536 2920 catechumenos
1567 2865 1888 2936 Chrysosto-

301 2972 422 3011 mus
455 2955 638 3010 habuit
679 2966 797 3026 post
826 2957 1082 3012 liomilias
1108 2958 1173 3012 de
1198 2958 1396 3013 Staluis
1424 2956 1686 3011 edidimus
1713 2955 1798 3026 (T.
1829 2955 1884 3008 2.

310 3067 354 3102 c.
385 3047 540 3117 225).
584 3049 703 3102 illas
731 3064 876 3115 vero,
926 3052 1262 3118 maximeque
1304 3051 1530 3118 primam
1570 3048 1620 3100 in
1649 3047 1887 3113 Quadra-

298 3144 499 3211 gesitua
530 3145 654 3197 anni
683 3143 784 3198 587
817 3143 1010 3198 dictam
1053 3144 1214 3198 fuisse
1244 3143 1590 3213 probabiliter
1615 3143 1888 3197 existima-

299 3252 454 3302 mus;
506 3236 878 3290 Tillemontius
926 3253 1054 3290 vero
1104 3238 1156 3290 in
1204 3252 1400 3290 annum
1453 3237 1559 3292 388
1611 3244 1885 3306 utramque

296 3329 591 3383 amandare
616 3330 834 3383 mavult.
865 3329 977 3398 Qua
1009 3329 1078 3384 de
1108 3345 1165 3383 re
1191 3318 1428 3398 pluribus
1454 3330 1801 3384 disseruimus
1831 3331 1880 3384 in

295 3417 497 3472 bionito
541 3418 608 3472 ad
639 3419 875 3483 easdem,
909 3420 996 3473 ubi
1038 3419 1156 3473 vide
1199 3421 1292 3474 sis.
1341 3421 1393 3473 In
1424 3422 1592 3489 prima
1638 3421 1884 3475 catechu-

297 3525 484 3564 menos
511 3511 757 3577 instituit,
790 3521 842 3565 et
879 3511 1033 3566 docet
1071 3527 1131 3567 ea
1163 3528 1282 3581 qum
1311 3513 1448 3567 scire
1479 3529 1573 3581 par
1603 3522 1717 3567 erat
1747 3532 1758 3567 :
1790 3530 1883 3568 ue-

295 3618 398 3670 que
428 3601 571 3656 enim
599 3601 779 3655 omnia
802 3601 1127 3656 docebantur
1147 3603 1541 3669 catechumeni;
1571 3606 1881 3674 mysterium

297 3709 527 3761 namque
578 3693 760 3746 ealicis
815 3693 1160 3763 ignorabant,
1216 3693 1386 3747 donec
1443 3695 1632 3747 initiati
1680 3704 1880 3750 essent.

297 3785 504 3839 Laudat
544 3785 662 3838 illos
699 3785 840 3854 quod
882 3785 1107 3854 juvenes
1150 3785 1466 3854 baptismum
1506 3795 1684 3840 essent
1715 3802 1880 3840 acce-

294 3877 457 3944 pturi,
489 3875 806 3944 illorumque
852 3875 1226 3944 negligentiam
1270 3875 1553 3942 improbat,
1586 3878 1675 3945 qui
1707 3876 1880 3945 bapti-

291 3982 469 4020 smum
515 3965 830 4020 differebant
873 3982 1037 4036 usque
1085 3965 1149 4019 ad
1199 3975 1446 4020 mortem.
1479 3967 1732 4037 Baptismi
1783 3984 1880 4021 no-

293 4061 436 4115 mina
489 4060 657 4114 multa
696 4075 814 4114 esse
843 4059 1018 4122 docet,
1062 4075 1252 4129 nempe
1291 4061 1560 4115 lavacrum
1602 4078 1882 4131 regenera-

292 4153 474 4216 tionis,
506 4151 839 4213 illumiuatio,
865 4151 1146 4224 baptisma,
1181 4152 1474 4220 sepultura,
1505 4167 1632 4206 crux
1663 4165 1712 4207 et
1740 4154 1840 4207 alia
1866 4170 1880 4207 :

293 4247 628 4314 multumque
653 4245 938 4299 discrimen
966 4259 1088 4298 esse
1115 4243 1241 4298 dicit
1268 4246 1405 4298 inter
1437 4246 1755 4314 baptismum
1785 4245 1881 4301 Ju-

292 4338 532 4392 dtcorum
551 4345 605 4390 et
621 4336 1064 4392 Christianorum.
1079 4336 1382 4391 Christiano
1403 4337 1636 4406 linguam
1654 4340 1884 4394 maxime
1927 4398 1947 4412 _

291 4429 649 4485 cohibendum
692 4445 830 4493 esse,
879 4444 944 4483 ex
989 4445 1089 4499 qua
1142 4431 1319 4498 lapsus
1354 4431 1504 4484 multi
1547 4431 1880 4500 proveniant.

291 4523 508 4579 Claudit
554 4523 770 4578 demum
825 4522 1006 4576 dicens
1054 4537 1085 4576 a
1122 4523 1455 4592 .juramentis
1510 4525 1881 4579 abstinendum

291 4634 435 4684 esse,
467 4617 612 4689 quod
656 4617 850 4671 malum
884 4616 1180 4670 Antiochia:
1225 4618 1453 4670 maxime
1479 4626 1603 4671 tunc
1631 4619 1883 4687 temporis

296 4712 613 4775 invaluerat,
647 4718 808 4778 atque
839 4708 930 4762 illo
954 4708 1126 4761 solum
1166 4723 1306 4763 anno
1332 4707 1435 4762 587
1465 4724 1558 4777 per
1583 4708 1886 4778 Quadrage-

293 4805 487 4856 simam
531 4809 696 4855 totam
741 4808 929 4854 contra
960 4800 1261 4869 juramenta
1301 4799 1605 4854 concionari
1657 4801 1881 4868 solebat,

295 4892 439 4964 quod
469 4892 789 4946 sententiam
821 4901 1055 4946 nostram
1083 4891 1296 4945 ﬁrmare
1315 4891 1547 4946 videtur.

367 4985 424 5038 in
456 4981 689 5038 secunda
721 4980 984 5036 catechesi
1013 4981 1430 5036 illuminatorum
1461 4996 1552 5036 seu
1591 4982 1883 5052 baptizato—

297 5093 416 5131 rum
447 5074 625 5128 ofﬁcia
667 5073 898 5142 explicat
927 5091 942 5128 :
971 5073 1133 5127 verba
1163 5073 1327 5127 refert
1370 5074 1425 5128 in
1453 5075 1717 5143 baptismo
1755 5091 1883 5145 pro-

299 5169 426 5234 lata,
460 5182 672 5237 nempe,
705 5166 1010 5220 Abrenuntio
1037 5166 1143 5231 tibi,
1173 5161 1385 5232 Satana,
1419 5177 1464 5220 et
1493 5183 1693 5236 pompa:
1717 5177 1815 5221 tua:
1839 5178 1886 5221 et

298 5260 456 5313 cultui
481 5268 585 5312 tuo.
621 5256 772 5312 Unde
813 5258 1150 5312 occasionem
1198 5257 1361 5311 sumit
1405 5257 1656 5326 carpendi
1699 5259 1890 5313 mulie-

300 5367 422 5416 res,
466 5365 589 5422 qua:
638 5351 802 5403 nimio
847 5350 1057 5404 ornatui
1104 5347 1409 5403 studebant.
1462 5349 1715 5419 Pompam
1762 5365 1888 5403 vero

300 5443 590 5497 satanicam
621 5454 740 5496 esse
763 5440 910 5506 dicit,
936 5440 1160 5498 theatra.
1181 5440 1449 5494 circenses
1480 5440 1651 5506 ludos,
1680 5440 1886 5494 dierum

302 5532 727 5598 observationes,
769 5531 1064 5604 praestigias
1106 5540 1160 5584 et
1193 5531 1390 5584 omina.
1431 5530 1686 5599 Loquitur
1727 5531 1886 5584 etiam

303 5626 369 5680 de
398 5625 482 5692 iis,
510 5625 600 5694 qui
637 5623 961 5679 carminibus
1004 5632 1058 5677 et
1094 5624 1330 5694 ligaturis
1359 5624 1662 5689 utebantur,
1693 5623 1888 5694 quique

305 5716 623 5769 uumismata
655 5713 942 5769 Alexandri
983 5713 1285 5768 Macedonis
1329 5728 1489 5768 aurea
1522 5713 1680 5783 capiti
1707 5721 1762 5768 et
1791 5729 1886 5782 pe-

304 5807 458 5864 dibus
484 5804 945 5876 circumligabant,
972 5811 1131 5876 atque
1174 5805 1226 5861 in
1267 5807 1408 5878 regis
1434 5805 1723 5862 idol'olatrtc
1753 5806 1886 5860 ima-

1478 387 1660 446 NUNC
1700 373 1961 443 PRIMUM
1997 381 2392 442 ADORNATA.

3485 397 3590 456 130

2007 499 2129 568 gine
2151 511 2300 567 apem
2326 499 2625 556 habebant:
2649 510 2703 556 at
2729 504 2778 558 in
2805 519 2963 561 cruce
2981 507 3176 564 Christi
3209 520 3408 566 tantum
3434 529 3586 584 spem

2003 586 2303 642 habendam
2331 604 2449 644 esse
2473 591 2616 646 dicit.
2655 592 2714 646 ln
2746 594 3044 663 hujusmodi
3088 598 3301 654 insanas
3331 605 3586 670 supersti-

1947 741 1955 751 ,
2005 677 2178 733 tiones
2205 680 2368 733 multa
2399 681 2634 750 profert,
2664 694 2719 738 et
2758 699 2851 738 eos
2890 687 2978 754 qui
3011 687 3401 745 incantamenta
3431 693 3584 746 adhi-

2004 766 2192 824 berent
2222 770 2687 826 vehementissime
2731 777 2988 844 coarguit,
3017 786 3175 847 atque
3205 781 3304 834 hoc
3339 782 3586 851 baptismi

2003 855 2146 912 dicto
2178 860 2480 914 cateehesin
2526 862 2744 926 claudit,
2792 865 3094 920 Abrenuntio
3146 868 3252 935 tibi,
3285 867 3497 939 Satana,
3541 883 3589 927 et

2005 964 2202 1018 pompa:
2231 961 2330 1004 tua:
2357 963 2405 1006 et
2430 954 2589 1006 cultui
2616 962 2721 1022 tuo,
2753 965 2800 1009 et
2830 959 3107 1029 conjungor
3127 962 3233 1028 tibi,
3262 962 3478 1018 Christe.

2077 1037 2318 1093 Ilomiliw
2360 1043 2422 1095 de
2476 1042 2864 1113 Prop/tetrarum
2903 1048 3217 1104 obscuritate.
3247 1082 3320 1091 ——
3345 1054 3586 1109 llomilia‘.

2004 1129 2121 1183 duae
2149 1130 2213 1205 de
2245 1132 2646 1203 Prophetiarum
2670 1137 2994 1194 obscuritate
3019 1141 3083 1194 ad
3115 1157 3309 1197 artuum
3332 1145 3436 1200 588
3460 1163 3588 1201 con-

2004 1222 2278 1293 signantur
2318 1242 2347 1278 a
2389 1228 2458 1282 cl.
2489 1229 2601 1282 viro
2631 1230 2990 1300 Tillemontio,
3037 1234 3130 1287 scd
3175 1250 3237 1288 ex
3283 1237 3586 1306 conjectura

2011 1323 2211 1368 tantum
2243 1314 2328 1384 (T.
2373 1317 2425 1371 6.
2473 1335 2515 1371 c.
2550 1318 2714 1390 165);
2750 1330 2908 1392 atque
2944 1339 3009 1377 ex
3039 1325 3102 1378 iis
3132 1341 3250 1395 qua:
3290 1329 3340 1382 in
3388 1329 3587 1385 Monitu

2004 1402 2233 1458 diximus
2264 1405 2518 1460 incertum
2559 1424 2780 1477 prorsus
2817 1412 3043 1479 videtur,
3077 1429 3183 1483 quo
3211 1432 3350 1472 anno
3376 1421 3587 1476 emissa:

2005 1493 2222 1549 fuerint.
2266 1496 2323 1550 lu
2353 1498 2521 1566 prima
2561 1499 2718 1555 docet
2745 1503 3013 1572 quomodo
3041 1508 3311 1562 tractanda
3341 1510 3409 1564 sit
3438 1511 3588 1566 Scri-

2005 1595 2155 1655 ptura
2188 1604 2356 1653 sacra,
2386 1589 2453 1644 de
2483 1590 2866 1648 Melchisedcco
2898 1597 3138 1665 quaedam
3166 1599 3343 1665 habet,
3369 1617 3431 1655 ac
3458 1620 3589 1672 pau-

2003 1678 2382 1734 eisAnommos
2399 1683 2588 1750 carpit.
2609 1693 2661 1738 et
2676 1694 2860 1739 contra
2880 1686 3156 1743 luereticos
3175 1692 3360 1758 probat
3374 1709 3589 1761 genera-

2006 1770 2200 1824 tionem
2223 1769 2418 1827 Christi
2444 1784 2698 1830 acternam
2730 1787 2866 1844 esse,
2895 1780 3288 1848 generationem
3320 1798 3448 1839 vero
3472 1784 3592 1854 ejus

2003 1864 2356 1932 corporalem,
2399 1867 2500 1920 etsi
2548 1878 2770 1934 certam,
2820 1872 3039 1941 intelligi
3089 1883 3142 1927 et
3179 1875 3432 1943 explicari
3480 1893 3588 1933 non

2003 1969 2203 2023 posse:
2234 1954 2398 2010 Vetus
2441 1957 2841 2016 Testamentum
2879 1962 3160 2018 obscurum
3201 1983 3320 2021 esse
3360 1969 3490 2022 dicit
3533 1979 3590 2025 et

2003 2047 2245 2102 consulto
2273 2064 2335 2102 ex
2372 2049 2548 2104 divina
2587 2053 2916 2120 providentia
2952 2055 3165 2122 factum,
3199 2067 3257 2112 ut
3296 2059 3584 2115 obscurum

2002 2148 2056 2193 et
2103 2139 2364 2208 explicatu
2413 2141 2627 2196 difﬁcile
2682 2145 3143 2216 esset:additque
3195 2151 3584 2218 pra-scientiam

2006 2230 2095 2285 Dei
2146 2246 2249 2285 non
2290 2248 2410 2288 esse
2438 2243 2779 2303 peccatorum
2827 2252 3065 2292 causam.
3097 2238 3220 2294 ideo
3250 2250 3426 2297 autem
3454 2258 3582 2312 pro-

2005 2322 2190 2391 phetas
2244 2322 2470 2378 obscure
2518 2324 2690 2380 futura
2746 2330 3090 2384 annuntiasse
3129 2340 3296 2399 putat,
3342 2348 3409 2387 ne
3459 2346 3584 2389 ante

2002 2419 2211 2482 tempus
2236 2412 2404 2468 ,ιυόωί
2443 2416 2532 2468 illa
2565 2415 2942 2486 intelligerent.
2988 2419 3172 2489 Neque
3201 2430 3376 2477 tamen
3405 2427 3583 2479 omnia

1999 2502 2225 2556 obscura
2254 2503 2452 2570 fuisse;
2486 2521 2608 2559 nam
2637 2507 2822 2563 inutile
2861 2509 3051 2565 fuisset
3086 2512 3162 2566 sic
3205 2511 3378 2568 futura
3407 2516 3586 2571 omnia

2001 2593 2374 2660 prtcnuntiare.

2071 2683 2125 2736 in
2153 2685 2385 2738 secunda
2417 2701 2644 2756 quoque,
2670 2704 2788 2758 qua:
2820 2690 2957 2746 inter
2982 2690 3319 2762 longissimas
3344 2695 3582 2766 Chryso-

1998 2773 2153 2826 stomi
2177 2776 2464 2830 conciones
2493 2779 2846 2846 computanda
2892 2789 2992 2843 est,
3024 2796 3214 2837 causas
3242 2785 3582 2848 obscuritatis

1995 2866 2167 2920 atl‘ert.
2199 2867 2374 2922 Prima
2419 2884 2576 2924 causa
2610 2881 2713 2936 est,
2746 2873 2867 2942 quia
2912 2875 3050 2928 sicut
3076 2877 3331 2931 vclamcm
3373 2879 3584 2951 Moyses

1997 2959 2047 3012 in
2081 2968 2263 3015 monte
2300 2960 2503 3027 habuit,
2537 2962 2627 3031 qui
2668 2963 2874 3032 Moyses
2900 2966 3170 3035 lcgislator
3206 2977 3288 3022 est
3313 2987 3326 3021 :
3351 2970 3419 3023 ita
3447 2986 3582 3040 quo-

1993 3067 2095 3121 qtte
2129 3053 2298 3122 legem
2329 3054 2567 3108 velamen
2617 3054 2886 3121 habuisse,
2930 3072 3122 3126 nempe
3165 3059 3577 3123 obscuritatem;

1992 3143 2086 3196 sed
2140 3158 2312 3211 neque
2360 3143 2649 3214 legislatori
2699 3146 2824 3200 vitio
2870 3149 3210 3215 vertendum,
3260 3166 3431 3220 neque
3477 3151 3579 3221 legi

1991 3235 2197 3289 crimini
2226 3234 2458 3289 dandum
2487 3236 2649 3290 fuisse
2680 3238 2940 3304 velamen,
2974 3239 3068 3293 sed
3095 3241 3398 3294 auditorum
3431 3242 3580 3294 inﬁr-

1991 3327 2163 3380 mitati
2199 3327 2557 3381 tribuendum.
2601 3328 2843 3382 Secunda
2871 3344 3028 3383 causa
3057 3330 3398 3384 obscuritatis
3427 3341 3575 3386 vete-

1990 3419 2063 3472 ris
2099 3417 2425 3474 Testamenti
2478 3429 2580 3485 est,
2627 3420 2748 3489 quia
2793 3434 2898 3474 non
2950 3421 3206 3489 scriptum
3250 3421 3347 3475 fuit
3398 3422 3578 3493 lingua

1990 3495 2194 3576 Graeca,
2247 3509 2340 3563 sed
2374 3509 2672 3574 liebraica;
2724 3526 2844 3565 cum
2888 3521 3064 3565 autem
3111 3527 3176 3566 ex
3223 3512 3480 3569 l-lebraica
3526 3515 3578 3568 in

1951 3602 1966 3618 ‘
1992 3601 2231 3656 Grazcam
2273 3602 2505 3672 linguam
2545 3603 2855 3656 translatum
2897 3602 3075 3669 fuerit,
3109 3604 3390 3658 maximam
3421 3605 3579 3660 habet

1989 3693 2373 3748 difﬁcultatem.
2419 3694 2754 3748 Translatum
2799 3704 2973 3749 autem
3013 3695 3112 3750 fuit
3140 3696 3344 3761 Graece,
3386 3697 3574 3766 inquit,

1990 3787 2089 3841 sub
2129 3786 2416 3840 Ptolemam
2456 3802 2601 3855 rege,
2629 3788 2883 3842 trecentis
2925 3788 3079 3842 annis
3122 3797 3245 3843 ante
3284 3789 3572 3857 adventum

1987 3877 2217 3942 Christi;
2266 3878 2526 3932 adventus
2583 3887 2760 3933 autem
2813 3875 3009 3932 Christi
3063 3895 3182 3948 qua:
3225 3880 3577 3933 amiseramus

1988 3973 2226 4026 auctiora
2258 3971 2410 4025 nobis
2436 3972 2686 4025 restituit.
2720 3970 2855 4024 Dicit
2884 3981 3066 4040 postea
3111 3973 3407 4026 orationem
3440 3975 3574 4029 mul-

1989 4063 2227 4116 titudinis
2256 4077 2498 4132 magnam
2528 4063 2632 4115 vim
2655 4061 2873 4116 habere.
2909 4062 3002 4117 llis
3028 4063 3172 4117 addit
3197 4064 3406 4118 diaconi
3437 4066 3575 4121 dicta

1990 4154 2041 4208 in
2063 4153 2315 4224 Liturgia,
2347 4154 2496 4224 queis
2523 4154 2732 4221 plebem
2761 4153 2824 4207 ad
2854 4155 3174 4221 precandum
3198 4155 3461 4210 hortatur.
3489 4159 3577 4213 Ait

1989 4245 2180 4299 deinde
2220 4260 2428 4298 morum
2465 4245 2851 4298 correctionem
2895 4243 3182 4314 Scriptura:
3219 4262 3386 4299 sacra:
3413 4248 3574 4301 ﬁnem

1989 4351 2108 4390 esse
2141 4353 2154 4389 :
2186 4343 2239 4388 et
2274 4345 2549 4403 postquam
2581 4343 2767 4388 contra
2799 4334 3117 4388 tlianicha-os
3154 4335 3393 4403 qna-dam
3422 4336 3576 4392 dixe-

1989 4438 2090 4492 rat,
2134 4426 2333 4480 claudit
2372 4425 2555 4479 dicens
2594 4433 2936 4496 peccatorum
2988 4425 3412 4480 recordationem
3457 4441 3576 4482 esse

1989 4519 2230 4589 peccanti
2261 4517 2595 4572 remedium.‘

2060 4610 2189 4665 Alia:
2218 4611 2502 4664 conciones.
2534 4639 2604 4648 —
2625 4607 2922 4663 Secundam
2954 4607 3020 4662 de
3047 4608 3450 4677 Prophetiarum
3478 4610 3574 4663 oh-

1991 4705 2240 4760 scmitate
2281 4703 2550 4757 homiliam
2588 4702 2639 4755 in
2676 4703 2947 4755 Dominica
2975 4701 3199 4755 dixerat.
3229 4701 3419 4755 Paucis
3447 4717 3578 4758 vero

1991 4807 2177 4868 postea
2208 4797 2398 4851 diebus
2441 4797 2583 4849 illam
2613 4794 2884 4847 homiliam
2917 4793 3100 4848 habuit
3129 4792 3217 4865 (T.
3243 4793 3297 4846 2.
3351 4807 3392 4846 c.
3421 4793 3575 4862 245),

1990 4907 2110 4961 quae
2156 4890 2479 4968 inscribitur,
2521 4888 2772 4940 Adversus
2815 4902 2898 4939 eos
2943 4886 3027 4954 qui
3069 4885 3288 4938 dicerent
3321 4895 3578 4938 aa'monas

1993 4982 2268 5054 gubernare
2309 4997 2387 5034 res
2418 4981 2689 5032 humanas.
2732 4976 2787 5033 in
2831 4977 2987 5046 hujus
3012 4977 3152 5031 enim
3195 4976 3456 5044 principio
3489 4976 3580 5030 illa

1993 5072 2170 5126 omnia
2200 5070 2414 5140 repetit,
2449 5085 2565 5138 qua:
2603 5068 2653 5120 in
2696 5068 2799 5121 ﬁne
2827 5067 2966 5120 illius
2993 5066 3264 5120 concionis
3293 5080 3352 5120 se
3380 5065 3579 5120 dixisse

1997 5163 2340 5226 testiﬁcatur;
2372 5159 2623 5213 nimirum
2670 5158 2737 5212 de
2782 5156 2980 5211 sanctis
3013 5157 3277 5225 justisque
3307 5156 3455 5219 viris,
3489 5155 3578 5225 qui

1995 5269 2089 5309 sua
2118 5261 2356 5322 peccata,
2388 5266 2495 5304 non
2526 5261 2704 5304 autem
2742 5249 2938 5313 aliena,
2967 5263 3088 5301 cum
3115 5247 3301 5301 dolore
3328 5261 3578 5300 exsecra-

1996 5345 2260 5413 tionisque
2318 5341 2704 5411 signiﬁcatione
2760 5337 3254 5393 commemorabam.
3291 5353 3304 5389 :
3338 5337 3580 5406 exempla

1993 5434 2135 5489 enim
2167 5433 2352 5492 eadem
2379 5433 2557 5486 omnia
2580 5431 2877 5500 eodemque
2907 5429 3096 5484 ordine
3123 5439 3387 5484 recenset.
3421 5428 3581 5483 Ordi-

1997 5535 2081 5579 tur
2118 5533 2297 5579 autem
2327 5523 2394 5577 ab
2422 5521 2878 5577 Autiochcnorum
2925 5519 3254 5584 assiduitate,
3298 5520 3477 5589 aitque
3522 5520 3584 5573 ti-

1996 5616 2197 5672 muisse
2236 5630 2296 5671 se
2326 5630 2394 5670 ne
2417 5613 2813 5683 multiplicitate
2844 5612 3104 5667 dictorum
3134 5610 3406 5668 fastidium
3435 5627 3583 5666 erca-

1996 5721 2116 5774 ret;
2167 5708 2262 5763 sed
2287 5707 2518 5778 gaudere
2547 5721 2607 5762 se
2631 5705 2774 5775 quod
2818 5705 2988 5774 magis
3012 5703 3340 5760 desiderium
3384 5712 3439 5756 et
3485 5718 3582 5754 au-

1997 5801 2176 5859 diendi
2197 5802 2517 5870 voluptatem
2535 5797 2742 5853 auxerit
2765 5813 2780 5863 ;
2807 5805 2914 5851 ttun
2938 5795 3181 5866 superius
3207 5794 3345 5849 dicta
3366 5791 3585 5863 repetit,
