4264 6306
682 374 777 431 131

686 493 741 538 ιιι
770 482 1023 547 diximus,
1045 491 1098 535 et
1124 486 1301 548 postea
1331 488 1628 530 sermonem
1646 473 1851 527 orditur
1876 488 2097 527 narrans
2120 471 2258 527 unde

682 576 938 644 originem
970 573 1183 627 duxerit
1203 570 1393 625 divisio
1419 570 1734 636 linguarum.
1764 565 1900 621 Hinc
1920 573 2101 620 narrat
2120 564 2261 619 Ada-

682 678 824 716 mum
852 661 903 715 in
933 671 1086 731 portu
1118 659 1442 727 naufragium
1472 655 1697 721 iecisse;
1730 670 1937 724 nempe.
1957 668 2078 709 eum
2106 653 2258 708 bonis

682 752 930 807 omnibus
983 750 1297 814 abundaret,
1351 746 1609 801 suadente
1656 745 1890 809 diabolo,
1936 760 1966 798 e
2010 744 2260 812 paradiso

682 846 886 915 ejectus
926 845 1060 910 fuit;
1102 842 1194 897 sed
1239 841 1405 895 Deum
1444 838 1685 893 effecisse
1720 844 1779 893 ut
1823 838 2029 891 luerum
2060 835 2257 889 damno

680 934 851 1004 majus
878 941 1040 996 esset,
1070 940 1125 986 et
1159 938 1400 984 naturam
1426 937 1664 983 nostram
1693 927 1759 980 ad
1782 926 2027 980 thronum
2053 925 2254 994 regium

677 1023 955 1079 extulisse.
984 1021 1115 1075 Nam
1148 1020 1287 1073 Deus
1318 1033 1423 1072 non
1461 1031 1582 1073 eum
1619 1016 1706 1069 dat
1744 1014 1923 1080 modo,
1967 1014 2062 1067 sed
2095 1013 2255 1068 etiam

679 1130 798 1168 cum
831 1112 1004 1166 aufert
1044 1112 1215 1165 bonus
1244 1117 1347 1165 est.
1381 1109 1505 1163 Eva:
1552 1107 1711 1162 etiam
1742 1104 2011 1175 profuisse
2040 1103 2179 1173 quod
2224 1117 2253 1157 a

678 1202 897 1256 diabolo
917 1200 1134 1268 decepta
1163 1199 1375 1265 luisset;
1413 1212 1532 1251 cum
1573 1196 1714 1249 enim
1742 1194 1908 1247 lilium
1938 1194 2249 1263 peperisset,

676 1292 829 1356 dixit,
863 1291 1070 1345 Possedi
1102 1290 1350 1343 hominem
1379 1304 1467 1358 per
1493 1285 1673 1352 Deum,
1702 1285 2025 1353 experientia
2062 1298 2254 1353 nempe

680 1398 773 1437 sua
816 1382 1003 1437 cdocta
1050 1396 1077 1434 a
1126 1380 1236 1435 Deo
1280 1378 1415 1432 bona
1458 1376 1634 1430 omnia
1682 1388 2015 1444 promanare.
2062 1372 2251 1426 Postea

677 1474 786 1541 agit
812 1472 879 1526 de
909 1472 1067 1525 variis
1107 1469 1318 1524 malitia:
1346 1466 1650 1538 generibus,
1682 1465 2003 1534 domumque
2029 1462 2096 1518 de
2125 1476 2250 1533 pro-

681 1564 906 1617 videntia
942 1563 1055 1616 Dei.

745 1652 1040 1707 Secundam
1071 1651 1340 1719 posuimus
1368 1648 1646 1701 llomiliam
1669 1645 1735 1701 de
1758 1644 1970 1699 diabolo
1992 1652 2251 1699 tentatone

677 1740 762 1811 (Τ.
794 1742 847 1795 2.
880 1758 924 1795 c.
958 1742 1108 1811 ⁸257),
1132 1756 1287 1809 quam
1315 1754 1382 1793 an
1409 1746 1531 1791 ante
1560 1751 1628 1789 an
1660 1744 1775 1804 post
1802 1735 2023 1804 primam
2054 1734 2250 1787 habue-

676 1834 743 1889 rit
788 1834 1070 1888 incertum.
1120 1832 1459 1897 Exploratum
1496 1838 1640 1882 certe
1682 1827 1899 1882 omnino
1937 1828 2143 1881 videtur
2186 1827 2250 1892 il-

676 1925 798 1988 lam,
830 1938 986 1992 quam
1014 1933 1131 1992 post
1161 1922 1363 1975 initium
1393 1920 1548 1989 hujus
1582 1934 1639 1973 se
1670 1918 1830 1973 biduo
1854 1926 1976 1972 aute
2002 1918 2250 1972 habuisse

672 2014 817 2076 dicit,
866 2028 971 2066 non
1012 2027 1132 2067 esse
1171 2026 1284 2065 eam
1313 2025 1469 2079 quam
1500 2010 1721 2078 primam
1767 2008 2057 2077 posuimus,
2103 2017 2161 2061 ut
2197 2017 2249 2061 tn

675 2102 874 2155 Monito
906 2102 1070 2157 fusius
1096 2102 1369 2171 probatur.
1409 2099 1570 2170 llujus
1604 2114 1764 2167 porro
1794 2098 2043 2153 secunda:
2072 2098 2251 2152 titulus

671 2203 788 2248 est:
820 2195 1069 2247 Adversus
1099 2210 1179 2247 eos
1223 2193 1308 2260 qui
1343 2193 1604 2260 objiciunt,
1645 2207 1733 2243 cur
1762 2207 1789 2244 e
1822 2190 1983 2248 medio
2027 2189 2251 2241 sublatus

673 2303 773 2339 non
798 2286 860 2338 sit
887 2285 1151 2347 diabolus;
1178 2292 1220 2337 et
1243 2283 1376 2354 quod
1403 2283 1555 2351 hujus
1582 2282 1776 2333 malitia
1805 2280 1933 2333 nihil
1962 2296 2050 2333 nos
2076 2279 2247 2344 lwdat,

671 2379 712 2433 si
740 2376 1091 2438 attendamus;
1121 2384 1167 2427 et
1193 2374 1254 2427 de
1292 2374 1601 2443 pauitantia.
1636 2372 1758 2424 Haec
1785 2369 2051 2439 probanda
2078 2369 2249 2422 susci-

672 2468 747 2536 pit
797 2466 1225 2537 Chrysostonuts,
1283 2473 1337 2517 et
1382 2464 1551 2532 primo
1599 2461 1906 2514 Flavianum
1944 2460 2248 2527 episcopum

673 2566 981 2626 praesentem
1015 2555 1191 2610 laudat
1220 2570 1247 2607 a
1280 2555 1520 2618 caritate,
1556 2566 1586 2605 a
1612 2565 1817 2604 summa
1846 2548 2125 2603 modestia.
2160 2548 2248 2600 Di-

670 2648 845 2716 citque
891 2634 1072 2714 postea
1118 2658 1224 2697 non
1249 2643 1532 2696 .diabolmn
1581 2639 1776 2693 laedere
1819 2639 2107 2704 hominem,
2157 2636 2252 2692 sed

670 2752 930 2791 sanimam
958 2734 1187 2789 hominis
1218 2732 1498 2802 ignaviam,
1529 2746 1648 2799 quae
1674 2738 1727 2783 et
1755 2738 1955 2783 rectum
1984 2729 2252 2781 membro-

670 2843 785 2883 rum
814 2843 965 2882 nsum
997 2825 1310 2892 corrumpit,
1343 2833 1397 2878 et
1436 2822 1539 2876 alia
1571 2823 1815 2890 importat
1856 2819 2011 2895 mala.
2043 2818 2252 2873 Clandit

670 2935 797 2973 vero
827 2932 1125 2973 sermonem
1156 2918 1337 2970 dicens
1360 2916 1593 2984 quinque
1612 2927 1730 2967 esse
1757 2911 2078 2980 poenitentiae
2103 2912 2247 2974 vias;

674 3014 891 3079 primam
941 3023 1149 3076 nempe,
1196 3005 1587 3061 damnationem
1633 3011 2003 3071 peccatorum;
2058 3015 2250 3054 secun-

672 3103 814 3170 dam,
838 3102 884 3157 si
916 3110 1250 3169 acceptarum
1274 3114 1303 3151 a
1334 3094 1577 3167 prosimo
1606 3096 1913 3168 injuriarum
1943 3110 2046 3149 non
2076 3109 2251 3150 recor-

672 3196 891 3257 demur;
920 3194 1148 3257 tertiam,
1177 3191 1471 3247 orationem
1502 3190 1788 3245 ferventem
1829 3198 1883 3242 et
1912 3199 2208 3242 accuratam
2233 3205 2248 3253 ;

675 3294 938 3356 quartam,
967 3284 1360 3353 elcemosynam
1389 3299 1402 3347 ;
1434 3282 1690 3352 quintam,
1721 3279 2031 3335 modestiam
2071 3288 2124 3334 et
2151 3279 2250 3334 hu-

675 3377 972 3433 utilitatem.

745 3468 1066 3523 Concionem
1105 3474 1411 3535 sequentem
1459 3464 1526 3520 de
1568 3464 1772 3534 ignavia
1807 3465 1967 3519 biduo
2010 3473 2130 3533 post
2170 3479 2253 3518 se-

676 3557 899 3611 cundam
926 3572 984 3611 se
1009 3557 1253 3610 habuisse
1280 3557 1431 3609 initio
1457 3555 1788 3619 testiﬁcatur,
1814 3556 1939 3609 dum
1965 3571 2027 3609 ex
2057 3556 2254 3626 populo

680 3648 830 3702 multi
859 3646 925 3700 ad
960 3648 1241 3701 theatrales
1267 3646 1419 3700 ludos
1462 3661 1520 3701 se
1549 3648 1896 3713 contulerant,
1934 3663 2067 3717 quos
2097 3648 2255 3701 vehe-

678 3750 887 3795 menter
923 3740 1229 3794 inseetatur.
1261 3739 1540 3808 Postquam
1583 3749 1757 3794 autem
1788 3739 1994 3793 dixerat
2017 3739 2258 3793 volunta—

681 3839 786 3884 tem
831 3844 950 3884 esse
992 3829 1279 3893 dominam,
1328 3839 1382 3885 et
1426 3844 1493 3884 ex
1538 3828 1805 3894 voluntate
1854 3830 2162 3900 contingere
2203 3839 2258 3884 ut

683 3919 802 3972 mali
831 3934 950 3973 cum
979 3920 1129 3973 bonis
1159 3920 1401 3989 permixti
1430 3921 1553 3984 sint,
1592 3921 1779 3990 qna-rit
1804 3921 1992 3974 iterum
2020 3936 2116 3975 cur
2141 3921 2257 3975 dia-

683 4010 836 4063 bolus
878 4009 929 4062 in
980 4000 1155 4063 medio
1193 4010 1540 4079 relinquatur,
1590 4019 1643 4065 et
1689 4010 1994 4079 respondet,
2022 4013 2155 4081 ’quia
2196 4013 2259 4067 iis

683 4100 769 4167 qui
803 4099 1016 4169 vigilant
1043 4108 1097 4155 et
1124 4102 1222 4153 sibi
1261 4102 1558 4167 attendunt,
1589 4116 1693 4155 non
1737 4102 1892 4156 modo
1923 4104 2053 4161 nihil
2083 4111 2257 4170 nocet,

684 4191 775 4244 sed
806 4193 963 4245 etiam
992 4193 1132 4247 utilis
1158 4202 1257 4258 est,
1287 4208 1391 4248 non
1425 4209 1488 4248 ex
1528 4194 1799 4250 voluntate
1826 4209 1939 4260 sua,
1969 4210 2085 4266 qua:
2125 4196 2258 4248 mala

686 4290 785 4349 est,
814 4282 907 4337 sed
944 4299 1011 4337 ex
1038 4283 1268 4352 ipsorum
1312 4284 1639 4351 fortitudine,
1673 4287 1760 4354 qui
1807 4287 1922 4356 ejus
1954 4288 2167 4351 malitia,
2202 4296 2262 4341 ut
2298 4353 2319 4367 _

689 4389 783 4441 par
811 4383 913 4438 est,
944 4383 1184 4437 utuntur,
1226 4383 1284 4428 ut
1306 4373 1440 4428 Jobo
1468 4376 1705 4445 contigit.
1740 4377 2095 4446 llominesque
2120 4380 2262 4433 solos

686 4465 813 4519 dicit
853 4474 1094 4518 auctores
1122 4478 1239 4517 esse
1282 4464 1482 4533 peccati
1511 4482 1523 4517 :
1558 4480 1678 4518 nam
1719 4482 1785 4520 ex
1816 4466 2097 4519 voluntatis
2136 4483 2261 4536 pro-

692 4556 861 4624 posito
880 4554 1005 4607 boni
1034 4554 1117 4608 vel
1144 4553 1265 4607 mali
1294 4568 1497 4607 sumus.
1529 4554 1601 4608 De
1627 4555 1761 4609 Joho
1799 4565 1973 4624 postea
2006 4557 2163 4608 inulta
2187 4558 2265 4610 di-

687 4648 789 4711 cit;
834 4647 1051 4715 ejusque
1076 4644 1396 4721 patientiam
1448 4645 1502 4698 in
1552 4648 1851 4714 exemplum
1901 4650 2163 4717 preponit,
2211 4659 2265 4702 ut

688 4752 805 4802 quire
852 4735 1099 4789 omnibus
1147 4735 1496 4789 consolationi
1538 4749 1658 4790 esse
1710 4739 1873 4805 possit
1905 4755 1916 4789 :
1946 4738 2265 4808 domumque

688 4826 884 4879 claudit
912 4826 1115 4891 dicens,
1142 4840 1260 4880 cum
1284 4826 1512 4895 Spiritus
1536 4828 1701 4895 gratia
1727 4827 1957 4883 faciliora
1978 4832 2266 4883 certamina

690 4919 866 4972 nnmia
896 4932 1037 4983 esse,
1068 4918 1401 4986 maximeque
1443 4927 1560 4987 post
1585 4919 1868 4973 adventum
1898 4919 2116 4987 Christi,
2147 4937 2267 4976 cum

688 5010 854 5079 gratia
877 5008 967 5065 illa,
994 5007 1346 5062 abundantior
1366 5017 1468 5063 est.

764 5098 1030 5152 Hactenus
1059 5112 1251 5151 annum
1290 5108 1343 5153 et
1380 5099 1693 5168 plerumque
1722 5099 1879 5165 diem,
1909 5115 2015 5169 quo
2052 5101 2269 5155 concio-

695 5204 791 5243 nes
818 5189 973 5243 dicta:
998 5189 1225 5255 fuerant,
1263 5190 1469 5259 sequuti
1499 5204 1703 5255 sumus,
1738 5192 2000 5246 interdum
2026 5208 2131 5246 non
2170 5193 2272 5246 du-

696 5281 796 5334 biis
832 5280 1061 5343 indiciis,
1105 5280 1387 5349 aliquando
1420 5296 1485 5336 ex
1513 5282 1817 5352 conjectura
1844 5294 2044 5338 tantum
2074 5302 2087 5336 :
2115 5295 2274 5354 atque

693 5373 760 5431 ad
805 5387 1001 5425 annum
1045 5371 1150 5426 388
1192 5373 1269 5426 sic
1307 5374 1663 5444 pervenimus.
1711 5356 1892 5443 Neque
1921 5375 2136 5449 dubium
2179 5392 2275 5430 an-

697 5463 779 5514 nis
814 5462 939 5527 389,
973 5462 1098 5528 590,
1129 5462 1250 5525 591,
1284 5462 1606 5529 indefessum
1638 5474 1899 5518 oratorem
1930 5464 1994 5518 ad
2022 5466 2273 5535 populum

702 5552 1090 5606 Antiochenam
1130 5554 1320 5607 multas
1363 5568 1426 5608 ex
1474 5554 1536 5607 iis
1563 5568 1680 5623 qu:e
1720 5563 2002 5622 supersunt
2029 5554 2277 5611 habuisse

697 5643 1003 5709 conciones,
1042 5660 1161 5713 qua:
1199 5644 1393 5699 nullam
1434 5644 1516 5699 vel
1564 5642 1687 5699 anni
1714 5644 1795 5698 vel
1821 5644 1923 5700 diei
1962 5655 2140 5703 notam
2168 5660 2278 5716 ρπβ

697 5752 752 5789 εις
779 5741 971 5794 ferunt.

1669 362 1725 418 S.
1765 356 2042 416 JOANNIS
2079 356 2555 414 CHRYSOSTOMI
2596 358 2777 423 Vl'l'A,

3842 360 3946 415 15‘!

2434 472 2563 525 Aliw
2584 473 2864 524 conciones.
2888 500 2957 510 -—
2985 470 3037 523 lu
3060 486 3252 523 annum
3277 485 3401 525 vero
3420 467 3524 525 392
3542 468 3821 524 referimus
3846 486 3946 526 no-

2362 563 2562 617 miliam
2594 562 2895 629 inscriptam
2936 561 2999 612 de
3029 560 3353 615 Cmmcterio
3392 571 3446 613 et
3471 560 3535 614 de
3562 558 3751 622 Cruce,
3780 574 3942 629 quam

2361 652 2490 705 dicit
2534 650 2716 719 viginti
2760 661 2848 703 aut
2900 650 3055 718 paulo
3100 652 3273 703 minus
3314 650 3500 704 diebus
3543 658 3827 718 antequam
3872 647 3942 702 de

2362 741 2558 796 sanctis
2579 742 2889 795 mulieribus
2916 743 3155 805 Bcrnice,
3178 742 3440 797 Prosdoce
3455 752 3509 797 et
3526 742 3780 795 Domnina
3805 756 3938 794 con-

2361 831 2662 884 cionaretur
2695 830 2779 901 (Τ.
2812 832 2866 884 2.
2907 846 2955 885 c.
2988 830 3139 900 593),
3181 840 3239 885 ut
3276 846 3381 885 non
3421 831 3592 885 dubiis
3622 831 3760 883 notis
3790 830 3942 883 colli-

2359 921 2500 989 gitur
2515 935 2577 974 ex
2606 921 2753 974 initio
2770 930 3047 989 postrema:
3072 922 3292 991 hujusce
3312 923 3602 988 concionis,
3628 920 3714 976 ubi
3735 937 3797 975 se
3817 930 3941 975 ante

2360 1011 2542 1079 viginti
2588 1010 2697 1066 fere
2740 1012 2851 1065 dies
2890 1011 3278 1077 concionatum,
3324 1012 3486 1065 multa
3530 1012 3728 1067 dixisse
3772 1012 3849 1064 ait
3889 1012 3940 1066 in

2360 1099 2474 1155 hazc
2510 1102 2670 1156 verba
2697 1120 2710 1155 :
2737 1100 2980 1157 Contrivit
3025 1112 3194 1173 portas
3235 1119 3412 1169 cereas,
3464 1113 3512 1156 et
3552 1111 3708 1156 vectes
3749 1103 3942 1169 ferreos

2357 1192 2635 1263 confregit;
2662 1209 2779 1264 qua:
2804 1196 3003 1263 optime
3028 1196 3348 1249 conveniunt
3378 1196 3431 1249 in
3466 1195 3602 1250 hanc
3624 1196 3691 1249 de
3719 1195 3941 1250 Conme-

2362 1285 2493 1336 terio
2528 1293 2583 1338 et
2606 1286 2775 1340 Cruce
2800 1286 3090 1341 llomiliam.
3121 1287 3253 1341 lline
3275 1287 3445 1342 ϐιωθί
3478 1297 3721 1356 putantes
3746 1288 3941 1342 festum

2357 1374 2425 1427 de
2450 1375 2641 1441 Cruor,
2674 1377 2812 1445 quod
2843 1393 3025 1432 mense
3054 1377 3350 1447 Septembri
3389 1378 3477 1434 die
3519 1380 3586 1433 Η
3623 1380 3876 1446 occurrit,
3909 1394 3941 1433 a

2357 1464 2739 1536 Chrysostomo
2765 1470 3069 1533 memorari,
3096 1469 3286 1524 festum
3315 1478 3617 1523 sanctarum
3662 1470 3941 1523 Domnina:

2358 1563 2410 1609 et
2460 1556 2684 1610 filiarum
2737 1559 2918 1627 viginti
2967 1568 3148 1628 postea
3196 1558 3400 1622 diebus,
3452 1567 3639 1628 quarta
3691 1558 3943 1614 videlicet

2357 1645 2618 1709 Oetohris,
2640 1647 2938 1705 celebrant:
2972 1648 3063 1702 sed
3096 1663 3394 1717 perperam.
3417 1647 3530 1701 Non
3559 1649 3698 1703 enim
3723 1648 3772 1701 in
3800 1648 3943 1702 festo

2357 1745 2552 1789 sancta:
2578 1734 2792 1806 _C.rucis,
2824 1752 2941 1806 quae
2979 1740 3029 1791 in
3061 1738 3428 1806 Septembrem
3472 1737 3674 1800 incidit,
3710 1752 3942 1805 qua-que

2357 1802 2595 1879 nonduui
2638 1827 2728 1879 illo
2756 1843 2869 1882 tero
2896 1827 3283 1893 celebrabatur,
3314 1827 3451 1881 hanc
3495 1827 3631 1881 dixit
3662 1828 3939 1881 homiliam

2356 1916 2801 1988 Chrysostomus;
2832 1920 2921 1973 sed
2952 1921 3002 1973 in
3037 1920 3122 1974 die
3147 1920 3489 1981 Parasceves,
3516 1920 3702 1979 eadem
3744 1935 3943 1987 nempe

2356 2024 2457 2079 qua
2482 2010 2763 2063 crucifixus
2797 2019 2878 2063 est
2910 2008 3184 2075 Dominus,
3232 2019 3284 2062 ut
3314 2011 3426 2079 ipse
3456 2010 3693 2078 plurimis
3724 2009 3774 2062 in
3802 2010 3944 2065 locis

2355 2100 2605 2155 declarat.
2639 2098 2835 2155 Verum
2880 2116 2941 2154 ea
2983 2100 3051 2155 de
3092 2115 3151 2154 re
3199 2099 3493 2154 audiendus
3538 2109 3614 2153 est
3646 2098 3945 2152 Tillemon-

2359 2195 2460 2245 tius
2488 2208 2538 2260 p.
2568 2193 2663 2247 571
2701 2211 2713 2244 :
2749 2193 3015 2261 Reliquum
3054 2192 3209 2262 igitur
3244 2202 3315 2244 est
3354 2202 3407 2245 ut
3451 2190 3713 2243 credamus
3755 2195 3945 2260 festum

2357 2283 2417 2339 S.
2449 2283 2716 2338 Domnime
2752 2295 2797 2337 et
2820 2286 3069 2338 sociarum
3097 2283 3394 2347 Antiochiw,
3425 2299 3524 2336 non
3552 2293 3731 2353 quarta
3776 2281 3939 2335 Octo-

2356 2375 2476 2440 bris,
2520 2375 2608 2429 sed
2655 2376 2847 2429 decima
2889 2385 3069 2445 quarta
3112 2375 3323 2446 Aprilis,
3366 2391 3464 2445 qua
3511 2375 3593 2428 die
3638 2384 3840 2427 notatur
3883 2375 3941 2428 iu

2356 2464 2721 2535 Martyrologio
2752 2466 3048 2537 Hieronymi
3077 2475 3122 2520 et
3160 2468 3396 2531 aliorum,
3430 2466 3730 2519 celebratum
3760 2458 3937 2536 fuisse.

2358 2554 2505 2620 Quod
2534 2566 2723 2626 spectat
2767 2566 2929 2610 autent
2970 2558 3038 2610 ad
3085 2574 3273 2611 annum
3320 2572 3417 2626 quo
3446 2557 3526 2610 lue
3559 2557 3674 2610 duo
3717 2556 3943 2611 homilia

2357 2646 2540 2699 habita:
2582 2656 2733 2710 sunt;
2758 2649 2982 2716 queritur
3008 2646 3395 2717 Chrysostomus
3434 2656 3551 2699 tunc
3588 2663 3823 2716 magnum
3849 2662 3944 2701 ex-

2356 2736 2501 2788 citari
2529 2737 2818 2803 tumultum,
2865 2753 2977 2790 cum
3014 2737 3335 2791 decederetur
3362 2737 3429 2790 ad
3467 2753 3666 2792 sacram
3708 2754 3939 2790 commu-

2356 2830 2554 2882 nionem
2575 2844 2593 2881 :
2611 2829 2877 2897 eademque
2910 2830 3068 2881 utitur
3089 2829 3400 2898 querimonia
3429 2829 3482 2881 in
3504 2828 3745 2881 concione
3768 2828 3831 2881 de
3859 2827 3944 2881 die

2359 2922 2540 2976 Natali
2566 2940 2699 2977 anno
2739 2923 2861 2987 536,
2904 2934 2949 2977 et
2988 2924 3038 2975 in
3080 2923 3316 2975 concione
3342 2922 3404 2974 de
3443 2921 3739 2991 Epiphania
3766 2921 3943 2991 paucis

2359 3024 2471 3083 post
2504 3012 2676 3067 diebus
2702 3014 2870 3066 habito
2904 3030 3039 3066 anno
3068 3013 3170 3067 ’587
3199 3030 3215 3065 ;
3253 3013 3387 3065 unde
3425 3012 3653 3081 fortassis
3700 3012 3750 3063 in
3789 3011 3944 3062 alter-

2359 3105 2520 3157 utrius
2548 3105 2668 3156 anni
2699 3101 3012 3158 Parasceuen
3043 3103 3149 3161 hcce
3176 3103 3386 3155 homilia
3423 3101 3738 3169 conjicienda
3771 3101 3943 3153 ridea-

2361 3205 2459 3248 tur.
2505 3194 2683 3248 Verum
2713 3211 2845 3247 anno
2875 3193 2979 3249 586
3004 3198 3183 3263 festum
3212 3192 3272 3247 S.
3306 3192 3588 3255 Domit-intr,
3620 3193 3722 3244 sire
3748 3192 3943 3244 decium

2358 3295 2539 3353 quarta
2593 3284 2699 3337 dies
2747 3285 2970 3354 Aprilis,
3029 3283 3295 3337 undecimo
3347 3293 3456 3351 post
3512 3281 3853 3345 Parasceven,
3897 3292 3944 3334 ct

2360 3390 2494 3427 anno
2536 3375 2637 3428 587
2682 3374 2942 3427 undecimo
2990 3384 3107 3427 ante
3155 3373 3465 3426 Pot-asceam
3512 3373 3594 3424 die
3634 3374 3941 3425 occurrebat.

2362 3463 2683 3517 Probabilius
2717 3481 2834 3534 ergo
2872 3468 3119 3535 referatur
3143 3465 3196 3519 in
3236 3481 3423 3517 annum
3459 3463 3583 3528 592,
3616 3479 3714 3531 quo
3744 3461 3949 3516 Pascha

2360 3558 2703 3615 celebrabatur
2729 3558 2965 3625 vigesima
3003 3567 3176 3610 octava
3206 3556 3399 3626 Martii,
3441 3565 3487 3609 et
3533 3556 3725 3608 decima
3762 3562 3950 3623 quarta

2361 3647 2570 3717 Aprilis,
2629 3647 2901 3700 octodecim
2950 3649 3125 3704 diebus
3180 3657 3291 3716 post
3339 3658 3568 3700 sanctam
3609 3645 3945 3698 Parasceven.

2363 3737 2473 3792 lmo
2503 3738 2687 3808 viginti
2716 3738 2921 3799 diebus,
2952 3738 2995 3791 si
3025 3739 3333 3807 vigesimum
3363 3747 3567 3791 sextam
3594 3735 3784 3800 Martii,
3823 3752 3947 3805 quas

2365 3830 2702 3894 Parasceves,
2748 3839 2801 3883 et
2824 3830 3085 3885 decimam
3122 3839 3325 3883 sextam
3360 3829 3571 3898 Aprilis,
3604 3843 3706 3897 qua
3747 3836 3949 3883 sancta:

2366 3921 2640 3974 Domninre
2662 3920 2854 3975 festum
2882 3921 3269 3984 eelebrabatnr,
3302 3933 3674 3973 cennumeres.

2439 4013 2534 4067 His
2560 4013 2857 4082 adjicimus,
2891 4028 2988 4066 nos
3012 4028 3075 4066 ex
3106 4011 3466 4065 admonitione
3492 4009 3631 4062 circa
3654 4006 3951 4063 tumultum

2369 4103 2421 4159 in
2451 4102 2756 4158 acccdendo
2784 4102 2848 4155 ad
2877 4117 3083 4155 sacram
3112 4102 3568 4165 communionem,
3592 4115 3694 4153 non
3724 4100 3953 4153 multum

2370 4194 2593 4259 moveri,
2625 4202 2682 4247 ut
2709 4208 2828 4246 eam
2863 4194 2944 4247 vel
2975 4192 3027 4245 in
3051 4207 3247 4245 annum
3276 4192 3400 4256 386,
3434 4191 3517 4245 vel
3545 4192 3595 4244 in
3626 4207 3821 4245 annum
3845 4190 3955 4243 587

2368 4283 2736 4351 conjiciamus.
2769 4282 2949 4351 Neque
2978 4283 3121 4337 enim
3152 4282 3203 4335 in
3234 4282 3468 4336 homiliis
3498 4291 3702 4334 tantum
3746 4281 3813 4335 de
3843 4280 3956 4335 Na-

2372 4374 2458 4427 tali
2490 4373 2636 4426 etde
2681 4374 2977 4443 Epiphauia
3009 4372 3301 4426 admonitio
3348 4372 3646 4442 hujusmodi
3698 4372 3953 4438 occurrit,

2370 4462 2464 4517 sed
2506 4463 2665 4517 etiam
2706 4464 2757 4515 in
2799 4463 3014 4517 homilia
3044 4462 3363 4533 prmcedenti
3391 4463 3456 4515 de
3483 4461 3614 4516 Juda
3644 4462 3916 4531 proditore
3939 4504 3956 4528 ,

2370 4556 2519 4626 cujus
2540 4571 2737 4609 annum
2769 4557 3039 4624 assignare
3064 4570 3168 4608 non
3201 4557 3487 4625 potuimus.
3528 4554 3663 4620 Quid
3693 4553 3832 4608 enim
3875 4552 3966 4606 it:-

2372 4649 2637 4704 commodi
2668 4647 2892 4714 accidat,
2919 4647 2962 4700 si
2992 4661 3252 4716 ponamus
3281 4645 3720 4716 Chrysostomum
3770 4646 3964 4703 multis

2373 4741 2640 4808 variisque
2671 4740 2845 4802 annis,
2874 4738 2997 4807 quia
3028 4752 3124 4807 par
3151 4737 3405 4791 tumultus
3431 4752 3461 4791 a
3490 4737 3685 4806 populo
3714 4738 3962 4792 concita—

2374 4833 2548 4897 batur,
2573 4830 2759 4885 eadem
2788 4830 2865 4884 uti
2896 4829 3261 4883 admonitione
3284 4820 3435 4897 opus\
3449 4828 3720 4884 habuisse.
3752 4829 3963 4885 Meliori

2374 4924 2534 4992 igitur
2558 4922 2765 4975 calculo
2793 4923 2844 4975 in
2870 4936 3067 4975 annum
3096 4920 3201 4975 592
3226 4919 3529 4983 referimus,
3559 4920 3661 4975 etsi
3705 4936 3809 4973 non
3842 4937 3967 4974 om-

2377 5015 2461 5068 nis
2490 5028 2707 5083 prorsus
2736 5012 2936 5066 tollitur
2962 5010 3236 5066 dubitandi
3266 5024 3448 5063 causa.
3479 5008 3613 5064 Nam
3645 5018 3702 5063 ιιι
3727 5009 3971 5065 diximus

2378 5105 2430 5159 in
2455 5103 2652 5158 Monito
2670 5103 2737 5158 ad
2766 5104 3011 5158 homilias
3036 5111 3091 5158 et
3114 5102 3259 5168 alibi,
3290 5101 3483 5155 tabulae
3513 5101 3818 5165 Paschales,
3846 5116 3973 5171 quin

2378 5207 2501 5249 sunt
2532 5195 2913 5261 posterioribus
2934 5194 3143 5249 smculis
3170 5193 3525 5261 concinnatat,
3548 5207 3669 5247 cum
3692 5179 3973 5247 veteribus

2379 5287 2595 5340 calculis
2626 5300 2732 5340 non
2758 5301 2975 5355 semper
2999 5286 3342 5353 concordant,
3385 5286 3555 5355 iisque
3585 5301 3692 5340 non
3736 5285 3967 5342 omnino

2382 5376 2512 5429 fides
2531 5386 2614 5431 est
2640 5372 2900 5431 habenda.

2454 5466 2696 5521 Nondum
2719 5467 2919 5536 elapsis
2938 5466 3119 5537 viginti
3141 5466 3328 5522 diebus
3351 5481 3380 5520 a
3404 5466 3699 5521 Parasceve
3720 5464 3968 5529 Paschze,

2385 5559 2436 5613 in
2462 5574 2561 5630 qua
2588 5561 2898 5614 concionem
2927 5559 3344 5615 deoCtemcterio
3359 5559 3600 5615 etCruce
3629 5559 3761 5614 dixit
3788 5558 3875 5630 (Τ.
3906 5559 3967 5625 2,

2393 5647 2612 5721 ε.627),
2662 5649 2943 5703 llomiliam
2992 5650 3172 5705 habuit
3215 5650 3281 5705 de
3325 5651 3423 5707 SS.
3468 5651 3694 5705 Bernice
3721 5661 3775 5705 et
3807 5649 3968 5703 Pros-

2390 5737 2523 5797 doce
2556 5742 2846 5814 virginibus
2887 5742 3034 5798 etde
3064 5743 3120 5798 S.
3167 5743 3421 5798 Domnina
3465 5758 3646 5797 carum
3678 5753 3866 5810 matre,
3907 5749 3960 5795 ut
