4264 6306
211 416 309 470 1‘53
1384 404 1568 463 nunc
1605 398 2301 477 rniuuuanonuan.

205 523 309 591 ipre
336 520 762 594 Chrysostomus
791 520 1070 591 perspicue
1094 517 1229 574 dixit
1249 515 1420 572 initio.
1452 514 1673 570 Orditur
1700 528 1797 567 au-

198 621 305 683 tem
328 610 627 667 ostendens
644 619 768 665 ante
783 609 979 666 Christi
1001 616 1250 676 mortem,
1277 621 1397 663 cum
1424 605 1659 661 nondum
1683 605 1798 673 ipse

204 709 376 770 portas
406 716 580 757 areas
600 711 655 756 et
672 711 851 757 vectes
880 700 1090 757 ferreos
1109 698 1397 753 cruciﬁxus
1420 694 1794 764 confregisset,

203 794 443 850 homines
468 793 765 850 admodum
790 803 1025 848 mortem
1052 790 1341 857 metuisse;
1365 791 1420 845 in
1462 783 1799 859 exemplum-

199 899 299 956 que
328 883 489 940 affert
513 884 663 940 viros
692 886 744 940 in
771 884 938 940 veteri
981 883 1100 954 lege
1125 881 1515 948 sanctissimos,
1559 877 1802 934 Abraha-

198 992 339 1030 mum
367 992 588 1051 nempe,
620 977 878 1033 Jacobum
906 986 961 1031 et
990 975 1221 1042 Heliam,
1247 975 1338 1046 qui
1359 974 1627 1044 ingentem
1648 985 1798 1026 mor-

198 1067 260 1122 tis
291 1068 542 1125 timorem
570 1084 681 1138 pra:
710 1084 769 1124 se
792 1069 1047 1124 tulerunt.
1079 1067 1209 1123 Post
1238 1074 1465 1121 mortem
1492 1078 1621 1119 vero
1645 1061 1801 1118 Chri-

199 1158 283 1225 sti,
308 1150 473 1229 ii'qm
503 1160 559 1214 in
595 1160 769 1231 ipsum
820 1157 1046 1214 credunt
1085 1158 1333 1227 illiusque
1374 1169 1561 1210 amore
1610 1163 1802 1208 tenen-

199 1259 299 1314 tur,
327 1261 561 1306 mortem
580 1252 800 1306 omnino
820 1258 1189 1315 contemnunt,
1214 1249 1323 1304 imo
1350 1248 1493 1302 illam
1521 1253 1796 1317 appetunt;

199 1356 293 1396 nec
308 1342 404 1395 viri
432 1342 620 1408 modo,
649 1342 745 1398 sed
768 1343 925 1397 etiam
944 1342 1216 1407 mulieres,
1248 1340 1436 1410 puellm
1463 1347 1516 1393 ct
1543 1338 1798 1408 virgines.

202 1432 331 1488 lliuc
360 1432 645 1489 historiam
667 1435 797 1491 texit
822 1433 1096 1501 Bcruices,
1124 1432 1420 1488 Prosdoces
1446 1439 1500 1486 et
1522 1430 1800 1485 Domninte

198 1538 379 1578 earum
406 1526 622 1593 matris,
656 1542 775 1597 quae
808 1526 876 1580 ad
906 1535 1134 1580 mortem
1169 1540 1264 1594 pro
1293 1524 1507 1581 Christo
1532 1523 1793 1597 qumsitcc,

197 1614 370 1671 divino
395 1616 619 1672 amante
648 1616 867 1687 Spiritu,
898 1617 949 1671 iu
976 1616 1174 1671 ﬁumen
1204 1630 1264 1670 se
1282 1616 1584 1685 coniecere.

264 1710 399 1766 Huic
417 1711 656 1765 homilia:
679 1711 838 1765 aliam
857 1709 1229 1779 subiungimus
1250 1707 1334 1779 (Τ.
1353 1708 1409 1762 2.
1442 1724 1485 1762 c.
1516 1707 1606 1763 6M
1625 1706 1664 1777 ),
1683 1720 1801 1776 qua:

198 1798 315 1855 licet
343 1815 452 1854 non
481 1800 702 1866 eodem,
748 1801 842 1856 sed
876 1804 1056 1870 ignoto
1095 1800 1249 1854 nobis
1279 1815 1419 1853 anno
1445 1797 1589 1853 dicta
1619 1797 1797 1860 fuerit,

198 1889 279 1946 hic
306 1899 486 1947 tamen
519 1892 992 1946 commemoranda
1023 1900 1126 1957 est,
1179 1891 1303 1961 quia
1350 1890 1596 1960 qumdam
1640 1889 1804 1944 habet

196 1980 258 2033 ad
282 1982 660 2051 explicandam
690 1985 925 2052 priorem
975 1992 1294 2052 opportuna.
1339 1980 1581 2037 Antehac
1622 1981 1803 2050 ignota

198 2072 416 2140 primum
450 2087 480 2126 a
516 2074 672 2128 nobis
710 2073 851 2129 edita
896 2072 1013 2127 fuit.
1058 2072 1246 2128 Habita
1285 2087 1448 2143 porro
1494 2081 1577 2128 est
1623 2073 1803 2143 paucis

198 2172 310 2229 post
328 2162 807 2218 llcsurrectionem
841 2163 1053 2217 Domini
1080 2163 1292 2229 diebus,
1321 2173 1375 2218 et
1401 2164 1638 2233 quidem,
1670 2170 1728 2217 ut
1748 2163 1800 2218 in

202 2252 299 2309 flne
327 2254 612 2309 concionis
637 2255 894 2321 innuitur,
926 2256 979 2309 in
1027 2255 1162 2309 festo
1191 2266 1495 2310 sanctarum
1524 2255 1798 2317 Bernices,

199 2343 492 2401 Prosdoces
517 2354 574 2401 et
604 2345 881 2400 Domnina:
906 2345 1115 2401 matris.
1150 2346 1247 2400 llic
1274 2356 1452 2401 autem
1482 2347 1599 2401 illas
1631 2347 1805 2400 nomi-

199 2436 355 2490 natim
387 2452 497 2490 non
527 2447 772 2492 recenset
797 2436 1236 2508 Cbrysostomus,
1265 2437 1360 2492 sed
1396 2437 1531 2493 adeo
1551 2437 1697 2493 clare
1723 2438 1804 2492 in-

198 2524 352 2593 dicat,
383 2534 440 2581 ut
473 2525 700 2595 perinde
720 2537 923 2581 certum
954 2528 1023 2582 sit
1050 2527 1121 2582 de
1147 2528 1250 2582 illis
1280 2528 1387 2597 agi,
1415 2536 1574 2597 atque
1602 2527 1644 2582 si
1677 2542 1804 2597 pro—

200 2616 308 2684 prio
334 2618 558 2672 nomine
586 2618 1003 2687 appellarentur.
1029 2618 1218 2688 Agitur
1247 2619 1499 2673 nimirum
1534 2617 1603 2674 de
1630 2628 1803 2675 matre

200 2716 249 2762 et
270 2709 336 2764 de
357 2709 594 2777 ﬁliabus,
622 2725 742 2780 qua:
767 2710 1043 2765 servanda:
1076 2710 1198 2766 ﬁdei
1228 2710 1598 2781 pudicitimque
1617 2725 1799 2777 causa,

204 2810 314 2869 post
354 2802 605 2857 relictam
639 2803 864 2872 patriam
894 2818 1016 2857 sese
1048 2804 1101 2857 in
1146 2803 1347 2857 flumen
1379 2802 1798 2873 prmcipitarunt.

202 2890 480 2961 Singulare
506 2892 781 2962 quidpiam
812 2891 897 2948 hic
931 2891 1339 2962 carptim‘dicit,
1370 2892 1511 2962 quod
1538 2892 1589 2946 in
1622 2892 1801 2961 priore

201 2979 264 3035 de
286 2980 383 3036 SS.
414 2981 649 3036 Bernice
685 2992 741 3037 et
783 2982 1053 3037 Prosdoce
1095 2983 1312 3038 homilia
1339 2998 1444 3037 non
1487 2992 1797 3052 comparet;

203 3088 387 3142 nempe
416 3083 709 3145 tyrannum
735 3074 1021 3143 quemdam
1043 3075 1285 3129 cmlibem
1316 3074 1675 3145 virginitatem
1711 3089 1803 3129 ea-

209 3178 340 3229 rum,
368 3181 568 3235 nempe
610 3164 886 3225 Domnina:
915 3165 1169 3234 ﬁliarum,
1195 3176 1402 3223 tentare
1426 3167 1678 3233 voluisse,
1707 3167 1802 3223 sed

204 3257 503 3317 inaccessas
532 3255 699 3311 fuisse
721 3258 993 3327 virgines:
1024 3258 1167 3329 quod
1197 3261 1382 3330 utique
1412 3260 1536 3315 licet
1579 3261 1802 3316 sileatur

203 3346 476 3416 inpriore,
510 3349 761 3419 congruit
789 3357 966 3403 tamen
1010 3365 1132 3405 cum
1182 3351 1268 3417 iis,
1321 3367 1441 3419 qum
1486 3369 1634 3408 num.
1662 3354 1694 3409 7
1721 3354 1805 3410 di-

202 3448 403 3506 cuntur,
433 3455 634 3510 nempe
658 3440 978 3495 Domninam
1001 3456 1121 3497 sese
1147 3456 1268 3497 cum
1295 3442 1508 3500 ﬁliabus
1529 3444 1580 3499 in
1603 3445 1801 3501 ﬂumen

204 3532 581 3601 przecipitasse,
613 3547 721 3588 non
750 3533 892 3604 quod
924 3544 1187 3591 tormenta
1224 3546 1506 3605 metueret,
1539 3539 1633 3595 sed
1659 3541 1801 3612 quod

205 3622 407 3677 timeret
429 3639 497 3678 ne
522 3625 643 3695 quis
669 3624 896 3679 ﬁliarum
928 3641 1145 3681 suarum
1174 3628 1536 3698 virginitatem
1558 3645 1804 3687 corrum-

205 3724 377 3782 peret:
408 3731 522 3787 quo
552 3716 791 3772 innuitur
816 3717 1051 3788 iudicem
1082 3734 1176 3776 seu
1205 3728 1489 3793 tyrannum
1523 3723 1801 3780 Domninze

205 3807 408 3863 filiabus
433 3808 746 3879 cupiditatis
772 3812 955 3867 oculos
982 3812 1265 3882 adiecisse.
1312 3815 1444 3870 Iluic
1492 3815 1560 3871 de
1603 3818 1802 3873 sanctis

204 3897 510 3953 mulieribus
532 3901 766 3955 sermoni
795 3905 1069 3972 prmmiltit
1087 3903 1507 3978 Chrysostomus
1527 3909 1801 3965 concionis

206 3991 473 4054 printer-itte
503 3991 779 4063 reliquias,
826 3994 917 4049 ubi
967 4003 1249 4066 postquam
1280 3999 1562 4068 qumsitum
1603 3998 1797 4067 fuerat,

203 4092 291 4133 cur
313 4081 551 4138 Joannes
576 4085 723 4139 solus
748 4087 1201 4156 evangelistarum
1250 4088 1318 4143 de
1365 4091 1567 4145 Lazaro
1596 4093 1802 4161 quatri-

206 4170 370 4226 duano
399 4173 660 4245 loquutus
690 4185 867 4243 esset;
895 4192 1016 4232 cum
1038 4194 1257 4235 causam
1288 4181 1581 4248 attulisset,
1611 4182 1679 4238 de
1698 4183 1803 4237 La-

206 4276 322 4316 zaro
346 4279 451 4319 non
483 4280 651 4335 pauca
684 4267 844 4322 solito
868 4271 1008 4341 ston
1036 4269 1305 4326 edisserit.
1332 4273 1410 4327 Ex
1441 4282 1682 4345 tempore
1704 4290 1802 4331 au-

209 4361 305 4406 tem
334 4357 680 4424 pronuntiata
714 4357 880 4414 fuisse
909 4359 1125 4414 videtur
1157 4362 1271 4416 lucc
1313 4364 1524 4430 concio,
1574 4372 1634 4418 ut
1678 4364 1801 4421 alia:

208 4457 303 4501 non
325 4462 526 4517 panem,
557 4464 677 4519 qua:
703 4453 849 4520 paris
873 4461 1000 4507 sunt
1028 4453 1329 4509 brevitatis.

271 4538 324 4594 lu
353 4540 496 4597 hunc
523 4557 721 4598 annum
753 4544 1128 4601 Tillemontius
1166 4546 1374 4603 confert
1416 4547 1700 4604 Homiliam
1731 4548 1799 4606 de

212 4627 528 4687 escensione
550 4630 637 4705 (Τ.
664 4634 719 4687 2.
751 4650 798 4688 c.
825 4636 974 4703 Ml),
1004 4638 1126 4708 quia
1152 4654 1343 4711 nempe
1369 4649 1489 4709 post
1514 4641 1798 4697 Homiliam

208 4720 267 4776 de
293 4721 618 4780 Cmmeterio
656 4733 710 4780 et
757 4726 949 4795 Cruce,
981 4745 1102 4799 qua:
1148 4731 1327 4787 habita
1376 4731 1541 4789 fuisse
1582 4743 1800 4804 putatur

209 4825 339 4867 anno
364 4814 492 4882 592,
527 4813 667 4871 dicta
702 4816 830 4871 fuit:
864 4833 987 4875 nam
1042 4821 1095 4875 in
1146 4823 1409 4893 principio
1449 4824 1692 4880 llomilite
1730 4826 1799 4883 de

212 4905 529 4962 Ascensione
576 4908 739 4964 dicit:
770 4909 941 4965 Etiam
981 4929 1097 4966 cum
1125 4916 1291 4969 crucis
1334 4917 1801 4974 memoriammem-

211 4990 404 5062 luimas,
433 5007 582 5052 extra
626 4999 797 5053 urbem
836 5002 948 5070 ejus
989 5002 1360 5060 solemnitatem
1402 5008 1799 5075 celebravimus;

210 5084 425 5158 indeque
449 5091 628 5161 arguit
651 5090 843 5147 eodem
872 5109 1016 5149 anno
1037 5105 1320 5167 utramque
1349 5098 1584 5156 habitam
1608 5101 1796 5170 fuisse,

214 5193 308 5234 non
333 5183 770 5241 animadvertens
799 5186 1241 5261 Chrysastomum
1266 5191 1419 5247 initio
1438 5195 1715 5250 concionis
1730 5197 1799 5252 de

212 5271 519 5330 (meeterio
549 5286 602 5331 et
645 5275 818 5333 Cruce
842 5278 1044 5343 dicere,
1076 5297 1144 5337 ex
1172 5283 1291 5355 lege
1316 5284 1420 5339 lata
1447 5301 1477 5340 a
1509 5286 1801 5357 majoribus

215 5370 453 5421 statutum
484 5367 670 5437 fuisse,
717 5379 777 5424 ut
818 5372 1134 5426 solemuitas
1165 5373 1313 5429 istaec
1341 5386 1493 5432 extra
1520 5378 1791 5434 civitatem

217 5453 260 5507 iu
289 5459 512 5528 quodam
534 5462 812 5533 assignato
836 5462 958 5519 loco
977 5465 1365 5522 celebraretur.
1396 5469 1539 5540 Ergo
1569 5480 1799 5540 quotan-

217 5547 289 5601 nis
324 5561 469 5606 extra
502 5554 691 5610 urbem
738 5556 791 5609 in
822 5557 911 5610 die
959 5557 1285 5615 Parasccvcs
1308 5569 1605 5616 conventus
1636 5562 1799 5619 habe-

217 5643 428 5696 bantur:
458 5660 555 5700 nec
584 5655 762 5715 petest
791 5651 1080 5720 quidquam
1108 5665 1172 5705 ex
1219 5666 1381 5722 supra
1408 5653 1583 5709 allatis
1615 5655 1799 5711 verbis

216 5728 274 5780 ad
299 5745 489 5787 annum
522 5742 868 5792 statuendum
908 5740 1109 5811 colligi.
1153 5739 1279 5796 Ideo
1320 5755 1497 5797 autem
1530 5755 1677 5800 extra
1711 5762 1801 5801 ur-

218 5817 325 5876 bem
352 5826 607 5885 celebrari
640 5828 743 5886 hoc
772 5832 964 5889 festum
986 5833 1137 5900 dicit,
1158 5836 1280 5903 quia
1310 5836 1412 5891 isto
1436 5838 1486 5892 in
1516 5836 1634 5896 loco
1657 5856 1797 5896 mar~

3395 400 3497 459 1'54

1908 521 2051 584 tyres
2073 511 2267 581 sepulti
2296 516 2470 565 erant.
2497 508 2759 577 Quoniam
2775 524 2904 566 vero
2924 507 3112 568 eodem
3131 509 3185 567 in
3202 511 3321 568 loco
3336 513 3498 570 etiam

1908 604 2144 658 lnrrctici
2175 603 2390 673 quidam
2434 601 2627 673 sepulti
2679 601 2911 671 fuerant,
2945 601 3203 660 ncc’sine
3248 606 3502 677 scrupulo

1907 694 2138 764 populus
2166 693 2234 747 ad
2277 692 2526 763 sepulcra
2575 703 2868 765 martyrum
2913 708 3099 764 preces
3128 693 3401 762 fundebat,
3430 697 3503 752 ob
3540 730 3551 737 ~

1906 787 2052 841 illam
2072 783 2355 850 viciniam;
2388 782 2509 839 ideo
2533 781 2820 839 Flavianus
2842 785 3122 854 episcopus
3145 798 3271 841 vera
3303 794 3503 856 marty-

1908 893 2024 933 rum
2053 892 2175 933 ossa
2198 876 2356 932 istinc
2385 874 2584 931 auferri
2605 884 2906 942 curaverat,
2932 885 2985 930 et
3012 877 3067 930 in
3095 876 3375 932 ecclesiam
3393 876 3505 933 llo—

1908 970 2202 1022 manesiam
2230 965 2425 1021 dictam
2453 966 2827 1037 transportari,
2867 964 2956 1019 ubi
2985 967 3207 1036 populus
3248 967 3504 1035 precabac

1910 1068 2014 1127 tur,
2043 1068 2097 1114 et
2116 1045 2403 1114 concienes
2426 1057 2777 1113 habebantur.
2810 1057 3023 1114 Exhinc
3049 1074 3177 1114 vero
3211 1058 3278 1115 de
3299 1060 3503 1131 angelis

1909 1150 2105 1220 ubique
2134 1157 2188 1205 et
2216 1150 2271 1203 in
2312 1149 2554 1204 ecclesiis
2582 1150 2813 1205 maxime
2846 1150 3195 1219 praesentibus
3232 1151 3499 1223 loquitur:

1906 1242 2087 1313 aitque
2115 1242 2396 1297 diaconum
2422 1242 2473 1297 iu
2504 1242 2739 1313 Liturgia
2763 1243 2961 1310 dicere,
2987 1244 3235 1315 Angelam
3261 1245 3400 1319 pacis
3419 1261 3506 1300 ro-

1907 1345 2042 1407 gate.
2097 1335 2288 1391 Postea
2334 1334 2401 1390 de
2448 1337 2776 1393 Ascensione
2825 1337 3038 1393 Domini
3066 1338 3196 1410 agit,
3243 1337 3505 1410 docetque

1908 1427 2177 1498 quomodo
2208 1426 2450 1482 Christus
2475 1427 2540 1482 ad
2566 1426 2847 1485 dexteram
2877 1428 3045 1485 Patris
3066 1431 3281 1497 sedens,
3305 1430 3478 1485 media

1910 1528 1993 1573 tor
2018 1518 2110 1579 Dei
2139 1527 2194 1575 ct
2224 1520 2497 1574 hominum
2525 1520 2612 1574 sit.
2640 1520 2893 1588 Quaenam
2938 1521 3236 1578 differentia
3265 1522 3335 1578 sit
3363 1522 3503 1578 inter

1908 1610 2296 1666 Ascensionem
2341 1610 2540 1667 Christi
2581 1621 2638 1668 et
2665 1613 3033 1669 ascensionem
3080 1612 3211 1669 Elia:
3249 1613 3503 1685 explicat,

1908 1717 1972 1756 ac
2021 1716 2142 1757 cum
2190 1716 2399 1758 summa
2447 1703 2709 1761 modestia
2751 1713 2806 1761 et
2849 1704 3148 1761 humilitate
3191 1707 3506 1764 concionem

1907 1792 2124 1863 claudit.

1982 1883 2095 1949 lloc
2124 1886 2249 1940 item
2279 1899 2420 1940 anno
2445 1884 2571 1951 592,
2602 1885 2689 1941 vel
2714 1884 2949 1952 circiter,
2971 1887 3506 1956 putatTillcmontius

1909 1974 2350 2047 Cbrysostomum
2378 1978 2674 2033 orationem
2701 1976 2951 2033 habuisse
2977 1978 3032 2032 in
3054 1978 3263 2033 laudem
3293 1978 3507 2034 Diodori

1910 2068 2189 2123 Tarsensis
2216 2068 2305 2141 (Τ.
2348 2070 2403 2126 5.
2449 2087 2495 2123 c.
2522 2068 2618 2123 761
2641 2069 2659 2139 )
2682 2087 2694 2124 :
2719 2084 2877 2140 quam
2907 2069 3159 2139 temporis
3191 2076 3368 2124 notam
3410 2084 3509 2125 nec

1910 2159 2245 2230 impugnare,
2288 2175 2388 2215 nec
2426 2168 2485 2214 ut
2523 2160 2742 2216 omnino
2784 2169 2986 2215 certam
3031 2160 3317 2216 defendere
3361 2161 3506 2217 licet.

1909 2251 2219 2307 Orationem
2262 2253 2375 2322 iam
2421 2251 2680 2307 habuerat
2710 2253 2972 2308 Diodorus
3019 2252 3070 2307 in
3102 2258 3205 2324 qua
3248 2253 3507 2309 Joannem

1909 2343 2350 2415 Clirysostomum
2367 2344 2612 2401 laudibus
2629 2345 2911 2401 extulerat.
2929 2345 3345 2418 Chrysostomus
3356 2362 3508 2417 vero,

1909 2432 2124 2489 laudum
2155 2435 2375 2491 minime
2404 2435 2647 2506 cupidus,
2679 2451 2804 2491 suas
2835 2437 2935 2506 ipsi
2966 2436 3149 2492 laudes
3175 2437 3425 2502 reddidit,
3456 2447 3512 2493 et

1909 2527 2206 2582 orationem
2237 2529 2402 2589 texuit
2431 2528 2824 2595 brevissimam,
2858 2528 2977 2598 quia
3011 2538 3129 2597 post
3151 2529 3298 2583 illum
3321 2530 3510 2584 eadem

1908 2620 1994 2675 die
2019 2620 2431 2695 concionaturus
2454 2619 2631 2675 denuo
2660 2631 2778 2675 erat
2824 2620 3113 2687 Diodorus,
3146 2631 3201 2676 ut
3227 2622 3370 2677 clare
3396 2622 3512 2692 ipse

1910 2710 2084 2765 innuit
2106 2709 2156 2765 in
2185 2711 2292 2766 line
2316 2711 2575 2782 prwconii.
2594 2710 2739 2766 More
2763 2711 2957 2781 quippe
2986 2722 3256 2783 receptum
3285 2712 3513 2770 vidimus

1909 2801 2229 2869 Antiochia,
2264 2812 2321 2856 ut
2363 2801 2549 2857 eadem
2580 2802 2667 2858 dic
2708 2804 2761 2857 in
2792 2803 3087 2875 eademque
3131 2805 3355 2861 ecclesia
3403 2805 3514 2862 duo

1909 2892 2378 2948 concionarcntur.
2414 2893 2676 2949 Diodorus
2721 2909 2850 2949 vero
2893 2895 3175 2965 episcopus
3204 2896 3509 2965 Tarsensis,

1909 2985 1997 3056 qui
2025 2986 2154 3040 olim
2180 2985 2356 3042 fuerat
2381 2986 2604 3043 Joannis
2633 2986 2999 3062 Chrysoslomi
3027 2989 3300 3059 magister,
3335 2990 3511 3046 liben-

1911 3085 1991 3130 ter
2015 3075 2082 3131 ad
2100 3077 2156 3131 id
2187 3077 2348 3132 ofﬁcii
2374 3078 2788 3143 admittebatur;
2817 3080 2940 3150 quia
2960 3081 3085 3135 olim
3109 3082 3386 3154 presbyter
3403 3084 3514 3137 An-

1911 3168 2191 3224 tiochcuus
2234 3168 2285 3223 id
2332 3170 2570 3224 muneris
2616 3169 2705 3223 diu
2743 3179 3077 3236 exercuerat,
3124 3188 3232 3242 quo
3272 3184 3513 3243 tempore

1910 3258 2115 3322 Ariani,
2146 3273 2268 3314 cum
2298 3260 2614 3314 auctoritate
2647 3259 2930 3330 plurimum
2975 3261 3235 3328 valerent,
3276 3261 3514 3319 Catholi-

1909 3368 2003 3408 cos
2033 3351 2372 3409 infestabant.
2419 3351 2487 3407 lis
2526 3369 2647 3407 cum
2681 3352 2885 3408 fortiter
2909 3353 3195 3410 obsisteret
3226 3355 3508 3421 Diodorus,

1908 3444 1976 3500 ab
2007 3446 2219 3504 Arianis
2242 3461 2385 3514 sa'pc
2419 3446 2597 3515 pulsus
2623 3454 2728 3511 est,
2751 3461 2896 3517 saipe
2918 3448 2969 3501 in
3006 3447 3298 3516 periculum
3322 3450 3512 3518 capitis

1907 3538 2084 3604 venit;
2122 3554 2185 3594 ac
2210 3538 2253 3592 si
2285 3555 2391 3592 non
2422 3554 2501 3605 re,
2544 3540 2735 3593 saltem
2767 3540 3041 3609 proposito
3071 3550 3273 3612 martyr
3305 3539 3421 3607 fuit,
3455 3552 3513 3596 ut

1908 3629 2038 3685 dicit
2065 3634 2179 3700 ipse
2204 3628 2643 3701 Chrysoslomus,
2678 3638 2788 3684 tum
2820 3630 2871 3684 in
2902 3631 3001 3684 ista
3032 3632 3294 3698 oratione,
3323 3641 3431 3686 tum
3456 3633 3509 3688 in

1908 3722 2207 3792 fragmento
2224 3722 2452 3792 quodam
2477 3737 2544 3777 ex
2570 3720 2822 3776 Facundo
2840 3721 3212 3778 Hermianeusi
3232 3731 3507 3793 excerpta,

1908 3814 2048 3884 quod
2078 3813 2153 3868 illi
2182 3814 2233 3868 in
2263 3812 2362 3867 hac
2392 3813 2629 3869 editione
2655 3813 3016 3884 subiungitur.

1979 3906 2292 3960 Innumeras
2309 3914 2458 3960 certe
2486 3905 2733 3959 homilias
2752 3904 3250 3960 Antiochim-babuit
3278 3906 3495 3977 Chryso

1908 3998 2136 4058 sturnus,
2166 4010 2391 4065 quarum
2422 4010 2609 4065 magna
2639 4009 2762 4063 pars
2802 3995 2869 4049 ad
2911 4010 3009 4047 nos
3048 4010 3217 4065 usque
3249 3997 3507 4064 pervenit.

1907 4087 1973 4138 At
2002 4100 2186 4139 carum
2212 4085 2451 4139 omnium
2476 4086 2564 4140 vix
2592 4099 2655 4139 ac
2681 4098 2749 4140 ne
2778 4085 2865 4139 vix
2894 4085 3108 4154 quidem
3137 4095 3314 4155 potest
3338 4101 3511 4142 annus

1907 4177 2189 4246 assignari.
2238 4179 2314 4232 Ex
2349 4192 2541 4232 earum
2572 4191 2800 4231 numero
2830 4185 2953 4230 sunt
2980 4176 3224 4231 llomilia:
3255 4178 3306 4231 in
3336 4178 3512 4234 Gene-

1908 4270 2010 4324 sim
2028 4270 2116 4340 (Τ.
2133 4271 2185 4327 4.
2207 4286 2253 4324 c.
2274 4266 2387 4329 ﬁll,
2422 4283 2648 4324 numero
2674 4268 2763 4334 67,
2782 4282 2915 4338 quas
2931 4266 3390 4340 ConstantinOpoli
3408 4269 3510 4324 lia-

1908 4359 2047 4415 hitas
2069 4359 2232 4414 fuisse
2253 4359 2380 4415 dicit
2406 4359 2646 4426 Photius,
2671 4359 3022 4415 subdubitans
3051 4370 3249 4426 tamen,
3277 4376 3377 4417 nec
3393 4378 3507 4418 rem

1906 4452 2059 4523 quasi
2086 4460 2288 4507 certam
2316 4450 2577 4507 referens.
2624 4450 2824 4507 Verum
2867 4452 3511 4527 Antiochimtccrtissimc

1906 4542 2079 4597 dictas
2106 4541 2269 4597 fuisse
2296 4541 2478 4597 multis
2522 4542 2854 4612 argumentis
2882 4541 3071 4611 probat
3114 4542 3505 4611 Tillemontizts,

1908 4648 2114 4704 uosque
2142 4633 2550 4703 quamplurimis
2578 4633 2773 4687 additis
2806 4631 3240 4688 confirmavimus
3276 4635 3330 4688 in
3360 4635 3508 4689 Pras-

1908 4725 2107 4778 fatione
2133 4722 2201 4777 ad
2244 4722 2504 4778 Homilias
2548 4723 2600 4778 in
2628 4721 2881 4779 Gcnesim
2913 4732 3106 4794 quarto
3134 4724 3327 4789 Tomo,
3359 4733 3414 4780 et
3458 4727 3505 4784 in

1908 4815 2229 4872 Praefatione
2249 4813 2314 4873 ad
2340 4815 2627 4870 conciones
2655 4814 2707 4868 in
2747 4813 3070 4884 Principium
3105 4816 3360 4869 Actorum
3394 4825 3510 4872 ter-

1910 4909 1984 4965 tio
2011 4909 2203 4975 Tomo,
2237 4916 2293 4964 et
2320 4908 2467 4963 alibi.

1906 5014 1909 5015 '
1981 4999 2238 5055 llomilias
2258 5014 2386 5054 vero
2406 4999 2457 5053 in
2480 4996 2661 5055 Oziam
2683 4996 2885 5052 dixisse
2907 4998 3079 5066 potuit
3104 5006 3228 5052 ante
3252 4997 3506 5056 llomilias

1909 5094 1963 5149 in
1997 5092 2249 5150 Geuesim
2295 5091 2385 5161 (1'.
2416 5092 2471 5148 6.
2512 5110 2558 5145 c.
2596 5089 2731 5164 97):
2759 5090 2810 5145 id
2840 5095 3046 5146 ce'rtum
3075 5090 3285 5147 videtur
3312 5104 3512 5147 secun-

1907 5185 2031 5242 dam
2076 5186 2263 5241 saltem
2316 5184 2549 5241 habitam
2589 5182 2754 5239 fuisse
2779 5183 3051 5254 aliquanto
3090 5192 3333 5253 tempore
3356 5192 3508 5240 aute-

1907 5294 2067 5351 quam
2097 5278 2167 5335 de
2189 5277 2528 5342 Nominibus,
2553 5274 2668 5332 sive
2693 5276 2762 5331 de
2786 5276 3076 5331 Mutatione
3105 5276 3381 5332 nominum
3404 5275 3509 5332 ho-

1909 5374 2085 5427 milias
2105 5373 2383 5442 inciperet.
2409 5369 2622 5426 Etenim
2649 5369 2702 5425 in
2724 5368 2942 5425 homilia
2965 5367 3198 5424 secunda
3224 5369 3276 5423 in
3297 5366 3507 5431 Oziam,

1908 5481 2029 5521 cum
2060 5464 2127 5519 de
2170 5464 2389 5519 nomine
2433 5463 2632 5518 Abram
2662 5461 2714 5515 in
2746 5462 3017 5517 Abraham
3048 5468 3251 5514 mutato
3300 5468 3508 5530 ageret,

1909 5560 2042 5614 dixit
2067 5558 2158 5613 ille
2184 5573 2409 5612 numero
2438 5557 2493 5620 5,
2538 5554 2722 5610 Verum
2750 5554 2815 5608 de
2835 5552 3120 5607 nominibus
3150 5552 3255 5605 alio
3283 5561 3509 5621 tempore

1910 5651 2179 5717 disseram,
2212 5648 2263 5703 id
2292 5657 2376 5703 cst
2418 5647 2485 5701 de
2531 5646 2828 5701 mutatione
2870 5645 3184 5699 nominum:
3215 5642 3335 5699 illas
3363 5642 3514 5697 enim

1910 5741 1977 5797 de
2009 5741 2300 5796 Mutationc
2327 5739 2606 5795 nominum
2638 5737 2885 5791 homilias
2916 5734 3183 5790 interdum
3210 5733 3279 5788 de
3318 5730 3505 5788 Nomi-

1911 5836 2067 5893 nibus
2093 5833 2348 5907 appellat.
2384 5833 2438 5887 In
2473 5832 2578 5887 illis
2625 5845 2754 5886 vero
2783 5830 2849 5886 de
2894 5828 3185 5885 Mutatione
3226 5826 3505 5882 nominum
