  <div class='ocr_page' id='page_1' title='image "/cluster/home/n/w/nwhite01/storage/ocr_20150623/47/pst.000005712441/165.png"; bbox 0 0 4264 6306; ppageno 0'>
   <div class='ocr_carea' id='block_1_1' title="bbox 750 319 852 375">
    <p class='ocr_par' dir='ltr' id='par_1_1' title="bbox 750 319 852 375">
     <span class='ocr_line' id='line_1_1' title="bbox 750 319 852 375; baseline 0.029 -3"><span class='ocrx_word' id='word_1_1' title='bbox 750 319 852 375; x_wconf 73' lang='grc'><strong>135</strong></span> 
     </span>
    </p>
   </div>
   <div class='ocr_carea' id='block_1_2' title="bbox 747 426 2334 490">
    <p class='ocr_par' dir='ltr' id='par_1_2' title="bbox 747 426 2334 490">
     <span class='ocr_line' id='line_1_2' title="bbox 747 426 2334 490; baseline -0.007 0"><span class='ocrx_word' id='word_1_2' title='bbox 747 428 980 490; x_wconf 78' lang='grc' dir='ltr'><strong>Ιιοηιίιίἰε</strong></span> <span class='ocrx_word' id='word_1_3' title='bbox 1003 429 1072 487; x_wconf 84' lang='lat' dir='ltr'><strong>de</strong></span> <span class='ocrx_word' id='word_1_4' title='bbox 1102 429 1316 485; x_wconf 91' lang='lat' dir='ltr'><strong>nomine</strong></span> <span class='ocrx_word' id='word_1_5' title='bbox 1343 427 1539 484; x_wconf 81' lang='lat' dir='ltr'><strong>Abram</strong></span> <span class='ocrx_word' id='word_1_6' title='bbox 1570 427 1626 482; x_wconf 91' lang='lat' dir='ltr'><strong>in</strong></span> <span class='ocrx_word' id='word_1_7' title='bbox 1655 426 1922 482; x_wconf 80' lang='lat' dir='ltr'><strong>Abraham</strong></span> <span class='ocrx_word' id='word_1_8' title='bbox 1971 435 2176 482; x_wconf 91' lang='lat' dir='ltr'><strong>mutato</strong></span> <span class='ocrx_word' id='word_1_9' title='bbox 2225 439 2334 480; x_wconf 91' lang='lat' dir='ltr'><strong>non</strong></span> 
     </span>
    </p>
   </div>
   <div class='ocr_carea' id='block_1_3' title="bbox 745 520 2332 594">
    <p class='ocr_par' dir='ltr' id='par_1_3' title="bbox 745 520 2332 594">
     <span class='ocr_line' id='line_1_3' title="bbox 745 520 2332 594; baseline -0.007 -13"><span class='ocrx_word' id='word_1_10' title='bbox 745 525 910 581; x_wconf 82' lang='lat' dir='ltr'><strong>semel</strong></span> <span class='ocrx_word' id='word_1_11' title='bbox 938 524 1063 594; x_wconf 89' lang='lat' dir='ltr'><strong>agit.</strong></span> <span class='ocrx_word' id='word_1_12' title='bbox 1100 522 1330 578; x_wconf 81' lang='lat' dir='ltr'><strong>Primam</strong></span> <span class='ocrx_word' id='word_1_13' title='bbox 1359 537 1480 576; x_wconf 90' lang='lat' dir='ltr'><strong>cum</strong></span> <span class='ocrx_word' id='word_1_14' title='bbox 1506 520 1848 577; x_wconf 81' lang='lat' dir='ltr'><strong>Tillemontio</strong></span> <span class='ocrx_word' id='word_1_15' title='bbox 1875 521 1962 575; x_wconf 91' lang='lat' dir='ltr'><strong>diu</strong></span> <span class='ocrx_word' id='word_1_16' title='bbox 1998 530 2111 590; x_wconf 91' lang='lat' dir='ltr'><strong>post</strong></span> <span class='ocrx_word' id='word_1_17' title='bbox 2139 533 2332 573; x_wconf 89' lang='lat' dir='ltr'><strong>secun-</strong></span> 
     </span>
    </p>
   </div>
   <div class='ocr_carea' id='block_1_4' title="bbox 746 612 2335 684">
    <p class='ocr_par' dir='ltr' id='par_1_4' title="bbox 746 612 2335 684">
     <span class='ocr_line' id='line_1_4' title="bbox 746 612 2335 684; baseline -0.006 -12"><span class='ocrx_word' id='word_1_18' title='bbox 746 618 864 672; x_wconf 87' lang='lat' dir='ltr'><strong>dam</strong></span> <span class='ocrx_word' id='word_1_19' title='bbox 893 615 1133 684; x_wconf 74' lang='lat' dir='ltr'><strong>ablegari</strong></span> <span class='ocrx_word' id='word_1_20' title='bbox 1161 625 1214 668; x_wconf 88' lang='lat' dir='ltr'><strong>et</strong></span> <span class='ocrx_word' id='word_1_21' title='bbox 1244 614 1294 667; x_wconf 94' lang='lat' dir='ltr'><strong>in</strong></span> <span class='ocrx_word' id='word_1_22' title='bbox 1322 613 1461 667; x_wconf 82' lang='lat' dir='ltr'><strong>aliud</strong></span> <span class='ocrx_word' id='word_1_23' title='bbox 1489 623 1695 682; x_wconf 86' lang='lat' dir='ltr'><strong>tempus</strong></span> <span class='ocrx_word' id='word_1_24' title='bbox 1719 612 1920 678; x_wconf 91' lang='lat' dir='ltr'><strong>distuli,</strong></span> <span class='ocrx_word' id='word_1_25' title='bbox 1945 620 2183 682; x_wconf 81' lang='lat' dir='ltr'><strong>quartam</strong></span> <span class='ocrx_word' id='word_1_26' title='bbox 2202 624 2335 679; x_wconf 78' lang='lat' dir='ltr'><strong>quo—-</strong></span> 
     </span>
    </p>
   </div>
   <div class='ocr_carea' id='block_1_5' title="bbox 745 703 2330 776">
    <p class='ocr_par' dir='ltr' id='par_1_5' title="bbox 745 703 2330 776">
     <span class='ocr_line' id='line_1_5' title="bbox 745 703 2330 776; baseline -0.004 -15"><span class='ocrx_word' id='word_1_27' title='bbox 745 723 845 776; x_wconf 89' lang='lat' dir='ltr'><strong>que</strong></span> <span class='ocrx_word' id='word_1_28' title='bbox 870 722 898 761; x_wconf 90' lang='lat' dir='ltr'><strong>a</strong></span> <span class='ocrx_word' id='word_1_29' title='bbox 921 706 1247 776; x_wconf 89' lang='lat' dir='ltr'><strong>reliquarum</strong></span> <span class='ocrx_word' id='word_1_30' title='bbox 1269 705 1407 759; x_wconf 89' lang='lat' dir='ltr'><strong>serie</strong></span> <span class='ocrx_word' id='word_1_31' title='bbox 1424 703 1775 758; x_wconf 74' lang='lat' dir='ltr'><strong>amovendum</strong></span> <span class='ocrx_word' id='word_1_32' title='bbox 1803 705 1984 758; x_wconf 84' lang='lat' dir='ltr'><strong>censui</strong></span> <span class='ocrx_word' id='word_1_33' title='bbox 2006 717 2020 754; x_wconf 88' lang='lat'><strong>:</strong></span> <span class='ocrx_word' id='word_1_34' title='bbox 2040 703 2330 756; x_wconf 78' lang='lat' dir='ltr'><strong>secundum</strong></span> 
     </span>
    </p>
   </div>
   <div class='ocr_carea' id='block_1_6' title="bbox 744 794 2331 865">
    <p class='ocr_par' dir='ltr' id='par_1_6' title="bbox 744 794 2331 865">
     <span class='ocr_line' id='line_1_6' title="bbox 744 794 2331 865; baseline -0.003 -14"><span class='ocrx_word' id='word_1_35' title='bbox 744 813 894 864; x_wconf 80' lang='lat' dir='ltr'><strong>vero,</strong></span> <span class='ocrx_word' id='word_1_36' title='bbox 929 799 1158 862; x_wconf 82' lang='lat' dir='ltr'><strong>tertiam,</strong></span> <span class='ocrx_word' id='word_1_37' title='bbox 1191 797 1429 865; x_wconf 77' lang='lat' dir='ltr'><strong>quintam</strong></span> <span class='ocrx_word' id='word_1_38' title='bbox 1452 804 1507 850; x_wconf 90' lang='lat' dir='ltr'><strong>et</strong></span> <span class='ocrx_word' id='word_1_39' title='bbox 1531 804 1734 850; x_wconf 81' lang='lat' dir='ltr'><strong>sextam</strong></span> <span class='ocrx_word' id='word_1_40' title='bbox 1763 794 2102 848; x_wconf 84' lang='lat' dir='ltr'><strong>continenter</strong></span> <span class='ocrx_word' id='word_1_41' title='bbox 2127 809 2331 862; x_wconf 83' lang='lat' dir='ltr'><strong>ponen-</strong></span> 
     </span>
    </p>
   </div>
   <div class='ocr_carea' id='block_1_7' title="bbox 741 884 2331 956">
    <p class='ocr_par' dir='ltr' id='par_1_7' title="bbox 741 884 2331 956">
     <span class='ocr_line' id='line_1_7' title="bbox 741 884 2331 956; baseline -0.004 -12"><span class='ocrx_word' id='word_1_42' title='bbox 741 887 839 945; x_wconf 86' lang='lat' dir='ltr'><strong>das</strong></span> <span class='ocrx_word' id='word_1_43' title='bbox 872 903 991 943; x_wconf 88' lang='lat' dir='ltr'><strong>esse</strong></span> <span class='ocrx_word' id='word_1_44' title='bbox 1015 902 1227 942; x_wconf 84' lang='lat' dir='ltr'><strong>censeo.</strong></span> <span class='ocrx_word' id='word_1_45' title='bbox 1258 886 1418 941; x_wconf 78' lang='lat' dir='ltr'><strong>Sexta</strong></span> <span class='ocrx_word' id='word_1_46' title='bbox 1448 887 1631 956; x_wconf 83' lang='lat' dir='ltr'><strong>paucis</strong></span> <span class='ocrx_word' id='word_1_47' title='bbox 1657 886 1842 940; x_wconf 90' lang='lat' dir='ltr'><strong>diebus</strong></span> <span class='ocrx_word' id='word_1_48' title='bbox 1867 893 1992 939; x_wconf 89' lang='lat' dir='ltr'><strong>ante</strong></span> <span class='ocrx_word' id='word_1_49' title='bbox 2020 884 2331 954; x_wconf 77' lang='lat' dir='ltr'><strong>Quadi-age-</strong></span> 
     </span>
    </p>
   </div>
   <div class='ocr_carea' id='block_1_8' title="bbox 743 974 2330 1038">
    <p class='ocr_par' dir='ltr' id='par_1_8' title="bbox 743 974 2330 1038">
     <span class='ocr_line' id='line_1_8' title="bbox 743 974 2330 1038; baseline -0.004 -4"><span class='ocrx_word' id='word_1_50' title='bbox 743 981 932 1034; x_wconf 88' lang='lat' dir='ltr'><strong>simam</strong></span> <span class='ocrx_word' id='word_1_51' title='bbox 963 978 1138 1032; x_wconf 86' lang='lat' dir='ltr'><strong>habita</strong></span> <span class='ocrx_word' id='word_1_52' title='bbox 1173 978 1285 1038; x_wconf 87' lang='lat' dir='ltr'><strong>luit,</strong></span> <span class='ocrx_word' id='word_1_53' title='bbox 1312 987 1369 1031; x_wconf 89' lang='lat' dir='ltr'><strong>ut</strong></span> <span class='ocrx_word' id='word_1_54' title='bbox 1399 977 1597 1031; x_wconf 87' lang='lat' dir='ltr'><strong>ibidem</strong></span> <span class='ocrx_word' id='word_1_55' title='bbox 1621 986 1889 1031; x_wconf 86' lang='lat' dir='ltr'><strong>narratur.</strong></span> <span class='ocrx_word' id='word_1_56' title='bbox 1915 974 2050 1030; x_wconf 79' lang='lat' dir='ltr'><strong>Vide</strong></span> <span class='ocrx_word' id='word_1_57' title='bbox 2076 974 2330 1029; x_wconf 87' lang='lat' dir='ltr'><strong>Monitum</strong></span> 
     </span>
    </p>
   </div>
   <div class='ocr_carea' id='block_1_9' title="bbox 741 1065 1828 1125">
    <p class='ocr_par' dir='ltr' id='par_1_9' title="bbox 741 1065 1828 1125">
     <span class='ocr_line' id='line_1_9' title="bbox 741 1065 1828 1125; baseline -0.004 -2"><span class='ocrx_word' id='word_1_58' title='bbox 741 1070 808 1125; x_wconf 83' lang='lat' dir='ltr'><strong>ad</strong></span> <span class='ocrx_word' id='word_1_59' title='bbox 831 1068 1076 1123; x_wconf 88' lang='lat' dir='ltr'><strong>homilias</strong></span> <span class='ocrx_word' id='word_1_60' title='bbox 1103 1067 1262 1122; x_wconf 87' lang='lat' dir='ltr'><strong>hasce</strong></span> <span class='ocrx_word' id='word_1_61' title='bbox 1293 1067 1461 1120; x_wconf 91' lang='lat' dir='ltr'><strong>Tomo</strong></span> <span class='ocrx_word' id='word_1_62' title='bbox 1485 1074 1638 1121; x_wconf 79' lang='lat' dir='ltr'><strong>sexto</strong></span> <span class='ocrx_word' id='word_1_63' title='bbox 1665 1079 1709 1115; x_wconf 79' lang='grc' dir='ltr'><strong>ε.</strong></span> <span class='ocrx_word' id='word_1_64' title='bbox 1740 1065 1828 1121; x_wconf 78' lang='grc'><strong>93.</strong></span> 
     </span>
    </p>
   </div>
   <div class='ocr_carea' id='block_1_10' title="bbox 815 1157 2332 1238">
    <p class='ocr_par' dir='ltr' id='par_1_10' title="bbox 815 1157 2332 1238">
     <span class='ocr_line' id='line_1_10' title="bbox 815 1157 2332 1238; baseline -0.007 -17"><span class='ocrx_word' id='word_1_65' title='bbox 815 1167 869 1221; x_wconf 83' lang='grc' dir='ltr'><strong>Ιιι</strong></span> <span class='ocrx_word' id='word_1_66' title='bbox 903 1167 1093 1238; x_wconf 88' lang='lat' dir='ltr'><strong>prima,</strong></span> <span class='ocrx_word' id='word_1_67' title='bbox 1123 1178 1279 1231; x_wconf 70' lang='lat' dir='ltr'><strong>quiam</strong></span> <span class='ocrx_word' id='word_1_68' title='bbox 1325 1163 1444 1217; x_wconf 89' lang='lat' dir='ltr'><strong>loco</strong></span> <span class='ocrx_word' id='word_1_69' title='bbox 1473 1161 1780 1216; x_wconf 86' lang='lat' dir='ltr'><strong>mutandam</strong></span> <span class='ocrx_word' id='word_1_70' title='bbox 1826 1168 2098 1230; x_wconf 87' lang='lat' dir='ltr'><strong>putamus,</strong></span> <span class='ocrx_word' id='word_1_71' title='bbox 2138 1157 2332 1229; x_wconf 82' lang='lat' dir='ltr'><strong>gaudet</strong></span> 
     </span>
    </p>
   </div>
   <div class='ocr_carea' id='block_1_11' title="bbox 740 1249 2331 1329">
    <p class='ocr_par' dir='ltr' id='par_1_11' title="bbox 740 1249 2331 1329">
     <span class='ocr_line' id='line_1_11' title="bbox 740 1249 2331 1329; baseline -0.006 -16"><span class='ocrx_word' id='word_1_72' title='bbox 740 1261 806 1313; x_wconf 92' lang='lat' dir='ltr'><strong>de</strong></span> <span class='ocrx_word' id='word_1_73' title='bbox 832 1257 1012 1329; x_wconf 85' lang='lat' dir='ltr'><strong>populi</strong></span> <span class='ocrx_word' id='word_1_74' title='bbox 1041 1254 1335 1326; x_wconf 79' lang='lat' dir='ltr'><strong>frequentia</strong></span> <span class='ocrx_word' id='word_1_75' title='bbox 1367 1262 1419 1308; x_wconf 90' lang='lat' dir='ltr'><strong>et</strong></span> <span class='ocrx_word' id='word_1_76' title='bbox 1445 1268 1727 1318; x_wconf 81' lang='lat' dir='ltr'><strong>concursu,</strong></span> <span class='ocrx_word' id='word_1_77' title='bbox 1773 1251 1922 1306; x_wconf 86' lang='lat' dir='ltr'><strong>dolet</strong></span> <span class='ocrx_word' id='word_1_78' title='bbox 1963 1261 2139 1306; x_wconf 90' lang='lat' dir='ltr'><strong>autem</strong></span> <span class='ocrx_word' id='word_1_79' title='bbox 2186 1249 2331 1320; x_wconf 89' lang='lat' dir='ltr'><strong>quod</strong></span> 
     </span>
    </p>
   </div>
   <div class='ocr_carea' id='block_1_12' title="bbox 739 1343 2330 1415">
    <p class='ocr_par' dir='ltr' id='par_1_12' title="bbox 739 1343 2330 1415">
     <span class='ocr_line' id='line_1_12' title="bbox 739 1343 2330 1415; baseline -0.007 -10"><span class='ocrx_word' id='word_1_80' title='bbox 739 1349 1035 1415; x_wconf 85' lang='lat' dir='ltr'><strong>auditores,</strong></span> <span class='ocrx_word' id='word_1_81' title='bbox 1064 1348 1191 1402; x_wconf 90' lang='lat' dir='ltr'><strong>dum</strong></span> <span class='ocrx_word' id='word_1_82' title='bbox 1220 1347 1408 1401; x_wconf 87' lang='lat' dir='ltr'><strong>concio</strong></span> <span class='ocrx_word' id='word_1_83' title='bbox 1435 1345 1739 1410; x_wconf 86' lang='lat' dir='ltr'><strong>haberetur,</strong></span> <span class='ocrx_word' id='word_1_84' title='bbox 1765 1343 2148 1413; x_wconf 84' lang='lat' dir='ltr'><strong>incompositas</strong></span> <span class='ocrx_word' id='word_1_85' title='bbox 2171 1355 2330 1396; x_wconf 85' lang='lat' dir='ltr'><strong>voces</strong></span> 
     </span>
    </p>
   </div>
   <div class='ocr_carea' id='block_1_13' title="bbox 741 1434 2329 1508">
    <p class='ocr_par' dir='ltr' id='par_1_13' title="bbox 741 1434 2329 1508">
     <span class='ocr_line' id='line_1_13' title="bbox 741 1434 2329 1508; baseline -0.008 -10"><span class='ocrx_word' id='word_1_86' title='bbox 741 1443 1068 1502; x_wconf 70' lang='lat' dir='ltr'><strong>emitterent,</strong></span> <span class='ocrx_word' id='word_1_87' title='bbox 1101 1439 1550 1494; x_wconf 81' lang='lat' dir='ltr'><strong>tumultuarentur</strong></span> <span class='ocrx_word' id='word_1_88' title='bbox 1589 1451 1650 1491; x_wconf 90' lang='lat' dir='ltr'><strong>ac</strong></span> <span class='ocrx_word' id='word_1_89' title='bbox 1681 1436 1971 1508; x_wconf 80' lang='lat' dir='ltr'><strong>lymphatis</strong></span> <span class='ocrx_word' id='word_1_90' title='bbox 1995 1434 2196 1490; x_wconf 91' lang='lat' dir='ltr'><strong>similes</strong></span> <span class='ocrx_word' id='word_1_91' title='bbox 2220 1434 2329 1487; x_wconf 92' lang='lat' dir='ltr'><strong>cir-</strong></span> 
     </span>
    </p>
   </div>
   <div class='ocr_carea' id='block_1_14' title="bbox 740 1526 2330 1602">
    <p class='ocr_par' dir='ltr' id='par_1_14' title="bbox 740 1526 2330 1602">
     <span class='ocr_line' id='line_1_14' title="bbox 740 1526 2330 1602; baseline -0.006 -14"><span class='ocrx_word' id='word_1_92' title='bbox 740 1541 1170 1602; x_wconf 80' lang='lat' dir='ltr'><strong>cumagerentur,</strong></span> <span class='ocrx_word' id='word_1_93' title='bbox 1201 1529 1265 1585; x_wconf 89' lang='lat' dir='ltr'><strong>de</strong></span> <span class='ocrx_word' id='word_1_94' title='bbox 1293 1528 1605 1598; x_wconf 84' lang='lat' dir='ltr'><strong>Scrapltinis</strong></span> <span class='ocrx_word' id='word_1_95' title='bbox 1631 1543 1794 1597; x_wconf 89' lang='lat' dir='ltr'><strong>pauca</strong></span> <span class='ocrx_word' id='word_1_96' title='bbox 1823 1527 1974 1581; x_wconf 92' lang='lat' dir='ltr'><strong>dicit.</strong></span> <span class='ocrx_word' id='word_1_97' title='bbox 2008 1526 2131 1580; x_wconf 91' lang='lat' dir='ltr'><strong>Illos</strong></span> <span class='ocrx_word' id='word_1_98' title='bbox 2152 1533 2330 1580; x_wconf 91' lang='lat' dir='ltr'><strong>autem</strong></span> 
     </span>
    </p>
   </div>
   <div class='ocr_carea' id='block_1_15' title="bbox 740 1611 2334 1694">
    <p class='ocr_par' dir='ltr' id='par_1_15' title="bbox 740 1611 2334 1694">
     <span class='ocr_line' id='line_1_15' title="bbox 740 1611 2334 1694; baseline -0.007 -14"><span class='ocrx_word' id='word_1_99' title='bbox 740 1628 998 1694; x_wconf 80' lang='lat' dir='ltr'><strong>increpat,</strong></span> <span class='ocrx_word' id='word_1_100' title='bbox 1033 1625 1120 1693; x_wconf 90' lang='lat' dir='ltr'><strong>qui</strong></span> <span class='ocrx_word' id='word_1_101' title='bbox 1149 1623 1214 1677; x_wconf 92' lang='lat' dir='ltr'><strong>ad</strong></span> <span class='ocrx_word' id='word_1_102' title='bbox 1243 1611 1541 1692; x_wconf 85' lang='lat' dir='ltr'><strong>spectacula</strong></span> <span class='ocrx_word' id='word_1_103' title='bbox 1570 1620 1865 1692; x_wconf 87' lang='lat' dir='ltr'><strong>prodirent,</strong></span> <span class='ocrx_word' id='word_1_104' title='bbox 1891 1619 2087 1688; x_wconf 87' lang='lat' dir='ltr'><strong>quique</strong></span> <span class='ocrx_word' id='word_1_105' title='bbox 2116 1617 2193 1671; x_wconf 90' lang='lat' dir='ltr'><strong>sic</strong></span> <span class='ocrx_word' id='word_1_106' title='bbox 2216 1632 2334 1688; x_wconf 83' lang='lat' dir='ltr'><strong>my-</strong></span> 
     </span>
    </p>
   </div>
   <div class='ocr_carea' id='block_1_16' title="bbox 737 1711 1957 1773">
    <p class='ocr_par' dir='ltr' id='par_1_16' title="bbox 737 1711 1957 1773">
     <span class='ocr_line' id='line_1_16' title="bbox 737 1711 1957 1773; baseline -0.01 -1"><span class='ocrx_word' id='word_1_107' title='bbox 737 1719 898 1773; x_wconf 85' lang='lat' dir='ltr'><strong>steria</strong></span> <span class='ocrx_word' id='word_1_108' title='bbox 926 1715 1102 1770; x_wconf 83' lang='lat' dir='ltr'><strong>divina</strong></span> <span class='ocrx_word' id='word_1_109' title='bbox 1133 1729 1252 1769; x_wconf 91' lang='lat' dir='ltr'><strong>cum</strong></span> <span class='ocrx_word' id='word_1_110' title='bbox 1284 1712 1628 1767; x_wconf 67' lang='lat' dir='ltr'><strong>dmuoniacis</strong></span> <span class='ocrx_word' id='word_1_111' title='bbox 1654 1711 1957 1764; x_wconf 81' lang='lat' dir='ltr'><strong>miscerent.</strong></span> 
     </span>
    </p>
   </div>
   <div class='ocr_carea' id='block_1_17' title="bbox 811 1798 2331 1873">
    <p class='ocr_par' dir='ltr' id='par_1_17' title="bbox 811 1798 2331 1873">
     <span class='ocr_line' id='line_1_17' title="bbox 811 1798 2331 1873; baseline -0.005 -14"><span class='ocrx_word' id='word_1_112' title='bbox 811 1807 864 1860; x_wconf 93' lang='lat' dir='ltr'><strong>In</strong></span> <span class='ocrx_word' id='word_1_113' title='bbox 894 1805 1147 1868; x_wconf 88' lang='lat' dir='ltr'><strong>secunda,</strong></span> <span class='ocrx_word' id='word_1_114' title='bbox 1191 1818 1349 1873; x_wconf 89' lang='lat' dir='ltr'><strong>quam</strong></span> <span class='ocrx_word' id='word_1_115' title='bbox 1381 1803 1605 1872; x_wconf 87' lang='lat' dir='ltr'><strong>primam</strong></span> <span class='ocrx_word' id='word_1_116' title='bbox 1636 1811 1902 1870; x_wconf 88' lang='lat' dir='ltr'><strong>putamus,</strong></span> <span class='ocrx_word' id='word_1_117' title='bbox 1941 1801 1991 1853; x_wconf 91' lang='lat' dir='ltr'><strong>iu</strong></span> <span class='ocrx_word' id='word_1_118' title='bbox 2023 1799 2172 1866; x_wconf 90' lang='lat' dir='ltr'><strong>illud,</strong></span> <span class='ocrx_word' id='word_1_119' title='bbox 2218 1798 2331 1852; x_wconf 75' lang='lat' dir='ltr'><strong>l’idi</strong></span> 
     </span>
    </p>
   </div>
   <div class='ocr_carea' id='block_1_18' title="bbox 739 1875 2330 1960">
    <p class='ocr_par' dir='ltr' id='par_1_18' title="bbox 739 1875 2330 1960">
     <span class='ocr_line' id='line_1_18' title="bbox 739 1875 2330 1960; baseline -0.006 -10"><span class='ocrx_word' id='word_1_120' title='bbox 739 1875 1013 1951; x_wconf 84' lang='lat' dir='ltr'><strong>Dominum</strong></span> <span class='ocrx_word' id='word_1_121' title='bbox 1037 1895 1307 1959; x_wconf 75' lang='lat' dir='ltr'><strong>sedentem,</strong></span> <span class='ocrx_word' id='word_1_122' title='bbox 1338 1903 1466 1955; x_wconf 89' lang='lat' dir='ltr'><strong>cte.,</strong></span> <span class='ocrx_word' id='word_1_123' title='bbox 1492 1891 1656 1949; x_wconf 89' lang='lat' dir='ltr'><strong>multa</strong></span> <span class='ocrx_word' id='word_1_124' title='bbox 1685 1889 1907 1960; x_wconf 78' lang='lat' dir='ltr'><strong>profert.</strong></span> <span class='ocrx_word' id='word_1_125' title='bbox 1944 1891 2185 1944; x_wconf 82' lang='lat' dir='ltr'><strong>Divinam</strong></span> <span class='ocrx_word' id='word_1_126' title='bbox 2232 1905 2330 1944; x_wconf 87' lang='lat' dir='ltr'><strong>na-</strong></span> 
     </span>
    </p>
   </div>
   <div class='ocr_carea' id='block_1_19' title="bbox 737 1981 2332 2057">
    <p class='ocr_par' dir='ltr' id='par_1_19' title="bbox 737 1981 2332 2057">
     <span class='ocr_line' id='line_1_19' title="bbox 737 1981 2332 2057; baseline -0.008 -13"><span class='ocrx_word' id='word_1_127' title='bbox 737 2000 906 2044; x_wconf 87' lang='lat' dir='ltr'><strong>turam</strong></span> <span class='ocrx_word' id='word_1_128' title='bbox 925 1989 1082 2044; x_wconf 86' lang='lat' dir='ltr'><strong>etiam</strong></span> <span class='ocrx_word' id='word_1_129' title='bbox 1103 1986 1306 2057; x_wconf 82' lang='lat' dir='ltr'><strong>angelis</strong></span> <span class='ocrx_word' id='word_1_130' title='bbox 1325 1981 1923 2052; x_wconf 84' lang='lat' dir='ltr'><strong>incompreltensibilem</strong></span> <span class='ocrx_word' id='word_1_131' title='bbox 1951 1996 2070 2036; x_wconf 88' lang='lat' dir='ltr'><strong>esse</strong></span> <span class='ocrx_word' id='word_1_132' title='bbox 2094 1996 2332 2050; x_wconf 87' lang='lat' dir='ltr'><strong>pronun-</strong></span> 
     </span>
    </p>
   </div>
   <div class='ocr_carea' id='block_1_20' title="bbox 736 2073 2332 2151">
    <p class='ocr_par' dir='ltr' id='par_1_20' title="bbox 736 2073 2332 2151">
     <span class='ocr_line' id='line_1_20' title="bbox 736 2073 2332 2151; baseline -0.006 -15"><span class='ocrx_word' id='word_1_133' title='bbox 736 2084 864 2147; x_wconf 85' lang='lat' dir='ltr'><strong>tiat;</strong></span> <span class='ocrx_word' id='word_1_134' title='bbox 895 2081 1118 2151; x_wconf 85' lang='lat' dir='ltr'><strong>ideoque</strong></span> <span class='ocrx_word' id='word_1_135' title='bbox 1145 2078 1316 2148; x_wconf 87' lang='lat' dir='ltr'><strong>carpit</strong></span> <span class='ocrx_word' id='word_1_136' title='bbox 1346 2079 1658 2141; x_wconf 75' lang='lat' dir='ltr'><strong>Anomtnos,</strong></span> <span class='ocrx_word' id='word_1_137' title='bbox 1689 2076 1778 2145; x_wconf 90' lang='lat' dir='ltr'><strong>qui</strong></span> <span class='ocrx_word' id='word_1_138' title='bbox 1802 2074 1869 2129; x_wconf 91' lang='lat' dir='ltr'><strong>de</strong></span> <span class='ocrx_word' id='word_1_139' title='bbox 1899 2083 2085 2128; x_wconf 87' lang='lat' dir='ltr'><strong>natura</strong></span> <span class='ocrx_word' id='word_1_140' title='bbox 2115 2073 2203 2129; x_wconf 86' lang='lat' dir='ltr'><strong>illa</strong></span> <span class='ocrx_word' id='word_1_141' title='bbox 2233 2073 2332 2126; x_wconf 91' lang='lat' dir='ltr'><strong>im-</strong></span> 
     </span>
    </p>
   </div>
   <div class='ocr_carea' id='block_1_21' title="bbox 738 2170 1498 2242">
    <p class='ocr_par' dir='ltr' id='par_1_21' title="bbox 738 2170 1498 2242">
     <span class='ocr_line' id='line_1_21' title="bbox 738 2170 1498 2242; baseline -0.007 -18"><span class='ocrx_word' id='word_1_142' title='bbox 738 2174 850 2242; x_wconf 89' lang='lat' dir='ltr'><strong>pios</strong></span> <span class='ocrx_word' id='word_1_143' title='bbox 872 2170 1174 2242; x_wconf 84' lang='lat' dir='ltr'><strong>proferrent</strong></span> <span class='ocrx_word' id='word_1_144' title='bbox 1203 2183 1498 2224; x_wconf 87' lang='lat' dir='ltr'><strong>sermones.</strong></span> 
     </span>
    </p>
   </div>
   <div class='ocr_carea' id='block_1_22' title="bbox 808 2253 2332 2328">
    <p class='ocr_par' dir='ltr' id='par_1_22' title="bbox 808 2253 2332 2328">
     <span class='ocr_line' id='line_1_22' title="bbox 808 2253 2332 2328; baseline -0.01 -8"><span class='ocrx_word' id='word_1_145' title='bbox 808 2262 1052 2320; x_wconf 69' lang='lat' dir='ltr'><strong>llomitia:</strong></span> <span class='ocrx_word' id='word_1_146' title='bbox 1081 2261 1249 2314; x_wconf 79' lang='lat' dir='ltr'><strong>tertia:</strong></span> <span class='ocrx_word' id='word_1_147' title='bbox 1277 2266 1649 2328; x_wconf 79' lang='lat' dir='ltr'><strong>argumentum</strong></span> <span class='ocrx_word' id='word_1_148' title='bbox 1680 2265 1806 2310; x_wconf 90' lang='lat' dir='ltr'><strong>sunt</strong></span> <span class='ocrx_word' id='word_1_149' title='bbox 1838 2256 1951 2310; x_wconf 71' lang='lat' dir='ltr'><strong>hcce</strong></span> <span class='ocrx_word' id='word_1_150' title='bbox 1982 2255 2173 2322; x_wconf 73' lang='lat' dir='ltr'><strong>verba,</strong></span> <span class='ocrx_word' id='word_1_151' title='bbox 2208 2253 2332 2308; x_wconf 74' lang='lat' dir='ltr'><strong>Ela-</strong></span> 
     </span>
    </p>
   </div>
   <div class='ocr_carea' id='block_1_23' title="bbox 735 2347 2327 2421">
    <p class='ocr_par' dir='ltr' id='par_1_23' title="bbox 735 2347 2327 2421">
     <span class='ocr_line' id='line_1_23' title="bbox 735 2347 2327 2421; baseline -0.006 -10"><span class='ocrx_word' id='word_1_152' title='bbox 735 2371 840 2412; x_wconf 84' lang='lat' dir='ltr'><strong>mm</strong></span> <span class='ocrx_word' id='word_1_153' title='bbox 869 2368 935 2412; x_wconf 85' lang='lat' dir='ltr'><strong>est</strong></span> <span class='ocrx_word' id='word_1_154' title='bbox 966 2374 1051 2410; x_wconf 90' lang='lat' dir='ltr'><strong>cor</strong></span> <span class='ocrx_word' id='word_1_155' title='bbox 1085 2353 1243 2410; x_wconf 62' lang='lat' dir='ltr'><strong>025w.</strong></span> <span class='ocrx_word' id='word_1_156' title='bbox 1290 2350 1427 2408; x_wconf 84' lang='lat' dir='ltr'><strong>Dicit</strong></span> <span class='ocrx_word' id='word_1_157' title='bbox 1455 2358 1633 2405; x_wconf 79' lang='lat' dir='ltr'><strong>autem</strong></span> <span class='ocrx_word' id='word_1_158' title='bbox 1664 2347 1755 2405; x_wconf 87' lang='lat' dir='ltr'><strong>ille</strong></span> <span class='ocrx_word' id='word_1_159' title='bbox 1795 2347 2123 2421; x_wconf 76' lang='lat' dir='ltr'><strong>Superbiam,</strong></span> <span class='ocrx_word' id='word_1_160' title='bbox 2169 2347 2327 2397; x_wconf 79' lang='lat' dir='ltr'><strong>etiam</strong></span> 
     </span>
    </p>
   </div>
   <div class='ocr_carea' id='block_1_24' title="bbox 734 2442 2330 2511">
    <p class='ocr_par' dir='ltr' id='par_1_24' title="bbox 734 2442 2330 2511">
     <span class='ocr_line' id='line_1_24' title="bbox 734 2442 2330 2511; baseline -0.006 -7"><span class='ocrx_word' id='word_1_161' title='bbox 734 2466 799 2504; x_wconf 78' lang='lat' dir='ltr'><strong>ex</strong></span> <span class='ocrx_word' id='word_1_162' title='bbox 828 2449 980 2502; x_wconf 81' lang='lat' dir='ltr'><strong>bona:</strong></span> <span class='ocrx_word' id='word_1_163' title='bbox 1005 2445 1346 2502; x_wconf 74' lang='lat' dir='ltr'><strong>conscientia:</strong></span> <span class='ocrx_word' id='word_1_164' title='bbox 1376 2443 1682 2498; x_wconf 87' lang='lat' dir='ltr'><strong>testimonio</strong></span> <span class='ocrx_word' id='word_1_165' title='bbox 1711 2442 1838 2496; x_wconf 91' lang='lat' dir='ltr'><strong>oriri</strong></span> <span class='ocrx_word' id='word_1_166' title='bbox 1869 2457 2046 2511; x_wconf 84' lang='lat' dir='ltr'><strong>posse,</strong></span> <span class='ocrx_word' id='word_1_167' title='bbox 2085 2452 2138 2496; x_wconf 89' lang='lat' dir='ltr'><strong>et</strong></span> <span class='ocrx_word' id='word_1_168' title='bbox 2179 2442 2330 2495; x_wconf 88' lang='lat' dir='ltr'><strong>bonis</strong></span> 
     </span>
    </p>
   </div>
   <div class='ocr_carea' id='block_1_25' title="bbox 734 2533 2329 2610">
    <p class='ocr_par' dir='ltr' id='par_1_25' title="bbox 734 2533 2329 2610">
     <span class='ocr_line' id='line_1_25' title="bbox 734 2533 2329 2610; baseline -0.005 -17"><span class='ocrx_word' id='word_1_169' title='bbox 734 2541 988 2610; x_wconf 86' lang='lat' dir='ltr'><strong>operibus</strong></span> <span class='ocrx_word' id='word_1_170' title='bbox 1018 2539 1335 2593; x_wconf 83' lang='lat' dir='ltr'><strong>instructum</strong></span> <span class='ocrx_word' id='word_1_171' title='bbox 1371 2535 1538 2605; x_wconf 87' lang='lat' dir='ltr'><strong>magis</strong></span> <span class='ocrx_word' id='word_1_172' title='bbox 1567 2536 1913 2605; x_wconf 90' lang='lat' dir='ltr'><strong>oppugnari-a</strong></span> <span class='ocrx_word' id='word_1_173' title='bbox 1939 2533 2187 2587; x_wconf 89' lang='lat' dir='ltr'><strong>diabolo:</strong></span> <span class='ocrx_word' id='word_1_174' title='bbox 2211 2542 2329 2586; x_wconf 90' lang='lat' dir='ltr'><strong>tau-</strong></span> 
     </span>
    </p>
   </div>
   <div class='ocr_carea' id='block_1_26' title="bbox 737 2624 2328 2700">
    <p class='ocr_par' dir='ltr' id='par_1_26' title="bbox 737 2624 2328 2700">
     <span class='ocr_line' id='line_1_26' title="bbox 737 2624 2328 2700; baseline -0.006 -15"><span class='ocrx_word' id='word_1_175' title='bbox 737 2641 954 2700; x_wconf 88' lang='lat' dir='ltr'><strong>tumqne</strong></span> <span class='ocrx_word' id='word_1_176' title='bbox 999 2629 1198 2684; x_wconf 89' lang='lat' dir='ltr'><strong>malum</strong></span> <span class='ocrx_word' id='word_1_177' title='bbox 1231 2629 1426 2682; x_wconf 89' lang='lat' dir='ltr'><strong>inferre</strong></span> <span class='ocrx_word' id='word_1_178' title='bbox 1459 2625 1650 2679; x_wconf 70' lang='lat' dir='ltr'><strong>anima:</strong></span> <span class='ocrx_word' id='word_1_179' title='bbox 1698 2624 2026 2694; x_wconf 81' lang='lat' dir='ltr'><strong>superbiam,</strong></span> <span class='ocrx_word' id='word_1_180' title='bbox 2073 2633 2328 2693; x_wconf 87' lang='lat' dir='ltr'><strong>quantum</strong></span> 
     </span>
    </p>
   </div>
   <div class='ocr_carea' id='block_1_27' title="bbox 734 2723 1238 2791">
    <p class='ocr_par' dir='ltr' id='par_1_27' title="bbox 734 2723 1238 2791">
     <span class='ocr_line' id='line_1_27' title="bbox 734 2723 1238 2791; baseline -0.012 -14"><span class='ocrx_word' id='word_1_181' title='bbox 734 2723 946 2791; x_wconf 87' lang='lat' dir='ltr'><strong>corpori</strong></span> <span class='ocrx_word' id='word_1_182' title='bbox 981 2730 1238 2774; x_wconf 86' lang='lat' dir='ltr'><strong>tumores.</strong></span> 
     </span>
    </p>
   </div>
   <div class='ocr_carea' id='block_1_28' title="bbox 804 2807 2331 2882">
    <p class='ocr_par' dir='ltr' id='par_1_28' title="bbox 804 2807 2331 2882">
     <span class='ocr_line' id='line_1_28' title="bbox 804 2807 2331 2882; baseline -0.003 -17"><span class='ocrx_word' id='word_1_183' title='bbox 804 2814 1001 2882; x_wconf 86' lang='lat' dir='ltr'><strong>Quarta</strong></span> <span class='ocrx_word' id='word_1_184' title='bbox 1033 2813 1241 2874; x_wconf 89' lang='lat' dir='ltr'><strong>concio,</strong></span> <span class='ocrx_word' id='word_1_185' title='bbox 1270 2825 1427 2880; x_wconf 86' lang='lat' dir='ltr'><strong>quam</strong></span> <span class='ocrx_word' id='word_1_186' title='bbox 1474 2809 1592 2864; x_wconf 91' lang='lat' dir='ltr'><strong>loco</strong></span> <span class='ocrx_word' id='word_1_187' title='bbox 1637 2807 1961 2863; x_wconf 80' lang='lat' dir='ltr'><strong>movendum</strong></span> <span class='ocrx_word' id='word_1_188' title='bbox 1991 2821 2111 2862; x_wconf 85' lang='lat' dir='ltr'><strong>esse</strong></span> <span class='ocrx_word' id='word_1_189' title='bbox 2143 2822 2331 2861; x_wconf 89' lang='lat' dir='ltr'><strong>cense-</strong></span> 
     </span>
    </p>
   </div>
   <div class='ocr_carea' id='block_1_29' title="bbox 735 2897 2329 2974">
    <p class='ocr_par' dir='ltr' id='par_1_29' title="bbox 735 2897 2329 2974">
     <span class='ocr_line' id='line_1_29' title="bbox 735 2897 2329 2974; baseline -0.006 -15"><span class='ocrx_word' id='word_1_190' title='bbox 735 2920 873 2973; x_wconf 82' lang='lat' dir='ltr'><strong>mps,</strong></span> <span class='ocrx_word' id='word_1_191' title='bbox 909 2905 959 2958; x_wconf 91' lang='lat' dir='ltr'><strong>in</strong></span> <span class='ocrx_word' id='word_1_192' title='bbox 998 2910 1368 2974; x_wconf 81' lang='lat' dir='ltr'><strong>argumentum</strong></span> <span class='ocrx_word' id='word_1_193' title='bbox 1401 2899 1560 2954; x_wconf 86' lang='lat' dir='ltr'><strong>habet</strong></span> <span class='ocrx_word' id='word_1_194' title='bbox 1592 2899 1707 2953; x_wconf 75' lang='lat' dir='ltr'><strong>lucc</strong></span> <span class='ocrx_word' id='word_1_195' title='bbox 1751 2899 1912 2953; x_wconf 83' lang='lat' dir='ltr'><strong>verba</strong></span> <span class='ocrx_word' id='word_1_196' title='bbox 1953 2916 1966 2952; x_wconf 89' lang='lat'><strong>:</strong></span> <span class='ocrx_word' id='word_1_197' title='bbox 2003 2897 2219 2950; x_wconf 79' lang='lat' dir='ltr'><strong>Factum</strong></span> <span class='ocrx_word' id='word_1_198' title='bbox 2259 2907 2329 2951; x_wconf 87' lang='lat' dir='ltr'><strong>est</strong></span> 
     </span>
    </p>
   </div>
   <div class='ocr_carea' id='block_1_30' title="bbox 732 2987 2334 3064">
    <p class='ocr_par' dir='ltr' id='par_1_30' title="bbox 732 2987 2334 3064">
     <span class='ocr_line' id='line_1_30' title="bbox 732 2987 2334 3064; baseline -0.007 -12"><span class='ocrx_word' id='word_1_199' title='bbox 732 2999 786 3052; x_wconf 86' lang='lat' dir='ltr'><strong>in</strong></span> <span class='ocrx_word' id='word_1_200' title='bbox 815 3013 946 3050; x_wconf 89' lang='lat' dir='ltr'><strong>anno</strong></span> <span class='ocrx_word' id='word_1_201' title='bbox 978 2997 1029 3048; x_wconf 90' lang='lat' dir='ltr'><strong>in</strong></span> <span class='ocrx_word' id='word_1_202' title='bbox 1055 3011 1152 3064; x_wconf 89' lang='lat' dir='ltr'><strong>quo</strong></span> <span class='ocrx_word' id='word_1_203' title='bbox 1181 3000 1406 3046; x_wconf 87' lang='lat' dir='ltr'><strong>mortuus</strong></span> <span class='ocrx_word' id='word_1_204' title='bbox 1435 3002 1506 3045; x_wconf 89' lang='lat' dir='ltr'><strong>est</strong></span> <span class='ocrx_word' id='word_1_205' title='bbox 1533 3008 1624 3050; x_wconf 64' lang='lat' dir='ltr'><strong>rex,</strong></span> <span class='ocrx_word' id='word_1_206' title='bbox 1655 2990 1830 3052; x_wconf 59' lang='lat' dir='ltr'><strong>Ozias,</strong></span> <span class='ocrx_word' id='word_1_207' title='bbox 1875 2998 1981 3044; x_wconf 90' lang='lat' dir='ltr'><strong>etc.</strong></span> <span class='ocrx_word' id='word_1_208' title='bbox 2015 2989 2154 3042; x_wconf 83' lang='lat' dir='ltr'><strong>Dicit</strong></span> <span class='ocrx_word' id='word_1_209' title='bbox 2205 2987 2334 3041; x_wconf 81' lang='lat' dir='ltr'><strong>faei-</strong></span> 
     </span>
    </p>
   </div>
   <div class='ocr_carea' id='block_1_31' title="bbox 739 3079 2326 3154">
    <p class='ocr_par' dir='ltr' id='par_1_31' title="bbox 739 3079 2326 3154">
     <span class='ocr_line' id='line_1_31' title="bbox 739 3079 2326 3154; baseline -0.008 -10"><span class='ocrx_word' id='word_1_210' title='bbox 739 3089 836 3144; x_wconf 91' lang='lat' dir='ltr'><strong>lius</strong></span> <span class='ocrx_word' id='word_1_211' title='bbox 859 3102 978 3142; x_wconf 90' lang='lat' dir='ltr'><strong>essc</strong></span> <span class='ocrx_word' id='word_1_212' title='bbox 999 3087 1168 3142; x_wconf 88' lang='lat' dir='ltr'><strong>solem</strong></span> <span class='ocrx_word' id='word_1_213' title='bbox 1193 3085 1479 3154; x_wconf 77' lang='lat' dir='ltr'><strong>exstingui,</strong></span> <span class='ocrx_word' id='word_1_214' title='bbox 1508 3098 1665 3152; x_wconf 86' lang='lat' dir='ltr'><strong>quam</strong></span> <span class='ocrx_word' id='word_1_215' title='bbox 1696 3082 1788 3135; x_wconf 90' lang='lat' dir='ltr'><strong>Dei</strong></span> <span class='ocrx_word' id='word_1_216' title='bbox 1818 3080 2110 3134; x_wconf 88' lang='lat' dir='ltr'><strong>Ecclesiam</strong></span> <span class='ocrx_word' id='word_1_217' title='bbox 2140 3079 2326 3133; x_wconf 85' lang='lat' dir='ltr'><strong>deleri.</strong></span> 
     </span>
    </p>
   </div>
   <div class='ocr_carea' id='block_1_32' title="bbox 733 3173 2334 3246">
    <p class='ocr_par' dir='ltr' id='par_1_32' title="bbox 733 3173 2334 3246">
     <span class='ocr_line' id='line_1_32' title="bbox 733 3173 2334 3246; baseline -0.007 -10"><span class='ocrx_word' id='word_1_218' title='bbox 733 3182 1028 3236; x_wconf 69' lang='lat' dir='ltr'><strong>occasione</strong></span> <span class='ocrx_word' id='word_1_219' title='bbox 1049 3187 1228 3234; x_wconf 90' lang='lat' dir='ltr'><strong>autem</strong></span> <span class='ocrx_word' id='word_1_220' title='bbox 1258 3176 1400 3230; x_wconf 62' lang='lat' dir='ltr'><strong>Ozias</strong></span> <span class='ocrx_word' id='word_1_221' title='bbox 1427 3177 1566 3246; x_wconf 85' lang='lat' dir='ltr'><strong>regis</strong></span> <span class='ocrx_word' id='word_1_222' title='bbox 1598 3174 1829 3229; x_wconf 81' lang='lat' dir='ltr'><strong>afﬁrmat</strong></span> <span class='ocrx_word' id='word_1_223' title='bbox 1859 3183 1913 3228; x_wconf 88' lang='lat' dir='ltr'><strong>et</strong></span> <span class='ocrx_word' id='word_1_224' title='bbox 1945 3173 2133 3242; x_wconf 88' lang='lat' dir='ltr'><strong>probat</strong></span> <span class='ocrx_word' id='word_1_225' title='bbox 2155 3187 2334 3227; x_wconf 89' lang='lat' dir='ltr'><strong>sacer-</strong></span> 
     </span>
    </p>
   </div>
   <div class='ocr_carea' id='block_1_33' title="bbox 733 3266 2128 3340">
    <p class='ocr_par' dir='ltr' id='par_1_33' title="bbox 733 3266 2128 3340">
     <span class='ocr_line' id='line_1_33' title="bbox 733 3266 2128 3340; baseline -0.009 -12"><span class='ocrx_word' id='word_1_226' title='bbox 733 3274 917 3328; x_wconf 84' lang='lat' dir='ltr'><strong>dotum</strong></span> <span class='ocrx_word' id='word_1_227' title='bbox 945 3269 1253 3340; x_wconf 89' lang='lat' dir='ltr'><strong>dignitatem</strong></span> <span class='ocrx_word' id='word_1_228' title='bbox 1281 3266 1536 3336; x_wconf 85' lang='lat' dir='ltr'><strong>majorem</strong></span> <span class='ocrx_word' id='word_1_229' title='bbox 1566 3280 1704 3331; x_wconf 86' lang='lat' dir='ltr'><strong>esse,</strong></span> <span class='ocrx_word' id='word_1_230' title='bbox 1733 3280 1891 3334; x_wconf 81' lang='lat' dir='ltr'><strong>quant</strong></span> <span class='ocrx_word' id='word_1_231' title='bbox 1925 3279 2128 3332; x_wconf 85' lang='lat' dir='ltr'><strong>regum.</strong></span> 
     </span>
    </p>
   </div>
   <div class='ocr_carea' id='block_1_34' title="bbox 804 3359 2335 3434">
    <p class='ocr_par' dir='ltr' id='par_1_34' title="bbox 804 3359 2335 3434">
     <span class='ocr_line' id='line_1_34' title="bbox 804 3359 2335 3434; baseline -0.005 -18"><span class='ocrx_word' id='word_1_232' title='bbox 804 3367 997 3434; x_wconf 86' lang='lat' dir='ltr'><strong>Quinta</strong></span> <span class='ocrx_word' id='word_1_233' title='bbox 1029 3373 1083 3418; x_wconf 86' lang='lat' dir='ltr'><strong>et</strong></span> <span class='ocrx_word' id='word_1_234' title='bbox 1109 3371 1277 3426; x_wconf 71' lang='lat' dir='ltr'><strong>sexta,</strong></span> <span class='ocrx_word' id='word_1_235' title='bbox 1310 3362 1434 3414; x_wconf 91' lang='lat' dir='ltr'><strong>licet</strong></span> <span class='ocrx_word' id='word_1_236' title='bbox 1475 3359 1582 3412; x_wconf 90' lang='lat' dir='ltr'><strong>alio</strong></span> <span class='ocrx_word' id='word_1_237' title='bbox 1627 3359 1783 3426; x_wconf 85' lang='lat' dir='ltr'><strong>longe</strong></span> <span class='ocrx_word' id='word_1_238' title='bbox 1814 3367 2054 3426; x_wconf 87' lang='lat' dir='ltr'><strong>tempore</strong></span> <span class='ocrx_word' id='word_1_239' title='bbox 2097 3372 2335 3425; x_wconf 88' lang='lat' dir='ltr'><strong>pronun-</strong></span> 
     </span>
    </p>
   </div>
   <div class='ocr_carea' id='block_1_35' title="bbox 737 3450 2332 3525">
    <p class='ocr_par' dir='ltr' id='par_1_35' title="bbox 737 3450 2332 3525">
     <span class='ocr_line' id='line_1_35' title="bbox 737 3450 2332 3525; baseline -0.007 -13"><span class='ocrx_word' id='word_1_240' title='bbox 737 3461 900 3525; x_wconf 84' lang='lat' dir='ltr'><strong>tiat.c,</strong></span> <span class='ocrx_word' id='word_1_241' title='bbox 929 3458 1068 3510; x_wconf 85' lang='lat' dir='ltr'><strong>idem</strong></span> <span class='ocrx_word' id='word_1_242' title='bbox 1097 3463 1469 3525; x_wconf 78' lang='lat' dir='ltr'><strong>argumentum</strong></span> <span class='ocrx_word' id='word_1_243' title='bbox 1502 3458 1850 3522; x_wconf 84' lang='lat' dir='ltr'><strong>pertractant,</strong></span> <span class='ocrx_word' id='word_1_244' title='bbox 1885 3461 1939 3504; x_wconf 88' lang='lat' dir='ltr'><strong>et</strong></span> <span class='ocrx_word' id='word_1_245' title='bbox 1969 3450 2037 3504; x_wconf 91' lang='lat' dir='ltr'><strong>de</strong></span> <span class='ocrx_word' id='word_1_246' title='bbox 2067 3450 2212 3503; x_wconf 64' lang='lat' dir='ltr'><strong>Ozizc</strong></span> <span class='ocrx_word' id='word_1_247' title='bbox 2240 3467 2332 3503; x_wconf 85' lang='lat' dir='ltr'><strong>su-</strong></span> 
     </span>
    </p>
   </div>
   <div class='ocr_carea' id='block_1_36' title="bbox 737 3541 2329 3619">
    <p class='ocr_par' dir='ltr' id='par_1_36' title="bbox 737 3541 2329 3619">
     <span class='ocr_line' id='line_1_36' title="bbox 737 3541 2329 3619; baseline -0.004 -19"><span class='ocrx_word' id='word_1_248' title='bbox 737 3550 921 3619; x_wconf 84' lang='lat' dir='ltr'><strong>perbia</strong></span> <span class='ocrx_word' id='word_1_249' title='bbox 966 3557 1149 3616; x_wconf 84' lang='lat' dir='ltr'><strong>agunt.</strong></span> <span class='ocrx_word' id='word_1_250' title='bbox 1185 3546 1317 3599; x_wconf 92' lang='lat' dir='ltr'><strong>ll-ine</strong></span> <span class='ocrx_word' id='word_1_251' title='bbox 1347 3545 1415 3598; x_wconf 89' lang='lat' dir='ltr'><strong>de</strong></span> <span class='ocrx_word' id='word_1_252' title='bbox 1444 3542 1784 3598; x_wconf 85' lang='lat' dir='ltr'><strong>sacerdotum</strong></span> <span class='ocrx_word' id='word_1_253' title='bbox 1830 3549 2092 3610; x_wconf 84' lang='lat' dir='ltr'><strong>potestate</strong></span> <span class='ocrx_word' id='word_1_254' title='bbox 2136 3541 2329 3610; x_wconf 88' lang='lat' dir='ltr'><strong>agitur,</strong></span> 
     </span>
    </p>
   </div>
   <div class='ocr_carea' id='block_1_37' title="bbox 738 3634 2334 3710">
    <p class='ocr_par' dir='ltr' id='par_1_37' title="bbox 738 3634 2334 3710">
     <span class='ocr_line' id='line_1_37' title="bbox 738 3634 2334 3710; baseline -0.006 -13"><span class='ocrx_word' id='word_1_255' title='bbox 738 3646 1001 3710; x_wconf 83' lang='lat' dir='ltr'><strong>docetque</strong></span> <span class='ocrx_word' id='word_1_256' title='bbox 1027 3642 1466 3710; x_wconf 76' lang='lat' dir='ltr'><strong>Chrysostomus,</strong></span> <span class='ocrx_word' id='word_1_257' title='bbox 1497 3653 1602 3706; x_wconf 89' lang='lat' dir='ltr'><strong>quo</strong></span> <span class='ocrx_word' id='word_1_258' title='bbox 1645 3645 1799 3706; x_wconf 87' lang='lat' dir='ltr'><strong>pacto</strong></span> <span class='ocrx_word' id='word_1_259' title='bbox 1847 3634 2039 3687; x_wconf 77' lang='lat' dir='ltr'><strong>debeat</strong></span> <span class='ocrx_word' id='word_1_260' title='bbox 2082 3634 2334 3688; x_wconf 86' lang='lat' dir='ltr'><strong>sacerdos</strong></span> 
     </span>
    </p>
   </div>
   <div class='ocr_carea' id='block_1_38' title="bbox 732 3710 2337 3804">
    <p class='ocr_par' dir='ltr' id='par_1_38' title="bbox 732 3710 2337 3804">
     <span class='ocr_line' id='line_1_38' title="bbox 732 3710 2337 3804; baseline -0.005 -19"><span class='ocrx_word' id='word_1_261' title='bbox 732 3710 1048 3804; x_wconf 80' lang='lat' dir='ltr'><strong>peccantem</strong></span> <span class='ocrx_word' id='word_1_262' title='bbox 1083 3729 1376 3800; x_wconf 88' lang='lat' dir='ltr'><strong>principem</strong></span> <span class='ocrx_word' id='word_1_263' title='bbox 1408 3728 1698 3795; x_wconf 90' lang='lat' dir='ltr'><strong>corripere.</strong></span> <span class='ocrx_word' id='word_1_264' title='bbox 1731 3724 1785 3778; x_wconf 93' lang='lat' dir='ltr'><strong>lu</strong></span> <span class='ocrx_word' id='word_1_265' title='bbox 1819 3733 1968 3779; x_wconf 76' lang='lat' dir='ltr'><strong>sexta</strong></span> <span class='ocrx_word' id='word_1_266' title='bbox 2005 3739 2134 3778; x_wconf 77' lang='lat' dir='ltr'><strong>vero</strong></span> <span class='ocrx_word' id='word_1_267' title='bbox 2157 3725 2224 3778; x_wconf 91' lang='lat' dir='ltr'><strong>de</strong></span> <span class='ocrx_word' id='word_1_268' title='bbox 2239 3725 2337 3777; x_wconf 76' lang='lat' dir='ltr'><strong>Se—</strong></span> 
     </span>
    </p>
   </div>
   <div class='ocr_carea' id='block_1_39' title="bbox 740 3815 2336 3894">
    <p class='ocr_par' dir='ltr' id='par_1_39' title="bbox 740 3815 2336 3894">
     <span class='ocr_line' id='line_1_39' title="bbox 740 3815 2336 3894; baseline -0.007 -14"><span class='ocrx_word' id='word_1_269' title='bbox 740 3825 1085 3894; x_wconf 87' lang='lat' dir='ltr'><strong>raphiuorum</strong></span> <span class='ocrx_word' id='word_1_270' title='bbox 1115 3821 1369 3891; x_wconf 86' lang='lat' dir='ltr'><strong>dignitate</strong></span> <span class='ocrx_word' id='word_1_271' title='bbox 1397 3818 1650 3887; x_wconf 84' lang='lat' dir='ltr'><strong>loquitur.</strong></span> <span class='ocrx_word' id='word_1_272' title='bbox 1677 3815 1864 3870; x_wconf 84' lang='lat' dir='ltr'><strong>ln&#39;linc</strong></span> <span class='ocrx_word' id='word_1_273' title='bbox 1887 3815 2043 3870; x_wconf 88' lang='lat' dir='ltr'><strong>ducet</strong></span> <span class='ocrx_word' id='word_1_274' title='bbox 2064 3815 2336 3884; x_wconf 87' lang='lat' dir='ltr'><strong>quomodo</strong></span> 
     </span>
    </p>
   </div>
   <div class='ocr_carea' id='block_1_40' title="bbox 743 3910 1822 3972">
    <p class='ocr_par' dir='ltr' id='par_1_40' title="bbox 743 3910 1822 3972">
     <span class='ocr_line' id='line_1_40' title="bbox 743 3910 1822 3972; baseline -0.009 0"><span class='ocrx_word' id='word_1_275' title='bbox 743 3920 806 3972; x_wconf 86' lang='lat' dir='ltr'><strong>ad</strong></span> <span class='ocrx_word' id='word_1_276' title='bbox 839 3933 1045 3972; x_wconf 89' lang='lat' dir='ltr'><strong>sacram</strong></span> <span class='ocrx_word' id='word_1_277' title='bbox 1080 3928 1316 3968; x_wconf 81' lang='lat' dir='ltr'><strong>mensam</strong></span> <span class='ocrx_word' id='word_1_278' title='bbox 1345 3913 1413 3966; x_wconf 89' lang='lat' dir='ltr'><strong>sit</strong></span> <span class='ocrx_word' id='word_1_279' title='bbox 1442 3910 1822 3965; x_wconf 88' lang='lat' dir='ltr'><strong>accedendum.</strong></span> 
     </span>
    </p>
   </div>
   <div class='ocr_carea' id='block_1_41' title="bbox 814 4000 2334 4074">
    <p class='ocr_par' dir='ltr' id='par_1_41' title="bbox 814 4000 2334 4074">
     <span class='ocr_line' id='line_1_41' title="bbox 814 4000 2334 4074; baseline -0.009 -9"><span class='ocrx_word' id='word_1_280' title='bbox 814 4010 893 4064; x_wconf 89' lang='lat' dir='ltr'><strong>De</strong></span> <span class='ocrx_word' id='word_1_281' title='bbox 926 4007 1163 4063; x_wconf 86' lang='lat' dir='ltr'><strong>llomiliis</strong></span> <span class='ocrx_word' id='word_1_282' title='bbox 1193 4007 1244 4058; x_wconf 88' lang='lat' dir='ltr'><strong>in</strong></span> <span class='ocrx_word' id='word_1_283' title='bbox 1276 4004 1527 4058; x_wconf 79' lang='lat' dir='ltr'><strong>Genesim.</strong></span> <span class='ocrx_word' id='word_1_284' title='bbox 1550 4002 1757 4055; x_wconf 89' lang='lat' dir='ltr'><strong>-——.Iam</strong></span> <span class='ocrx_word' id='word_1_285' title='bbox 1787 4015 1927 4074; x_wconf 25' lang='lat' dir='ltr'><strong>vero.</strong></span> <span class='ocrx_word' id='word_1_286' title='bbox 1949 4000 2206 4069; x_wconf 84' lang='lat' dir='ltr'><strong>quaeritur</strong></span> <span class='ocrx_word' id='word_1_287' title='bbox 2226 4014 2334 4070; x_wconf 88' lang='lat' dir='ltr'><strong>quo</strong></span> 
     </span>
    </p>
   </div>
   <div class='ocr_carea' id='block_1_42' title="bbox 744 4092 2334 4162">
    <p class='ocr_par' dir='ltr' id='par_1_42' title="bbox 744 4092 2334 4162">
     <span class='ocr_line' id='line_1_42' title="bbox 744 4092 2334 4162; baseline -0.009 -3"><span class='ocrx_word' id='word_1_288' title='bbox 744 4121 884 4159; x_wconf 87' lang='lat' dir='ltr'><strong>anno</strong></span> <span class='ocrx_word' id='word_1_289' title='bbox 917 4102 1206 4157; x_wconf 86' lang='lat' dir='ltr'><strong>conciones</strong></span> <span class='ocrx_word' id='word_1_290' title='bbox 1253 4099 1305 4151; x_wconf 90' lang='lat' dir='ltr'><strong>in</strong></span> <span class='ocrx_word' id='word_1_291' title='bbox 1361 4096 1609 4151; x_wconf 85' lang='lat' dir='ltr'><strong>Genesint</strong></span> <span class='ocrx_word' id='word_1_292' title='bbox 1670 4094 1860 4148; x_wconf 71' lang='lat' dir='ltr'><strong>habita:</strong></span> <span class='ocrx_word' id='word_1_293' title='bbox 1907 4093 2102 4146; x_wconf 83' lang='lat' dir='ltr'><strong>fuerint</strong></span> <span class='ocrx_word' id='word_1_294' title='bbox 2136 4092 2220 4162; x_wconf 90' lang='lat' dir='ltr'><strong>(T.</strong></span> <span class='ocrx_word' id='word_1_295' title='bbox 2254 4092 2334 4160; x_wconf 74' lang='lat' dir='ltr'><strong>li),</strong></span> 
     </span>
    </p>
   </div>
   <div class='ocr_carea' id='block_1_43' title="bbox 744 4186 2332 4265">
    <p class='ocr_par' dir='ltr' id='par_1_43' title="bbox 744 4186 2332 4265">
     <span class='ocr_line' id='line_1_43' title="bbox 744 4186 2332 4265; baseline -0.01 -15"><span class='ocrx_word' id='word_1_296' title='bbox 744 4213 862 4265; x_wconf 71' lang='lat' dir='ltr'><strong>qua:</strong></span> <span class='ocrx_word' id='word_1_297' title='bbox 893 4208 1021 4248; x_wconf 87' lang='lat' dir='ltr'><strong>sane</strong></span> <span class='ocrx_word' id='word_1_298' title='bbox 1049 4193 1206 4260; x_wconf 82' lang='lat' dir='ltr'><strong>longe</strong></span> <span class='ocrx_word' id='word_1_299' title='bbox 1233 4187 1499 4243; x_wconf 74' lang='lat' dir='ltr'><strong>difficilior</strong></span> <span class='ocrx_word' id='word_1_300' title='bbox 1533 4186 1755 4255; x_wconf 67' lang='lat' dir='ltr'><strong>qtthlio</strong></span> <span class='ocrx_word' id='word_1_301' title='bbox 1787 4194 1886 4238; x_wconf 87' lang='lat' dir='ltr'><strong>est.</strong></span> <span class='ocrx_word' id='word_1_302' title='bbox 1920 4186 2068 4239; x_wconf 80' lang='lat' dir='ltr'><strong>Circa</strong></span> <span class='ocrx_word' id='word_1_303' title='bbox 2102 4192 2332 4253; x_wconf 85' lang='lat' dir='ltr'><strong>tempus,</strong></span> 
     </span>
    </p>
   </div>
   <div class='ocr_carea' id='block_1_44' title="bbox 746 4274 2333 4368">
    <p class='ocr_par' dir='ltr' id='par_1_44' title="bbox 746 4274 2333 4368">
     <span class='ocr_line' id='line_1_44' title="bbox 746 4274 2333 4368; baseline -0.008 -29"><span class='ocrx_word' id='word_1_304' title='bbox 746 4303 852 4358; x_wconf 86' lang='lat' dir='ltr'><strong>quo</strong></span> <span class='ocrx_word' id='word_1_305' title='bbox 881 4285 1093 4353; x_wconf 63' lang='lat' dir='ltr'><strong>scriptio</strong></span> <span class='ocrx_word' id='word_1_306' title='bbox 1115 4282 1282 4339; x_wconf 88' lang='lat' dir='ltr'><strong>fuere,</strong></span> <span class='ocrx_word' id='word_1_307' title='bbox 1309 4292 1536 4346; x_wconf 87' lang='lat' dir='ltr'><strong>operose</strong></span> <span class='ocrx_word' id='word_1_308' title='bbox 1563 4275 1807 4330; x_wconf 87' lang='lat' dir='ltr'><strong>edisserit</strong></span> <span class='ocrx_word' id='word_1_309' title='bbox 1833 4275 1913 4327; x_wconf 72' lang='lat' dir='ltr'><strong>vir</strong></span> <span class='ocrx_word' id='word_1_310' title='bbox 1939 4274 2333 4368; x_wconf 71' lang='lat' dir='ltr'><strong>sagacissimus,</strong></span> 
     </span>
    </p>
   </div>
   <div class='ocr_carea' id='block_1_45' title="bbox 748 4367 2338 4444">
    <p class='ocr_par' dir='ltr' id='par_1_45' title="bbox 748 4367 2338 4444">
     <span class='ocr_line' id='line_1_45' title="bbox 748 4367 2338 4444; baseline -0.004 -15"><span class='ocrx_word' id='word_1_311' title='bbox 748 4380 1095 4444; x_wconf 77' lang='lat' dir='ltr'><strong>otnninmque</strong></span> <span class='ocrx_word' id='word_1_312' title='bbox 1126 4373 1280 4441; x_wconf 85' lang='lat' dir='ltr'><strong>longe</strong></span> <span class='ocrx_word' id='word_1_313' title='bbox 1308 4367 1742 4424; x_wconf 75' lang='lat' dir='ltr'><strong>accuratissinms</strong></span> <span class='ocrx_word' id='word_1_314' title='bbox 1773 4367 2162 4428; x_wconf 74' lang='lat' dir='ltr'><strong>Tillcnmnlitts,</strong></span> <span class='ocrx_word' id='word_1_315' title='bbox 2190 4369 2338 4437; x_wconf 86' lang='lat' dir='ltr'><strong>cujus</strong></span> 
     </span>
    </p>
   </div>
   <div class='ocr_carea' id='block_1_46' title="bbox 750 4458 2339 4527">
    <p class='ocr_par' dir='ltr' id='par_1_46' title="bbox 750 4458 2339 4527">
     <span class='ocr_line' id='line_1_46' title="bbox 750 4458 2339 4527; baseline -0.007 -5"><span class='ocrx_word' id='word_1_316' title='bbox 750 4471 910 4524; x_wconf 62' lang='lat' dir='ltr'><strong>verba</strong></span> <span class='ocrx_word' id='word_1_317' title='bbox 932 4467 1117 4521; x_wconf 87' lang='lat' dir='ltr'><strong>Latine</strong></span> <span class='ocrx_word' id='word_1_318' title='bbox 1145 4463 1396 4518; x_wconf 88' lang='lat' dir='ltr'><strong>translata</strong></span> <span class='ocrx_word' id='word_1_319' title='bbox 1421 4458 1621 4513; x_wconf 80' lang='lat' dir='ltr'><strong>referre</strong></span> <span class='ocrx_word' id='word_1_320' title='bbox 1645 4473 1709 4511; x_wconf 91' lang='lat' dir='ltr'><strong>nc</strong></span> <span class='ocrx_word' id='word_1_321' title='bbox 1737 4459 1909 4526; x_wconf 82' lang='lat' dir='ltr'><strong>pigeat</strong></span> <span class='ocrx_word' id='word_1_322' title='bbox 1936 4478 1947 4511; x_wconf 88' lang='lat'><strong>:</strong></span> <span class='ocrx_word' id='word_1_323' title='bbox 1976 4459 2126 4524; x_wconf 82' lang='lat' dir='ltr'><strong>Quod</strong></span> <span class='ocrx_word' id='word_1_324' title='bbox 2149 4469 2339 4527; x_wconf 66' lang='lat' dir='ltr'><strong>spectat</strong></span> 
     </span>
    </p>
   </div>
   <div class='ocr_carea' id='block_1_47' title="bbox 749 4549 2341 4627">
    <p class='ocr_par' dir='ltr' id='par_1_47' title="bbox 749 4549 2341 4627">
     <span class='ocr_line' id='line_1_47' title="bbox 749 4549 2341 4627; baseline -0.009 -13"><span class='ocrx_word' id='word_1_325' title='bbox 749 4577 963 4622; x_wconf 72' lang='lat' dir='ltr'><strong>artuum,</strong></span> <span class='ocrx_word' id='word_1_326' title='bbox 996 4573 1092 4627; x_wconf 89' lang='lat' dir='ltr'><strong>quo</strong></span> <span class='ocrx_word' id='word_1_327' title='bbox 1123 4556 1202 4608; x_wconf 73' lang='lat' dir='ltr'><strong>Ita?</strong></span> <span class='ocrx_word' id='word_1_328' title='bbox 1227 4552 1448 4606; x_wconf 80' lang='lat' dir='ltr'><strong>hontilite</strong></span> <span class='ocrx_word' id='word_1_329' title='bbox 1473 4560 1586 4602; x_wconf 89' lang='lat' dir='ltr'><strong>sunt</strong></span> <span class='ocrx_word' id='word_1_330' title='bbox 1605 4550 1806 4611; x_wconf 79' lang='lat' dir='ltr'><strong>hubitw,</strong></span> <span class='ocrx_word' id='word_1_331' title='bbox 1831 4549 2027 4600; x_wconf 80' lang='lat' dir='ltr'><strong>nonnisi</strong></span> <span class='ocrx_word' id='word_1_332' title='bbox 2051 4550 2341 4615; x_wconf 78' lang='lat' dir='ltr'><strong>conjectura</strong></span> 
     </span>
    </p>
   </div>
   <div class='ocr_carea' id='block_1_48' title="bbox 755 4639 2340 4717">
    <p class='ocr_par' dir='ltr' id='par_1_48' title="bbox 755 4639 2340 4717">
     <span class='ocr_line' id='line_1_48' title="bbox 755 4639 2340 4717; baseline -0.008 -13"><span class='ocrx_word' id='word_1_333' title='bbox 755 4654 918 4704; x_wconf 80' lang='lat' dir='ltr'><strong>dicere</strong></span> <span class='ocrx_word' id='word_1_334' title='bbox 947 4662 1234 4717; x_wconf 86' lang='lat' dir='ltr'><strong>possumus.</strong></span> <span class='ocrx_word' id='word_1_335' title='bbox 1269 4642 1399 4695; x_wconf 81' lang='lat' dir='ltr'><strong>Illas</strong></span> <span class='ocrx_word' id='word_1_336' title='bbox 1429 4640 1814 4710; x_wconf 83' lang='lat' dir='ltr'><strong>Chrysostomus</strong></span> <span class='ocrx_word' id='word_1_337' title='bbox 1847 4639 2027 4691; x_wconf 82' lang='lat' dir='ltr'><strong>habere</strong></span> <span class='ocrx_word' id='word_1_338' title='bbox 2055 4640 2197 4709; x_wconf 69' lang='lat' dir='ltr'><strong>ca&#39;pit</strong></span> <span class='ocrx_word' id='word_1_339' title='bbox 2233 4641 2340 4692; x_wconf 80' lang='lat'><em>[)0—</em></span> 
     </span>
    </p>
   </div>
   <div class='ocr_carea' id='block_1_49' title="bbox 753 4730 2342 4808">
    <p class='ocr_par' dir='ltr' id='par_1_49' title="bbox 753 4730 2342 4808">
     <span class='ocr_line' id='line_1_49' title="bbox 753 4730 2342 4808; baseline -0.008 -13"><span class='ocrx_word' id='word_1_340' title='bbox 753 4743 938 4795; x_wconf 78' lang='lat' dir='ltr'><strong>minica</strong></span> <span class='ocrx_word' id='word_1_341' title='bbox 973 4738 1226 4808; x_wconf 82' lang='lat' dir='ltr'><strong>jejunium</strong></span> <span class='ocrx_word' id='word_1_342' title='bbox 1259 4731 1583 4802; x_wconf 69' lang='lat' dir='ltr'><strong>prazccdente,</strong></span> <span class='ocrx_word' id='word_1_343' title='bbox 1625 4747 1722 4798; x_wconf 89' lang='lat' dir='ltr'><strong>quo</strong></span> <span class='ocrx_word' id='word_1_344' title='bbox 1770 4746 1857 4798; x_wconf 85' lang='lat' dir='ltr'><strong>per</strong></span> <span class='ocrx_word' id='word_1_345' title='bbox 1891 4730 2342 4799; x_wconf 68' lang='lat' dir='ltr'><strong>Qumlragcsimam</strong></span> 
     </span>
    </p>
   </div>
   <div class='ocr_carea' id='block_1_50' title="bbox 754 4821 2342 4900">
    <p class='ocr_par' dir='ltr' id='par_1_50' title="bbox 754 4821 2342 4900">
     <span class='ocr_line' id='line_1_50' title="bbox 754 4821 2342 4900; baseline -0.009 -13"><span class='ocrx_word' id='word_1_346' title='bbox 754 4832 881 4887; x_wconf 78' lang='lat' dir='ltr'><strong>illud</strong></span> <span class='ocrx_word' id='word_1_347' title='bbox 910 4836 1280 4900; x_wconf 82' lang='lat' dir='ltr'><strong>argumentum,</strong></span> <span class='ocrx_word' id='word_1_348' title='bbox 1315 4833 1365 4876; x_wconf 91' lang='lat' dir='ltr'><strong>ut</strong></span> <span class='ocrx_word' id='word_1_349' title='bbox 1401 4822 1664 4875; x_wconf 85' lang='lat' dir='ltr'><strong>verisimile</strong></span> <span class='ocrx_word' id='word_1_350' title='bbox 1690 4833 1783 4886; x_wconf 88' lang='lat' dir='ltr'><strong>est,</strong></span> <span class='ocrx_word' id='word_1_351' title='bbox 1816 4831 2069 4873; x_wconf 79' lang='lat' dir='ltr'><strong>tractaret.</strong></span> <span class='ocrx_word' id='word_1_352' title='bbox 2105 4821 2342 4875; x_wconf 85' lang='lat' dir='ltr'><strong>Secunda</strong></span> 
     </span>
    </p>
   </div>
   <div class='ocr_carea' id='block_1_51' title="bbox 757 4913 2344 4989">
    <p class='ocr_par' dir='ltr' id='par_1_51' title="bbox 757 4913 2344 4989">
     <span class='ocr_line' id='line_1_51' title="bbox 757 4913 2344 4989; baseline -0.008 -10"><span class='ocrx_word' id='word_1_353' title='bbox 757 4925 885 4980; x_wconf 78' lang='lat' dir='ltr'><strong>enim</strong></span> <span class='ocrx_word' id='word_1_354' title='bbox 911 4922 992 4975; x_wconf 88' lang='lat' dir='ltr'><strong>die</strong></span> <span class='ocrx_word' id='word_1_355' title='bbox 1019 4921 1259 4989; x_wconf 85' lang='lat' dir='ltr'><strong>sequenti,</strong></span> <span class='ocrx_word' id='word_1_356' title='bbox 1284 4917 1412 4987; x_wconf 87' lang='lat' dir='ltr'><strong>feria</strong></span> <span class='ocrx_word' id='word_1_357' title='bbox 1436 4915 1624 4969; x_wconf 82' lang='lat' dir='ltr'><strong>scilicet</strong></span> <span class='ocrx_word' id='word_1_358' title='bbox 1648 4913 1869 4967; x_wconf 80' lang='lat' dir='ltr'><strong>scemata</strong></span> <span class='ocrx_word' id='word_1_359' title='bbox 1895 4924 1938 4966; x_wconf 88' lang='lat' dir='ltr'><strong>et</strong></span> <span class='ocrx_word' id='word_1_360' title='bbox 1966 4914 2129 4982; x_wconf 86' lang='lat' dir='ltr'><strong>prima</strong></span> <span class='ocrx_word' id='word_1_361' title='bbox 2156 4915 2255 4967; x_wconf 84' lang='lat' dir='ltr'><strong>diei</strong></span> <span class='ocrx_word' id='word_1_362' title='bbox 2271 4916 2344 4977; x_wconf 84' lang='lat' dir='ltr'><strong>ie—</strong></span> 
     </span>
    </p>
   </div>
   <div class='ocr_carea' id='block_1_52' title="bbox 759 5006 2344 5085">
    <p class='ocr_par' dir='ltr' id='par_1_52' title="bbox 759 5006 2344 5085">
     <span class='ocr_line' id='line_1_52' title="bbox 759 5006 2344 5085; baseline -0.007 -15"><span class='ocrx_word' id='word_1_363' title='bbox 759 5019 905 5085; x_wconf 76' lang='lat' dir='ltr'><strong>iunii,</strong></span> <span class='ocrx_word' id='word_1_364' title='bbox 938 5017 1071 5068; x_wconf 89' lang='lat' dir='ltr'><strong>dicta</strong></span> <span class='ocrx_word' id='word_1_365' title='bbox 1097 5013 1224 5085; x_wconf 86' lang='lat' dir='ltr'><strong>fuit;</strong></span> <span class='ocrx_word' id='word_1_366' title='bbox 1251 5011 1394 5064; x_wconf 85' lang='lat' dir='ltr'><strong>tertia</strong></span> <span class='ocrx_word' id='word_1_367' title='bbox 1425 5008 1550 5078; x_wconf 82' lang='lat' dir='ltr'><strong>feria</strong></span> <span class='ocrx_word' id='word_1_368' title='bbox 1577 5009 1741 5068; x_wconf 84' lang='lat' dir='ltr'><strong>tertia,</strong></span> <span class='ocrx_word' id='word_1_369' title='bbox 1771 5014 1950 5076; x_wconf 86' lang='lat' dir='ltr'><strong>quarta</strong></span> <span class='ocrx_word' id='word_1_370' title='bbox 1978 5007 2060 5058; x_wconf 88' lang='lat' dir='ltr'><strong>dic</strong></span> <span class='ocrx_word' id='word_1_371' title='bbox 2085 5006 2344 5075; x_wconf 85' lang='lat' dir='ltr'><strong>insequen-</strong></span> 
     </span>
    </p>
   </div>
   <div class='ocr_carea' id='block_1_53' title="bbox 757 5099 2346 5175">
    <p class='ocr_par' dir='ltr' id='par_1_53' title="bbox 757 5099 2346 5175">
     <span class='ocr_line' id='line_1_53' title="bbox 757 5099 2346 5175; baseline -0.007 -11"><span class='ocrx_word' id='word_1_372' title='bbox 757 5111 811 5164; x_wconf 86' lang='lat' dir='ltr'><strong>ti.</strong></span> <span class='ocrx_word' id='word_1_373' title='bbox 844 5110 1029 5175; x_wconf 77' lang='lat' dir='ltr'><strong>.Sicque</strong></span> <span class='ocrx_word' id='word_1_374' title='bbox 1054 5106 1270 5171; x_wconf 86' lang='lat' dir='ltr'><strong>reliquas</strong></span> <span class='ocrx_word' id='word_1_375' title='bbox 1292 5117 1461 5155; x_wconf 87' lang='lat' dir='ltr'><strong>onmes</strong></span> <span class='ocrx_word' id='word_1_376' title='bbox 1495 5100 1709 5170; x_wconf 81' lang='lat' dir='ltr'><strong>singulis</strong></span> <span class='ocrx_word' id='word_1_377' title='bbox 1754 5099 1925 5151; x_wconf 87' lang='lat' dir='ltr'><strong>diebus</strong></span> <span class='ocrx_word' id='word_1_378' title='bbox 1970 5099 2166 5172; x_wconf 61' lang='lat' dir='ltr'><strong>[utilitas</strong></span> <span class='ocrx_word' id='word_1_379' title='bbox 2191 5099 2346 5166; x_wconf 79' lang='lat' dir='ltr'><strong>fuisse</strong></span> 
     </span>
    </p>
   </div>
   <div class='ocr_carea' id='block_1_54' title="bbox 757 5189 2346 5260">
    <p class='ocr_par' dir='ltr' id='par_1_54' title="bbox 757 5189 2346 5260">
     <span class='ocr_line' id='line_1_54' title="bbox 757 5189 2346 5260; baseline -0.008 -8"><span class='ocrx_word' id='word_1_380' title='bbox 757 5199 957 5253; x_wconf 78' lang='lat' dir='ltr'><strong>credere</strong></span> <span class='ocrx_word' id='word_1_381' title='bbox 998 5205 1090 5260; x_wconf 88' lang='lat' dir='ltr'><strong>est,</strong></span> <span class='ocrx_word' id='word_1_382' title='bbox 1122 5195 1232 5248; x_wconf 89' lang='lat' dir='ltr'><strong>licet</strong></span> <span class='ocrx_word' id='word_1_383' title='bbox 1274 5193 1327 5246; x_wconf 90' lang='lat' dir='ltr'><strong>id</strong></span> <span class='ocrx_word' id='word_1_384' title='bbox 1365 5209 1467 5245; x_wconf 86' lang='lat' dir='ltr'><strong>non</strong></span> <span class='ocrx_word' id='word_1_385' title='bbox 1512 5190 1757 5259; x_wconf 82' lang='lat' dir='ltr'><strong>signiﬁcet</strong></span> <span class='ocrx_word' id='word_1_386' title='bbox 1809 5189 2214 5258; x_wconf 79' lang='lat' dir='ltr'><strong>Chrysostomus,</strong></span> <span class='ocrx_word' id='word_1_387' title='bbox 2249 5190 2346 5241; x_wconf 85' lang='lat' dir='ltr'><strong>nisi</strong></span> 
     </span>
    </p>
   </div>
   <div class='ocr_carea' id='block_1_55' title="bbox 762 5281 2347 5351">
    <p class='ocr_par' dir='ltr' id='par_1_55' title="bbox 762 5281 2347 5351">
     <span class='ocr_line' id='line_1_55' title="bbox 762 5281 2347 5351; baseline -0.008 -8"><span class='ocrx_word' id='word_1_388' title='bbox 762 5296 890 5348; x_wconf 77' lang='lat' dir='ltr'><strong>forte</strong></span> <span class='ocrx_word' id='word_1_389' title='bbox 914 5304 975 5342; x_wconf 76' lang='lat' dir='ltr'><strong>ex</strong></span> <span class='ocrx_word' id='word_1_390' title='bbox 1003 5285 1263 5339; x_wconf 83' lang='lat' dir='ltr'><strong>occasione</strong></span> <span class='ocrx_word' id='word_1_391' title='bbox 1306 5283 1526 5351; x_wconf 88' lang='lat' dir='ltr'><strong>quadam</strong></span> <span class='ocrx_word' id='word_1_392' title='bbox 1555 5281 1697 5332; x_wconf 88' lang='lat' dir='ltr'><strong>aliud</strong></span> <span class='ocrx_word' id='word_1_393' title='bbox 1740 5290 2088 5349; x_wconf 88' lang='lat' dir='ltr'><strong>argumentum</strong></span> <span class='ocrx_word' id='word_1_394' title='bbox 2127 5289 2347 5333; x_wconf 84' lang='lat' dir='ltr'><strong>tractan—</strong></span> 
     </span>
    </p>
   </div>
   <div class='ocr_carea' id='block_1_56' title="bbox 757 5372 2346 5442">
    <p class='ocr_par' dir='ltr' id='par_1_56' title="bbox 757 5372 2346 5442">
     <span class='ocr_line' id='line_1_56' title="bbox 757 5372 2346 5442; baseline -0.005 -12"><span class='ocrx_word' id='word_1_395' title='bbox 757 5389 878 5431; x_wconf 81' lang='lat' dir='ltr'><strong>dum</strong></span> <span class='ocrx_word' id='word_1_396' title='bbox 903 5385 1198 5431; x_wconf 86' lang='lat' dir='ltr'><strong>occurreret.</strong></span> <span class='ocrx_word' id='word_1_397' title='bbox 1231 5373 1433 5427; x_wconf 86' lang='lat' dir='ltr'><strong>Certum</strong></span> <span class='ocrx_word' id='word_1_398' title='bbox 1455 5373 1640 5442; x_wconf 85' lang='lat' dir='ltr'><strong>quippe</strong></span> <span class='ocrx_word' id='word_1_399' title='bbox 1670 5381 1741 5423; x_wconf 85' lang='lat' dir='ltr'><strong>est</strong></span> <span class='ocrx_word' id='word_1_400' title='bbox 1775 5372 2017 5440; x_wconf 81' lang='lat' dir='ltr'><strong>populum</strong></span> <span class='ocrx_word' id='word_1_401' title='bbox 2047 5373 2268 5442; x_wconf 82' lang='lat' dir='ltr'><strong>quotidie</strong></span> <span class='ocrx_word' id='word_1_402' title='bbox 2294 5372 2346 5423; x_wconf 87' lang='lat' dir='ltr'><strong>in</strong></span> 
     </span>
    </p>
   </div>
   <div class='ocr_carea' id='block_1_57' title="bbox 759 5460 2347 5532">
    <p class='ocr_par' dir='ltr' id='par_1_57' title="bbox 759 5460 2347 5532">
     <span class='ocr_line' id='line_1_57' title="bbox 759 5460 2347 5532; baseline -0.007 -8"><span class='ocrx_word' id='word_1_403' title='bbox 759 5470 1017 5524; x_wconf 81' lang='lat' dir='ltr'><strong>ecclesiam</strong></span> <span class='ocrx_word' id='word_1_404' title='bbox 1062 5465 1366 5527; x_wconf 82' lang='lat' dir='ltr'><strong>convenisse,</strong></span> <span class='ocrx_word' id='word_1_405' title='bbox 1398 5461 1904 5532; x_wconf 82' lang='lat' dir='ltr'><strong>Chrysostomumque</strong></span> <span class='ocrx_word' id='word_1_406' title='bbox 1933 5460 2147 5529; x_wconf 83' lang='lat' dir='ltr'><strong>singulis</strong></span> <span class='ocrx_word' id='word_1_407' title='bbox 2174 5461 2347 5514; x_wconf 87' lang='lat' dir='ltr'><strong>diebus</strong></span> 
     </span>
    </p>
   </div>
   <div class='ocr_carea' id='block_1_58' title="bbox 758 5551 2347 5622">
    <p class='ocr_par' dir='ltr' id='par_1_58' title="bbox 758 5551 2347 5622">
     <span class='ocr_line' id='line_1_58' title="bbox 758 5551 2347 5622; baseline -0.007 -7"><span class='ocrx_word' id='word_1_408' title='bbox 758 5561 1108 5616; x_wconf 77' lang='lat' dir='ltr'><strong>concinnatum</strong></span> <span class='ocrx_word' id='word_1_409' title='bbox 1134 5573 1258 5611; x_wconf 86' lang='lat' dir='ltr'><strong>esse.</strong></span> <span class='ocrx_word' id='word_1_410' title='bbox 1291 5554 1482 5609; x_wconf 84' lang='lat' dir='ltr'><strong>Eodem</strong></span> <span class='ocrx_word' id='word_1_411' title='bbox 1523 5555 1671 5606; x_wconf 87' lang='lat' dir='ltr'><strong>etiam</strong></span> <span class='ocrx_word' id='word_1_412' title='bbox 1713 5554 1760 5604; x_wconf 89' lang='lat' dir='ltr'><strong>in</strong></span> <span class='ocrx_word' id='word_1_413' title='bbox 1792 5551 2020 5605; x_wconf 77' lang='lat' dir='ltr'><strong>Genesim</strong></span> <span class='ocrx_word' id='word_1_414' title='bbox 2053 5563 2347 5622; x_wconf 88' lang='lat' dir='ltr'><strong>argumento</strong></span> 
     </span>
    </p>
   </div>
   <div class='ocr_carea' id='block_1_59' title="bbox 764 5643 2351 5720">
    <p class='ocr_par' dir='ltr' id='par_1_59' title="bbox 764 5643 2351 5720">
     <span class='ocr_line' id='line_1_59' title="bbox 764 5643 2351 5720; baseline -0.007 -14"><span class='ocrx_word' id='word_1_415' title='bbox 764 5651 994 5720; x_wconf 72' lang='lat' dir='ltr'><strong>pergebat</strong></span> <span class='ocrx_word' id='word_1_416' title='bbox 1021 5648 1227 5703; x_wconf 82' lang='lat' dir='ltr'><strong>sabbato</strong></span> <span class='ocrx_word' id='word_1_417' title='bbox 1261 5657 1306 5700; x_wconf 91' lang='lat' dir='ltr'><strong>et</strong></span> <span class='ocrx_word' id='word_1_418' title='bbox 1335 5645 1621 5710; x_wconf 87' lang='lat' dir='ltr'><strong>Dominica,</strong></span> <span class='ocrx_word' id='word_1_419' title='bbox 1656 5645 1765 5697; x_wconf 82' lang='lat' dir='ltr'><strong>licet</strong></span> <span class='ocrx_word' id='word_1_420' title='bbox 1793 5644 1852 5697; x_wconf 84' lang='lat' dir='ltr'><strong>iis</strong></span> <span class='ocrx_word' id='word_1_421' title='bbox 1883 5643 2056 5698; x_wconf 88' lang='lat' dir='ltr'><strong>diebus</strong></span> <span class='ocrx_word' id='word_1_422' title='bbox 2087 5661 2184 5697; x_wconf 89' lang='lat' dir='ltr'><strong>non</strong></span> <span class='ocrx_word' id='word_1_423' title='bbox 2205 5646 2351 5715; x_wconf 74' lang='lat' dir='ltr'><strong>jeju-</strong></span> 
     </span>
    </p>
   </div>
   <div class='ocr_carea' id='block_1_60' title="bbox 758 5734 2348 5798">
    <p class='ocr_par' dir='ltr' id='par_1_60' title="bbox 758 5734 2348 5798">
     <span class='ocr_line' id='line_1_60' title="bbox 758 5734 2348 5798; baseline -0.004 -2"><span class='ocrx_word' id='word_1_424' title='bbox 758 5754 996 5798; x_wconf 75' lang='lat' dir='ltr'><strong>nurctur:</strong></span> <span class='ocrx_word' id='word_1_425' title='bbox 1028 5757 1143 5796; x_wconf 85' lang='lat' dir='ltr'><strong>nam</strong></span> <span class='ocrx_word' id='word_1_426' title='bbox 1186 5736 1450 5793; x_wconf 82' lang='lat' dir='ltr'><strong>undecima</strong></span> <span class='ocrx_word' id='word_1_427' title='bbox 1477 5736 1682 5790; x_wconf 90' lang='lat' dir='ltr'><strong>homilia</strong></span> <span class='ocrx_word' id='word_1_428' title='bbox 1710 5735 1757 5787; x_wconf 91' lang='lat' dir='ltr'><strong>in</strong></span> <span class='ocrx_word' id='word_1_429' title='bbox 1788 5734 1964 5788; x_wconf 90' lang='lat' dir='ltr'><strong>horum</strong></span> <span class='ocrx_word' id='word_1_430' title='bbox 1995 5737 2236 5790; x_wconf 86' lang='lat' dir='ltr'><strong>alterutro</strong></span> <span class='ocrx_word' id='word_1_431' title='bbox 2265 5736 2348 5790; x_wconf 81' lang='lat' dir='ltr'><strong>die</strong></span> 
     </span>
    </p>
   </div>
   <div class='ocr_carea' id='block_1_61' title="bbox 1818 307 2930 381">
    <p class='ocr_par' dir='ltr' id='par_1_61' title="bbox 1818 307 2930 381">
     <span class='ocr_line' id='line_1_61' title="bbox 1818 307 2930 381; baseline -0.001 -10"><span class='ocrx_word' id='word_1_432' title='bbox 1818 314 1875 371; x_wconf 86' lang='lat' dir='ltr'><strong>S.</strong></span> <span class='ocrx_word' id='word_1_433' title='bbox 1915 310 2194 370; x_wconf 72' lang='lat' dir='ltr'><strong>JOANNIS</strong></span> <span class='ocrx_word' id='word_1_434' title='bbox 2231 307 2710 369; x_wconf 78' lang='lat' dir='ltr'><strong>CIIRYSOSTOMI</strong></span> <span class='ocrx_word' id='word_1_435' title='bbox 2755 314 2930 381; x_wconf 76' lang='lat' dir='ltr'><strong>VITA,</strong></span> 
     </span>
    </p>
   </div>
   <div class='ocr_carea' id='block_1_62' title="bbox 3922 325 4040 386">
    <p class='ocr_par' dir='ltr' id='par_1_62' title="bbox 3922 325 4040 386">
     <span class='ocr_line' id='line_1_62' title="bbox 3922 325 4040 386; baseline -0.025 0"><span class='ocrx_word' id='word_1_436' title='bbox 3922 325 4040 386; x_wconf 69' lang='lat'><strong>436</strong></span> 
     </span>
    </p>
   </div>
   <div class='ocr_carea' id='block_1_63' title="bbox 2444 425 4034 510">
    <p class='ocr_par' dir='ltr' id='par_1_63' title="bbox 2444 425 4034 510">
     <span class='ocr_line' id='line_1_63' title="bbox 2444 425 4034 510; baseline 0.015 -33"><span class='ocrx_word' id='word_1_437' title='bbox 2444 425 2578 480; x_wconf 84' lang='lat' dir='ltr'><strong>dicta</strong></span> <span class='ocrx_word' id='word_1_438' title='bbox 2599 429 2715 497; x_wconf 83' lang='lat' dir='ltr'><strong>fuit.</strong></span> <span class='ocrx_word' id='word_1_439' title='bbox 2748 428 2974 482; x_wconf 78' lang='lat' dir='ltr'><strong>Humilia</strong></span> <span class='ocrx_word' id='word_1_440' title='bbox 2993 431 3192 497; x_wconf 85' lang='lat' dir='ltr'><strong>quinta.</strong></span> <span class='ocrx_word' id='word_1_441' title='bbox 3216 443 3376 496; x_wconf 74' lang='lat' dir='ltr'><strong>sexta,</strong></span> <span class='ocrx_word' id='word_1_442' title='bbox 3401 437 3626 503; x_wconf 80' lang='lat' dir='ltr'><strong>septima,</strong></span> <span class='ocrx_word' id='word_1_443' title='bbox 3652 449 3846 507; x_wconf 78' lang='lat' dir='ltr'><strong>octava,</strong></span> <span class='ocrx_word' id='word_1_444' title='bbox 3871 461 4034 510; x_wconf 70' lang='lat' dir='ltr'><strong>noua,</strong></span> 
     </span>
    </p>
   </div>
   <div class='ocr_carea' id='block_1_64' title="bbox 2443 519 4037 604">
    <p class='ocr_par' dir='ltr' id='par_1_64' title="bbox 2443 519 4037 604">
     <span class='ocr_line' id='line_1_64' title="bbox 2443 519 4037 604; baseline 0.013 -36"><span class='ocrx_word' id='word_1_445' title='bbox 2443 519 2773 582; x_wconf 79' lang='lat' dir='ltr'><strong>continenter,</strong></span> <span class='ocrx_word' id='word_1_446' title='bbox 2804 521 2908 573; x_wconf 82' lang='lat' dir='ltr'><strong>suis</strong></span> <span class='ocrx_word' id='word_1_447' title='bbox 2938 538 3148 592; x_wconf 65' lang='lat' dir='ltr'><strong>quisque</strong></span> <span class='ocrx_word' id='word_1_448' title='bbox 3172 523 3363 590; x_wconf 85' lang='lat' dir='ltr'><strong>diebus,</strong></span> <span class='ocrx_word' id='word_1_449' title='bbox 3395 527 3576 582; x_wconf 74' lang='lat' dir='ltr'><strong>habita:</strong></span> <span class='ocrx_word' id='word_1_450' title='bbox 3597 531 3817 598; x_wconf 86' lang='lat' dir='ltr'><strong>fuerunt.</strong></span> <span class='ocrx_word' id='word_1_451' title='bbox 3854 531 4037 604; x_wconf 68' lang='lat' dir='ltr'><strong>Neque</strong></span> 
     </span>
    </p>
   </div>
   <div class='ocr_carea' id='block_1_65' title="bbox 2441 606 4026 685">
    <p class='ocr_par' dir='ltr' id='par_1_65' title="bbox 2441 606 4026 685">
     <span class='ocr_line' id='line_1_65' title="bbox 2441 606 4026 685; baseline 0.011 -27"><span class='ocrx_word' id='word_1_452' title='bbox 2441 606 2606 660; x_wconf 85' lang='lat' dir='ltr'><strong>dicere</strong></span> <span class='ocrx_word' id='word_1_453' title='bbox 2641 609 2799 677; x_wconf 80' lang='lat' dir='ltr'><strong>possis</strong></span> <span class='ocrx_word' id='word_1_454' title='bbox 2828 625 2915 662; x_wconf 87' lang='lat' dir='ltr'><strong>eas</strong></span> <span class='ocrx_word' id='word_1_455' title='bbox 2939 611 3008 662; x_wconf 89' lang='lat' dir='ltr'><strong>ad</strong></span> <span class='ocrx_word' id='word_1_456' title='bbox 3035 613 3252 680; x_wconf 88' lang='lat' dir='ltr'><strong>quinque</strong></span> <span class='ocrx_word' id='word_1_457' title='bbox 3292 614 3396 668; x_wconf 84' lang='lat' dir='ltr'><strong>dies</strong></span> <span class='ocrx_word' id='word_1_458' title='bbox 3425 617 3617 685; x_wconf 85' lang='lat' dir='ltr'><strong>jejunii</strong></span> <span class='ocrx_word' id='word_1_459' title='bbox 3649 621 3884 676; x_wconf 70' lang='lat' dir='ltr'><strong>secundes</strong></span> <span class='ocrx_word' id='word_1_460' title='bbox 3914 623 4026 676; x_wconf 83' lang='lat' dir='ltr'><strong>heb-</strong></span> 
     </span>
    </p>
   </div>
   <div class='ocr_carea' id='block_1_66' title="bbox 2441 698 4025 781">
    <p class='ocr_par' dir='ltr' id='par_1_66' title="bbox 2441 698 4025 781">
     <span class='ocr_line' id='line_1_66' title="bbox 2441 698 4025 781; baseline 0.008 -31"><span class='ocrx_word' id='word_1_461' title='bbox 2441 698 2672 752; x_wconf 88' lang='lat' dir='ltr'><strong>domadis</strong></span> <span class='ocrx_word' id='word_1_462' title='bbox 2703 701 2948 767; x_wconf 78' lang='lat' dir='ltr'><strong>pertinere</strong></span> <span class='ocrx_word' id='word_1_463' title='bbox 2967 718 2985 755; x_wconf 89' lang='lat'><strong><em>:</em></strong></span> <span class='ocrx_word' id='word_1_464' title='bbox 3015 721 3131 756; x_wconf 87' lang='lat' dir='ltr'><strong>nam</strong></span> <span class='ocrx_word' id='word_1_465' title='bbox 3158 705 3350 758; x_wconf 87' lang='lat' dir='ltr'><strong>decima</strong></span> <span class='ocrx_word' id='word_1_466' title='bbox 3376 708 3428 761; x_wconf 86' lang='lat' dir='ltr'><strong>in</strong></span> <span class='ocrx_word' id='word_1_467' title='bbox 3456 710 3537 763; x_wconf 88' lang='lat' dir='ltr'><strong>die</strong></span> <span class='ocrx_word' id='word_1_468' title='bbox 3549 712 3736 780; x_wconf 82' lang='lat' dir='ltr'><strong>jejunii</strong></span> <span class='ocrx_word' id='word_1_469' title='bbox 3757 714 3892 766; x_wconf 87' lang='lat' dir='ltr'><strong>dicta</strong></span> <span class='ocrx_word' id='word_1_470' title='bbox 3913 717 4025 781; x_wconf 60' lang='lat' dir='ltr'><strong>fuit.</strong></span> 
     </span>
    </p>
   </div>
   <div class='ocr_carea' id='block_1_67' title="bbox 2441 793 4035 872">
    <p class='ocr_par' dir='ltr' id='par_1_67' title="bbox 2441 793 4035 872">
     <span class='ocr_line' id='line_1_67' title="bbox 2441 793 4035 872; baseline 0.01 -28"><span class='ocrx_word' id='word_1_471' title='bbox 2441 804 2486 845; x_wconf 87' lang='lat' dir='ltr'><strong>et</strong></span> <span class='ocrx_word' id='word_1_472' title='bbox 2511 794 2562 845; x_wconf 88' lang='lat' dir='ltr'><strong>in</strong></span> <span class='ocrx_word' id='word_1_473' title='bbox 2585 793 2898 848; x_wconf 81' lang='lat' dir='ltr'><strong>hebdomath</strong></span> <span class='ocrx_word' id='word_1_474' title='bbox 2924 797 3142 868; x_wconf 86' lang='lat' dir='ltr'><strong>quinque</strong></span> <span class='ocrx_word' id='word_1_475' title='bbox 3169 806 3361 852; x_wconf 87' lang='lat' dir='ltr'><strong>tantum</strong></span> <span class='ocrx_word' id='word_1_476' title='bbox 3379 801 3563 872; x_wconf 80' lang='lat' dir='ltr'><strong>jejunii</strong></span> <span class='ocrx_word' id='word_1_477' title='bbox 3593 804 3700 857; x_wconf 83' lang='lat' dir='ltr'><strong>dies</strong></span> <span class='ocrx_word' id='word_1_478' title='bbox 3719 816 3861 858; x_wconf 83' lang='lat' dir='ltr'><strong>erant</strong></span> <span class='ocrx_word' id='word_1_479' title='bbox 3889 823 3908 859; x_wconf 93' lang='lat'><strong><em>:</em></strong></span> <span class='ocrx_word' id='word_1_480' title='bbox 3939 824 4035 859; x_wconf 81' lang='lat' dir='ltr'><strong>un-</strong></span> 
     </span>
    </p>
   </div>
   <div class='ocr_carea' id='block_1_68' title="bbox 2440 883 4029 966">
    <p class='ocr_par' dir='ltr' id='par_1_68' title="bbox 2440 883 4029 966">
     <span class='ocr_line' id='line_1_68' title="bbox 2440 883 4029 966; baseline 0.011 -32"><span class='ocrx_word' id='word_1_481' title='bbox 2440 883 2631 936; x_wconf 87' lang='lat' dir='ltr'><strong>decima</strong></span> <span class='ocrx_word' id='word_1_482' title='bbox 2662 901 2777 958; x_wconf 76' lang='lat' dir='ltr'><strong>vero</strong></span> <span class='ocrx_word' id='word_1_483' title='bbox 2804 886 3009 940; x_wconf 87' lang='lat' dir='ltr'><strong>sabbato</strong></span> <span class='ocrx_word' id='word_1_484' title='bbox 3034 889 3172 942; x_wconf 87' lang='lat' dir='ltr'><strong>illius</strong></span> <span class='ocrx_word' id='word_1_485' title='bbox 3195 894 3427 945; x_wconf 69' lang='lat' dir='ltr'><strong>secundes</strong></span> <span class='ocrx_word' id='word_1_486' title='bbox 3455 895 3778 950; x_wconf 85' lang='lat' dir='ltr'><strong>hebdomadis</strong></span> <span class='ocrx_word' id='word_1_487' title='bbox 3805 916 4029 966; x_wconf 59' lang='lat' dir='ltr'><strong>pronur:</strong></span> 
     </span>
    </p>
   </div>
   <div class='ocr_carea' id='block_1_69' title="bbox 2440 973 4038 1056">
    <p class='ocr_par' dir='ltr' id='par_1_69' title="bbox 2440 973 4038 1056">
     <span class='ocr_line' id='line_1_69' title="bbox 2440 973 4038 1056; baseline 0.011 -33"><span class='ocrx_word' id='word_1_488' title='bbox 2440 973 2564 1026; x_wconf 87' lang='lat' dir='ltr'><strong>tiata</strong></span> <span class='ocrx_word' id='word_1_489' title='bbox 2593 985 2682 1026; x_wconf 89' lang='lat' dir='ltr'><strong>est.</strong></span> <span class='ocrx_word' id='word_1_490' title='bbox 2718 974 2780 1029; x_wconf 89' lang='lat' dir='ltr'><strong>Si</strong></span> <span class='ocrx_word' id='word_1_491' title='bbox 2819 993 2936 1047; x_wconf 89' lang='lat' dir='ltr'><strong>ergo</strong></span> <span class='ocrx_word' id='word_1_492' title='bbox 2979 977 3222 1033; x_wconf 69' lang='lat' dir='ltr'><strong>Homilies</strong></span> <span class='ocrx_word' id='word_1_493' title='bbox 3263 981 3315 1033; x_wconf 85' lang='lat' dir='ltr'><strong>in</strong></span> <span class='ocrx_word' id='word_1_494' title='bbox 3359 979 3592 1036; x_wconf 84' lang='lat' dir='ltr'><strong>Genesim</strong></span> <span class='ocrx_word' id='word_1_495' title='bbox 3618 987 3833 1056; x_wconf 83' lang='lat' dir='ltr'><strong>singulis</strong></span> <span class='ocrx_word' id='word_1_496' title='bbox 3860 987 4038 1041; x_wconf 70' lang='lat' dir='ltr'><strong>diebus</strong></span> 
     </span>
    </p>
   </div>
   <div class='ocr_carea' id='block_1_70' title="bbox 2439 1067 4037 1148">
    <p class='ocr_par' dir='ltr' id='par_1_70' title="bbox 2439 1067 4037 1148">
     <span class='ocr_line' id='line_1_70' title="bbox 2439 1067 4037 1148; baseline 0.009 -31"><span class='ocrx_word' id='word_1_497' title='bbox 2439 1081 2539 1117; x_wconf 87' lang='lat' dir='ltr'><strong>una</strong></span> <span class='ocrx_word' id='word_1_498' title='bbox 2569 1067 2696 1120; x_wconf 88' lang='lat' dir='ltr'><strong>serie</strong></span> <span class='ocrx_word' id='word_1_499' title='bbox 2719 1067 2901 1121; x_wconf 79' lang='lat' dir='ltr'><strong>habita:</strong></span> <span class='ocrx_word' id='word_1_500' title='bbox 2931 1069 3139 1137; x_wconf 86' lang='lat' dir='ltr'><strong>fuerint,</strong></span> <span class='ocrx_word' id='word_1_501' title='bbox 3163 1069 3218 1126; x_wconf 88' lang='lat' dir='ltr'><strong>id</strong></span> <span class='ocrx_word' id='word_1_502' title='bbox 3242 1071 3377 1142; x_wconf 89' lang='lat' dir='ltr'><strong>quod</strong></span> <span class='ocrx_word' id='word_1_503' title='bbox 3405 1074 3541 1127; x_wconf 87' lang='lat' dir='ltr'><strong>circa</strong></span> <span class='ocrx_word' id='word_1_504' title='bbox 3569 1091 3658 1129; x_wconf 77' lang='lat' dir='ltr'><strong>sex</strong></span> <span class='ocrx_word' id='word_1_505' title='bbox 3682 1077 3860 1130; x_wconf 84' lang='lat' dir='ltr'><strong>saltem</strong></span> <span class='ocrx_word' id='word_1_506' title='bbox 3891 1080 4037 1148; x_wconf 86' lang='lat' dir='ltr'><strong>prio-</strong></span> 
     </span>
    </p>
   </div>
   <div class='ocr_carea' id='block_1_71' title="bbox 2438 1161 4042 1239">
    <p class='ocr_par' dir='ltr' id='par_1_71' title="bbox 2438 1161 4042 1239">
     <span class='ocr_line' id='line_1_71' title="bbox 2438 1161 4042 1239; baseline 0.009 -30"><span class='ocrx_word' id='word_1_507' title='bbox 2438 1175 2517 1210; x_wconf 87' lang='lat' dir='ltr'><strong>res</strong></span> <span class='ocrx_word' id='word_1_508' title='bbox 2544 1161 2746 1213; x_wconf 89' lang='lat' dir='ltr'><strong>omnino</strong></span> <span class='ocrx_word' id='word_1_509' title='bbox 2769 1161 3039 1215; x_wconf 82' lang='lat' dir='ltr'><strong>verisimile</strong></span> <span class='ocrx_word' id='word_1_510' title='bbox 3057 1173 3159 1227; x_wconf 84' lang='lat' dir='ltr'><strong>est;</strong></span> <span class='ocrx_word' id='word_1_511' title='bbox 3188 1175 3329 1218; x_wconf 70' lang='lat' dir='ltr'><strong>sexta</strong></span> <span class='ocrx_word' id='word_1_512' title='bbox 3353 1167 3526 1235; x_wconf 84' lang='lat' dir='ltr'><strong>utique</strong></span> <span class='ocrx_word' id='word_1_513' title='bbox 3547 1169 3674 1237; x_wconf 89' lang='lat' dir='ltr'><strong>feria</strong></span> <span class='ocrx_word' id='word_1_514' title='bbox 3695 1179 3836 1223; x_wconf 77' lang='lat' dir='ltr'><strong>sexta</strong></span> <span class='ocrx_word' id='word_1_515' title='bbox 3857 1171 4042 1239; x_wconf 61' lang='lat' dir='ltr'><strong>prima</strong></span> 
     </span>
    </p>
   </div>
   <div class='ocr_carea' id='block_1_72' title="bbox 2439 1250 3746 1329">
    <p class='ocr_par' dir='ltr' id='par_1_72' title="bbox 2439 1250 3746 1329">
     <span class='ocr_line' id='line_1_72' title="bbox 2439 1250 3746 1329; baseline 0.009 -28"><span class='ocrx_word' id='word_1_516' title='bbox 2439 1250 2763 1306; x_wconf 82' lang='lat' dir='ltr'><strong>hebdomadis</strong></span> <span class='ocrx_word' id='word_1_517' title='bbox 2787 1253 3201 1323; x_wconf 73' lang='lat' dir='ltr'><strong>Quadragesimat</strong></span> <span class='ocrx_word' id='word_1_518' title='bbox 3226 1259 3551 1326; x_wconf 87' lang='lat' dir='ltr'><strong>pronuntiata</strong></span> <span class='ocrx_word' id='word_1_519' title='bbox 3575 1261 3746 1329; x_wconf 87' lang='lat' dir='ltr'><strong>fuerit.</strong></span> 
     </span>
    </p>
   </div>
   <div class='ocr_carea' id='block_1_73' title="bbox 2488 1334 4034 1416">
    <p class='ocr_par' dir='ltr' id='par_1_73' title="bbox 2488 1334 4034 1416">
     <span class='ocr_line' id='line_1_73' title="bbox 2488 1334 4034 1416; baseline 0.006 -22"><span class='ocrx_word' id='word_1_520' title='bbox 2488 1334 2574 1396; x_wconf 78' lang='grc' dir='ltr'><strong>’1η</strong></span> <span class='ocrx_word' id='word_1_521' title='bbox 2595 1355 2735 1398; x_wconf 69' lang='lat' dir='ltr'><strong>sexta</strong></span> <span class='ocrx_word' id='word_1_522' title='bbox 2757 1345 2963 1399; x_wconf 90' lang='lat' dir='ltr'><strong>homilia</strong></span> <span class='ocrx_word' id='word_1_523' title='bbox 2995 1345 3379 1416; x_wconf 76' lang='lat' dir='ltr'><strong>Chrysostomus</strong></span> <span class='ocrx_word' id='word_1_524' title='bbox 3403 1351 3632 1416; x_wconf 86' lang='lat' dir='ltr'><strong>queritur</strong></span> <span class='ocrx_word' id='word_1_525' title='bbox 3657 1352 3998 1405; x_wconf 83' lang='lat' dir='ltr'><strong>Antiochenos</strong></span> <span class='ocrx_word' id='word_1_526' title='bbox 4017 1394 4034 1416; x_wconf 92' lang='lat'><strong>,</strong></span> 
     </span>
    </p>
   </div>
   <div class='ocr_carea' id='block_1_74' title="bbox 2438 1435 4044 1512">
    <p class='ocr_par' dir='ltr' id='par_1_74' title="bbox 2438 1435 4044 1512">
     <span class='ocr_line' id='line_1_74' title="bbox 2438 1435 4044 1512; baseline 0.004 -25"><span class='ocrx_word' id='word_1_527' title='bbox 2438 1435 2578 1487; x_wconf 87' lang='lat' dir='ltr'><strong>nulla</strong></span> <span class='ocrx_word' id='word_1_528' title='bbox 2599 1435 3007 1506; x_wconf 84' lang='lat' dir='ltr'><strong>quotidianarum</strong></span> <span class='ocrx_word' id='word_1_529' title='bbox 3035 1438 3478 1503; x_wconf 87' lang='lat' dir='ltr'><strong>adhortationum,</strong></span> <span class='ocrx_word' id='word_1_530' title='bbox 3513 1441 3654 1493; x_wconf 85' lang='lat' dir='ltr'><strong>nulla</strong></span> <span class='ocrx_word' id='word_1_531' title='bbox 3694 1441 4044 1512; x_wconf 80' lang='lat' dir='ltr'><strong>Quadragesi-</strong></span> 
     </span>
    </p>
   </div>
   <div class='ocr_carea' id='block_1_75' title="bbox 2438 1526 4034 1598">
    <p class='ocr_par' dir='ltr' id='par_1_75' title="bbox 2438 1526 4034 1598">
     <span class='ocr_line' id='line_1_75' title="bbox 2438 1526 4034 1598; baseline 0.003 -20"><span class='ocrx_word' id='word_1_532' title='bbox 2438 1526 2584 1578; x_wconf 87' lang='lat' dir='ltr'><strong>malis</strong></span> <span class='ocrx_word' id='word_1_533' title='bbox 2615 1526 2916 1594; x_wconf 76' lang='lat' dir='ltr'><strong>paznitentia:</strong></span> <span class='ocrx_word' id='word_1_534' title='bbox 2944 1528 3137 1580; x_wconf 86' lang='lat' dir='ltr'><strong>ratione</strong></span> <span class='ocrx_word' id='word_1_535' title='bbox 3178 1528 3345 1580; x_wconf 89' lang='lat' dir='ltr'><strong>habita</strong></span> <span class='ocrx_word' id='word_1_536' title='bbox 3364 1569 3378 1592; x_wconf 89' lang='lat'><strong>,</strong></span> <span class='ocrx_word' id='word_1_537' title='bbox 3408 1530 3529 1582; x_wconf 86' lang='lat' dir='ltr'><strong>circi</strong></span> <span class='ocrx_word' id='word_1_538' title='bbox 3555 1531 3687 1582; x_wconf 88' lang='lat' dir='ltr'><strong>ludis</strong></span> <span class='ocrx_word' id='word_1_539' title='bbox 3716 1531 4034 1598; x_wconf 76' lang='lat' dir='ltr'><strong>interfuisse.</strong></span> 
     </span>
    </p>
   </div>
   <div class='ocr_carea' id='block_1_76' title="bbox 2440 1611 4045 1691">
    <p class='ocr_par' dir='ltr' id='par_1_76' title="bbox 2440 1611 4045 1691">
     <span class='ocr_line' id='line_1_76' title="bbox 2440 1611 4045 1691; baseline 0.004 -22"><span class='ocrx_word' id='word_1_540' title='bbox 2440 1617 2511 1670; x_wconf 84' lang='lat' dir='ltr'><strong>lli</strong></span> <span class='ocrx_word' id='word_1_541' title='bbox 2546 1619 2685 1680; x_wconf 77' lang='lat' dir='ltr'><strong>haud</strong></span> <span class='ocrx_word' id='word_1_542' title='bbox 2709 1618 2858 1672; x_wconf 83' lang='lat' dir='ltr'><strong>dubie</strong></span> <span class='ocrx_word' id='word_1_543' title='bbox 2883 1620 3126 1673; x_wconf 85' lang='lat' dir='ltr'><strong>circenses</strong></span> <span class='ocrx_word' id='word_1_544' title='bbox 3171 1622 3280 1672; x_wconf 89' lang='lat' dir='ltr'><strong>ludi</strong></span> <span class='ocrx_word' id='word_1_545' title='bbox 3317 1622 3491 1675; x_wconf 88' lang='lat' dir='ltr'><strong>eadem</strong></span> <span class='ocrx_word' id='word_1_546' title='bbox 3532 1623 3642 1691; x_wconf 81' lang='lat' dir='ltr'><strong>ipsa</strong></span> <span class='ocrx_word' id='word_1_547' title='bbox 3684 1624 3763 1675; x_wconf 88' lang='lat' dir='ltr'><strong>die</strong></span> <span class='ocrx_word' id='word_1_548' title='bbox 3802 1611 4045 1677; x_wconf 77' lang='lat' dir='ltr'><strong>celebrati</strong></span> 
     </span>
    </p>
   </div>
   <div class='ocr_carea' id='block_1_77' title="bbox 2437 1709 4047 1781">
    <p class='ocr_par' dir='ltr' id='par_1_77' title="bbox 2437 1709 4047 1781">
     <span class='ocr_line' id='line_1_77' title="bbox 2437 1709 4047 1781; baseline 0.004 -21"><span class='ocrx_word' id='word_1_549' title='bbox 2437 1709 2675 1776; x_wconf 83' lang='lat' dir='ltr'><strong>fuerant;</strong></span> <span class='ocrx_word' id='word_1_550' title='bbox 2707 1726 2823 1762; x_wconf 89' lang='lat' dir='ltr'><strong>nam</strong></span> <span class='ocrx_word' id='word_1_551' title='bbox 2848 1710 2901 1762; x_wconf 87' lang='lat' dir='ltr'><strong>in</strong></span> <span class='ocrx_word' id='word_1_552' title='bbox 2934 1709 3338 1780; x_wconf 82' lang='lat' dir='ltr'><strong>Quadragesima</strong></span> <span class='ocrx_word' id='word_1_553' title='bbox 3368 1715 3647 1780; x_wconf 81' lang='lat' dir='ltr'><strong>vespertino</strong></span> <span class='ocrx_word' id='word_1_554' title='bbox 3677 1725 3898 1781; x_wconf 77' lang='lat' dir='ltr'><strong>tempore</strong></span> <span class='ocrx_word' id='word_1_555' title='bbox 3918 1730 4047 1766; x_wconf 86' lang='lat' dir='ltr'><strong>con-</strong></span> 
     </span>
    </p>
   </div>
   <div class='ocr_carea' id='block_1_78' title="bbox 2437 1801 4046 1872">
    <p class='ocr_par' dir='ltr' id='par_1_78' title="bbox 2437 1801 4046 1872">
     <span class='ocr_line' id='line_1_78' title="bbox 2437 1801 4046 1872; baseline 0.001 -20"><span class='ocrx_word' id='word_1_556' title='bbox 2437 1802 2603 1854; x_wconf 88' lang='lat' dir='ltr'><strong>ciones</strong></span> <span class='ocrx_word' id='word_1_557' title='bbox 2630 1801 2940 1855; x_wconf 86' lang='lat' dir='ltr'><strong>habebantur</strong></span> <span class='ocrx_word' id='word_1_558' title='bbox 2961 1819 2980 1854; x_wconf 85' lang='lat'><em>:</em></span> <span class='ocrx_word' id='word_1_559' title='bbox 3003 1803 3134 1855; x_wconf 88' lang='lat' dir='ltr'><strong>unde</strong></span> <span class='ocrx_word' id='word_1_560' title='bbox 3174 1805 3409 1872; x_wconf 85' lang='lat' dir='ltr'><strong>consequi</strong></span> <span class='ocrx_word' id='word_1_561' title='bbox 3450 1804 3644 1856; x_wconf 82' lang='lat' dir='ltr'><strong>videtur</strong></span> <span class='ocrx_word' id='word_1_562' title='bbox 3673 1804 3808 1856; x_wconf 89' lang='lat' dir='ltr'><strong>hunc</strong></span> <span class='ocrx_word' id='word_1_563' title='bbox 3847 1819 4046 1855; x_wconf 86' lang='lat' dir='ltr'><strong>annum</strong></span> 
     </span>
    </p>
   </div>
   <div class='ocr_carea' id='block_1_79' title="bbox 2439 1891 4046 1948">
    <p class='ocr_par' dir='ltr' id='par_1_79' title="bbox 2439 1891 4046 1948">
     <span class='ocr_line' id='line_1_79' title="bbox 2439 1891 4046 1948; baseline 0.002 -5"><span class='ocrx_word' id='word_1_564' title='bbox 2439 1907 2543 1944; x_wconf 84' lang='lat' dir='ltr'><strong>esse</strong></span> <span class='ocrx_word' id='word_1_565' title='bbox 2571 1899 2657 1942; x_wconf 90' lang='lat' dir='ltr'><strong>aut</strong></span> <span class='ocrx_word' id='word_1_566' title='bbox 2686 1891 2790 1946; x_wconf 80' lang='grc'><strong>’595</strong></span> <span class='ocrx_word' id='word_1_567' title='bbox 2817 1901 2906 1944; x_wconf 87' lang='lat' dir='ltr'><strong>aut</strong></span> <span class='ocrx_word' id='word_1_568' title='bbox 2933 1891 3057 1945; x_wconf 84' lang='grc'><strong>596.</strong></span> <span class='ocrx_word' id='word_1_569' title='bbox 3082 1891 3456 1945; x_wconf 82' lang='lat' dir='ltr'><strong>Kalendarium</strong></span> <span class='ocrx_word' id='word_1_570' title='bbox 3478 1895 3610 1946; x_wconf 89' lang='lat' dir='ltr'><strong>enim</strong></span> <span class='ocrx_word' id='word_1_571' title='bbox 3636 1893 3924 1947; x_wconf 82' lang='lat' dir='ltr'><strong>Romanum</strong></span> <span class='ocrx_word' id='word_1_572' title='bbox 3955 1895 4046 1948; x_wconf 87' lang='lat' dir='ltr'><strong>lu-</strong></span> 
     </span>
    </p>
   </div>
   <div class='ocr_carea' id='block_1_80' title="bbox 2437 1965 4049 2054">
    <p class='ocr_par' dir='ltr' id='par_1_80' title="bbox 2437 1965 4049 2054">
     <span class='ocr_line' id='line_1_80' title="bbox 2437 1965 4049 2054; baseline 0.004 -22"><span class='ocrx_word' id='word_1_573' title='bbox 2437 1980 2528 2033; x_wconf 87' lang='lat' dir='ltr'><strong>dos</strong></span> <span class='ocrx_word' id='word_1_574' title='bbox 2553 1980 2721 2034; x_wconf 85' lang='lat' dir='ltr'><strong>nullos</strong></span> <span class='ocrx_word' id='word_1_575' title='bbox 2751 1982 2976 2052; x_wconf 83' lang='lat' dir='ltr'><strong>assignat</strong></span> <span class='ocrx_word' id='word_1_576' title='bbox 3021 1983 3164 2035; x_wconf 87' lang='lat' dir='ltr'><strong>initio</strong></span> <span class='ocrx_word' id='word_1_577' title='bbox 3205 1983 3387 2034; x_wconf 87' lang='lat' dir='ltr'><strong>mensis</strong></span> <span class='ocrx_word' id='word_1_578' title='bbox 3431 1983 3625 2036; x_wconf 80' lang='lat' dir='ltr'><strong>Martii.</strong></span> <span class='ocrx_word' id='word_1_579' title='bbox 3675 1984 3805 2036; x_wconf 85' lang='lat' dir='ltr'><strong>Ludi</strong></span> <span class='ocrx_word' id='word_1_580' title='bbox 3848 1965 4049 2054; x_wconf 46' lang='lat' dir='ltr'><strong>qu‘ippe</strong></span> 
     </span>
    </p>
   </div>
   <div class='ocr_carea' id='block_1_81' title="bbox 2440 2070 4048 2144">
    <p class='ocr_par' dir='ltr' id='par_1_81' title="bbox 2440 2070 4048 2144">
     <span class='ocr_line' id='line_1_81' title="bbox 2440 2070 4048 2144; baseline 0.003 -20"><span class='ocrx_word' id='word_1_581' title='bbox 2440 2070 2676 2135; x_wconf 75' lang='lat' dir='ltr'><strong>Gott/tiri,</strong></span> <span class='ocrx_word' id='word_1_582' title='bbox 2706 2074 2793 2136; x_wconf 86' lang='lat' dir='ltr'><strong>qui</strong></span> <span class='ocrx_word' id='word_1_583' title='bbox 2831 2089 2861 2125; x_wconf 91' lang='lat' dir='ltr'><strong>a</strong></span> <span class='ocrx_word' id='word_1_584' title='bbox 2895 2084 3076 2144; x_wconf 90' lang='lat' dir='ltr'><strong>quarta</strong></span> <span class='ocrx_word' id='word_1_585' title='bbox 3106 2073 3374 2128; x_wconf 80' lang='lat' dir='ltr'><strong>Februarii</strong></span> <span class='ocrx_word' id='word_1_586' title='bbox 3400 2075 3466 2128; x_wconf 89' lang='lat' dir='ltr'><strong>ad</strong></span> <span class='ocrx_word' id='word_1_587' title='bbox 3491 2092 3678 2128; x_wconf 88' lang='lat' dir='ltr'><strong>nonam</strong></span> <span class='ocrx_word' id='word_1_588' title='bbox 3703 2077 4048 2143; x_wconf 76' lang='lat' dir='ltr'><strong>habebantur,</strong></span> 
     </span>
    </p>
   </div>
   <div class='ocr_carea' id='block_1_82' title="bbox 2438 2163 4050 2234">
    <p class='ocr_par' dir='ltr' id='par_1_82' title="bbox 2438 2163 4050 2234">
     <span class='ocr_line' id='line_1_82' title="bbox 2438 2163 4050 2234; baseline 0.006 -19"><span class='ocrx_word' id='word_1_589' title='bbox 2438 2180 2538 2216; x_wconf 88' lang='lat' dir='ltr'><strong>non</strong></span> <span class='ocrx_word' id='word_1_590' title='bbox 2584 2164 2664 2216; x_wconf 89' lang='lat' dir='ltr'><strong>hic</strong></span> <span class='ocrx_word' id='word_1_591' title='bbox 2707 2180 2738 2216; x_wconf 88' lang='lat' dir='ltr'><strong>a</strong></span> <span class='ocrx_word' id='word_1_592' title='bbox 2780 2163 3140 2234; x_wconf 82' lang='lat' dir='ltr'><strong>Chrysostomo</strong></span> <span class='ocrx_word' id='word_1_593' title='bbox 3186 2178 3662 2221; x_wconf 58' lang='lat' dir='ltr'><strong>commemorantur;</strong></span> <span class='ocrx_word' id='word_1_594' title='bbox 3701 2167 3882 2221; x_wconf 74' lang='lat' dir='ltr'><strong>Verum</strong></span> <span class='ocrx_word' id='word_1_595' title='bbox 3931 2172 4050 2224; x_wconf 80' lang='lat' dir='ltr'><strong>ludi</strong></span> 
     </span>
    </p>
   </div>
   <div class='ocr_carea' id='block_1_83' title="bbox 2437 2255 4050 2331">
    <p class='ocr_par' dir='ltr' id='par_1_83' title="bbox 2437 2255 4050 2331">
     <span class='ocr_line' id='line_1_83' title="bbox 2437 2255 4050 2331; baseline 0.007 -25"><span class='ocrx_word' id='word_1_596' title='bbox 2437 2256 2604 2308; x_wconf 88' lang='lat' dir='ltr'><strong>adhuc</strong></span> <span class='ocrx_word' id='word_1_597' title='bbox 2643 2255 2968 2324; x_wconf 82' lang='lat' dir='ltr'><strong>assignantur</strong></span> <span class='ocrx_word' id='word_1_598' title='bbox 3009 2257 3274 2313; x_wconf 88' lang='lat' dir='ltr'><strong>undecima</strong></span> <span class='ocrx_word' id='word_1_599' title='bbox 3317 2257 3602 2322; x_wconf 78' lang='lat' dir='ltr'><strong>Februarii,</strong></span> <span class='ocrx_word' id='word_1_600' title='bbox 3634 2277 3746 2331; x_wconf 79' lang='lat' dir='ltr'><strong>qua:</strong></span> <span class='ocrx_word' id='word_1_601' title='bbox 3769 2279 3903 2314; x_wconf 88' lang='lat' dir='ltr'><strong>anno</strong></span> <span class='ocrx_word' id='word_1_602' title='bbox 3935 2263 4050 2318; x_wconf 78' lang='grc'><strong>595</strong></span> 
     </span>
    </p>
   </div>
   <div class='ocr_carea' id='block_1_84' title="bbox 2437 2345 4052 2426">
    <p class='ocr_par' dir='ltr' id='par_1_84' title="bbox 2437 2345 4052 2426">
     <span class='ocr_line' id='line_1_84' title="bbox 2437 2345 4052 2426; baseline 0.005 -25"><span class='ocrx_word' id='word_1_603' title='bbox 2437 2349 2690 2401; x_wconf 88' lang='lat' dir='ltr'><strong>concurrit</strong></span> <span class='ocrx_word' id='word_1_604' title='bbox 2717 2345 2833 2400; x_wconf 86' lang='lat' dir='ltr'><strong>cum</strong></span> <span class='ocrx_word' id='word_1_605' title='bbox 2861 2350 2989 2419; x_wconf 87' lang='lat' dir='ltr'><strong>feria</strong></span> <span class='ocrx_word' id='word_1_606' title='bbox 3009 2361 3149 2403; x_wconf 76' lang='lat' dir='ltr'><strong>sexta</strong></span> <span class='ocrx_word' id='word_1_607' title='bbox 3164 2352 3355 2419; x_wconf 61' lang='lat' dir='ltr'><strong>prima:</strong></span> <span class='ocrx_word' id='word_1_608' title='bbox 3381 2353 3707 2406; x_wconf 84' lang='lat' dir='ltr'><strong>hebdomadis</strong></span> <span class='ocrx_word' id='word_1_609' title='bbox 3741 2354 4052 2426; x_wconf 71' lang='lat' dir='ltr'><strong>Quadi-age-</strong></span> 
     </span>
    </p>
   </div>
   <div class='ocr_carea' id='block_1_85' title="bbox 2435 2439 4052 2516">
    <p class='ocr_par' dir='ltr' id='par_1_85' title="bbox 2435 2439 4052 2516">
     <span class='ocr_line' id='line_1_85' title="bbox 2435 2439 4052 2516; baseline 0.004 -19"><span class='ocrx_word' id='word_1_610' title='bbox 2435 2448 2596 2510; x_wconf 76' lang='lat' dir='ltr'><strong>simtu,</strong></span> <span class='ocrx_word' id='word_1_611' title='bbox 2619 2439 2973 2514; x_wconf 73' lang='lat' dir='ltr'><strong>quia-Pascha</strong></span> <span class='ocrx_word' id='word_1_612' title='bbox 2992 2442 3148 2502; x_wconf 81' lang='lat' dir='ltr'><strong>istius</strong></span> <span class='ocrx_word' id='word_1_613' title='bbox 3161 2443 3284 2498; x_wconf 84' lang='lat' dir='ltr'><strong>anni</strong></span> <span class='ocrx_word' id='word_1_614' title='bbox 3303 2444 3479 2497; x_wconf 89' lang='lat' dir='ltr'><strong>incidit</strong></span> <span class='ocrx_word' id='word_1_615' title='bbox 3501 2446 3549 2497; x_wconf 89' lang='lat' dir='ltr'><strong>in</strong></span> <span class='ocrx_word' id='word_1_616' title='bbox 3574 2447 3856 2515; x_wconf 80' lang='lat' dir='ltr'><strong>vigesimum</strong></span> <span class='ocrx_word' id='word_1_617' title='bbox 3883 2452 4052 2516; x_wconf 83' lang='lat' dir='ltr'><strong>septi-</strong></span> 
     </span>
    </p>
   </div>
   <div class='ocr_carea' id='block_1_86' title="bbox 2436 2537 4052 2596">
    <p class='ocr_par' dir='ltr' id='par_1_86' title="bbox 2436 2537 4052 2596">
     <span class='ocr_line' id='line_1_86' title="bbox 2436 2537 4052 2596; baseline 0.002 -5"><span class='ocrx_word' id='word_1_618' title='bbox 2436 2557 2571 2591; x_wconf 87' lang='lat' dir='ltr'><strong>mam</strong></span> <span class='ocrx_word' id='word_1_619' title='bbox 2594 2540 2790 2594; x_wconf 79' lang='lat' dir='ltr'><strong>Martii.</strong></span> <span class='ocrx_word' id='word_1_620' title='bbox 2821 2541 3146 2594; x_wconf 79' lang='lat' dir='ltr'><strong>Anuotantur</strong></span> <span class='ocrx_word' id='word_1_621' title='bbox 3171 2544 3320 2594; x_wconf 89' lang='lat' dir='ltr'><strong>etiam</strong></span> <span class='ocrx_word' id='word_1_622' title='bbox 3349 2544 3455 2596; x_wconf 79' lang='lat' dir='ltr'><strong>ludi</strong></span> <span class='ocrx_word' id='word_1_623' title='bbox 3479 2537 3546 2595; x_wconf 79' lang='lat' dir='ltr'><strong>ad</strong></span> <span class='ocrx_word' id='word_1_624' title='bbox 3565 2539 3791 2593; x_wconf 85' lang='lat' dir='ltr'><strong>ultimam</strong></span> <span class='ocrx_word' id='word_1_625' title='bbox 3811 2539 4052 2594; x_wconf 78' lang='lat' dir='ltr'><strong>Februa-</strong></span> 
     </span>
    </p>
   </div>
   <div class='ocr_carea' id='block_1_87' title="bbox 2438 2630 4049 2705">
    <p class='ocr_par' dir='ltr' id='par_1_87' title="bbox 2438 2630 4049 2705">
     <span class='ocr_line' id='line_1_87' title="bbox 2438 2630 4049 2705; baseline 0.006 -23"><span class='ocrx_word' id='word_1_626' title='bbox 2438 2631 2503 2682; x_wconf 88' lang='lat' dir='ltr'><strong>rii</strong></span> <span class='ocrx_word' id='word_1_627' title='bbox 2524 2671 2537 2695; x_wconf 92' lang='lat'><strong>,</strong></span> <span class='ocrx_word' id='word_1_628' title='bbox 2581 2630 2635 2683; x_wconf 87' lang='lat' dir='ltr'><strong>id</strong></span> <span class='ocrx_word' id='word_1_629' title='bbox 2671 2631 2808 2700; x_wconf 87' lang='lat' dir='ltr'><strong>quod</strong></span> <span class='ocrx_word' id='word_1_630' title='bbox 2836 2632 2904 2685; x_wconf 87' lang='lat' dir='ltr'><strong>ad</strong></span> <span class='ocrx_word' id='word_1_631' title='bbox 2932 2649 3123 2685; x_wconf 87' lang='lat' dir='ltr'><strong>annum</strong></span> <span class='ocrx_word' id='word_1_632' title='bbox 3153 2633 3257 2687; x_wconf 82' lang='grc'>596</span> <span class='ocrx_word' id='word_1_633' title='bbox 3285 2637 3532 2701; x_wconf 83' lang='lat' dir='ltr'><strong>pertinere</strong></span> <span class='ocrx_word' id='word_1_634' title='bbox 3557 2642 3732 2704; x_wconf 84' lang='lat' dir='ltr'><strong>potest,</strong></span> <span class='ocrx_word' id='word_1_635' title='bbox 3774 2648 3891 2705; x_wconf 84' lang='lat' dir='ltr'><strong>quo,</strong></span> <span class='ocrx_word' id='word_1_636' title='bbox 3923 2653 4049 2692; x_wconf 84' lang='lat' dir='ltr'><strong>cum</strong></span> 
     </span>
    </p>
   </div>
   <div class='ocr_carea' id='block_1_88' title="bbox 2438 2719 4051 2798">
    <p class='ocr_par' dir='ltr' id='par_1_88' title="bbox 2438 2719 4051 2798">
     <span class='ocr_line' id='line_1_88' title="bbox 2438 2719 4051 2798; baseline 0.005 -25"><span class='ocrx_word' id='word_1_637' title='bbox 2438 2719 2643 2774; x_wconf 77' lang='lat' dir='ltr'><strong>Pascha</strong></span> <span class='ocrx_word' id='word_1_638' title='bbox 2673 2723 2915 2777; x_wconf 86' lang='lat' dir='ltr'><strong>incideret</strong></span> <span class='ocrx_word' id='word_1_639' title='bbox 2944 2724 2995 2776; x_wconf 87' lang='lat' dir='ltr'><strong>in</strong></span> <span class='ocrx_word' id='word_1_640' title='bbox 3022 2724 3266 2777; x_wconf 85' lang='lat' dir='ltr'><strong>decimam</strong></span> <span class='ocrx_word' id='word_1_641' title='bbox 3294 2726 3494 2778; x_wconf 87' lang='lat' dir='ltr'><strong>tertiam</strong></span> <span class='ocrx_word' id='word_1_642' title='bbox 3528 2727 3718 2798; x_wconf 76' lang='lat' dir='ltr'><strong>Aprilis</strong></span> <span class='ocrx_word' id='word_1_643' title='bbox 3743 2769 3757 2792; x_wconf 93' lang='lat'><strong>,</strong></span> <span class='ocrx_word' id='word_1_644' title='bbox 3800 2730 4051 2797; x_wconf 82' lang='lat' dir='ltr'><strong>vigesima</strong></span> 
     </span>
    </p>
   </div>
   <div class='ocr_carea' id='block_1_89' title="bbox 2438 2813 4050 2890">
    <p class='ocr_par' dir='ltr' id='par_1_89' title="bbox 2438 2813 4050 2890">
     <span class='ocr_line' id='line_1_89' title="bbox 2438 2813 4050 2890; baseline 0.006 -24"><span class='ocrx_word' id='word_1_645' title='bbox 2438 2831 2576 2867; x_wconf 90' lang='lat' dir='ltr'><strong>nona</strong></span> <span class='ocrx_word' id='word_1_646' title='bbox 2605 2813 2869 2869; x_wconf 75' lang='lat' dir='ltr'><strong>Februarii</strong></span> <span class='ocrx_word' id='word_1_647' title='bbox 2900 2818 3226 2871; x_wconf 85' lang='lat' dir='ltr'><strong>concurrebat</strong></span> <span class='ocrx_word' id='word_1_648' title='bbox 3257 2835 3369 2871; x_wconf 88' lang='lat' dir='ltr'><strong>cum</strong></span> <span class='ocrx_word' id='word_1_649' title='bbox 3407 2821 3537 2889; x_wconf 88' lang='lat' dir='ltr'><strong>feria</strong></span> <span class='ocrx_word' id='word_1_650' title='bbox 3568 2831 3710 2873; x_wconf 75' lang='lat' dir='ltr'><strong>sexta</strong></span> <span class='ocrx_word' id='word_1_651' title='bbox 3739 2823 3917 2890; x_wconf 73' lang='lat' dir='ltr'><strong>prima:</strong></span> <span class='ocrx_word' id='word_1_652' title='bbox 3947 2826 4050 2876; x_wconf 83' lang='lat' dir='ltr'><strong>he-</strong></span> 
     </span>
    </p>
   </div>
   <div class='ocr_carea' id='block_1_90' title="bbox 2437 2903 4052 2976">
    <p class='ocr_par' dir='ltr' id='par_1_90' title="bbox 2437 2903 4052 2976">
     <span class='ocr_line' id='line_1_90' title="bbox 2437 2903 4052 2976; baseline 0.005 -18"><span class='ocrx_word' id='word_1_653' title='bbox 2437 2903 2702 2958; x_wconf 87' lang='lat' dir='ltr'><strong>bdomadis</strong></span> <span class='ocrx_word' id='word_1_654' title='bbox 2743 2906 3178 2976; x_wconf 69' lang='lat' dir='ltr'><strong>Quadragesimaz.</strong></span> <span class='ocrx_word' id='word_1_655' title='bbox 3225 2908 3310 2962; x_wconf 77' lang='lat' dir='ltr'><strong>Ea:</strong></span> <span class='ocrx_word' id='word_1_656' title='bbox 3347 2910 3455 2963; x_wconf 85' lang='lat' dir='ltr'><strong>istis</strong></span> <span class='ocrx_word' id='word_1_657' title='bbox 3494 2926 3607 2963; x_wconf 83' lang='lat' dir='ltr'><strong>vero</strong></span> <span class='ocrx_word' id='word_1_658' title='bbox 3656 2911 3848 2965; x_wconf 86' lang='lat' dir='ltr'><strong>duobus</strong></span> <span class='ocrx_word' id='word_1_659' title='bbox 3891 2915 4052 2968; x_wconf 79' lang='lat' dir='ltr'><strong>armis</strong></span> 
     </span>
    </p>
   </div>
   <div class='ocr_carea' id='block_1_91' title="bbox 2437 2995 4052 3076">
    <p class='ocr_par' dir='ltr' id='par_1_91' title="bbox 2437 2995 4052 3076">
     <span class='ocr_line' id='line_1_91' title="bbox 2437 2995 4052 3076; baseline 0.005 -30"><span class='ocrx_word' id='word_1_660' title='bbox 2437 2995 2822 3065; x_wconf 78' lang='lat' dir='ltr'><strong>anteferendum</strong></span> <span class='ocrx_word' id='word_1_661' title='bbox 2853 2996 3086 3050; x_wconf 75' lang='lat' dir='ltr'><strong>ducimus</strong></span> <span class='ocrx_word' id='word_1_662' title='bbox 3113 3015 3304 3050; x_wconf 89' lang='lat' dir='ltr'><strong>annum</strong></span> <span class='ocrx_word' id='word_1_663' title='bbox 3327 3001 3450 3065; x_wconf 75' lang='grc'>595,</span> <span class='ocrx_word' id='word_1_664' title='bbox 3471 3003 3588 3066; x_wconf 83' lang='lat' dir='ltr'><strong>quia</strong></span> <span class='ocrx_word' id='word_1_665' title='bbox 3613 3012 3846 3071; x_wconf 86' lang='lat' dir='ltr'><strong>putamus</strong></span> <span class='ocrx_word' id='word_1_666' title='bbox 3875 3003 4052 3076; x_wconf 77' lang='lat' dir='ltr'><strong>Chry-</strong></span> 
     </span>
    </p>
   </div>
   <div class='ocr_carea' id='block_1_92' title="bbox 2437 3088 4047 3150">
    <p class='ocr_par' dir='ltr' id='par_1_92' title="bbox 2437 3088 4047 3150">
     <span class='ocr_line' id='line_1_92' title="bbox 2437 3088 4047 3150; baseline 0.006 -11"><span class='ocrx_word' id='word_1_667' title='bbox 2437 3098 2715 3140; x_wconf 79' lang='lat' dir='ltr'><strong>sostomum</strong></span> <span class='ocrx_word' id='word_1_668' title='bbox 2754 3104 2888 3141; x_wconf 88' lang='lat' dir='ltr'><strong>anno</strong></span> <span class='ocrx_word' id='word_1_669' title='bbox 2928 3089 3032 3143; x_wconf 77' lang='lat'><strong>596</strong></span> <span class='ocrx_word' id='word_1_670' title='bbox 3063 3088 3316 3143; x_wconf 86' lang='lat' dir='ltr'><strong>Ilomilias</strong></span> <span class='ocrx_word' id='word_1_671' title='bbox 3346 3091 3408 3142; x_wconf 83' lang='lat' dir='ltr'><strong>de</strong></span> <span class='ocrx_word' id='word_1_672' title='bbox 3449 3091 3751 3145; x_wconf 70' lang='lat' dir='ltr'><strong>Paruitentia</strong></span> <span class='ocrx_word' id='word_1_673' title='bbox 3784 3095 4047 3150; x_wconf 77' lang='lat' dir='ltr'><strong>habuisse.</strong></span> 
     </span>
    </p>
   </div>
   <div class='ocr_carea' id='block_1_93' title="bbox 2441 3177 4053 3254">
    <p class='ocr_par' dir='ltr' id='par_1_93' title="bbox 2441 3177 4053 3254">
     <span class='ocr_line' id='line_1_93' title="bbox 2441 3177 4053 3254; baseline 0.007 -26"><span class='ocrx_word' id='word_1_674' title='bbox 2441 3177 2634 3241; x_wconf 80' lang='lat' dir='ltr'><strong>Quibus</strong></span> <span class='ocrx_word' id='word_1_675' title='bbox 2675 3177 2743 3230; x_wconf 88' lang='lat' dir='ltr'><strong>ita</strong></span> <span class='ocrx_word' id='word_1_676' title='bbox 2785 3180 3068 3234; x_wconf 82' lang='lat' dir='ltr'><strong>constitutis</strong></span> <span class='ocrx_word' id='word_1_677' title='bbox 3096 3180 3204 3232; x_wconf 87' lang='lat' dir='ltr'><strong>ludi</strong></span> <span class='ocrx_word' id='word_1_678' title='bbox 3230 3181 3472 3235; x_wconf 84' lang='lat' dir='ltr'><strong>circenses</strong></span> <span class='ocrx_word' id='word_1_679' title='bbox 3499 3183 3592 3242; x_wconf 84' lang='lat' dir='ltr'><strong>illi,</strong></span> <span class='ocrx_word' id='word_1_680' title='bbox 3627 3185 3688 3236; x_wconf 87' lang='lat' dir='ltr'><strong>de.</strong></span> <span class='ocrx_word' id='word_1_681' title='bbox 3714 3185 3890 3253; x_wconf 85' lang='lat' dir='ltr'><strong>quibus</strong></span> <span class='ocrx_word' id='word_1_682' title='bbox 3920 3203 4053 3254; x_wconf 82' lang='lat' dir='ltr'><strong>quc-</strong></span> 
     </span>
    </p>
   </div>
   <div class='ocr_carea' id='block_1_94' title="bbox 2438 3268 4052 3346">
    <p class='ocr_par' dir='ltr' id='par_1_94' title="bbox 2438 3268 4052 3346">
     <span class='ocr_line' id='line_1_94' title="bbox 2438 3268 4052 3346; baseline 0.008 -26"><span class='ocrx_word' id='word_1_683' title='bbox 2438 3269 2569 3321; x_wconf 87' lang='lat' dir='ltr'><strong>ritur</strong></span> <span class='ocrx_word' id='word_1_684' title='bbox 2605 3268 2992 3339; x_wconf 78' lang='lat' dir='ltr'><strong>Cht&#39;gsostomus</strong></span> <span class='ocrx_word' id='word_1_685' title='bbox 3020 3271 3229 3324; x_wconf 88' lang='lat' dir='ltr'><strong>homilia</strong></span> <span class='ocrx_word' id='word_1_686' title='bbox 3255 3273 3317 3326; x_wconf 67' lang='lat' dir='ltr'><strong>bl</strong></span> <span class='ocrx_word' id='word_1_687' title='bbox 3344 3315 3357 3335; x_wconf 94' lang='lat'><strong>,</strong></span> <span class='ocrx_word' id='word_1_688' title='bbox 3387 3290 3499 3342; x_wconf 83' lang='lat' dir='ltr'><strong>qua:</strong></span> <span class='ocrx_word' id='word_1_689' title='bbox 3528 3277 3686 3328; x_wconf 88' lang='lat' dir='ltr'><strong>tribus</strong></span> <span class='ocrx_word' id='word_1_690' title='bbox 3712 3288 3822 3346; x_wconf 82' lang='lat' dir='ltr'><strong>post</strong></span> <span class='ocrx_word' id='word_1_691' title='bbox 3855 3277 4052 3333; x_wconf 70' lang='lat' dir='ltr'><strong>Parte-</strong></span> 
     </span>
    </p>
   </div>
   <div class='ocr_carea' id='block_1_95' title="bbox 2439 3358 4051 3436">
    <p class='ocr_par' dir='ltr' id='par_1_95' title="bbox 2439 3358 4051 3436">
     <span class='ocr_line' id='line_1_95' title="bbox 2439 3358 4051 3436; baseline 0.007 -25"><span class='ocrx_word' id='word_1_692' title='bbox 2439 3368 2609 3412; x_wconf 86' lang='lat' dir='ltr'><strong>costen</strong></span> <span class='ocrx_word' id='word_1_693' title='bbox 2661 3358 3056 3414; x_wconf 84' lang='lat' dir='ltr'><strong>hebdomadibus</strong></span> <span class='ocrx_word' id='word_1_694' title='bbox 3102 3361 3270 3414; x_wconf 87' lang='lat' dir='ltr'><strong>habita</strong></span> <span class='ocrx_word' id='word_1_695' title='bbox 3307 3371 3398 3424; x_wconf 83' lang='lat' dir='ltr'><strong>est,</strong></span> <span class='ocrx_word' id='word_1_696' title='bbox 3441 3365 3495 3416; x_wconf 85' lang='lat' dir='ltr'><strong>id</strong></span> <span class='ocrx_word' id='word_1_697' title='bbox 3537 3375 3627 3430; x_wconf 85' lang='lat' dir='ltr'><strong>est,</strong></span> <span class='ocrx_word' id='word_1_698' title='bbox 3663 3369 3792 3436; x_wconf 90' lang='lat' dir='ltr'><strong>forte</strong></span> <span class='ocrx_word' id='word_1_699' title='bbox 3834 3369 4051 3423; x_wconf 85' lang='lat' dir='ltr'><strong>sabbato</strong></span> 
     </span>
    </p>
   </div>
   <div class='ocr_carea' id='block_1_96' title="bbox 2440 3449 4054 3526">
    <p class='ocr_par' dir='ltr' id='par_1_96' title="bbox 2440 3449 4054 3526">
     <span class='ocr_line' id='line_1_96' title="bbox 2440 3449 4054 3526; baseline 0.006 -22"><span class='ocrx_word' id='word_1_700' title='bbox 2440 3449 2517 3504; x_wconf 70' lang='grc'><strong>41</strong></span> <span class='ocrx_word' id='word_1_701' title='bbox 2529 3452 2652 3515; x_wconf 90' lang='lat' dir='ltr'><strong>unii,</strong></span> <span class='ocrx_word' id='word_1_702' title='bbox 2679 3452 2722 3505; x_wconf 85' lang='lat' dir='ltr'><strong>si</strong></span> <span class='ocrx_word' id='word_1_703' title='bbox 2757 3467 2869 3504; x_wconf 79' lang='lat' dir='ltr'><strong>rere</strong></span> <span class='ocrx_word' id='word_1_704' title='bbox 2902 3453 3035 3505; x_wconf 86' lang='lat' dir='ltr'><strong>dicta</strong></span> <span class='ocrx_word' id='word_1_705' title='bbox 3064 3453 3126 3505; x_wconf 89' lang='lat' dir='ltr'><strong>sit</strong></span> <span class='ocrx_word' id='word_1_706' title='bbox 3165 3470 3300 3508; x_wconf 86' lang='lat' dir='ltr'><strong>anno</strong></span> <span class='ocrx_word' id='word_1_707' title='bbox 3338 3456 3477 3519; x_wconf 79' lang='lat'><strong>595;</strong></span> <span class='ocrx_word' id='word_1_708' title='bbox 3524 3457 3652 3520; x_wconf 87' lang='lat' dir='ltr'><strong>ludi,</strong></span> <span class='ocrx_word' id='word_1_709' title='bbox 3687 3459 3905 3526; x_wconf 79' lang='lat' dir='ltr'><strong>inquam,</strong></span> <span class='ocrx_word' id='word_1_710' title='bbox 3941 3464 4054 3513; x_wconf 86' lang='lat' dir='ltr'><strong>cir-</strong></span> 
     </span>
    </p>
   </div>
   <div class='ocr_carea' id='block_1_97' title="bbox 2439 3544 4052 3617">
    <p class='ocr_par' dir='ltr' id='par_1_97' title="bbox 2439 3544 4052 3617">
     <span class='ocr_line' id='line_1_97' title="bbox 2439 3544 4052 3617; baseline 0.006 -21"><span class='ocrx_word' id='word_1_711' title='bbox 2439 3559 2607 3596; x_wconf 85' lang='lat' dir='ltr'><strong>censes</strong></span> <span class='ocrx_word' id='word_1_712' title='bbox 2629 3585 2642 3609; x_wconf 90' lang='lat'><strong>,</strong></span> <span class='ocrx_word' id='word_1_713' title='bbox 2683 3544 2760 3595; x_wconf 86' lang='lat' dir='ltr'><strong>illi</strong></span> <span class='ocrx_word' id='word_1_714' title='bbox 2790 3547 3006 3614; x_wconf 81' lang='lat' dir='ltr'><strong>fortasse</strong></span> <span class='ocrx_word' id='word_1_715' title='bbox 3032 3556 3193 3609; x_wconf 88' lang='lat' dir='ltr'><strong>erant,</strong></span> <span class='ocrx_word' id='word_1_716' title='bbox 3217 3547 3304 3615; x_wconf 86' lang='lat' dir='ltr'><strong>qui</strong></span> <span class='ocrx_word' id='word_1_717' title='bbox 3333 3547 3400 3599; x_wconf 91' lang='lat' dir='ltr'><strong>ad</strong></span> <span class='ocrx_word' id='word_1_718' title='bbox 3443 3549 3658 3617; x_wconf 86' lang='lat' dir='ltr'><strong>primam</strong></span> <span class='ocrx_word' id='word_1_719' title='bbox 3690 3550 3833 3604; x_wconf 83' lang='lat' dir='ltr'><strong>istius</strong></span> <span class='ocrx_word' id='word_1_720' title='bbox 3856 3555 4052 3606; x_wconf 87' lang='lat' dir='ltr'><strong>mensis</strong></span> 
     </span>
    </p>
   </div>
   <div class='ocr_carea' id='block_1_98' title="bbox 2440 3633 4050 3710">
    <p class='ocr_par' dir='ltr' id='par_1_98' title="bbox 2440 3633 4050 3710">
     <span class='ocr_line' id='line_1_98' title="bbox 2440 3633 4050 3710; baseline 0.006 -24"><span class='ocrx_word' id='word_1_721' title='bbox 2440 3634 2572 3687; x_wconf 87' lang='lat' dir='ltr'><strong>diem</strong></span> <span class='ocrx_word' id='word_1_722' title='bbox 2598 3642 2859 3687; x_wconf 88' lang='lat' dir='ltr'><strong>notantur.</strong></span> <span class='ocrx_word' id='word_1_723' title='bbox 2901 3633 3087 3688; x_wconf 80' lang='lat' dir='ltr'><strong>Verum</strong></span> <span class='ocrx_word' id='word_1_724' title='bbox 3124 3637 3230 3689; x_wconf 76' lang='lat' dir='ltr'><strong>ha&#39;c</strong></span> <span class='ocrx_word' id='word_1_725' title='bbox 3270 3654 3370 3690; x_wconf 87' lang='lat' dir='ltr'><strong>non</strong></span> <span class='ocrx_word' id='word_1_726' title='bbox 3412 3649 3463 3690; x_wconf 90' lang='lat' dir='ltr'><strong>ut</strong></span> <span class='ocrx_word' id='word_1_727' title='bbox 3504 3656 3608 3691; x_wconf 83' lang='lat' dir='ltr'><strong>rem</strong></span> <span class='ocrx_word' id='word_1_728' title='bbox 3653 3640 3969 3710; x_wconf 67' lang='lat' dir='ltr'><strong>exploratam</strong></span> <span class='ocrx_word' id='word_1_729' title='bbox 4001 3656 4050 3698; x_wconf 86' lang='lat' dir='ltr'><strong>et</strong></span> 
     </span>
    </p>
   </div>
   <div class='ocr_carea' id='block_1_99' title="bbox 2441 3727 4050 3797">
    <p class='ocr_par' dir='ltr' id='par_1_99' title="bbox 2441 3727 4050 3797">
     <span class='ocr_line' id='line_1_99' title="bbox 2441 3727 4050 3797; baseline 0.007 -20"><span class='ocrx_word' id='word_1_730' title='bbox 2441 3735 2628 3778; x_wconf 89' lang='lat' dir='ltr'><strong>certum</strong></span> <span class='ocrx_word' id='word_1_731' title='bbox 2656 3727 2836 3779; x_wconf 87' lang='lat' dir='ltr'><strong>damus</strong></span> <span class='ocrx_word' id='word_1_732' title='bbox 2869 3743 2887 3780; x_wconf 89' lang='lat'><strong><em>:</em></strong></span> <span class='ocrx_word' id='word_1_733' title='bbox 2919 3743 3035 3780; x_wconf 89' lang='lat' dir='ltr'><strong>cum</strong></span> <span class='ocrx_word' id='word_1_734' title='bbox 3061 3730 3279 3782; x_wconf 73' lang='lat' dir='ltr'><strong>maxime</strong></span> <span class='ocrx_word' id='word_1_735' title='bbox 3300 3730 3585 3797; x_wconf 78' lang='lat' dir='ltr'><strong>ignoremus</strong></span> <span class='ocrx_word' id='word_1_736' title='bbox 3612 3742 3782 3786; x_wconf 87' lang='lat' dir='ltr'><strong>utrum</strong></span> <span class='ocrx_word' id='word_1_737' title='bbox 3804 3734 3898 3787; x_wconf 86' lang='lat' dir='ltr'><strong>hoc</strong></span> <span class='ocrx_word' id='word_1_738' title='bbox 3928 3734 4050 3789; x_wconf 74' lang='grc' dir='ltr'><strong>Κα-</strong></span> 
     </span>
    </p>
   </div>
   <div class='ocr_carea' id='block_1_100' title="bbox 2442 3817 4053 3888">
    <p class='ocr_par' dir='ltr' id='par_1_100' title="bbox 2442 3817 4053 3888">
     <span class='ocr_line' id='line_1_100' title="bbox 2442 3817 4053 3888; baseline 0.007 -20"><span class='ocrx_word' id='word_1_739' title='bbox 2442 3817 2724 3870; x_wconf 82' lang='lat' dir='ltr'><strong>lendariunt</strong></span> <span class='ocrx_word' id='word_1_740' title='bbox 2749 3827 2863 3872; x_wconf 88' lang='lat' dir='ltr'><strong>tunc</strong></span> <span class='ocrx_word' id='word_1_741' title='bbox 2884 3820 3121 3887; x_wconf 86' lang='lat' dir='ltr'><strong>temporis</strong></span> <span class='ocrx_word' id='word_1_742' title='bbox 3142 3819 3424 3875; x_wconf 78' lang='lat' dir='ltr'><strong>Antiochia:</strong></span> <span class='ocrx_word' id='word_1_743' title='bbox 3441 3821 3491 3874; x_wconf 89' lang='lat' dir='ltr'><strong>in</strong></span> <span class='ocrx_word' id='word_1_744' title='bbox 3514 3839 3609 3876; x_wconf 88' lang='lat' dir='ltr'><strong>usu</strong></span> <span class='ocrx_word' id='word_1_745' title='bbox 3625 3833 3772 3888; x_wconf 85' lang='lat' dir='ltr'><strong>esset,</strong></span> <span class='ocrx_word' id='word_1_746' title='bbox 3805 3842 3895 3878; x_wconf 86' lang='lat' dir='ltr'><strong>nec</strong></span> <span class='ocrx_word' id='word_1_747' title='bbox 3916 3829 4053 3880; x_wconf 86' lang='lat' dir='ltr'><strong>scia-</strong></span> 
     </span>
    </p>
   </div>
   <div class='ocr_carea' id='block_1_101' title="bbox 2448 3910 4053 3973">
    <p class='ocr_par' dir='ltr' id='par_1_101' title="bbox 2448 3910 4053 3973">
     <span class='ocr_line' id='line_1_101' title="bbox 2448 3910 4053 3973; baseline 0.009 -16"><span class='ocrx_word' id='word_1_748' title='bbox 2448 3924 2558 3960; x_wconf 87' lang='lat' dir='ltr'><strong>mus</strong></span> <span class='ocrx_word' id='word_1_749' title='bbox 2581 3919 2748 3960; x_wconf 89' lang='lat' dir='ltr'><strong>utrum</strong></span> <span class='ocrx_word' id='word_1_750' title='bbox 2774 3910 2880 3961; x_wconf 88' lang='lat' dir='ltr'><strong>ludi</strong></span> <span class='ocrx_word' id='word_1_751' title='bbox 2906 3927 3076 3971; x_wconf 84' lang='lat' dir='ltr'><strong>onmes</strong></span> <span class='ocrx_word' id='word_1_752' title='bbox 3099 3912 3398 3964; x_wconf 86' lang='lat' dir='ltr'><strong>circensium</strong></span> <span class='ocrx_word' id='word_1_753' title='bbox 3417 3929 3592 3967; x_wconf 88' lang='lat' dir='ltr'><strong>cursus</strong></span> <span class='ocrx_word' id='word_1_754' title='bbox 3615 3916 3921 3973; x_wconf 79' lang='lat' dir='ltr'><strong>exhiberent.</strong></span> <span class='ocrx_word' id='word_1_755' title='bbox 3947 3918 4053 3972; x_wconf 73' lang='lat' dir='ltr'><strong>Pu-</strong></span> 
     </span>
    </p>
   </div>
   <div class='ocr_carea' id='block_1_102' title="bbox 2444 3998 4053 4063">
    <p class='ocr_par' dir='ltr' id='par_1_102' title="bbox 2444 3998 4053 4063">
     <span class='ocr_line' id='line_1_102' title="bbox 2444 3998 4053 4063; baseline 0.009 -15"><span class='ocrx_word' id='word_1_756' title='bbox 2444 4005 2608 4049; x_wconf 88' lang='lat' dir='ltr'><strong>terant</strong></span> <span class='ocrx_word' id='word_1_757' title='bbox 2631 3998 2745 4050; x_wconf 83' lang='lat' dir='ltr'><strong>item</strong></span> <span class='ocrx_word' id='word_1_758' title='bbox 2773 4000 2879 4050; x_wconf 88' lang='lat' dir='ltr'><strong>ludi</strong></span> <span class='ocrx_word' id='word_1_759' title='bbox 2899 3999 3138 4052; x_wconf 86' lang='lat' dir='ltr'><strong>celebrari</strong></span> <span class='ocrx_word' id='word_1_760' title='bbox 3165 4013 3510 4055; x_wconf 86' lang='lat' dir='ltr'><strong>nonconsuelo</strong></span> <span class='ocrx_word' id='word_1_761' title='bbox 3531 4005 3725 4058; x_wconf 88' lang='lat' dir='ltr'><strong>ordine.</strong></span> <span class='ocrx_word' id='word_1_762' title='bbox 3757 4005 3870 4059; x_wconf 89' lang='lat' dir='ltr'><strong>lmo</strong></span> <span class='ocrx_word' id='word_1_763' title='bbox 3893 4011 4053 4063; x_wconf 79' lang='lat' dir='ltr'><strong>etiam</strong></span> 
     </span>
    </p>
   </div>
   <div class='ocr_carea' id='block_1_103' title="bbox 2443 4089 4053 4167">
    <p class='ocr_par' dir='ltr' id='par_1_103' title="bbox 2443 4089 4053 4167">
     <span class='ocr_line' id='line_1_103' title="bbox 2443 4089 4053 4167; baseline 0.007 -27"><span class='ocrx_word' id='word_1_764' title='bbox 2443 4089 2550 4140; x_wconf 89' lang='lat' dir='ltr'><strong>ludi</strong></span> <span class='ocrx_word' id='word_1_765' title='bbox 2580 4099 2885 4142; x_wconf 84' lang='lat' dir='ltr'><strong>annotantur</strong></span> <span class='ocrx_word' id='word_1_766' title='bbox 2904 4091 2972 4142; x_wconf 91' lang='lat' dir='ltr'><strong>ad</strong></span> <span class='ocrx_word' id='word_1_767' title='bbox 2991 4091 3341 4144; x_wconf 89' lang='lat' dir='ltr'><strong>duodecimam</strong></span> <span class='ocrx_word' id='word_1_768' title='bbox 3361 4093 3494 4146; x_wconf 82' lang='lat' dir='ltr'><strong>dicat</strong></span> <span class='ocrx_word' id='word_1_769' title='bbox 3519 4094 3805 4163; x_wconf 71' lang='lat' dir='ltr'><strong>Februarii,</strong></span> <span class='ocrx_word' id='word_1_770' title='bbox 3836 4101 4053 4167; x_wconf 73' lang='lat' dir='ltr'><strong>perinde</strong></span> 
     </span>
    </p>
   </div>
   <div class='ocr_carea' id='block_1_104' title="bbox 2442 4180 4052 4255">
    <p class='ocr_par' dir='ltr' id='par_1_104' title="bbox 2442 4180 4052 4255">
     <span class='ocr_line' id='line_1_104' title="bbox 2442 4180 4052 4255; baseline 0.011 -25"><span class='ocrx_word' id='word_1_771' title='bbox 2442 4191 2588 4248; x_wconf 87' lang='lat' dir='ltr'><strong>atque</strong></span> <span class='ocrx_word' id='word_1_772' title='bbox 2618 4180 2684 4231; x_wconf 87' lang='lat' dir='ltr'><strong>ad</strong></span> <span class='ocrx_word' id='word_1_773' title='bbox 2720 4182 3073 4245; x_wconf 84' lang='lat' dir='ltr'><strong>undecimam;</strong></span> <span class='ocrx_word' id='word_1_774' title='bbox 3116 4183 3271 4236; x_wconf 87' lang='lat' dir='ltr'><strong>ita-ut</strong></span> <span class='ocrx_word' id='word_1_775' title='bbox 3294 4225 3306 4248; x_wconf 90' lang='lat'><strong>,</strong></span> <span class='ocrx_word' id='word_1_776' title='bbox 3341 4201 3455 4236; x_wconf 89' lang='lat' dir='ltr'><strong>cum</strong></span> <span class='ocrx_word' id='word_1_777' title='bbox 3497 4185 3881 4255; x_wconf 78' lang='lat' dir='ltr'><strong>Chrysostomus</strong></span> <span class='ocrx_word' id='word_1_778' title='bbox 3927 4193 4052 4246; x_wconf 76' lang='lat' dir='ltr'><strong>alts-</strong></span> 
     </span>
    </p>
   </div>
   <div class='ocr_carea' id='block_1_105' title="bbox 2443 4272 4038 4349">
    <p class='ocr_par' dir='ltr' id='par_1_105' title="bbox 2443 4272 4038 4349">
     <span class='ocr_line' id='line_1_105' title="bbox 2443 4272 4038 4349; baseline 0.009 -27"><span class='ocrx_word' id='word_1_779' title='bbox 2443 4281 2590 4323; x_wconf 87' lang='lat' dir='ltr'><strong>terret</strong></span> <span class='ocrx_word' id='word_1_780' title='bbox 2617 4288 2697 4324; x_wconf 85' lang='lat' dir='ltr'><strong>cos</strong></span> <span class='ocrx_word' id='word_1_781' title='bbox 2720 4272 2807 4340; x_wconf 88' lang='lat' dir='ltr'><strong>qui</strong></span> <span class='ocrx_word' id='word_1_782' title='bbox 2837 4273 2968 4326; x_wconf 80' lang='lat' dir='ltr'><strong>circa</strong></span> <span class='ocrx_word' id='word_1_783' title='bbox 2993 4275 3281 4343; x_wconf 76' lang='lat' dir='ltr'><strong>adfuerant,</strong></span> <span class='ocrx_word' id='word_1_784' title='bbox 3307 4276 3538 4330; x_wconf 76' lang='lat' dir='ltr'><strong>videatur</strong></span> <span class='ocrx_word' id='word_1_785' title='bbox 3564 4295 3764 4332; x_wconf 86' lang='lat' dir='ltr'><strong>monere</strong></span> <span class='ocrx_word' id='word_1_786' title='bbox 3783 4280 4038 4349; x_wconf 82' lang='lat' dir='ltr'><strong>debuisse,</strong></span> 
     </span>
    </p>
   </div>
   <div class='ocr_carea' id='block_1_106' title="bbox 2441 4363 4058 4442">
    <p class='ocr_par' dir='ltr' id='par_1_106' title="bbox 2441 4363 4058 4442">
     <span class='ocr_line' id='line_1_106' title="bbox 2441 4363 4058 4442; baseline 0.007 -26"><span class='ocrx_word' id='word_1_787' title='bbox 2441 4363 2665 4433; x_wconf 81' lang='lat' dir='ltr'><strong>sequenti</strong></span> <span class='ocrx_word' id='word_1_788' title='bbox 2697 4365 2777 4415; x_wconf 89' lang='lat' dir='ltr'><strong>die</strong></span> <span class='ocrx_word' id='word_1_789' title='bbox 2810 4363 3128 4434; x_wconf 58' lang='lat' dir='ltr'><strong>exploratum</strong></span> <span class='ocrx_word' id='word_1_790' title='bbox 3155 4371 3264 4434; x_wconf 88' lang='lat' dir='ltr'><strong>fore</strong></span> <span class='ocrx_word' id='word_1_791' title='bbox 3289 4384 3410 4419; x_wconf 83' lang='lat' dir='ltr'><strong>num</strong></span> <span class='ocrx_word' id='word_1_792' title='bbox 3441 4370 3644 4422; x_wconf 76' lang='lat' dir='ltr'><strong>monitis</strong></span> <span class='ocrx_word' id='word_1_793' title='bbox 3665 4371 3769 4423; x_wconf 85' lang='lat' dir='ltr'><strong>suis</strong></span> <span class='ocrx_word' id='word_1_794' title='bbox 3789 4372 4058 4442; x_wconf 85' lang='lat' dir='ltr'><strong>obtempe-</strong></span> 
     </span>
    </p>
   </div>
   <div class='ocr_carea' id='block_1_107' title="bbox 2444 4453 4060 4526">
    <p class='ocr_par' dir='ltr' id='par_1_107' title="bbox 2444 4453 4060 4526">
     <span class='ocr_line' id='line_1_107' title="bbox 2444 4453 4060 4526; baseline 0.008 -22"><span class='ocrx_word' id='word_1_795' title='bbox 2444 4464 2656 4507; x_wconf 87' lang='lat' dir='ltr'><strong>rassent.</strong></span> <span class='ocrx_word' id='word_1_796' title='bbox 2695 4453 2878 4507; x_wconf 76' lang='lat' dir='ltr'><strong>Verum</strong></span> <span class='ocrx_word' id='word_1_797' title='bbox 2904 4456 2958 4519; x_wconf 91' lang='lat' dir='ltr'><strong>ii,</strong></span> <span class='ocrx_word' id='word_1_798' title='bbox 2987 4457 3071 4524; x_wconf 89' lang='lat' dir='ltr'><strong>qui</strong></span> <span class='ocrx_word' id='word_1_799' title='bbox 3098 4457 3393 4510; x_wconf 84' lang='lat' dir='ltr'><strong>duodecimo</strong></span> <span class='ocrx_word' id='word_1_800' title='bbox 3417 4459 3497 4510; x_wconf 90' lang='lat' dir='ltr'><strong>die</strong></span> <span class='ocrx_word' id='word_1_801' title='bbox 3517 4460 3911 4526; x_wconf 86' lang='lat' dir='ltr'><strong>celebrabantur,</strong></span> <span class='ocrx_word' id='word_1_802' title='bbox 3944 4481 4060 4518; x_wconf 86' lang='lat' dir='ltr'><strong>nou</strong></span> 
     </span>
    </p>
   </div>
   <div class='ocr_carea' id='block_1_108' title="bbox 2447 4546 4054 4615">
    <p class='ocr_par' dir='ltr' id='par_1_108' title="bbox 2447 4546 4054 4615">
     <span class='ocr_line' id='line_1_108' title="bbox 2447 4546 4054 4615; baseline 0.006 -18"><span class='ocrx_word' id='word_1_803' title='bbox 2447 4554 2588 4597; x_wconf 89' lang='lat' dir='ltr'><strong>erant</strong></span> <span class='ocrx_word' id='word_1_804' title='bbox 2617 4549 2746 4615; x_wconf 86' lang='lat' dir='ltr'><strong>forte</strong></span> <span class='ocrx_word' id='word_1_805' title='bbox 2771 4546 3013 4598; x_wconf 82' lang='lat' dir='ltr'><strong>circenses</strong></span> <span class='ocrx_word' id='word_1_806' title='bbox 3044 4562 3061 4599; x_wconf 94' lang='lat'><strong><em>:</em></strong></span> <span class='ocrx_word' id='word_1_807' title='bbox 3101 4565 3218 4600; x_wconf 88' lang='lat' dir='ltr'><strong>nam</strong></span> <span class='ocrx_word' id='word_1_808' title='bbox 3253 4547 3320 4600; x_wconf 89' lang='lat' dir='ltr'><strong>ibi</strong></span> <span class='ocrx_word' id='word_1_809' title='bbox 3364 4548 3723 4603; x_wconf 83' lang='lat' dir='ltr'><strong>Calendarium</strong></span> <span class='ocrx_word' id='word_1_810' title='bbox 3745 4568 3843 4604; x_wconf 86' lang='lat' dir='ltr'><strong>non</strong></span> <span class='ocrx_word' id='word_1_811' title='bbox 3873 4564 4054 4607; x_wconf 81' lang='lat' dir='ltr'><strong>nutum</strong></span> 
     </span>
    </p>
   </div>
   <div class='ocr_carea' id='block_1_109' title="bbox 2448 4636 4058 4714">
    <p class='ocr_par' dir='ltr' id='par_1_109' title="bbox 2448 4636 4058 4714">
     <span class='ocr_line' id='line_1_109' title="bbox 2448 4636 4058 4714; baseline 0.007 -27"><span class='ocrx_word' id='word_1_812' title='bbox 2448 4636 2594 4688; x_wconf 86' lang='lat' dir='ltr'><strong>habet</strong></span> <span class='ocrx_word' id='word_1_813' title='bbox 2635 4639 2788 4690; x_wconf 75' lang='lat' dir='ltr'><strong>(lout.</strong></span> <span class='ocrx_word' id='word_1_814' title='bbox 2829 4637 3042 4706; x_wconf 81' lang='lat' dir='ltr'><strong>XXIIII,</strong></span> <span class='ocrx_word' id='word_1_815' title='bbox 3073 4639 3126 4690; x_wconf 89' lang='lat' dir='ltr'><strong>id</strong></span> <span class='ocrx_word' id='word_1_816' title='bbox 3169 4649 3274 4703; x_wconf 89' lang='lat' dir='ltr'><strong>est,</strong></span> <span class='ocrx_word' id='word_1_817' title='bbox 3307 4640 3654 4696; x_wconf 68' lang='lat' dir='ltr'><strong>Connnisurm</strong></span> <span class='ocrx_word' id='word_1_818' title='bbox 3688 4643 3851 4697; x_wconf 83' lang='lat' dir='ltr'><strong>XXIV</strong></span> <span class='ocrx_word' id='word_1_819' title='bbox 3887 4661 3898 4695; x_wconf 76' lang='grc' dir='ltr'>ι</span> <span class='ocrx_word' id='word_1_820' title='bbox 3933 4662 4058 4714; x_wconf 68' lang='lat' dir='ltr'><strong>qui:</strong></span> 
     </span>
    </p>
   </div>
   <div class='ocr_carea' id='block_1_110' title="bbox 2447 4727 4056 4807">
    <p class='ocr_par' dir='ltr' id='par_1_110' title="bbox 2447 4727 4056 4807">
     <span class='ocr_line' id='line_1_110' title="bbox 2447 4727 4056 4807; baseline 0.009 -27"><span class='ocrx_word' id='word_1_821' title='bbox 2447 4727 2643 4780; x_wconf 73' lang='lat' dir='ltr'><strong>videtur</strong></span> <span class='ocrx_word' id='word_1_822' title='bbox 2663 4727 2785 4780; x_wconf 89' lang='lat' dir='ltr'><strong>mihi</strong></span> <span class='ocrx_word' id='word_1_823' title='bbox 2814 4743 2919 4782; x_wconf 86' lang='lat' dir='ltr'><strong>esse</strong></span> <span class='ocrx_word' id='word_1_824' title='bbox 2945 4740 3064 4781; x_wconf 88' lang='lat' dir='ltr'><strong>nota</strong></span> <span class='ocrx_word' id='word_1_825' title='bbox 3086 4729 3319 4783; x_wconf 86' lang='lat' dir='ltr'><strong>ludorum</strong></span> <span class='ocrx_word' id='word_1_826' title='bbox 3350 4733 3668 4786; x_wconf 85' lang='lat' dir='ltr'><strong>circensium.</strong></span> <span class='ocrx_word' id='word_1_827' title='bbox 3710 4734 3814 4788; x_wconf 85' lang='lat' dir='ltr'><strong>Illa</strong></span> <span class='ocrx_word' id='word_1_828' title='bbox 3851 4754 4056 4807; x_wconf 65' lang='lat' dir='ltr'><strong>quoque</strong></span> 
     </span>
    </p>
   </div>
   <div class='ocr_carea' id='block_1_111' title="bbox 2450 4821 4055 4900">
    <p class='ocr_par' dir='ltr' id='par_1_111' title="bbox 2450 4821 4055 4900">
     <span class='ocr_line' id='line_1_111' title="bbox 2450 4821 4055 4900; baseline 0.004 -27"><span class='ocrx_word' id='word_1_829' title='bbox 2450 4832 2567 4874; x_wconf 89' lang='lat' dir='ltr'><strong>nota</strong></span> <span class='ocrx_word' id='word_1_830' title='bbox 2591 4823 2705 4876; x_wconf 83' lang='lat' dir='ltr'><strong>Cm.</strong></span> <span class='ocrx_word' id='word_1_831' title='bbox 2732 4821 2945 4888; x_wconf 86' lang='lat' dir='ltr'><strong>XXIIII,</strong></span> <span class='ocrx_word' id='word_1_832' title='bbox 2965 4833 3011 4876; x_wconf 88' lang='lat' dir='ltr'><strong>et</strong></span> <span class='ocrx_word' id='word_1_833' title='bbox 3037 4823 3154 4876; x_wconf 86' lang='lat' dir='ltr'><strong>Cm.</strong></span> <span class='ocrx_word' id='word_1_834' title='bbox 3179 4823 3294 4889; x_wconf 80' lang='lat' dir='ltr'><strong>XII,</strong></span> <span class='ocrx_word' id='word_1_835' title='bbox 3313 4825 3528 4877; x_wconf 79' lang='lat' dir='ltr'><strong>occurrit</strong></span> <span class='ocrx_word' id='word_1_836' title='bbox 3556 4829 3622 4877; x_wconf 88' lang='lat' dir='ltr'><strong>ad</strong></span> <span class='ocrx_word' id='word_1_837' title='bbox 3643 4845 3845 4889; x_wconf 86' lang='lat' dir='ltr'><strong>nonam,</strong></span> <span class='ocrx_word' id='word_1_838' title='bbox 3868 4831 4055 4900; x_wconf 71' lang='lat' dir='ltr'><strong>vigesi-</strong></span> 
     </span>
    </p>
   </div>
   <div class='ocr_carea' id='block_1_112' title="bbox 2449 4916 4056 4987">
    <p class='ocr_par' dir='ltr' id='par_1_112' title="bbox 2449 4916 4056 4987">
     <span class='ocr_line' id='line_1_112' title="bbox 2449 4916 4056 4987; baseline 0.009 -22"><span class='ocrx_word' id='word_1_839' title='bbox 2449 4931 2581 4967; x_wconf 87' lang='lat' dir='ltr'><strong>mam</strong></span> <span class='ocrx_word' id='word_1_840' title='bbox 2604 4916 2830 4983; x_wconf 86' lang='lat' dir='ltr'><strong>quintam</strong></span> <span class='ocrx_word' id='word_1_841' title='bbox 2854 4927 2897 4968; x_wconf 87' lang='lat' dir='ltr'><strong>et</strong></span> <span class='ocrx_word' id='word_1_842' title='bbox 2920 4918 3210 4987; x_wconf 73' lang='lat' dir='ltr'><strong>vigesimum</strong></span> <span class='ocrx_word' id='word_1_843' title='bbox 3239 4919 3501 4987; x_wconf 84' lang='lat' dir='ltr'><strong>septimam</strong></span> <span class='ocrx_word' id='word_1_844' title='bbox 3533 4920 3799 4974; x_wconf 82' lang='lat' dir='ltr'><strong>Februarii</strong></span> <span class='ocrx_word' id='word_1_845' title='bbox 3828 4939 3845 4975; x_wconf 92' lang='lat'><em>:</em></span> <span class='ocrx_word' id='word_1_846' title='bbox 3876 4941 4056 4979; x_wconf 84' lang='lat' dir='ltr'><strong>verum.</strong></span> 
     </span>
    </p>
   </div>
   <div class='ocr_carea' id='block_1_113' title="bbox 2450 5006 4057 5087">
    <p class='ocr_par' dir='ltr' id='par_1_113' title="bbox 2450 5006 4057 5087">
     <span class='ocr_line' id='line_1_113' title="bbox 2450 5006 4057 5087; baseline 0.009 -31"><span class='ocrx_word' id='word_1_847' title='bbox 2450 5006 2503 5058; x_wconf 89' lang='lat' dir='ltr'><strong>hi</strong></span> <span class='ocrx_word' id='word_1_848' title='bbox 2532 5007 2636 5060; x_wconf 87' lang='lat' dir='ltr'><strong>dies</strong></span> <span class='ocrx_word' id='word_1_849' title='bbox 2667 5024 2728 5059; x_wconf 89' lang='lat' dir='ltr'><strong>nc</strong></span> <span class='ocrx_word' id='word_1_850' title='bbox 2757 5025 2846 5078; x_wconf 81' lang='lat' dir='ltr'><strong>per</strong></span> <span class='ocrx_word' id='word_1_851' title='bbox 2872 5017 3030 5061; x_wconf 87' lang='lat' dir='ltr'><strong>totum</strong></span> <span class='ocrx_word' id='word_1_852' title='bbox 3051 5009 3254 5079; x_wconf 85' lang='lat' dir='ltr'><strong>quidem</strong></span> <span class='ocrx_word' id='word_1_853' title='bbox 3278 5021 3471 5078; x_wconf 86' lang='lat' dir='ltr'><strong>tempus</strong></span> <span class='ocrx_word' id='word_1_854' title='bbox 3490 5053 3504 5076; x_wconf 91' lang='lat'><strong>,</strong></span> <span class='ocrx_word' id='word_1_855' title='bbox 3534 5030 3634 5082; x_wconf 90' lang='lat' dir='ltr'><strong>quo</strong></span> <span class='ocrx_word' id='word_1_856' title='bbox 3668 5015 3923 5085; x_wconf 75' lang='lat' dir='ltr'><strong>presbyter</strong></span> <span class='ocrx_word' id='word_1_857' title='bbox 3949 5021 4057 5087; x_wconf 83' lang='lat' dir='ltr'><strong>fuit</strong></span> 
     </span>
    </p>
   </div>
   <div class='ocr_carea' id='block_1_114' title="bbox 2450 5095 4055 5171">
    <p class='ocr_par' dir='ltr' id='par_1_114' title="bbox 2450 5095 4055 5171">
     <span class='ocr_line' id='line_1_114' title="bbox 2450 5095 4055 5171; baseline 0.01 -21"><span class='ocrx_word' id='word_1_858' title='bbox 2450 5095 2876 5167; x_wconf 80' lang='lat' dir='ltr'><strong>Cltrgsostomus,</strong></span> <span class='ocrx_word' id='word_1_859' title='bbox 2925 5101 2979 5152; x_wconf 86' lang='lat' dir='ltr'><strong>in</strong></span> <span class='ocrx_word' id='word_1_860' title='bbox 3023 5100 3204 5169; x_wconf 84' lang='lat' dir='ltr'><strong>feriam</strong></span> <span class='ocrx_word' id='word_1_861' title='bbox 3251 5111 3444 5154; x_wconf 73' lang='lat' dir='ltr'><strong>sextam</strong></span> <span class='ocrx_word' id='word_1_862' title='bbox 3494 5107 3673 5171; x_wconf 75' lang='lat' dir='ltr'><strong>pritnce</strong></span> <span class='ocrx_word' id='word_1_863' title='bbox 3719 5108 4055 5167; x_wconf 83' lang='lat' dir='ltr'><strong>hebdomadis</strong></span> 
     </span>
    </p>
   </div>
   <div class='ocr_carea' id='block_1_115' title="bbox 2454 5189 4058 5258">
    <p class='ocr_par' dir='ltr' id='par_1_115' title="bbox 2454 5189 4058 5258">
     <span class='ocr_line' id='line_1_115' title="bbox 2454 5189 4058 5258; baseline 0.011 -18"><span class='ocrx_word' id='word_1_864' title='bbox 2454 5189 2870 5258; x_wconf 78' lang='lat' dir='ltr'><strong>Quadragesimw</strong></span> <span class='ocrx_word' id='word_1_865' title='bbox 2888 5189 3138 5242; x_wconf 83' lang='lat' dir='ltr'><strong>incidunt.</strong></span> <span class='ocrx_word' id='word_1_866' title='bbox 3169 5189 3272 5244; x_wconf 85' lang='lat' dir='ltr'><strong>Illa</strong></span> <span class='ocrx_word' id='word_1_867' title='bbox 3303 5203 3422 5244; x_wconf 91' lang='lat' dir='ltr'><strong>nota</strong></span> <span class='ocrx_word' id='word_1_868' title='bbox 3450 5193 3570 5247; x_wconf 82' lang='lat' dir='ltr'><strong>Cm.</strong></span> <span class='ocrx_word' id='word_1_869' title='bbox 3599 5196 3666 5248; x_wconf 92' lang='lat' dir='ltr'><strong>ad</strong></span> <span class='ocrx_word' id='word_1_870' title='bbox 3693 5198 3919 5251; x_wconf 89' lang='lat' dir='ltr'><strong>ultimam</strong></span> <span class='ocrx_word' id='word_1_871' title='bbox 3949 5200 4058 5256; x_wconf 83' lang='lat' dir='ltr'><strong>Fc-</strong></span> 
     </span>
    </p>
   </div>
   <div class='ocr_carea' id='block_1_116' title="bbox 2453 5281 3975 5353">
    <p class='ocr_par' dir='ltr' id='par_1_116' title="bbox 2453 5281 3975 5353">
     <span class='ocr_line' id='line_1_116' title="bbox 2453 5281 3975 5353; baseline 0.009 -19"><span class='ocrx_word' id='word_1_872' title='bbox 2453 5281 2643 5334; x_wconf 86' lang='lat' dir='ltr'><strong>bruarii</strong></span> <span class='ocrx_word' id='word_1_873' title='bbox 2675 5299 2773 5334; x_wconf 91' lang='lat' dir='ltr'><strong>non</strong></span> <span class='ocrx_word' id='word_1_874' title='bbox 2801 5283 3004 5352; x_wconf 83' lang='lat' dir='ltr'><strong>ponitur</strong></span> <span class='ocrx_word' id='word_1_875' title='bbox 3022 5324 3037 5349; x_wconf 91' lang='lat'><strong>,</strong></span> <span class='ocrx_word' id='word_1_876' title='bbox 3068 5301 3167 5353; x_wconf 89' lang='lat' dir='ltr'><strong>quo</strong></span> <span class='ocrx_word' id='word_1_877' title='bbox 3189 5286 3338 5338; x_wconf 88' lang='lat' dir='ltr'><strong>etiam</strong></span> <span class='ocrx_word' id='word_1_878' title='bbox 3364 5287 3652 5342; x_wconf 71' lang='lat' dir='ltr'><strong>excluditur</strong></span> <span class='ocrx_word' id='word_1_879' title='bbox 3666 5309 3826 5345; x_wconf 88' lang='lat' dir='ltr'><strong>annus</strong></span> <span class='ocrx_word' id='word_1_880' title='bbox 3848 5294 3975 5348; x_wconf 83' lang='grc'>596.</span> 
     </span>
    </p>
   </div>
   <div class='ocr_carea' id='block_1_117' title="bbox 2525 5373 4061 5456">
    <p class='ocr_par' dir='ltr' id='par_1_117' title="bbox 2525 5373 4061 5456">
     <span class='ocr_line' id='line_1_117' title="bbox 2525 5373 4061 5456; baseline 0.012 -31"><span class='ocrx_word' id='word_1_881' title='bbox 2525 5373 2638 5426; x_wconf 80' lang='grc' dir='ltr'><strong>ΛΙἱο</strong></span> <span class='ocrx_word' id='word_1_882' title='bbox 2684 5375 2800 5426; x_wconf 86' lang='lat' dir='ltr'><strong>item</strong></span> <span class='ocrx_word' id='word_1_883' title='bbox 2836 5386 3130 5445; x_wconf 89' lang='lat' dir='ltr'><strong>argumento</strong></span> <span class='ocrx_word' id='word_1_884' title='bbox 3171 5376 3470 5431; x_wconf 87' lang='lat' dir='ltr'><strong>abducimur</strong></span> <span class='ocrx_word' id='word_1_885' title='bbox 3495 5396 3556 5434; x_wconf 90' lang='lat' dir='ltr'><strong>ne</strong></span> <span class='ocrx_word' id='word_1_886' title='bbox 3580 5384 3862 5450; x_wconf 75' lang='lat' dir='ltr'><strong>(nini-596,</strong></span> <span class='ocrx_word' id='word_1_887' title='bbox 3904 5403 4061 5456; x_wconf 80' lang='lat' dir='ltr'><strong>quem</strong></span> 
     </span>
    </p>
   </div>
   <div class='ocr_carea' id='block_1_118' title="bbox 2454 5467 4058 5544">
    <p class='ocr_par' dir='ltr' id='par_1_118' title="bbox 2454 5467 4058 5544">
     <span class='ocr_line' id='line_1_118' title="bbox 2454 5467 4058 5544; baseline 0.011 -28"><span class='ocrx_word' id='word_1_888' title='bbox 2454 5467 2770 5536; x_wconf 85' lang='lat' dir='ltr'><strong>assignamus</strong></span> <span class='ocrx_word' id='word_1_889' title='bbox 2796 5507 2809 5528; x_wconf 92' lang='lat'><strong>,</strong></span> <span class='ocrx_word' id='word_1_890' title='bbox 2852 5477 2995 5521; x_wconf 86' lang='lat' dir='ltr'><strong>notas</strong></span> <span class='ocrx_word' id='word_1_891' title='bbox 3025 5485 3132 5522; x_wconf 88' lang='lat' dir='ltr'><strong>esse</strong></span> <span class='ocrx_word' id='word_1_892' title='bbox 3157 5479 3320 5523; x_wconf 87' lang='lat' dir='ltr'><strong>certas</strong></span> <span class='ocrx_word' id='word_1_893' title='bbox 3346 5482 3578 5541; x_wconf 88' lang='lat' dir='ltr'><strong>putemus</strong></span> <span class='ocrx_word' id='word_1_894' title='bbox 3608 5490 3627 5528; x_wconf 92' lang='lat'><strong><em>:</em></strong></span> <span class='ocrx_word' id='word_1_895' title='bbox 3649 5477 3782 5544; x_wconf 88' lang='lat' dir='ltr'><strong>quod</strong></span> <span class='ocrx_word' id='word_1_896' title='bbox 3823 5477 4058 5534; x_wconf 80' lang='lat' dir='ltr'><strong>videlicet</strong></span> 
     </span>
    </p>
   </div>
   <div class='ocr_carea' id='block_1_119' title="bbox 2456 5558 4061 5638">
    <p class='ocr_par' dir='ltr' id='par_1_119' title="bbox 2456 5558 4061 5638">
     <span class='ocr_line' id='line_1_119' title="bbox 2456 5558 4061 5638; baseline 0.011 -30"><span class='ocrx_word' id='word_1_897' title='bbox 2456 5572 2555 5609; x_wconf 88' lang='lat' dir='ltr'><strong>non</strong></span> <span class='ocrx_word' id='word_1_898' title='bbox 2590 5558 2792 5610; x_wconf 87' lang='lat' dir='ltr'><strong>omnino</strong></span> <span class='ocrx_word' id='word_1_899' title='bbox 2819 5560 3136 5628; x_wconf 63' lang='lat' dir='ltr'><strong>exploratum</strong></span> <span class='ocrx_word' id='word_1_900' title='bbox 3161 5562 3224 5614; x_wconf 88' lang='lat' dir='ltr'><strong>sit</strong></span> <span class='ocrx_word' id='word_1_901' title='bbox 3249 5572 3444 5616; x_wconf 77' lang='lat' dir='ltr'><strong>sextam</strong></span> <span class='ocrx_word' id='word_1_902' title='bbox 3470 5564 3729 5619; x_wconf 81' lang='lat' dir='ltr'><strong>hontiliam</strong></span> <span class='ocrx_word' id='word_1_903' title='bbox 3756 5570 3882 5638; x_wconf 89' lang='lat' dir='ltr'><strong>feria</strong></span> <span class='ocrx_word' id='word_1_904' title='bbox 3907 5580 4061 5627; x_wconf 69' lang='lat' dir='ltr'><strong>sexta</strong></span> 
     </span>
    </p>
   </div>
   <div class='ocr_carea' id='block_1_120' title="bbox 2457 5646 4061 5720">
    <p class='ocr_par' dir='ltr' id='par_1_120' title="bbox 2457 5646 4061 5720">
     <span class='ocr_line' id='line_1_120' title="bbox 2457 5646 4061 5720; baseline 0.012 -22"><span class='ocrx_word' id='word_1_905' title='bbox 2457 5646 2675 5700; x_wconf 88' lang='lat' dir='ltr'><strong>habitam</strong></span> <span class='ocrx_word' id='word_1_906' title='bbox 2719 5651 2891 5715; x_wconf 87' lang='lat' dir='ltr'><strong>fuisse.</strong></span> <span class='ocrx_word' id='word_1_907' title='bbox 2936 5649 3062 5701; x_wconf 84' lang='lat' dir='ltr'><strong>Cum</strong></span> <span class='ocrx_word' id='word_1_908' title='bbox 3102 5652 3231 5703; x_wconf 84' lang='lat' dir='ltr'><strong>enim</strong></span> <span class='ocrx_word' id='word_1_909' title='bbox 3271 5654 3539 5708; x_wconf 87' lang='lat' dir='ltr'><strong>undecima</strong></span> <span class='ocrx_word' id='word_1_910' title='bbox 3579 5657 3785 5712; x_wconf 89' lang='lat' dir='ltr'><strong>sabbato</strong></span> <span class='ocrx_word' id='word_1_911' title='bbox 3817 5659 4061 5720; x_wconf 64' lang='lat' dir='ltr'><strong>sectandae</strong></span> 
     </span>
    </p>
   </div>
   <div class='ocr_carea' id='block_1_121' title="bbox 2461 5737 4059 5818">
    <p class='ocr_par' dir='ltr' id='par_1_121' title="bbox 2461 5737 4059 5818">
     <span class='ocr_line' id='line_1_121' title="bbox 2461 5737 4059 5818; baseline 0.011 -30"><span class='ocrx_word' id='word_1_912' title='bbox 2461 5737 2788 5792; x_wconf 84' lang='lat' dir='ltr'><strong>hebdomadis</strong></span> <span class='ocrx_word' id='word_1_913' title='bbox 2815 5740 2953 5794; x_wconf 89' lang='lat' dir='ltr'><strong>haud</strong></span> <span class='ocrx_word' id='word_1_914' title='bbox 2985 5741 3135 5795; x_wconf 89' lang='lat' dir='ltr'><strong>dubie</strong></span> <span class='ocrx_word' id='word_1_915' title='bbox 3159 5743 3293 5795; x_wconf 87' lang='lat' dir='ltr'><strong>dicta</strong></span> <span class='ocrx_word' id='word_1_916' title='bbox 3323 5744 3493 5814; x_wconf 79' lang='lat' dir='ltr'><strong>fuerit,</strong></span> <span class='ocrx_word' id='word_1_917' title='bbox 3516 5764 3578 5800; x_wconf 70' lang='lat' dir='ltr'><strong>cx</strong></span> <span class='ocrx_word' id='word_1_918' title='bbox 3598 5749 3832 5802; x_wconf 74' lang='lat' dir='ltr'><strong>tredecim</strong></span> <span class='ocrx_word' id='word_1_919' title='bbox 3859 5769 4059 5818; x_wconf 57' lang='lat' dir='ltr'><strong>prace-</strong></span> 
     </span>
    </p>
   </div>
  </div>
