4264 6306
291 360 388 418 ‘37
1133 358 1138 362 '
1466 341 1647 400 NUNC.
1685 339 1943 396 PRIMUM
1983 342 2378 402 ADORNATA.
2827 360 2832 363 '
3494 345 3586 398 ‘35

289 475 521 527 dentibus
546 470 742 538 diebus,
775 466 1061 537 incipiendo
1093 483 1122 518 a
1153 463 1419 518 Dominica
1439 469 1555 512 ante
1580 458 1879 529 Quadrage-

265 567 488 628 -u'mant,
518 563 570 617 in
596 580 695 638 qua
716 562 882 634 prima
916 558 1122 612 ltontilia
1148 555 1321 609 habita
1347 553 1464 622 fuit,
1493 559 1590 604 tres
1616 549 1886 603 certissime

290 655 414 721 dies,
435 666 524 710 aut
554 656 795 709 concione
812 653 958 706 vacui
982 655 1142 724 fuere,
1168 657 1254 702 aut
1285 644 1547 700 conciones
1579 640 1796 695 habuere
1821 640 1887 692 ad

288 747 433 798 aliud
461 753 812 816 argumentum
839 743 1162 812 pertinentes,
1193 738 1268 791 vel
1289 738 1333 792 si
1363 734 1584 804 ejusdem
1607 731 1889 802 argumenti

287 837 500 906 fuerint,
525 846 656 889 certe
675 835 789 906 jant
820 832 1126 903 deperditus.
1155 829 1308 898 Atqui
1336 837 1434 881 tres
1459 827 1538 880 illi
1558 825 1665 878 dies
1687 822 1889 876 nonnisi

287 937 406 980 ante
439 927 666 997 quintam
685 967 697 986 ,
732 925 806 978 vel
832 923 1100 987 decimam,
1130 920 1208 973 vel
1241 915 1557 972 undecimam
1586 915 1741 992 statui
1768 911 1888 982 pos-

288 1026 429 1080 sunt,
469 1016 588 1085 quia
628 1013 745 1066 alite
783 1027 953 1065 omnes
989 1011 1300 1065 continenter
1328 1017 1373 1060 et
1415 1023 1517 1059 una
1538 1005 1734 1057 dierum
1761 1002 1889 1056 serie

288 1106 442 1158 dictce
466 1116 600 1158 sunt.
627 1102 713 1157 Ea:
737 1103 872 1156 hisce
893 1116 1044 1171 porro
1073 1099 1230 1154 tribus
1255 1114 1387 1151 unus
1405 1097 1582 1150 saltem
1603 1096 1735 1148 inter
1755 1093 1892 1148 deci-

288 1214 426 1251 mam
455 1206 502 1250 et
527 1196 845 1249 undecimam
877 1191 1291 1246 constituendus:
1322 1190 1404 1260 qui
1427 1190 1558 1241 enim
1594 1187 1767 1256 pransi
1796 1187 1890 1239 de-

286 1291 439 1342 cima:
461 1288 754 1359 adfuerant,
783 1303 884 1340 non
919 1286 1100 1357 feriant
1125 1296 1341 1351 sextam,
1367 1293 1420 1335 ut
1446 1282 1647 1336 credere
1671 1290 1764 1348 est,
1798 1279 1889 1333 de-

287 1381 538 1449 legerunt,
570 1387 623 1431 ut
633 1377 891 1448 jejunium
916 1375 1182 1430 solverent.

367 1472 636 1524 Hactenus
664 1470 704 1524 Τ
713 1469 1038 1524 illemoutius
1065 1485 1077 1520 :
1103 1465 1193 1521 ubi
1217 1466 1472 1522 observes
1492 1474 1690 1534 quanto
1707 1462 1890 1518 labore

287 1578 356 1618 ac
382 1562 558 1617 studio
583 1563 658 1616 uti
686 1562 841 1630 solet,
871 1561 988 1616 illas
1013 1559 1267 1630 temporis
1295 1565 1446 1611 notas
1486 1556 1555 1610 sit
1601 1569 1890 1624 persequu-

291 1663 378 1707 tus
426 1663 730 1722 quantaque
771 1649 1050 1720 prudentia
1089 1665 1118 1703 a
1157 1647 1357 1717 judicio
1401 1645 1642 1700 absolute
1670 1644 1890 1698 ferendo

289 1743 576 1798 abstineat.
634 1741 830 1796 Contra
881 1741 1027 1795 illam
1056 1753 1182 1793 vero
1223 1736 1562 1800 sententiam,
1613 1751 1772 1804 quam
1806 1735 1892 1788 ille

293 1831 506 1887 hazrens
531 1841 585 1888 et
607 1831 957 1886 subdubitans
971 1829 1328 1900 amplectitur,
1352 1827 1444 1881 alii
1464 1835 1516 1881 et
1540 1827 1759 1880 fortasse
1782 1841 1894 1880 ma-

284 1925 438 1993 jores
464 1931 685 1992 possunt
713 1921 946 1991 scrupuli
975 1919 1220 1991 proferri.
1248 1917 1626 1972 Kalendarium
1659 1917 1799 1970 enim
1829 1915 1887 1969 il-

291 2016 385 2070 Iud
419 2015 715 2069 Romanum
738 2013 1070 2069 Constantini
1096 2009 1266 2080 Magni
1297 2022 1438 2063 anno
1468 2008 1574 2063 59.5
1598 2049 1612 2074 ,
1643 2016 1700 2061 tit
1729 2008 1894 2061 fertur

291 2108 352 2162 in
377 2106 546 2170 titulo,
579 2105 780 2159 editum
813 2094 866 2158 ei.
893 2119 922 2157 a
954 2101 1170 2157 Pctavio
1198 2101 1519 2172 publicatum
1553 2099 1602 2151 in
1633 2097 1894 2153 Uranolo-

251 2200 384 2267 ,εἰη
415 2214 466 2267 p.
500 2197 601 2251 ΗΞ).
621 2237 634 2262 ,
666 2197 924 2251 incertum
953 2203 1035 2249 est
1060 2210 1127 2247 an
1159 2193 1298 2246 idem
1325 2190 1581 2245 manserit
1623 2191 1687 2243 ad
1725 2205 1894 2259 usque

293 2292 457 2344 finem
488 2289 668 2344 smculi
703 2289 873 2359 quarti
913 2303 926 2340 :
961 2288 1069 2341 imo
1110 2295 1313 2340 eertum
1356 2283 1566 2338 videtur
1613 2284 1665 2336 in
1713 2282 1894 2337 multis

288 2383 484 2438 saltem
515 2390 776 2452 mutatum
806 2379 966 2436 fuisse
991 2398 1002 2433 :
1032 2394 1157 2433 nam
1186 2377 1480 2434 secundum
1513 2375 1748 2446 profanae
1779 2377 1895 2447 plu-

291 2476 430 2528 rium
461 2475 680 2528 deorum
713 2472 980 2543 religionis
1001 2475 1159 2526 ritum
1189 2471 1564 2526 concinnatum
1587 2479 1668 2525 est
1690 2479 1891 2524 totum:

288 2571 382 2640 qui
413 2569 558 2640 impii
589 2569 722 2622 ritus
751 2567 967 2622 demum
997 2565 1098 2619 sub
1127 2563 1431 2619 Theodosio
1472 2563 1662 2632 Magno
1697 2561 1892 2616 sublati

287 2668 438 2712 sunt.
469 2659 549 2712 Ad
577 2659 690 2712 lucc
717 2667 924 2712 eertum
950 2656 1162 2710 videtur
1189 2655 1348 2708 urbes
1379 2653 1496 2707 illas
1527 2653 1672 2708 orbis
1702 2653 1892 2722 praci-

290 2766 447 2821 puas,
474 2752 647 2821 qualis
684 2760 800 2806 erat
841 2748 1143 2816 Antiochia,
1181 2761 1306 2801 suos
1345 2755 1435 2800 aut
1464 2747 1673 2816 aliquos
1703 2746 1890 2800 saltem

287 2844 392 2898 sibi
419 2844 662 2913 proprios
696 2841 946 2895 habuisse
974 2841 1126 2902 ritus,
1149 2849 1407 2909 quantum
1439 2837 1506 2891 ad
1540 2838 1690 2891 ludos
1711 2847 1766 2891 et
1791 2837 1892 2891 alia

292 2936 346 2990 in
373 2935 710 2989 Kalendariis
738 2932 967 2988 adscribi
996 2931 1148 2986 solita
1180 2948 1192 2984 :
1222 2945 1328 3000 quo
1359 2930 1531 3000 posito
1560 2929 1683 2999 quid
1715 2943 1895 2999 possu-

289 3044 412 3089 tuus
444 3043 508 3082 ex
540 3025 860 3080 Kalendario
895 3023 1138 3078 Romano
1176 3023 1317 3076 circa
1354 3021 1718 3076 Antiochenos
1759 3021 1894 3075 ritus

291 3119 566 3208 smtuercf?
609 3117 761 3185 Quod
806 3130 935 3171 vero
982 3115 1177 3169 dicitur
1218 3112 1604 3184 querimoniam
1651 3111 1892 3182 Chryso-

290 3211 453 3265 stomi
484 3201 633 3262 initio
661 3207 893 3261 bomiliae
921 3213 1087 3260 sextae
1118 3218 1222 3258 non
1246 3211 1490 3272 spectare
1511 3203 1663 3257 ludos
1686 3201 1897 3257 Gottbi-

290 3318 406 3365 eos.
439 3303 489 3355 id
520 3311 665 3356 certe
690 3299 975 3354 divinando
998 3298 1101 3351 dici
1128 3296 1356 3351 videtur.
1388 3295 1518 3360 Quis
1538 3295 1679 3348 enim
1708 3296 1807 3348 scit
1829 3310 1894 3347 an

292 3395 347 3447 in
394 3389 534 3446 ludis
578 3391 861 3454 Gotthicis,
889 3389 1078 3443 saltem
1109 3387 1160 3440 in
1192 3401 1378 3442 eorum
1409 3385 1748 3454 quibusdam,
1775 3399 1897 3438 eur-

291 3501 385 3539 sns
405 3499 662 3553 equorum
685 3481 1060 3537 adhiberetur?
1092 3489 1145 3533 at
1169 3489 1353 3534 contra
1381 3478 1684 3546 hujusmodi
1707 3492 1896 3531 cursus

293 3585 438 3629 totus
473 3584 553 3629 est
584 3573 998 3642 Chrysoslomus
1025 3572 1076 3624 in
1109 3569 1324 3624 homilia
1355 3578 1526 3624 sexta.
1561 3570 1778 3622 Demum
1813 3578 1895 3622 ως

295 3667 449 3721 bulas
475 3664 776 3730 Paschales,
796 3664 944 3732 queis
967 3663 1050 3716 ba:
1072 3677 1258 3716 omnes
1283 3661 1605 3731 conjectura:
1634 3661 1892 3726 nituntur,

291 3756 581 3826 aliquando
627 3755 840 3808 fallaces
880 3768 998 3808 esse
1037 3767 1194 3821 supra
1238 3752 1597 3821 probavimus.
1639 3751 1749 3805 Nec
1791 3761 1894 3804 tam

294 3847 577 3917 perspicue
602 3847 800 3900 scimus
830 3854 1007 3900 utrum
1038 3843 1180 3898 circa
1213 3842 1627 3896 celebrationem
1655 3841 1892 3906 Pasehae,

296 3941 457 3993 ritum
488 3936 902 3990 Alexandrinum
930 3941 1210 3989 servarent
1241 3933 1581 3987 Antiocbetti.
1624 3933 1690 3985 lis
1719 3934 1894 3985 omni-

296 4029 396 4082 bus
425 4028 602 4096 itaque
633 4026 929 4096 perpensis,
962 4025 1221 4079 fateamur
1252 4039 1472 4078 necesse
1499 4033 1601 4088 cst,
1632 4024 1893 4077 incertum

299 4133 519 4188 prorsus
545 4133 664 4171 esse
689 4133 793 4188 quo
819 4131 960 4169 anno
991 4117 1088 4168 bos
1117 4116 1166 4168 in
1198 4114 1449 4169 Genesim
1483 4129 1760 4168 sermones
1793 4115 1896 4166 Au-

299 4209 511 4264 tiochiat
543 4208 785 4261 habuerit
812 4207 1242 4278 (ibrysostomns.
1292 4205 1346 4259 Id
1386 4221 1548 4258 unum
1590 4206 1706 4259 sine
1735 4204 1896 4259 dubio

297 4301 534 4365 scimus,
591 4315 834 4368 magnam
885 4314 1071 4353 eorum
1121 4293 1328 4366 partem
1378 4298 1429 4351 in
1478 4297 1894 4368 Quadragesiuta

296 4391 495 4444 dictam
548 4388 747 4454 fuisse,
798 4389 1047 4458 illamque
1091 4387 1562 4456 Quadragesimatn
1619 4404 1725 4442 non
1777 4402 1896 4442 esse

297 4479 422 4533 anni
461 4478 584 4540 586,
618 4478 667 4531 in
692 4490 942 4547 quaneto
983 4477 1051 4531 ab
1092 4467 1172 4531 his
1209 4477 1448 4531 diversos
1478 4478 1659 4532 habuit
1685 4494 1894 4532 Sermo-

300 4586 429 4634 nes;
475 4585 652 4638 neque
690 4570 814 4628 anni
860 4570 984 4635 587,
1017 4585 1174 4638 quam
1226 4586 1358 4638 pene
1400 4579 1560 4624 totam
1607 4569 1659 4624 in
1704 4570 1894 4641 deplo-

302 4660 466 4714 rauda
510 4661 961 4714 Antiochenorum
989 4660 1058 4713 ob
1087 4675 1302 4714 eversas
1343 4670 1544 4714 statuas
1590 4660 1894 4716 calamitate

298 4753 614 4822 absumpsit.

367 4845 532 4899 Certo
556 4854 764 4900 constat
793 4846 952 4900 etiam
984 4845 1180 4900 multas
1209 4847 1340 4900 alias
1370 4846 1564 4901 diversi
1594 4848 1894 4918 argumenti

299 4936 551 4990 habuisse
595 4935 840 4990 homilias
879 4935 1316 5007 Chrysostomum
1354 4937 1656 4992 intermisso
1681 4939 1896 4992 concio-

298 5029 512 5084 ttum'in
533 5027 783 5084 Genesim
809 5046 990 5094 cursu,
1018 5039 1073 5083 ttt
1108 5031 1158 5082 iit
1187 5045 1376 5098 magna
1402 5039 1454 5084 ct
1481 5039 1661 5084 sancta
1692 5029 1894 5085 hebdo-

298 5119 453 5174 mada
483 5118 550 5174 de
573 5119 705 5174 Juda
734 5120 1022 5189 proditore,
1048 5120 1098 5173 in
1121 5120 1378 5174 Paschate
1400 5132 1583 5175 contra
1617 5122 1892 5188 Ebriosus,

300 5221 420 5279 post
470 5210 674 5265 Pascha
717 5211 962 5264 ltOt'lliliaS
1005 5212 1240 5281 quinque
1283 5213 1335 5265 itt
1378 5212 1702 5281 Principium
1733 5214 1895 5269 Acto-

299 5321 438 5366 rum,
467 5314 521 5359 et
551 5302 796 5358 homilias
815 5313 1044 5373 quatuor
1062 5303 1128 5360 de
1149 5304 1437 5360 Mutatione
1461 5307 1752 5360 nominum.
1779 5306 1892 5362 Una

298 5411 428 5449 vero
462 5395 605 5450 serie
650 5394 897 5450 homilias
942 5396 1154 5466 triginta
1189 5396 1322 5451 duas
1355 5396 1408 5449 in
1435 5396 1844 5468 Quadragesitna
1876 5417 1891 5454 :

297 5491 338 5543 si
371 5488 598 5544 alterius
631 5489 926 5559 argumenti
955 5488 1188 5542 homilia:
1218 5489 1478 5558 quaepiam
1511 5489 1650 5544 hunc
1679 5507 1894 5546 cursum

299 5579 788 5650 interpellaverint,
820 5595 897 5634 cae
921 5579 1028 5648 jam
1059 5597 1163 5634 non
1191 5589 1416 5635 exstant.
1451 5581 1638 5650 Operm
1670 5587 1896 5652 pretium

299 5683 473 5726 autem
513 5672 672 5728 fuerit
705 5673 913 5726 illarum
943 5689 1041 5741 per
1059 5671 1896 5742 Quadragcsimambomiliarunt

298 5759 558 5830 ordinent,
590 5773 642 5819 ct
683 5773 880 5834 quanto
914 5765 1095 5834 elapso
1126 5765 1379 5835 temporis
1415 5769 1585 5837 spatio
1613 5770 1710 5823 alia
1735 5772 1890 5829 aliam

1992 471 2212 528 sequuta
2234 462 2322 528 sit,
2350 461 2433 514 hic
2458 461 2636 530 paucis
2658 461 3007 532 perscribere.

2064 551 2240 606 Prima
2271 554 2460 608 concio
2490 553 2629 608 dicta
2664 554 2760 608 fuit
2803 554 3080 609 Dominica
3119 555 3235 620 die,
3267 565 3383 623 qum
3412 556 3583 628 Quin-

1991 645 2313 712 quagesima:
2341 660 2505 715 penes
2533 661 2629 700 nos
2657 655 2895 713 vocatur,
2924 658 3206 717 antequam
3237 649 3582 719 quadragesi-

1994 733 2133 787 tnale
2171 733 2432 804 jejunium
2479 735 2733 802 iniretur;
2780 736 3030 801 secunda,
3070 736 3156 791 die
3199 739 3440 807 sequenti
3479 754 3584 809 qua

1990 823 2252 893 jejunium
2283 826 2668 895 incipiebatur;
2699 827 2851 881 tertia
2883 836 2936 881 et
2962 837 3148 896 quarta
3178 829 3228 882 in
3260 827 3408 884 feriis
3429 831 3584 883 tertia

1994 925 2047 970 et
2075 927 2259 985 quarta
2286 935 2299 970 :
2329 916 2410 971 ha:
2435 918 2774 972 continenter
2798 919 3016 988 singulis
3045 919 3231 973 diebus
3257 919 3411 974 dictae
3438 929 3581 974 sunt.

1997 1005 2258 1062 Incertum
2287 1024 2412 1064 vero
2441 1018 2541 1074 est,
2574 1018 2748 1064 utrum
2795 1009 2936 1067 inter
2976 1019 3216 1080 quartam
3257 1019 3310 1065 et
3345 1013 3584 1082 quintam

1997 1096 2266 1151 homiliam
2310 1097 2484 1169 aliqua
2525 1098 2639 1153 dies
2687 1099 3069 1165 intercesserit,
3097 1101 3466 1156 autconeione
3492 1118 3586 1157 va-

1995 1205 2114 1253 cua,
2145 1200 2235 1245 aut
2268 1190 2334 1244 ad
2371 1191 2513 1245 aliud
2545 1192 2896 1247 concionandi
2921 1179 3290 1263 argumentum
3313 1193 3584 1262 deputata.

1995 1279 2066 1336 Ut
2094 1289 2151 1335 ut
2178 1289 2278 1344 est,
2312 1282 2514 1350 quinta,
2545 1292 2719 1347 sexta,
2754 1283 3002 1352 septima,
3033 1293 3216 1338 octava
3244 1293 3298 1339 et
3323 1301 3458 1338 nona
3488 1285 3586 1338 ho-

1997 1375 2156 1428 milia:
2181 1377 2515 1430 continenter
2541 1375 2764 1445 singulis
2808 1377 2908 1430 sibi
2954 1376 3362 1433 succedentibus
3399 1377 3589 1434 diebus

1997 1465 2155 1520 dicta:
2184 1475 2328 1532 sunt,
2364 1467 2554 1536 partim
2583 1465 2634 1520 in
2669 1467 2855 1536 prima,
2891 1467 3079 1535 partim
3106 1467 3155 1521 in
3185 1468 3412 1522 secunda
3444 1467 3588 1540 Qua—

1996 1557 2311 1628 dragesimte
2367 1557 2698 1612 hebdomade
2742 1576 2754 1611 :
2799 1558 3004 1612 decima
3052 1558 3210 1613 etiam
3257 1560 3310 1616 in
3356 1560 3589 1630 secunda

1998 1651 2331 1707 hebdomade
2358 1661 2450 1705 aut
2479 1652 2604 1706 feria
2633 1651 2815 1720 quinta
2841 1693 2853 1713 ,
2887 1658 2978 1705 aut
3015 1659 3164 1705 sexta
3189 1670 3202 1705 :
3229 1651 3506 1706 undecima
3539 1653 3591 1706 in

1997 1742 2217 1797 sabbato
2256 1741 2504 1797 secunda:
2542 1741 2889 1796 hebdomadis
2920 1759 2933 1796 :
2965 1741 3278 1796 duodecima
3310 1742 3484 1796 habita
3511 1752 3594 1796 est

1999 1844 2119 1904 post
2139 1833 2297 1888 aliam
2328 1834 2410 1888 vel
2431 1834 2582 1898 alias,
2610 1849 2729 1902 qua:
2759 1834 2826 1888 ad
2857 1834 3126 1889 diversum
3156 1849 3184 1888 a
3211 1835 3406 1890 Genesi
3435 1850 3594 1905 argu-

1999 1932 2238 1979 mentum
2284 1923 2619 1994 spectabant.
2670 1923 2822 1979 Inter'
2869 1924 3242 1980 duodecimam
3287 1939 3500 1996 quoque
3540 1934 3595 1980 et

2001 2015 2263 2075 decimam
2296 2015 2508 2070 tertiam
2535 2015 2617 2070 vel
2649 2031 2784 2070 unus
2808 2016 2893 2071 vel
2927 2015 3104 2084 plures
3131 2016 3246 2071 dies
3273 2016 3593 2072 intercesse-

2003 2115 2148 2160 runt.
2181 2105 2394 2161 Decima
2425 2115 2613 2175 quarta
2650 2106 2789 2160 dicta
2827 2114 2909 2160 est
2946 2105 3032 2160 die
3076 2105 3335 2161 decimam
3387 2107 3595 2163 tertiam

2003 2199 2318 2269 insequente
2357 2215 2369 2251 :
2403 2199 2609 2252 decima
2649 2198 2834 2267 quinta
2873 2198 3119 2252 similiter
3161 2207 3417 2271 sequente
3462 2197 3593 2253 die:

1998 2287 2206 2343 decima
2229 2298 2397 2354 sexta,
2420 2287 2508 2342 die
2541 2288 2663 2342 item
2691 2297 2947 2358 sequente
2972 2305 2984 2341 :
3009 2288 3214 2343 decima
3241 2289 3465 2362 septima
3488 2303 3597 2344 uno

2001 2381 2085 2435 vel
2115 2380 2355 2450 pluribus
2387 2390 2506 2448 post
2531 2379 2790 2435 decimam
2833 2390 3036 2435 sextam
3071 2380 3258 2435 diebus
3292 2399 3304 2435 :
3333 2380 3597 2435 decimam

1999 2474 2278 2542 septimam
2327 2472 2533 2528 decima
2578 2482 2798 2539 octava,
2833 2473 2975 2528 nulla
3014 2474 3101 2528 die
3141 2475 3473 2544 interposita,
3507 2488 3598 2530 se-

1999 2572 2159 2634 quuta
2209 2572 2323 2628 est;
2372 2563 2577 2617 decima
2619 2579 2758 2617 nona
2800 2579 2865 2616 an
2910 2564 3249 2618 continenter
3300 2565 3477 2619 habita
3529 2565 3600 2620 sit

2000 2654 2308 2724 ignoratur;
2351 2654 2703 2724 similiterque
2743 2654 3032 2724 vigesima,
3079 2671 3238 2724 quam
3277 2654 3465 2710 diebus
3504 2671 3596 2712 se-

1999 2744 2306 2813 quentibus,
2354 2743 2501 2798 nulla
2543 2754 2764 2799 vacante
2806 2745 2932 2810 die,
2974 2754 3301 2814 exceperunt
3345 2747 3599 2817 vigesima

2000 2835 2191 2905 prima,
2222 2835 2474 2906 vigesima
2505 2836 2741 2890 secunda
2766 2877 2782 2900 ,
2820 2836 3072 2907 vigesima
3118 2839 3270 2892 tertia
3291 2880 3303 2904 ,
3340 2839 3596 2908 vigesima

2000 2939 2208 2998 quarta.
2251 2929 2512 2998 Brevique
2544 2929 2860 2998 interposito
2891 2931 3084 2998 spatio,
3115 2931 3382 2985 continuis
3411 2932 3602 2988 diebus

2000 3022 2255 3091 vigesima
2305 3021 2483 3091 quinta
2511 3063 2524 3089 ,
2569 3023 2823 3092 vigesima
2864 3033 3033 3089 sexta,
3065 3023 3318 3093 vigesima
3349 3025 3596 3093 septima,

2003 3114 2256 3184 vigesima
2287 3124 2494 3168 octava.
2540 3114 2809 3184 Vigesima
2851 3129 2988 3168 nona
3033 3131 3098 3168 an
3136 3115 3222 3170 die
3263 3126 3382 3186 post
3407 3117 3598 3187 vigesi-

2001 3220 2143 3259 mam
2173 3215 2413 3260 octavam
2445 3215 2703 3275 sequente
2729 3205 2904 3261 habita
2933 3207 3034 3274 sit,
3087 3208 3375 3277 ignoratur.
3416 3207 3602 3277 Trige-

2003 3297 2135 3350 sima
2181 3311 2301 3350 cum
2349 3313 2594 3366 magnam
2641 3297 3028 3352 hebdomadem
3077 3298 3356 3368 attigisset,
3391 3309 3448 3354 ut
3490 3301 3600 3369 ipse

2003 3386 2418 3458 Chrysostomus
2445 3388 2519 3441 ait
2548 3406 2560 3440 :
2587 3389 2856 3458 trigesima
2902 3388 3069 3457 prima
3115 3397 3170 3443 et
3215 3389 3480 3458 trigesima
3512 3405 3597 3445 se-

2004 3479 2174 3531 cunda
2200 3479 2252 3531 in
2281 3477 2630 3533 hebdomadis
2657 3489 2857 3532 saneta:
2882 3479 3092 3548 diebus,
3117 3481 3205 3551 qui
3233 3480 3418 3536 feriam
3445 3483 3600 3552 quiu-

2006 3577 2111 3622 tam
2144 3569 2368 3623 incoena
2405 3569 2610 3622 Domini
2647 3570 2972 3638 praecedunt.

2077 3661 2177 3716 llic
2224 3662 2382 3732 longo
2433 3663 2688 3731 temporis
2730 3665 2903 3732 spatio
2950 3663 3205 3718 llomilias
3249 3665 3298 3718 in
3347 3664 3596 3720 Genesim

2003 3752 2416 3822 Chrysostomus
2446 3754 2747 3824 intercepit,
2779 3770 2842 3809 ac
2873 3754 3000 3808 feria
3031 3756 3212 3825 quinta
3244 3757 3296 3809 in
3323 3773 3472 3811 cuzua
3507 3758 3599 3810 ltu-

2003 3845 2132 3899 mini
2175 3844 2242 3898 de
2285 3845 2418 3898 Juda
2467 3846 2736 3914 proditore
2779 3848 3029 3914 loquutus
3059 3857 3160 3911 est,
3195 3858 3246 3901 et
3279 3847 3405 3901 feria
3447 3859 3596 3903 sexta

2006 3937 2275 3991 homiliam
2314 3937 2382 3991 de
2421 3937 2610 4002 (ΙΙ-ηερ,
2639 3949 2797 4008 atque
2825 3939 2875 3991 iit
2903 3939 2987 3992 die
3014 3949 3198 3993 sancto
3229 3941 3444 3994 Pascha:
3472 3959 3602 3996 eou-

2005 4031 2212 4084 ciunem
2251 4039 2436 4084 contra
2482 4027 2738 4082 Ebriosos
2781 4037 2836 4083 ct
2875 4029 2941 4082 de
2991 4030 3432 4095 llesnrroctione;
3481 4042 3601 4103 post

2005 4122 2208 4177 Pascha
2250 4132 2428 4177 autem
2472 4121 2728 4176 llomilias
2756 4122 2806 4175 in
2835 4123 3160 4193 Principium
3198 4128 3448 4179 Actorum
3481 4146 3492 4179 :
3528 4127 3598 4181 ita

2006 4225 2062 4267 ut
2094 4213 2424 4268 intermissas
2458 4213 2507 4264 in
2536 4212 2786 4267 Genesim
2816 4213 3210 4284 homiliaspost
3244 4217 3594 4274 Peutecosten

2007 4315 2208 4361 tantum
2228 4308 2596 4375 resumpserit.
2618 4308 2670 4360 fu
2705 4308 2966 4377 principio
2993 4310 3135 4363 enim
3168 4301 3400 4366 humilia:
3433 4314 3595 4382 trige-

2003 4398 2152 4452 simae
2180 4397 2349 4453 tertia:
2379 4413 2438 4452 se
2476 4414 2506 4451 a
2542 4399 2708 4452 multo
2749 4399 2859 4468 jam
2907 4410 3146 4470 tempore
3187 4416 3400 4456 cursum
3448 4404 3598 4458 illunt

2004 4491 2355 4547 intermisisse
2385 4492 2530 4547 dicit.
2584 4493 2710 4546 Post
2742 4494 3064 4562 trigesituam
3093 4494 3300 4548 tertiam
3333 4495 3599 4565 trigesima

2004 4593 2188 4652 quarta
2217 4583 2513 4653 insequenti
2541 4582 2628 4638 die
2649 4583 2790 4637 dicta
2817 4583 2931 4649 fuit,
2959 4592 3013 4637 et
3043 4585 3298 4652 postridie
3329 4586 3596 4654 trigesima

2003 4677 2186 4744 quinta
2231 4692 2244 4727 :
2293 4673 2431 4728 hanc
2469 4675 2806 4729 continenter
2848 4674 3174 4744 subsequuta
3213 4686 3294 4730 est
3331 4677 3599 4746 trigesima

2003 4776 2172 4831 sexta,
2198 4782 2356 4836 quam
2377 4768 2586 4837 excepit
2613 4767 2884 4836 trigesima
2912 4769 3156 4836 septima.
3193 4767 3246 4822 In
3277 4770 3448 4824 triduo
3474 4785 3602 4824 con-

2005 4859 2236 4912 tinenter
2260 4857 2351 4923 58,
2381 4857 2467 4923 59,
2495 4868 2548 4912 et
2575 4859 2644 4913 40
2675 4859 2867 4913 habita:
2893 4869 3030 4913 sunt.
3066 4861 3192 4914 Post
3218 4861 3418 4931 aliquot
3438 4861 3602 4917 inter-

2007 4952 2206 5019 positos
2232 4950 2350 5004 dies
2370 4949 2830 5020 quadragesimatn
2855 4953 3078 5020 primam
3103 4953 3351 5007 habuisse
3371 4953 3599 5010 videtur.

2006 5043 2173 5096 Biduo
2215 5050 2392 5096 autem
2436 5043 2680 5106 sequenti
2723 5043 3184 5113 quadragesimum
3227 5044 3517 5098 secundam
3549 5053 3601 5098 et

2006 5132 2468 5202 quadragesimant
2513 5133 2742 5188 tertiam.
2796 5133 2985 5188 Postea
3027 5150 3155 5189 vero
3195 5135 3510 5190 concionem
3536 5137 3602 5189 de

2007 5224 2339 5277 Samaritana
2373 5221 2577 5288 habuit,
2609 5239 2671 5276 ac
2703 5223 2928 5278 subinde
2955 5224 3414 5294 quadragesimum
3443 5241 3600 5294 quar-

2009 5326 2112 5367 tam
2155 5317 2203 5368 in
2249 5315 2499 5370 Genesim
2538 5316 2986 5383 pronuntiavit,et
3008 5315 3168 5385 paulo
3191 5324 3312 5382 post
3331 5318 3605 5371 continen-

2009 5417 2090 5461 ter
2117 5407 2185 5461 45
2210 5449 2224 5474 ,
2255 5407 2358 5472 46,
2400 5408 2470 5462 47
2501 5416 2555 5461 et
2591 5408 2680 5473 «£8,
2714 5408 2958 5462 similiter
2993 5410 3061 5464 49
3091 5419 3144 5463 et
3184 5409 3281 5470 5t);
3314 5418 3366 5463 et
3405 5410 3610 5479 aliquot

2010 5509 2190 5566 postea
2248 5500 2436 5554 diebus
2483 5499 2976 5571 quinquagesimam
3023 5501 3244 5570 primatu
3278 5519 3288 5552 :
3325 5518 3606 5557 numerum

2009 5606 2207 5645 auxere
2233 5589 2393 5644 biduo
2424 5591 2664 5661 sequenti
2696 5591 2765 5646 59.
2795 5601 2845 5646 et
3259 5663 3261 5665 _

2081 5681 2583 5752 Quinquagesimam
2608 5692 2850 5752 quartam
2875 5682 3049 5736 emisit
3073 5693 3351 5753 postquam
3381 5683 3447 5738 de
3467 5684 3608 5740 Con-

2015 5775 2260 5835 versione
2306 5777 2474 5833 sancti
2518 5775 2746 5830 Mattlnei
2777 5775 3091 5830 concionem
3121 5775 3377 5832 habuerat.
3409 5795 3423 5833 :
3453 5793 3608 5846 quam
