4264 6306
706 356 803 412 1:9

696 479 1003 538 concionem
1043 484 1281 546 scquutre
1321 482 1443 528 sunt
1472 472 1560 534 55,
1598 471 1702 537 56,
1743 471 1811 527 57
1846 480 1898 527 et
1933 470 2022 527 58.
2068 469 2272 525 Seriem

699 569 979 637 intercepit
1014 567 1199 622 concio
1229 565 1294 619 de
1321 562 1794 619 Observationibus
1824 559 2080 630 legalibus
2101 601 2116 625 ,
2156 551 2292 628 post'

700 677 855 733 quam
880 660 967 714 die
989 640 1225 729 sequenti
1248 653 1731 725 quinquagesimum
1755 666 1946 705 nonam
1967 650 2119 703 dixit.
2154 648 2279 701 Pau-

699 753 744 808 lo
766 763 892 820 post
914 761 1085 804 autem
1110 748 1198 812 60,
1235 746 1322 811 6|,
1355 744 1444 808 62,
1478 742 1827 811 pronuntiavit
1848 781 1863 807 ,
1894 755 2050 810 quam
2076 747 2278 807 postre«

700 859 841 898 mam
874 843 962 897 die
998 840 1237 910 sequenti
1264 836 1590 907 sexagesima
1630 834 1796 897 tertia,
1832 841 2050 902 sequuta
2078 830 2194 895 fuit,
2224 838 2279 883 et

702 932 858 1005 paulo
874 928 1341 1001 postseaxgesima
1357 934 1562 996 quarta,
1593 932 1645 976 et
1673 921 1923 992 postridie
1949 921 2275 989 sexagesima

703 1021 902 1090 quinta,
936 1022 1096 1091 paulo
1124 1031 1244 1092 post
1268 1017 1592 1087 sexagesima
1641 1024 1809 1079 sexta,
1856 1013 1990 1067 inter
2023 1027 2180 1083 quam
2223 1019 2276 1065 et

700 1110 1083 1181 sexagesimam
1138 1110 1416 1179 septimam
1462 1106 1656 1177 aliquid
1709 1106 1860 1175 spatii
1913 1103 2275 1159 intercessisse

698 1203 927 1256 videtur.
974 1201 1166 1271 Sicque
1206 1213 1393 1254 omnes
1431 1199 1481 1252 in
1531 1196 1777 1252 Geuesim
1821 1195 2101 1250 conciones
2132 1207 2276 1248 cont-

696 1292 850 1361 pletze
882 1291 1109 1345 fuerunt.

771 1382 952 1453 Stylus
976 1379 1339 1451 Cbrysostomi
1367 1379 1416 1431 in
1452 1377 1531 1430 his
1562 1376 1791 1429 homiliis
1816 1375 1993 1431 nescio
2022 1373 2146 1445 quid
2174 1388 2272 1428 no-

699 1475 749 1527 vi
784 1489 892 1543 pra:
916 1487 973 1527 se
1001 1472 1118 1526 fert.
1152 1472 1224 1524 De
1256 1471 1335 1524 his
1363 1468 1593 1523 homiliis
1621 1468 1842 1538 loquens
1868 1467 2086 1521 Photius
2102 1466 2274 1520 aithic

700 1564 965 1621 observari
987 1572 1293 1618 consuetam
1325 1560 1688 1632 Chrysostomi
1723 1560 2035 1620 claritatem.
2070 1558 2273 1627 purita-

696 1666 824 1721 tem,
845 1654 1177 1724 splendorem
1205 1662 1257 1708 et
1282 1653 1485 1722 copiam
1507 1650 1735 1715 dicendi,
1765 1652 2141 1705 sententiarum
2166 1650 2271 1703 fre-

695 1746 959 1817 quentiam
977 1754 1028 1798 et
1049 1744 1437 1813 aptissimarum
1452 1742 1849 1796 similitudinum
1876 1739 2268 1803 abundantiam;

700 1836 793 1889 sed
818 1850 906 1889 cas
925 1835 1228 1889 rcmlSsiOt‘C
1241 1840 1294 1885 et
1309 1832 1587 1887 humiliore
1599 1832 1803 1886 dicendi
1821 1846 2013 1901 genere
2026 1830 2269 1899 scriptas,

699 1936 1006 1995 tantumque
1032 1924 1271 1979 Huiniliis
1299 1940 1389 1978 seu
1412 1924 1821 1978 Commentariis
1853 1924 1902 1976 in
1956 1925 2084 1975 Acta
2131 1921 2271 1991 style

697 2018 977 2073 inferiores
1007 2032 1145 2080 esse,
1176 2028 1426 2086 quantum
1478 2016 1563 2069 illa
1615 2016 1664 2068 in
1696 2017 1825 2069 Acta
1879 2014 2268 2068 Cetmnenlaria

695 2110 943 2164 inferiora
965 2118 1089 2163 sunt
1111 2107 1519 2163 Commentariis
1547 2108 1596 2160 in
1618 2106 1879 2175 Epistolas
1916 2106 2059 2158 Pauli
2109 2113 2161 2157 et
2216 2104 2269 2159 in

694 2201 1031 2257 Psalterium.
1061 2200 1137 2253 Ae
1168 2215 1348 2253 revera
1384 2198 1463 2250 ha:
1496 2198 1810 2261 conciones,
1861 2197 1982 2251 licet
2025 2210 2268 2264 magnam

693 2292 988 2347 ubertatem
1010 2298 1169 2360 atque
1193 2290 1401 2344 solitam
1423 2288 1787 2359 Chrysostomi
1816 2287 2129 2342 inventionis
2153 2285 2270 2341 fcli-

693 2384 907 2437 citatem
938 2398 1045 2452 ιιι-ω
1069 2398 1125 2435 se
1150 2380 1337 2444 ferant,
1371 2396 1473 2433 non
1504 2390 1677 2433 tamen
1713 2380 1820 2448 pari
1849 2380 2021 2434 studio
2046 2380 2125 2434 vel
2176 2394 2268 2433 ac-

693 2475 966 2527 cnratione
994 2473 1321 2526 concinnato
1352 2471 1615 2525 videntur.
1649 2471 1742 2524 llic
1763 2485 1905 2538 saepe
1935 2471 2265 2523 animadver-

693 2578 771 2621 tas
796 2566 1132 2635 longissimas
1162 2564 1267 2618 texi
1294 2563 1557 2633 periodus,
1591 2578 1707 2632 qua:
1753 2563 2098 2631 parentheses
2139 2562 2269 2615 alias

693 2671 853 2725 super
868 2655 998 2708 alias
1021 2663 1124 2707 tam
1156 2653 1458 2721 frequenter
1479 2652 1780 2715 exhibeant,
1814 2660 1871 2704 ut
1900 2650 2141 2719 principii
2168 2650 2265 2703 ob-

693 2747 812 2799 litus
864 2753 1062 2807 orator,
1124 2742 1435 2797 sententiam
1486 2740 1843 2809 imperfectam
1885 2740 2163 2810 relinquat.
2216 2747 2270 2793 et

690 2836 971 2907 aliquando
1021 2834 1236 2888 verbum
1278 2832 1343 2886 ad
1367 2832 1591 2886 ordinem
1635 2831 1995 2886 necessarium
2049 2838 2267 2899 prseter-

692 2929 881 2981 mittat.
916 2925 1093 2995 Neque
1123 2938 1247 2978 vero
1266 2923 1317 2977 id
1346 2923 1534 2977 mirum
1562 2923 1653 2975 tibi
1682 2921 1940 2984 videatur,
1965 2920 2008 2974 si
2043 2935 2267 2989 perpen-

692 3021 805 3083 das,
830 3018 1075 3087 periodos
1098 3017 1215 3070 illas
1237 3013 1519 3085 aliquando
1566 3016 1634 3066 ita
1685 3013 1918 3079 extendi,
1972 3014 2055 3066 vix
2102 3020 2158 3065 ut
2213 3012 2263 3077 in

692 3112 877 3180 pagina
907 3123 1008 3161 una
1036 3106 1395 3160 absolvantur.
1435 3104 1567 3158 Hinc
1619 3103 1813 3157 inferas
1857 3114 2121 3157 oratorem
2166 3117 2263 3155 no-

690 3211 856 3255 strum
910 3198 1021 3251 hcce
1066 3196 1497 3257 coneiouantem,
1528 3209 1631 3247 non
1662 3193 1729 3246 ita
1771 3208 1981 3263 semper
2025 3201 2262 3261 paratum

693 3292 1106 3358 meditatumque
1130 3287 1196 3341 ad
1221 3286 1530 3340 concionem
1583 3284 1808 3349 venisse,
1860 3282 1954 3337 sed
2002 3283 2162 3335 multa
2198 3297 2262 3335 ex

692 3397 926 3451 tempore
949 3391 1003 3434 ut
1022 3379 1182 3433 menti
1215 3392 1332 3432 sese
1349 3376 1640 3431 oll'erebant
1656 3376 1872 3430 dixisse.

757 3474 812 3527 Si
843 3485 1052 3525 causam
1083 3482 1242 3538 porro
1270 3482 1497 3537 qurcras,
1545 3466 1841 3536 perpendas
1885 3467 2042 3521 velim
2092 3468 2264 3536 ipsum

693 3564 745 3617 in
780 3562 881 3614 hac
906 3559 1319 3628 Quadragesima
1357 3558 1423 3611 ad
1461 3573 1628 3628 usque
1677 3558 2023 3612 hebdomadis
2067 3567 2264 3612 sanctze

691 3652 991 3713 dimidium,
1025 3665 1125 3702 non
1147 3648 1303 3701 modo
1323 3648 1434 3701 illas
1467 3636 1678 3716 triginta
1705 3648 1834 3701 duas
1857 3653 2060 3717 priores
2090 3649 2262 3702 homi—

692 3746 787 3798 lias
811 3743 1077 3806 habuisse,
1109 3740 1199 3794 sed
1229 3724 1387 3793 etiam
1424 3740 1554 3814 alias
1580 3740 1865 3794 identidem
1918 3752 2258 3807 memoratas,

690 3850 806 3903 qua:
829 3833 1081 3886 suadente
1102 3832 1345 3901 quapiam
1376 3831 1629 3899 temporis
1679 3831 1961 3885 occasione
2005 3832 2258 3885 llomilia-

690 3943 803 3980 rum
829 3927 879 3978 in
911 3924 1157 3979 Genesim
1186 3938 1396 3977 cursum
1450 3923 1874 3991 interpellabant,
1928 3932 1979 3978 et
2036 3924 2261 3978 fortasse

688 4018 817 4070 alias
839 4030 1045 4085 quoque
1073 4015 1269 4068 dixisse
1291 4014 1357 4067 ab
1382 4031 1438 4068 se
1460 4030 1564 4067 non
1596 4011 2060 4081 commemoi‘atas,
2094 4017 2163 4071 ita
2206 4025 2263 4071 ut

688 4108 919 4177 quotidie
946 4106 1127 4168 ferme,
1152 4115 1203 4159 et
1231 4105 1441 4172 quidem
1473 4106 1776 4173 longissime
1800 4107 2147 4161 eoneionatus
2172 4108 2260 4161 sit.

690 4198 743 4251 ld
773 4207 947 4251 autem
980 4211 1006 4247 a
1036 4196 1146 4249 viro
1164 4195 1457 4264 prtesertim
1485 4197 1569 4265 qui
1591 4212 1683 4265 per
1711 4206 1874 4251 totum
1906 4213 2099 4250 annum
2128 4213 2259 4251 eon-

686 4289 929 4344 cionandi
958 4288 1189 4341 ollieium
1218 4286 1624 4355 exsequebatur,
1664 4303 1768 4341 non
1817 4304 1972 4358 posse
2017 4290 2131 4343 sine
2163 4305 2258 4344 ex-

687 4379 965 4448 temporali
1024 4377 1407 4431 declamatione
1456 4377 1740 4431 identidem
1804 4380 1988 4433 saltem
2040 4381 2260 4450 repetita

690 4470 946 4540 praestari,
973 4467 1232 4522 fateamur
1256 4482 1475 4522 necesse
1499 4476 1598 4524 est.
1626 4467 1678 4521 ln
1704 4470 2051 4538 extemporali
2082 4480 2257 4524 autem

684 4560 1091 4623 declamatione,
1126 4557 1210 4611 ubi
1240 4558 1505 4627 ingenium
1529 4568 1670 4612 tanta
1703 4559 1905 4627 pollens
1934 4561 2257 4628 inventione,

689 4663 820 4701 nova
843 4663 1057 4718 semper
1078 4651 1273 4701 oratori
1295 4649 1617 4717 suppeditat,
1646 4650 1769 4717 quid
1803 4651 1993 4705 mirum
2024 4653 2066 4705 si
2120 4667 2259 4707 non-

688 4755 971 4809 numquam
993 4749 1174 4794 contra
1199 4722 1577 4809 przeceptiones
1595 4744 1963 4811 grammaticas
1987 4752 2256 4815 peccetur,

682 4833 780 4886 etsi
811 4833 984 4889 minor
1011 4833 1224 4902 ἀκρίϐεια
1245 4832 1297 4885 in
1320 4834 1526 4903 syntaxi
1548 4841 1810 4887 occurrat.

762 4931 1007 4985 Diximus
1041 4930 1491 5001 Chrysostomum
1551 4931 1908 4987 liomiliarum
1971 4934 2025 4987 in
2079 4935 2257 4991 Gene-

682 5036 786 5073 sun
841 5034 1063 5072 cursum
1115 5019 1472 5089 intercepisse
1511 5021 1599 5087 (Τ.
1649 5022 1702 5076 2.
1736 5039 1783 5076 c.
1825 5022 1971 5093 571),
2028 5032 2086 5076 ιιι
2122 5025 2254 5078 feria

685 5112 875 5183 quinta
934 5110 987 5164 in
1047 5108 1217 5165 Ctena
1268 5108 1481 5165 Domini
1516 5112 1585 5167 de
1615 5111 1752 5167 Juda
1803 5113 2080 5182 proditore
2138 5129 2257 5184 age-

684 5210 791 5257 ret.
822 5201 1112 5255 Homiliam
1158 5217 1288 5258 vero
1317 5202 1385 5258 de
1406 5201 1547 5258 Juda
1578 5204 1858 5274 proditore
1890 5204 2099 5274 aliquot
2132 5212 2257 5259 ante

683 5306 877 5358 annos,
921 5297 982 5345 ut
1037 5291 1265 5348 credere
1296 5301 1403 5359 est,
1451 5294 1565 5363 jam
1615 5295 1899 5356 habuerat,
1953 5296 2046 5350 sed
2108 5294 2256 5350 illam

684 5384 1366 5456 retractavit,initiumque
1396 5387 1649 5446 mutavit,
1674 5397 1727 5441 et
1750 5387 1995 5456 qtuedam
2030 5387 2256 5450 addidit,

684 5483 742 5528 ut
770 5490 888 5530 eam
922 5476 1055 5531 feria
1085 5478 1274 5546 quinta
1315 5476 1367 5530 in
1408 5476 1573 5531 Cinna
1606 5474 1818 5529 Domini
1848 5476 2075 5543 diceret,
2110 5476 2256 5546 quod

682 5567 845 5621 etiam
882 5566 935 5620 in
960 5567 1083 5622 aliis
1114 5567 1354 5623 homiliis
1381 5566 1577 5624 fecisse
1601 5567 2045 5638 deprehenditur.
2082 5568 2257 5624 Occa-

686 5659 1189 5729 sione‘proditionis
1212 5658 1369 5716 Iuda:
1397 5661 1551 5723 dicit,
1586 5677 1694 5715 non
1722 5661 2047 5716 necessitate
2077 5661 2254 5715 homi-

686 5765 806 5806 nem
839 5750 906 5805 ad
937 5749 1140 5805 bonum
1178 5749 1441 5821 pertrahi,
1480 5750 1766 5822 ipsumque
1794 5766 1858 5806 ex
1902 5751 2072 5807 libero
2111 5753 2255 5807 albi-

1749 359 1803 415 S.
1843 357 2117 415 JOANNIS
2156 354 2627 412 CllRYSOSTOMI
2666 355 2844 421 V'ITA,

3852 351 3965 407 140

2390 471 2498 524 trio
2541 470 2624 524 vel
2676 469 2879 523 bonum
2925 470 3008 526 vel
3045 470 3245 525 malum
3281 469 3515 539 deligere
3546 476 3598 524 et
3622 476 3965 539 perpetrare.

2452 559 2604 626 Quod
2623 561 2674 613 in
2689 560 2908 615 homilia
2928 561 3141 617 deluda
3160 561 3437 633 proditore
3451 558 3965 622 animaduertimns,

2386 647 2612 716 idipsum
2637 648 3086 717 deprehendimus
3108 666 3159 703 ιιι
3187 651 3443 706 concione
3466 651 3533 706 de
3559 650 3729 707 Crete
3749 667 3815 708 ac
3856 652 3963 707 La-

2386 747 2701 809 trone,qu:e
2748 739 2801 794 in
2849 741 2937 797 die
2989 741 3308 796 Parasceves
3358 743 3535 799 habita
3582 743 3713 810 fuit;
3766 760 3962 816 nempe

2383 828 2847 900 Chrysostomum,
2876 846 3034 901 quam
3087 831 3289 901 aliquot
3322 842 3446 887 ante
3499 848 3669 889 annos
3712 835 3963 892 habuisse

2380 921 2610 987 videtur,
2641 922 2883 977 eamdem
2910 924 3159 979 secundis
3180 925 3322 979 curis
3362 927 3711 995 reCOgnitam,
3764 936 3819 981 et
3839 927 3967 998 qui.

2382 1011 2606 1065 busdam
2635 1013 2688 1065 iu
2715 1013 2862 1075 locis,
2894 1014 2946 1067 in
2977 1012 3236 1083 principio
3268 1015 3498 1069 maxime
3537 1025 3816 1081 mutatam,
3870 1032 3961 1070 eo-

2381 1099 2504 1155 dem
2531 1112 2836 1157 recurrente
2867 1102 2953 1157 die
2981 1103 3307 1159 Parasceves
3340 1104 3531 1158 iterum
3562 1106 3967 1174 pronuntiasse.

2380 1193 2495 1249 Non
2526 1196 2694 1251 series
2724 1195 2884 1250 modo
2911 1196 3095 1251 eadem
3124 1206 3225 1263 est,
3256 1196 3347 1251 sed
3364 1197 3523 1250 etiam
3553 1198 3711 1252 verba
3732 1198 3950 1267 plerum

2381 1303 2521 1357 que;
2560 1298 2718 1358 atque
2742 1288 3033 1359 Scripturm
3075 1289 3189 1343 loca
3239 1289 3427 1343 eodem
3471 1290 3587 1359 ipso
3632 1290 3685 1343 in
3739 1301 3970 1361 utraque

2381 1377 2569 1432 ordine
2602 1379 2862 1433 locantur.
2889 1378 3019 1446 Quae
3050 1380 3210 1449 prior,
3242 1394 3358 1448 qum
3387 1380 3649 1448 posterior
3676 1380 3815 1434 dicta
3848 1381 3968 1437 fne-

2381 1469 2470 1532 rit,
2497 1484 2603 1522 non
2638 1470 2705 1522 ita
2734 1456 2886 1524 facile
2914 1479 2994 1524 est
3032 1469 3461 1538 deprehendere.
3495 1470 3688 1525 Verum
3742 1487 3809 1527 ex
3856 1472 3921 1526 iis
3947 1513 3966 1537 ,

2379 1574 2497 1628 qua:
2516 1574 2663 1612 num.
2687 1561 2721 1614 5
2750 1560 2798 1613 in
2827 1571 3051 1629 utraque
3076 1559 3344 1624 dicuntur,
3375 1560 3572 1630 aliquid
3601 1561 3731 1616 lucis
3750 1561 3817 1615 ad
3846 1577 3970 1617 rem

2379 1649 2746 1703 excutiendam
2768 1650 2988 1706 aﬂ'ertur
3011 1670 3023 1704 :
3043 1666 3167 1705 nam
3186 1653 3235 1705 in
3256 1652 3451 1720 priore,
3469 1653 3618 1722 cujus
3638 1653 3841 1708 initium
3857 1663 3964 1720 est,

2382 1742 2529 1794 hodie
2544 1740 2793 1808 Christus,
2817 1744 2894 1797 sic
2917 1732 3109 1812 legitur
3133 1760 3147 1798 :
3182 1742 3444 1797 Imitemur
3465 1745 3630 1813 itaque
3655 1754 3701 1797 et
3732 1761 3823 1799 nos
3850 1744 3967 1799 Do-

2379 1832 2592 1900 minum,
2618 1842 2662 1885 et
2681 1849 2772 1902 pro
2799 1833 3017 1886 inimicis
3044 1849 3301 1902 precemur
3320 1850 3338 1885 :
3364 1834 3589 1886 eantdcm
3613 1836 3743 1887 enim
3774 1837 3967 1888 cohor-

2376 1926 2613 1978 tationem
2641 1941 2859 1979 resumo.
2896 1924 3019 1978 Jam
3044 1928 3217 1995 quinto
3242 1926 3324 1979 die
3347 1925 3483 1980 vobis
3508 1926 3571 1980 de
3600 1927 3772 1980 eodem
3800 1944 3967 1998 urgu-

2375 2027 2538 2069 mento
2579 2016 2791 2070 dissero.
2835 2016 2966 2083 Qute
3007 2033 3132 2070 vero
3158 2017 3422 2087 posterior
3448 2017 3650 2070 locatur
3670 2020 3745 2071 sic
3768 2017 3965 2073 habet:

2376 2105 2641 2159 Imitemur
2669 2116 2715 2159 et
2738 2123 2826 2159 nos
2854 2106 3150 2173 Dominum,
3201 2118 3247 2159 et
3298 2123 3391 2176 pro
3418 2108 3633 2161 inimicis
3676 2125 3966 2178 premnur.

2379 2196 2505 2261 Qua:
2531 2198 2637 2251 hcri
2669 2199 2860 2260 monui,
2890 2197 3176 2251 earumdem
3193 2208 3237 2250 et
3263 2213 3395 2251 nunc
3416 2201 3827 2268 commonefacio,
3854 2202 3967 2252 sci-

2376 2302 2462 2340 ens
2490 2287 2725 2355 praxlari
2755 2290 2875 2358 facti
2910 2287 3331 2357 magnitudinem.
3358 2287 3485 2344 lude
3512 2304 3639 2343 vero
3690 2290 3962 2358 liquidum

2375 2392 2493 2431 esse
2515 2378 2746 2443 videtur,
2768 2380 3119 2448 posteriorem
3139 2394 3254 2433 eam
3278 2394 3418 2443 esse,
3459 2397 3579 2451 quae
3608 2391 3725 2451 post
3776 2383 3967 2436 llumi-

2378 2468 2473 2521 lias
2501 2468 2549 2520 in
2575 2468 2825 2523 Geuesim
2848 2471 2899 2523 in
2918 2470 3330 2541 Quadragesima
3363 2472 3569 2525 habitas
3600 2472 3683 2525 die
3708 2472 3967 2528 Parasee-

2377 2574 2469 2613 ves
2488 2559 2629 2613 dicta
2648 2559 2743 2614 fuit
2770 2576 2920 2615 :nam
2943 2563 2992 2615 in
3012 2562 3594 2616 IlomiliisinGenesim
3620 2564 3706 2628 50,
3742 2564 3830 2628 51,
3864 2564 3963 2630 δὲ,

2376 2666 2442 2704 ne
2478 2652 2681 2705 minime
2721 2652 2934 2721 quidem
2958 2654 3024 2707 de
3049 2655 3294 2723 precibus
3339 2669 3436 2721 pro
3478 2655 3710 2709 inimicis
3757 2656 3963 2710 dictum

2374 2740 2493 2806 fuit,
2530 2741 2754 2811 ideoque
2781 2744 2831 2796 in
2866 2754 3131 2812 postrema
3162 2745 3333 2799 locum
3387 2746 3610 2799 mutavit
3634 2744 3959 2815 Chrysosto-

2374 2843 2511 2894 mus,
2535 2831 2682 2886 etde
2711 2833 2958 2901 precibus
2986 2847 3081 2901 pro
3108 2832 3342 2889 inimicis
3382 2834 3433 2887 in
3484 2834 3701 2887 homilia
3750 2850 3952 2905 ιιι-ωερε

2371 2918 2515 2973 denti
2546 2920 2612 2974 de
2632 2920 2767 2975 Juda
2788 2922 3058 2991 proditore
3090 2932 3291 2976 tantum
3317 2923 3571 2993 loquitur.
3598 2922 3731 2978 Vide
3764 2925 3815 2977 in
3847 2924 3966 2977 llo-

2373 3011 2485 3065 nito
2509 3012 2573 3066 ad
2605 3013 2742 3067 hanc
2772 3015 3045 3068 homiliam
3075 3014 3135 3069 T.
3166 3014 3221 3080 2,
3246 3031 3291 3069 c.
3321 3013 3443 3068 397.

2444 3102 2500 3157 lu
2521 3104 2607 3159 die
2631 3104 3058 3162 Resurrectionis
3081 3107 3296 3162 Domini
3315 3107 3504 3161 eodem
3532 3124 3671 3161 anno
3693 3108 3830 3161 dicta
3862 3109 3962 3162 fuit

2372 3192 2595 3246 Homilia
2614 3203 2794 3247 contra
2815 3196 3066 3251 Ebriosos
3083 3206 3134 3251 et
3152 3196 3218 3251 de
3236 3196 3641 3251 Rcsurrectione
3695 3196 3783 3267 (Τ.
3812 3198 3868 3251 2.
3906 3216 3954 3256 ι’.

2371 3280 2523 3351 417).
2550 3282 2697 3337 lianc
2732 3300 2859 3338 vero
2893 3287 3206 3340 emeionem
3229 3287 3307 3340 sic
3350 3298 3610 3342 memorat
3638 3288 3959 3360 Chrysosto-

2370 3388 2486 3427 mus
2511 3374 2726 3430 homilia
2761 3377 2931 3444 prima
2973 3376 3030 3449 (6
3088 3378 3351 3450 Januarii)
3388 3380 3440 3433 in
3484 3372 3811 3449 Principium
3863 3383 3964 3436 Ac-

2372 3472 2569 3528 torum,
2600 3480 2719 3535 qua:
2741 3466 2927 3520 eodem
2951 3468 3065 3537 ipso
3092 3483 3234 3522 anno
3258 3471 3418 3538 paulo
3444 3480 3565 3539 post
3611 3472 3812 3525 Pascha
3864 3472 3959 3527 ha-

2369 3555 2474 3609 bita
2500 3555 2618 3623 fuit,
2653 3574 2799 3612 num.
2832 3558 2868 3611 2
2898 3578 2910 3613 :
2947 3558 3069 3612 Non
3097 3571 3215 3614 sunt
3244 3562 3399 3630 igitur
3425 3565 3611 3615 malum
3640 3565 3844 3629 divitiae,
3870 3570 3961 3620 sed

2368 3645 2660 3716 illegitimus
2688 3664 2859 3701 earum
2886 3666 3005 3704 usus
3032 3661 3104 3704 est
3149 3653 3338 3705 malum
3371 3669 3389 3705 :
3420 3662 3465 3706 et
3512 3655 3638 3707 sicut
3682 3672 3842 3724 nuper
3891 3655 3956 3711 de

2368 3738 2603 3792 ebrietate
2630 3743 2779 3794 verba
2807 3744 3018 3812 faciens,
3041 3760 3141 3796 non
3163 3744 3336 3797 vinum
3380 3747 3717 3809 accusabam;
3771 3749 3960 3818 quippe

2366 3842 2480 3880 cum
2527 3831 2690 3884 omnis
2737 3842 2966 3884 creatura
3012 3832 3107 3887 Dei
3140 3834 3269 3887 bona
3307 3836 3399 3901 sit,
3453 3852 3566 3904 qua:
3611 3854 3724 3890 cum
3764 3841 3953 3908 gratia-

2367 3932 2480 3969 rum
2515 3920 2710 3972 actione
2749 3922 3061 3990 percipitur;
3102 3924 3189 3975 scd
3225 3924 3416 3977 malum
3460 3942 3627 3991 usum,
3671 3937 3775 3981 etc.
3826 3928 3957 3996 Quae

2367 4009 2530 4060 verba
2561 4022 2681 4061 cum
2714 4008 2813 4062 hac
2868 4012 3127 4066 concione
3174 4012 3310 4068 mire
3358 4026 3676 4082 consonant,
3722 4019 3959 4071 maxime

2369 4109 2496 4149 vero
2524 4111 2643 4149 cum
2676 4096 2777 4171 hoc
2813 4099 3049 4167 ejusdem
3096 4101 3212 4156 loco
3264 4121 3278 4158 :
3318 4104 3669 4159 Abstineamus
3708 4107 3767 4158 ab
3797 4107 3955 4162 ebrie-

2369 4196 2469 4239 tate
2496 4202 2515 4240 :
2542 4204 2640 4241 non
2663 4190 2776 4242 dico
2806 4190 2921 4255 hoc,
2941 4191 3278 4247 abstineamus
3304 4212 3335 4247 a
3358 4197 3494 4263 vino,
3518 4198 3607 4250 sed
3633 4198 3694 4250 ab
3719 4198 3959 4253 ebrietate

2366 4278 2721 4334 abstineamus.
2759 4280 2877 4336 Non
2913 4284 3081 4337 vinum
3127 4286 3272 4355 efﬁcit
3324 4288 3647 4352 ebrietatem;
3695 4300 3769 4343 est
3820 4292 3956 4343 enim

2366 4369 2464 4423 Dei
2493 4383 2722 4426 creatura
2747 4390 2765 4427 :
2795 4374 2890 4427 Dei
2911 4391 3061 4441 porro
3091 4388 3322 4431 creatura
3346 4379 3473 4433 nihil
3498 4381 3641 4449 eﬁicit
3676 4382 3798 4434 mali
3819 4398 3839 4446 ;
3865 4384 3961 4435 sed

2368 4463 2602 4516 voluntas
2633 4466 2767 4517 mala
2798 4466 2943 4535 efﬁcit
2972 4466 3295 4535 ebrietatem,
3320 4480 3423 4523 etc.
3456 4472 3745 4540 Postquam
3774 4480 3959 4529 autem

2367 4553 2433 4607 de
2460 4569 2586 4609 vero
2611 4556 2798 4624 jejunii
2828 4573 2924 4611 usu
2945 4566 3000 4612 et
3020 4569 3205 4613 contra
3230 4560 3539 4616 ebrietatem
3572 4562 3821 4632 loquutus
3848 4575 3955 4637 est,

2367 4644 2497 4698 dicit
2525 4646 2721 4700 nullam
2753 4663 2874 4703 esse
2907 4666 3250 4718 personarum
3296 4652 3691 4708 distinctionem
3736 4656 3786 4708 in
3822 4671 3953 4725 par-

2368 4737 2672 4807 ticipatione
2706 4744 3080 4811 mysteriorum
3105 4761 3117 4797 :
3147 4745 3417 4799 autetiam
3440 4761 3497 4800 se
3518 4754 3720 4815 septem
3745 4748 3956 4804 dierum

2366 4831 2537 4899 spatio
2555 4822 2791 4900 quotidie
2812 4836 3247 4891 coneionaturmn
3278 4853 3415 4893 esse.
3450 4837 3500 4891 In
3527 4838 3625 4893 hac
3648 4856 3805 4909 porro
3824 4856 3953 4896 con-

2365 4922 2519 4978 cione
2536 4922 3015 4995 Manuseriptorum
3047 4943 3149 4997 ope
3169 4916 3369 4983 hiatum
3395 4945 3641 4999 magnum
3669 4933 3951 4990 sarsimus.

2437 5033 2680 5090 Homilies:
2704 5038 2756 5091 in
2789 5036 3109 5108 Principium
3158 5040 3415 5095 Actorum.
3446 5072 3519 5082 —
3545 5042 3693 5099 Hanc
3738 5047 3953 5102 concio-

2367 5139 2485 5179 nem
2513 5138 2751 5197 sequuta:
2777 5140 2900 5184 sunt
2929 5131 3067 5195 alim,
3095 5147 3317 5201 quarum
3346 5132 3572 5190 fortasse
3598 5136 3841 5205 quaedam
3873 5140 3946 5192 in-

2367 5217 2713 5284 terciderunt,
2760 5221 2803 5274 si
2834 5222 3048 5290 quidem
3097 5224 3321 5293 singulis
3368 5225 3559 5281 diebus
3601 5230 3951 5286 concionatus

2365 5308 2433 5360 sit
2454 5306 2538 5371 (Τ.
2557 5309 2608 5363 ’5.
2630 5324 2675 5363 c.
2697 5308 2808 5380 65).
2842 5310 2982 5366 Inter
3005 5328 3097 5367 eas
3129 5328 3276 5381 vero,
3296 5330 3427 5384 quas
3442 5316 3600 5385 paulo
3616 5328 3734 5387 post
3749 5319 3951 5373 Pascha

2365 5398 2517 5463 dixit,
2565 5414 2914 5456 numerantur
2940 5403 3185 5459 Humilia:
3216 5405 3267 5458 in
3300 5405 3625 5476 Principium
3668 5410 3948 5476 Actorum,

2334 5530 2335 5533 η
2364 5503 2479 5557 qua:
2512 5491 2562 5542 in
2596 5492 2740 5559 prius
2770 5493 2928 5549 editis
2956 5494 3112 5565 longo
3152 5495 3430 5551 intervallo
3471 5509 3732 5568 separata:
3772 5512 3947 5567 erant,

2364 5596 2598 5649 quasque
2639 5599 2755 5651 nos,
2787 5586 2901 5654 ipso
2928 5572 3314 5657 Chrysostoino
3329 5589 3485 5655 duce,
3508 5592 3843 5647 continenter
3863 5610 3952 5664 po-

2364 5670 2589 5738 Suinttts,
2606 5682 2661 5726 ut
2677 5676 2786 5744 ipsa
2808 5680 3066 5746 temporis
3084 5688 3137 5734 et
3152 5683 3448 5750 argumenti
3472 5683 3605 5736 ratio
3623 5685 3945 5753 postulabat;

2368 5762 2433 5815 ita
2456 5774 2511 5818 ut
2538 5766 2876 5836 uSsiguat‘cin
2898 5782 3143 5841 promptu
3163 5774 3317 5827 fuerit
3339 5813 3351 5838 ,
3370 5789 3485 5843 qua:
3513 5776 3579 5828 sit
3615 5776 3804 5843 prima,
3828 5793 3942 5847 qua
