4264 6306
271 391 362 450 161
1436 384 1618 442 NUNC
1658 382 1918 441 PRIMUM
1960 378 2353 437 A'DORNATA.

263 507 517 576 secunda,
534 523 652 579 qua:
669 509 843 575 tertia,
861 517 965 563 etc.
991 507 1048 562 ld
1064 520 1191 563 vero
1207 505 1349 561 clare
1368 503 1524 560 docet
1540 505 1654 574 ipse
1673 501 1846 571 Chry-

263 609 534 654 sostomus
564 598 700 654 infra
724 599 776 652 in
798 613 882 663 ea,
901 613 1058 668 quam
1085 598 1294 674 tertiam
1339 596 1530 653 ordine
1556 594 1804 674 ponimus
1829 610 1842 646 :

264 689 334 744 ibi
359 691 503 745 enim
536 706 685 745 num.
713 691 735 745 l
769 691 998 761 legitur:
1027 688 1107 744 Eo
1133 691 1192 760 ﬁt
1213 699 1287 753 ut,
1330 701 1450 739 cunt
1508 687 1578 737 ad
1611 693 1843 755 quartunt

255 782 366 851 jam
391 783 524 837 diem
549 783 912 852 expositionem
960 782 1369 852 produxerimus,
1417 780 1631 833 necdum
1678 786 1846 830 tamen

261 889 414 926 unam
443 873 806 943 expositionem
851 874 1157 942 potuerimus
1212 871 1489 942 prtelerire,
1541 867 1630 923 sed
1677 867 1844 920 adltue

258 964 396 1016 circa
447 962 593 1015 illant
622 978 894 1016 versemur.
952 962 1017 1016 Et
1047 962 1205 1031 paulo
1247 969 1402 1030 post:
1454 958 1636 1024 Itaque
1680 957 1844 1027 primo

266 1054 343 1108 tie
381 1069 482 1105 non
512 1068 618 1106 esse
671 1063 850 1106 temere
895 1051 1268 1123 praetereundus
1311 1050 1660 1118 inscriptiones
1709 1049 1845 1100 dice-

255 1140 394 1208 bam,
427 1157 526 1212 quo
550 1152 774 1210 tempore
798 1143 996 1196 titulum
1026 1142 1160 1194 vobis
1187 1141 1378 1195 Alteris
1407 1140 1523 1210 legi,
1576 1155 1636 1191 ac
1685 1136 1846 1192 Pauli

254 1235 562 1302 sapientiam
593 1233 901 1289 ostendi.....
929 1233 993 1287 In
1024 1235 1117 1287 hoc
1145 1234 1290 1288 desiit
1321 1226 1477 1302 priori
1507 1232 1588 1283 die
1612 1240 1714 1282 tota
1753 1230 1846 1282 do-

254 1327 463 1377 ctrina:
495 1334 608 1394 post
650 1325 795 1379 illaut
821 1325 1040 1380 secundo
1063 1325 1164 1391 die,
1196 1325 1282 1392 qui
1321 1323 1437 1376 libri
1489 1322 1628 1376 illius
1666 1321 1843 1374 auctor

252 1423 382 1466 esset
404 1415 726 1482 quaesivimus
744 1453 760 1480 ,
791 1425 835 1468 et
858 1416 1136 1468 invenimus
1173 1412 1264 1467 Dei
1286 1415 1452 1486 gratia
1477 1413 1668 1466 Lucam
1693 1428 1844 1466 evan-

253 1504 490 1572 gelistam
536 1519 556 1557 :
594 1505 861 1573 multisque
900 1505 1036 1558 vobis
1077 1505 1585 1558 demonstrationibus
1633 1520 1740 1557 rem
1788 1503 1842 1556 in

250 1595 532 1663 qutestione
560 1598 774 1665 positam
805 1598 1142 1668 probavimus.
1187 1598 1408 1655 Dentum
1436 1599 1630 1654 clarius
1659 1598 1841 1666 paucis

253 1686 626 1755 interpositis:
650 1687 831 1742 Prima
858 1689 1013 1759 igitur
1041 1691 1123 1743 die
1147 1691 1210 1744 de
1235 1690 1596 1762 inscriptione;
1620 1691 1842 1744 secunda

251 1791 388 1859 vero
411 1778 474 1829 de
498 1795 555 1831 eo
584 1779 669 1847 qui
700 1781 880 1833 librant
926 1781 1162 1852 scripsit;
1207 1784 1352 1834 tertia
1395 1782 1478 1836 die
1517 1782 1842 1836 disseruimus

251 1868 396 1935 apud
413 1886 520 1935 eos,
545 1872 630 1940 qui
658 1871 984 1937 advenerant,
1007 1875 1069 1927 de
1093 1874 1235 1928 initio
1257 1874 1539 1945 Scriptum
1563 1891 1581 1928 :
1608 1883 1843 1960 et‘osten-

250 1961 421 2014 diutus
462 1964 585 2032 quid
627 1964 692 2017 sit
731 1975 896 2018 actum
919 2007 935 2029 ,
964 1967 1087 2034 quid
1111 1967 1176 2020 sit
1204 1967 1526 2034 miraculum,
1557 1975 1604 2021 et
1627 1970 1750 2038 quid
1775 1968 1841 2022 sit

246 2054 584 2118 conversatio,
617 2055 739 2123 quid
760 2056 959 2125 signum
988 2066 1038 2110 et
1069 2058 1354 2127 prodigium
1383 2065 1444 2111 a‘c
1472 2059 1695 2113 virtus...
1730 2058 1842 2113 Ilo-

249 2143 339 2195 die
365 2144 611 2213 reliquum
632 2146 973 2212 inscriptionis
997 2164 1165 2218 operat
1186 2149 1400 2217 pretium
1422 2159 1495 2204 est
1521 2150 1767 2216 dicamus,
1791 2160 1839 2205 et

245 2234 377 2302 quid
399 2235 648 2305 signiﬁcet
671 2240 890 2306 apostoli
914 2241 1093 2294 nomen
1122 2242 1465 2295 ostendamus.

330 2323 385 2376 In
418 2325 585 2393 prima
619 2326 777 2395 igitur
802 2330 1060 2383 concione
1087 2343 1368 2401 postquam
1401 2347 1496 2388 eos
1524 2342 1834 2402 carpserat,

245 2414 342 2483 qni
361 2410 678 2470 conventum
696 2419 934 2474 ecclesia:
950 2422 1312 2488 deseruerant,
1340 2439 1447 2478 non
1476 2433 1676 2480 temere
1697 2440 1839 2494 prte-

248 2505 542 2561 tereundas
570 2521 688 2562 esse
727 2524 996 2565 sacrorum
1039 2513 1294 2568 librorum
1334 2514 1709 2585 inscriptiones
1744 2515 1841 2570 do-

246 2608 360 2662 cet,
392 2607 447 2651 et
474 2599 541 2652 dc
568 2600 915 2670 inscriptione
945 2606 1174 2671 Altaris,
1204 2608 1453 2661 nimirum
1477 2606 1662 2678 Ignoto
1690 2607 1834 2675 Deo,

245 2687 382 2756 agit,
411 2687 733 2758 demumque
759 2707 948 2750 recens
978 2697 1299 2752 illuminatos
1324 2698 1632 2770 alloquitur.

321 2778 623 2835 Secundam
647 2825 662 2850 ,
694 2785 780 2839 ubi
807 2785 872 2840 de
895 2797 1113 2845 auctore
1138 2791 1256 2846 libri
1290 2795 1544 2848 Actorum
1571 2795 1838 2852 edissere-

245 2867 363 2933 bat,
381 2879 438 2923 et
457 2870 654 2926 Lucam
680 2889 799 2930 esse
829 2877 1246 2947 demonstrabat,
1281 2885 1579 2952 reperimus
1601 2888 1836 2956 quidem;

245 2960 368 3026 sed,
401 2959 525 3026 heu,
556 2965 750 3019 misere
776 2966 1158 3037 deformatam,
1195 2982 1250 3027 et
1284 2989 1405 3029 cum
1448 2977 1642 3044 spuriis
1666 2978 1837 3032 inter-

245 3052 494 3106 tnixtam.
527 3053 620 3109 Est
646 3071 835 3126 nempe
865 3059 1082 3116 homilia
1107 3064 1358 3135 inscripta
1381 3067 1538 3138 (Vide
1562 3069 1836 3137 Monitum,

245 3150 284 3194 t.
321 3144 376 3197 3.
416 3159 464 3196 c.
506 3139 614 3207 65)
644 3148 706 3201 de
729 3149 1106 3222 Assumptione,
1143 3172 1237 3211 seu
1272 3161 1602 3217 Ascensione
1631 3162 1838 3218 Domini

246 3240 302 3285 et
323 3230 712 3304 Chrysostomo
753 3241 1057 3312 adscripta;
1091 3247 1178 3301 ubi
1222 3263 1344 3318 quae
1373 3252 1540 3319 prima
1572 3253 1836 3321 feruntur,

246 3323 638 3394 Chrysostomo
671 3343 855 3386 nostro
897 3335 1110 3406 indigna
1134 3341 1380 3396 videntur
1413 3358 1551 3399 esse.
1580 3346 1690 3400 Sub
1723 3347 1840 3402 haec

251 3413 576 3482 adjiciuntur
612 3420 750 3484 alia,
782 3439 900 3492 quze
940 3441 1062 3481 cum
1111 3429 1379 3498 prioribus
1417 3451 1521 3488 non
1565 3437 1839 3494 cohaerere

249 3513 540 3572 putantur;
567 3519 621 3563 et
651 3510 774 3565 licet
799 3515 1038 3571 melioris
1070 3529 1208 3573 uoltu
1231 3522 1356 3584 sint,
1388 3533 1565 3579 utrum
1606 3527 1841 3598 Chryso-

251 3601 427 3650 stomo
457 3598 564 3652 sint
591 3599 962 3672 adscribenda,
992 3624 1184 3678 necne,
1211 3629 1316 3666 non
1345 3616 1525 3669 ausim;
1545 3617 1836 3675 afﬁrmare.

249 3685 507 3786 Sequitur
532 3701 712 3786 postea
746 3711 868 3764 pars
905 3698 993 3754 illa
1017 3741 1031 3764 ,
1060 3701 1148 3756 ubi
1189 3705 1502 3774 quibusdam
1548 3711 1839 3778 prtemissis

251 3779 392 3877 circa
424 3779 828 3850 inscriptionem
862 3788 982 3843 libri
1012 3793 1264 3847 Actorum
1293 3836 1307 3860 ,
1341 3812 1459 3866 qua:
1491 3799 1558 3852 ad
1603 3816 1840 3870 praesens

252 3873 553 3922 institutum
584 3873 826 3939 apprime
855 3879 1141 3948 quadrent,
1174 3883 1240 3937 de
1266 3884 1424 3954 hujus
1453 3899 1674 3944 auctore
1695 3906 1841 3958 egre-

249 3957 334 4026 gie
374 3958 676 4028 disseritur,
725 3974 779 4020 ct
827 3967 1025 4024 Lucam
1069 3987 1190 4027 esse
1245 3977 1518 4044 probatur.
1569 3981 1666 4036 llic
1707 3955 1839 4039 vero

250 4050 694 4146 glirysostomum
724 4073 991 4128 agnosco;
1025 4079 1124 4120 nec
1152 4066 1340 4123 dubito
1367 4071 1605 4140 quintam
1629 4091 1691 4129 ea
1719 4092 1840 4146 qua:

249 4139 316 4195 de
338 4145 687 4213 inscriptione
717 4149 996 4222 Actorum,
1019 4172 1176 4225 quam
1205 4174 1268 4214 ea
1296 4139 1413 4230 qua:
1433 4163 1499 4217 de
1530 4163 1690 4235 hujus
1717 4139 1838 4222 libri

227 4241 472 4288 auctore
498 4235 760 4303 feruntur,
784 4241 850 4296 ad
875 4259 992 4298 eam
1023 4245 1294 4304 homiliam
1322 4254 1645 4324 pertineant,
1673 4273 1836 4326 quam

251 4332 309 4418 ut
319 4326 614 4383 secundam
638 4331 706 4386 ab
725 4347 784 4387 se
803 4334 998 4392 dictam
1018 4339 1104 4394 hic
1122 4354 1382 4399 memorat
1403 4345 1833 4418 Chrysostomus.

249 4413 387 4470 llinc
435 4420 694 4488 quaeritur
738 4423 792 4477 in
840 4425 967 4494 illa,
1017 4435 1226 4500 quoties
1267 4449 1296 4487 a
1343 4413 1737 4498 resurrectione
1771 4444 1838 4498 ad

247 4507 638 4604 Ascensionem
688 4510 853 4585 uSque
908 4520 1163 4578 Dominus
1212 4527 1458 4584 Christus
1509 4539 1834 4604 apparuerit.

247 4598 398 4698 lianc
422 4618 636 4698 quoque
658 4618 862 4675 partem
893 4611 1257 4684 Chrysostomi
1289 4635 1409 4677 esse
1439 4598 1608 4692 puto-z
1632 4627 1837 4698 reliqua

247 4688 362 4745 fere
388 4693 570 4747 omnia
597 4710 716 4764 qua:
744 4699 795 4752 in
830 4701 927 4755 hac
955 4702 1261 4774 longissima
1294 4688 1514 4768 humilia
1544 4688 1829 4786 habentur,

246 4794 339 4837 aut
358 4785 565 4855 inepta,
594 4796 687 4842 aut
713 4789 1100 4864 Chrysostomo
1125 4799 1342 4872 indigna
1371 4814 1514 4861 sunt.

318 4897 500 4996 Tertia
546 4899 764 4958 homilia
785 4946 799 4971 ,
828 4923 985 4978 quam
1006 4951 1022 4980 ,
1066 4913 1231 4969 altera
1271 4917 1337 4971 ad
1377 4920 1577 4977 calcem
1604 4924 1833 4996 rejects,

248 4993 544 5048 secundam
577 4995 947 5068 inscribimus,
991 5007 1042 5058 in
1073 5005 1244 5063 Palma
1277 5026 1372 5066 seu
1413 5019 1580 5071 veteri
1609 4993 1835 5078 ecclesia

248 5084 585 5141 Antiochena
618 5089 715 5145 fuit
735 5134 749 5154 ,
776 5109 838 5148 ea
867 5106 949 5151 est
978 5099 1029 5152 in
1056 5115 1158 5170 qua
1185 5102 1252 5158 de
1287 5106 1636 5178 inscriptione
1667 5081 1835 5170 Atzo-

247 5189 366 5230 rum
391 5180 587 5249 agitur,
621 5186 826 5241 necnon
849 5189 917 5243 de
945 5190 1241 5250 differentia
1273 5195 1417 5254 inter
1443 5201 1753 5265 miraculum
1784 5216 1836 5265 et

246 5279 425 5323 actum
447 5272 805 5346 radditurque
830 5282 991 5337 vitam
1032 5300 1154 5360 cum
1184 5289 1377 5346 virtute
1408 5303 1612 5363 actam,
1652 5298 1835 5354 utilio-

246 5375 359 5414 rem
389 5377 512 5420 esse
540 5366 704 5436 signis
730 5381 785 5425 et
807 5375 1102 5434 miraculis.

314 5455 553 5538 Quarta,
597 5477 756 5534 quam
796 5481 958 5539 supra
988 5485 1276 5532 memorata
1317 5477 1385 5535 de
1426 5495 1583 5537 causa
1628 5486 1834 5543 tertiam

246 5549 621 5648 inscribimus.
658 5558 726 5614 de
754 5563 975 5619 utilitate
1002 5565 1240 5623 lectionis
1265 5570 1656 5646 Scripturarum
1697 5580 1832 5648 agit,

247 5651 299 5695 et
326 5652 380 5696 ut
409 5645 546 5700 tituli
576 5647 790 5704 Aetnam
815 5654 1170 5726 Apostolorum
1189 5645 1509 5731 postremam
1530 5683 1716 5724 vocem
1735 5645 1832 5725 ex;

247 5733 422 5805 plicet,
450 5741 715 5811 perquirit
739 5746 863 5816 quid
890 5749 1149 5822 signiticet
1175 5756 1402 5824 apostoli
1427 5773 1644 5833 nomen,
1673 5765 1832 5823 dicit-

3437 369 3542 426 ΝΞ

1952 510 2058 567 que
2105 493 2464 568 apostolorum
2507 489 2815 561 dignitatem
2867 486 3036 544 multo
3081 485 3335 557 majorem
3382 496 3538 548 esse,

1953 599 2108 654 quam
2153 585 2586 654 magistratuum,
2633 580 2740 634 imo
2776 579 2934 634 etiam
2982 592 3166 650 regum
3210 585 3265 632 et
3305 574 3537 644 impera-

1953 683 2145 729 torum.

2021 764 2266 832 Quintam
2297 761 2660 832 subjungimus
2685 775 2800 814 eam
2829 773 2948 829 qua:
2976 766 3160 828 quarta
3193 754 3534 819 inscribitur;

1949 855 2001 910 in
2029 871 2130 926 qua
2161 855 2350 925 quaerit
2386 854 2794 925 Chrysostomus
2833 865 2927 904 cur
2965 849 3096 903 Acta
3138 849 3188 901 in
3220 846 3536 902 Pentecoste

1949 947 2192 1017 legantur
2217 965 2229 1000 :
2257 962 2323 1000 ex
2363 945 2478 1014 ejus
2516 959 2642 999 vero
2681 943 2836 997 dictis
2863 941 3118 1012 arguitur,
3161 947 3389 1008 quatuor
3417 937 3534 991 aliis

1948 1051 2069 1092 esse
2091 1036 2526 1092 subnectendam.

2021 1127 2262 1182 Iiomilite
2304 1127 2366 1182 de
2414 1126 2694 1181 Mutatione
2734 1124 3012 1178 nominum.
3048 1152 3121 1163 —
3145 1121 3273 1179 Post
3298 1121 3533 1191 quinque

1949 1219 2067 1274 illas
2098 1221 2148 1273 in
2181 1219 2525 1288 lnscriptiune
2552 1219 2805 1272 Actorum
2838 1216 3081 1271 homilias
3117 1215 3537 1284 Chrysostomus

1947 1311 2232 1370 conciones
2270 1313 2337 1365 de
2377 1311 2664 1372 Mutatione
2709 1310 2983 1363 nominum
3015 1307 3176 1361 variis
3218 1306 3318 1361 sub
3365 1303 3528 1359 titulis

1947 1399 2150 1456 habuit.
2190 1401 2246 1455 ld
2276 1415 2405 1455 vero
2443 1400 2642 1455 diserte
2680 1409 2857 1452 narrat
2888 1398 2939 1452 in
2980 1398 3148 1466 prima
3190 1393 3346 1464 hujus
3369 1408 3528 1464 argu-

1947 1493 2145 1557 menti,
2177 1491 2326 1562 cujus
2351 1491 2624 1560 inscriptio
2661 1490 2737 1544 sic
2773 1488 2968 1544 habet:
3003 1485 3195 1544 Saulus
3228 1485 3395 1539 adhuc
3420 1485 3526 1555 spi-

1946 1599 2066 1638 rans
2099 1583 2370 1648 minarum,
2399 1592 2502 1636 etc.
2531 1599 2543 1636 :
2587 1582 2671 1636 ubi
2697 1582 2774 1636 sic
2801 1581 2872 1634 ait
2900 1595 3045 1634 num.
3070 1566 3140 1634 3‘:
3173 1576 3356 1632 Totum
3381 1576 3533 1647 igitur

1946 1673 2164 1728 debitum
2205 1673 2544 1744 inscriptionis
2587 1673 2724 1726 vobis
2766 1670 3124 1742 persolvimus,
3155 1666 3528 1738 inscriptionis,

1945 1765 2183 1834 inquam,
2211 1766 2430 1818 Actuum
2466 1763 2885 1832 Apostolicorum.
2929 1759 2997 1816 Ut
3038 1775 3156 1830 ergo
3194 1759 3392 1813 initiunt
3415 1757 3530 1834 libri

1945 1856 2298 1926 attingercmus
2331 1854 2454 1908 ordo
2480 1854 2704 1925 exigebat
2721 1894 2735 1919 ,
2779 1869 2838 1904 ac
2864 1852 3148 1904 doceremus
3171 1849 3293 1919 quid
3323 1847 3416 1902 Itoc
3439 1847 3532 1902 sibi

1946 1946 2059 1999 velit
2083 1962 2101 1999 :
2128 1947 2360 2000 Primum
2383 1945 2593 2015 quidem
2615 1957 2918 1998 sermonem
2942 1940 3157 1994 fecimus
3176 1939 3244 1993 de
3262 1938 3530 2005 omnibus,

1945 2028 1979 2090 δ
2007 2037 2328 2107 Theophilc,
2360 2051 2479 2106 quze
2509 2035 2668 2103 ccepit
2698 2033 2853 2088 Jcsus
2889 2031 3059 2086 facere
3093 2046 3156 2085 ac
3185 2029 3396 2085 docere.
3439 2027 3533 2082 Ve-

1943 2137 2223 2183 rumtamen
2251 2146 2353 2182 non
2390 2128 2509 2182 sinit
2542 2126 2741 2180 Paulus
2776 2134 2828 2179 ut
2863 2125 2992 2178 lianc
3020 2123 3195 2178 seriem
3225 2121 3418 2175 ordinis
3450 2136 3532 2174 se-

1943 2236 2089 2287 quar,
2105 2219 2192 2274 sed
2209 2221 2274 2272 ad
2286 2236 2337 2273 se
2352 2220 2538 2288 situque
2553 2226 2685 2271 recte
2705 2221 2840 2287 facta
2855 2215 3080 2286 linguam
3099 2222 3320 2267 nostrant
3337 2212 3528 2264 invitat.

1945 2309 2104 2381 Cupio
2151 2325 2366 2379 namque
2410 2308 2578 2362 videre
2615 2307 2762 2361 illum
2807 2305 3149 2359 introductum
3192 2302 3531 2363 Damascum,

1944 2417 2044 2454 non
2070 2401 2232 2470 ferrea
2251 2409 2446 2464 catena,
2469 2399 2558 2452 sed
2581 2397 2846 2452 Dominica
2868 2411 2983 2450 voce
3003 2395 3254 2473 vinctum;
3268 2392 3364 2447 llic
3384 2391 3533 2446 vides

1945 2499 2067 2559 post
2093 2491 2345 2546 llomilias
2376 2490 2427 2544 in
2454 2489 2779 2558 Principium
2807 2490 3059 2542 Actorum
3088 2486 3377 2540 institutam
3407 2498 3535 2538 con-

1945 2581 2151 2636 cionem
2179 2597 2192 2634 :
2224 2579 2372 2635 vides
2413 2579 2538 2634 item
2568 2579 2682 2648 ejus
2709 2583 3100 2648 argumentum.
3137 2574 3377 2629 llabitam
3407 2573 3531 2628 item

1945 2671 2104 2737 hanc,
2127 2670 2192 2726 de
2213 2687 2315 2741 qua
2335 2687 2477 2726 nunc
2496 2672 2720 2740 agimus,
2743 2677 3025 2738 antequam
3048 2675 3256 2736 tempus
3279 2663 3533 2718 Paschale

1945 2762 2291 2828 dilaberetur,
2319 2773 2502 2832 aperte
2545 2770 2727 2814 narrat
2755 2774 2903 2813 num.
2929 2759 2964 2814 4
2989 2776 3002 2812 :
3035 2756 3174 2811 Nam
3202 2758 3277 2824 si,
3307 2754 3426 2809 dum
3451 2771 3534 2808 so-

1945 2857 2048 2908 lam
2077 2855 2232 2922 vobis,
2263 2855 2352 2918 ait,
2384 2854 2762 2922 inscriptidnem
2789 2853 2998 2921 legimus
3021 2857 3069 2903 et
3095 2864 3388 2902 enarramus
3409 2889 3422 2911 ,
3455 2847 3535 2899 di-

1944 2944 2157 2997 midium
2186 2943 2516 2997 solemnitatis
2541 2941 2982 3012 consumpsimus;
3008 2940 3053 2993 si
3071 2940 3132 2996 ab
3153 2937 3360 2992 exordio
3389 2937 3533 2990 initio

1947 3037 2136 3105 factum
2162 3034 2326 3103 ipsum
2353 3033 2468 3087 libri
2505 3033 2718 3102 pelagus
2742 3031 3019 3085 orationem
3055 3030 3322 3082 immittere
3354 3029 3537 3099 coepis-

1945 3139 2129 3190 semus,
2158 3132 2420 3194 quantum,
2451 3138 2640 3193 quazso,
2672 3122 2907 3192 temporis
2933 3121 3366 3190 impendissemus,
3390 3130 3447 3173 ut
3467 3120 3534 3173 ad

1943 3215 2062 3268 illas
2118 3216 2180 3267 de
2228 3212 2396 3267 Paulo
2444 3213 2758 3266 narrationes
2798 3211 3198 3282 perveniremus!
3242 3210 3307 3265 Et
3350 3220 3532 3280 postea

1945 3320 2094 3358 num.
2121 3305 2152 3360 5
2189 3320 2293 3358 non
2333 3305 2560 3359 obscure
2597 3304 2857 3373 significat
2885 3303 3026 3357 illam
3067 3301 3371 3369 homiliam,
3414 3318 3534 3371 qua:

1944 3396 2092 3450 nulla
2119 3396 2430 3451 intermedia
2458 3402 2826 3466 praecesserat,
2852 3408 2971 3448 esse
2994 3393 3231 3462 quintam
3255 3393 3306 3446 in
3330 3392 3535 3446 Princi-

1944 3489 2422 3561 pium‘Actorum,’
2446 3487 2498 3540 in
2527 3502 2627 3557 qua
2671 3486 2926 3556 qumritur
2950 3500 3046 3539 cur
3083 3485 3214 3539 Acta
3251 3483 3535 3552 Apostolu.

1945 3594 2062 3634 rum
2112 3580 2162 3633 in
2219 3579 2532 3634 Pentecoste
2574 3579 2835 3647 lcgantur.
2889 3577 2987 3632 llic
3039 3590 3268 3646 namque
3316 3585 3532 3630 sanctus

1944 3669 2131 3723 doctor
2158 3669 2280 3723 talia
2309 3668 2448 3722 fatur
2471 3685 2485 3722 :
2521 3666 2708 3722 Nonne
2731 3668 2783 3720 in
2810 3667 2977 3738 priore
2997 3665 3132 3720 vobis
3159 3665 3367 3719 collecta
3393 3665 3532 3719 dice-

1947 3757 2059 3811 bam
2081 3775 2138 3811 ea
2163 3757 2427 3824 miracula,
2457 3774 2568 3828 qua:
2595 3773 2795 3812 crucem
2824 3767 3031 3824 sequuta
3051 3766 3199 3820 sunt,
3222 3755 3284 3809 iis
3310 3757 3528 3828 majora,

1944 3864 2057 3919 qua:
2074 3850 2234 3919 ipsam
2257 3858 2612 3918 prwcesserant
2638 3848 2926 3902 exstitisse?
2954 3863 3121 3900 nonne
3143 3845 3198 3898 id
3222 3846 3412 3900 ostendi
3441 3862 3531 3900 ιιοο

1945 3941 2021 3996 bis
2045 3951 2089 3994 et
2115 3957 2176 3995 ex
2209 3940 2466 3994 miraculis
2499 3949 2546 3993 et
2574 3956 2636 3993 ex
2675 3939 3036 4009 discipulorum
3079 3938 3448 4003 benevolentia;
3483 3949 3529 3992 et

1944 4049 2042 4102 quo
2063 4041 2208 4102 pacto
2225 4040 2371 4084 antea
2392 4030 2590 4099 quidem
2611 4027 2840 4084 Christus
2858 4029 3113 4099 imperans
3129 4039 3352 4083 mortuos
3371 4030 3533 4084 susci-

1946 4121 2101 4188 tabat,
2131 4129 2303 4191 postea
2326 4136 2442 4174 vero
2466 4109 2721 4174 servorum
2746 4121 2858 4190 ejus
2877 4118 3054 4172 umbra
3075 4119 3297 4188 idipsum
3321 4131 3531 4190 praesta-

1945 4212 2066 4266 bat?
2101 4221 2206 4266 etc.
2238 4211 2368 4278 Quae
2405 4203 2582 4265 omnia
2622 4209 2822 4264 diserte
2847 4217 3129 4264 narrantur
3155 4211 3207 4264 in
3233 4210 3320 4264 illa
3346 4212 3529 4281 quinta

1944 4303 2162 4358 homilia
2202 4305 2253 4358 in
2302 4303 2626 4372 Principium
2667 4302 2922 4356 Actorum
2968 4317 3114 4355 num.
3159 4302 3209 4354 7.
3261 4302 3360 4368 Qui
3403 4318 3531 4358 vero

1945 4395 2140 4450 fuerint
2182 4395 2256 4449 illi
2325 4392 2613 4464 praesides,
2670 4390 2763 4462 qui
2814 4399 2922 4446 tum
2979 4391 3031 4446 in
3071 4392 3258 4461 hujus,
3314 4405 3422 4448 tum
3477 4394 3530 4449 in

1943 4485 2212 4556 sequentis
2239 4483 2472 4538 homilia:
2505 4483 2611 4538 line
2651 4489 3046 4548 memorantur,
3095 4481 3180 4536 hic
3230 4481 3532 4552 disquirer

1941 4575 2090 4630 dum.
2129 4573 2390 4628 Praesules
2437 4573 2619 4642 utique
2662 4572 2812 4639 illos,
2861 4571 2951 4641 qui
2991 4570 3139 4626 hisce
3184 4572 3546 4626 couciouibuS'

1941 4665 2186 4732 aderant,
2210 4679 2316 4720 non
2345 4665 2478 4718 alios
2498 4663 2661 4718 fuisse
2675 4669 2824 4733 puto,
2847 4677 3005 4731 quam
3027 4661 3307 4732 episcopos
3324 4663 3524 4718 vicinos

1941 4757 2111 4829 Syrire
2139 4755 2222 4810 vel
2252 4754 2568 4819 Phteniciae,
2609 4753 2699 4823 qui
2742 4751 2868 4807 alibi
2910 4766 3120 4823 queque
3159 4751 3527 4825 Chrysostomi

1940 4851 2181 4908 concioui
2211 4850 2516 4910 interfuisse
2544 4858 2931 4931 memorantur,
2962 4858 3019 4905 ut
3043 4849 3358 4906 videbimus.
3390 4850 3524 4906 Cum

1939 4944 2083 5000 enim
2121 4943 2400 4998 Antiochia
2443 4941 2754 5011 metropolis
2795 4949 2972 5006 esset,
3020 4941 3154 4996 nihil
3195 4942 3412 4997 dubium
3442 4953 3528 4999 est

1939 5036 2064 5106 quin
2095 5033 2465 5106 episcoporum
2504 5032 2655 5086 multi
2693 5031 2886 5086 vicina:
2909 5031 3176 5106 regionis,
3219 5034 3330 5089 sive
3357 5049 3522 5105 nego-

1940 5129 2134 5182 tiorum
2164 5140 2320 5181 causa
2342 5166 2358 5191 ,
2402 5124 2514 5179 sive
2550 5123 2816 5179 desiderio
2844 5122 3092 5178 audiendi
3120 5123 3484 5196 Chrysostomi
3509 5167 3523 5192 ,

1939 5221 2092 5291 cujus
2118 5218 2433 5290 eloquentiae
2467 5217 2602 5272 fama
2632 5215 2842 5272 volabat
2861 5257 2875 5282 ,
2918 5217 2971 5272 in
3011 5217 3345 5289 metropolitn
3372 5232 3525 5273 suam

1939 5327 1999 5368 se
2027 5311 2351 5368 conferrent.

2012 5403 2106 5458 Die
2133 5403 2444 5473 insequente
2470 5411 2588 5473 post
2619 5401 2853 5456 habitam
2899 5402 3210 5458 concionem
3257 5403 3309 5458 in
3354 5403 3479 5458 illud
3507 5444 3524 5468 .

1942 5494 2138 5552 Paulus
2157 5505 2322 5549 autent
2349 5495 2515 5549 adhuc
2541 5495 2740 5566 spirans
2762 5495 3046 5562 minarum,
3069 5504 3198 5560 etc.,
3222 5494 3364 5549 illam
3394 5509 3524 5551 cono

1939 5585 2147 5641 cionem
2186 5584 2402 5648 habuit,
2429 5600 2549 5656 quae
2591 5585 2914 5648 inscribitur,
2944 5585 3007 5638 de
3032 5583 3312 5638 Nominum
3355 5594 3522 5638 muta-

1941 5680 2090 5734 tione.
2117 5677 2268 5748 Quod
2306 5686 2672 5748 argumentum
2704 5677 2793 5733 ille
2821 5678 2875 5732 in
2915 5677 3022 5734 line
3050 5677 3399 5748 przecetlentis
3428 5679 3525 5733 ho—

1941 5771 2356 5842 miliarcceperat
2374 5810 2390 5837 ,
2425 5767 2524 5824 hac
2550 5771 2820 5842 proposita
2854 5771 3167 5844 quaestione,
3193 5785 3292 5826 cur
3316 5769 3521 5842 Paulo,
