4264 6306
691 401 785 458 1ιό

678 530 771 568 cur
788 514 964 578 Petro,
985 529 1078 569 cur
1096 514 1215 570 aliis
1241 515 1289 568 in
1317 514 1847 571 VeteriTestamento
1876 529 2132 576 tentatum
2169 533 2265 572 no-

685 620 801 659 men
827 605 1002 659 fuerit.
1022 607 1074 660 ld
1104 609 1242 660 enim
1277 607 1387 676 ipse
1420 618 1602 662 narrat
1627 625 1774 663 num.
1805 609 1841 661 2
1868 628 1879 664 :
1911 608 2086 679 Neque
2115 611 2263 674 enim,

685 696 768 757 ait,
803 697 866 750 de
890 697 1035 750 rebus
1065 696 1341 750 tririalibus
1365 700 1685 764 qutt'stioncm
1710 699 1944 752 habemus
1973 701 2118 752 hodie
2139 743 2152 763 ,
2181 703 2269 753 sed

687 786 740 838 de
766 803 819 837 re
843 802 952 854 qum
978 786 1125 855 coepit
1151 787 1351 855 quidem
1380 790 1610 840 hesterno
1633 789 1713 841 die
1733 790 1967 858 proponi,
1991 807 2089 843 non
2107 793 2268 860 potuit

683 887 842 928 autem
869 876 1050 929 solutio
1085 877 1372 947 qutustionis
1415 876 1592 943 afferri
1615 919 1628 943 ,
1663 888 1866 948 propter
1894 897 2064 933 eorum
2092 883 2262 935 multi-

683 965 900 1018 tudinem
941 983 1053 1034 qua:
1085 970 1282 1038 fuerant
1325 968 1378 1020 in
1419 969 1639 1021 medium
1692 971 1907 1038 prolata.
1951 971 2086 1035 Quid
2139 973 2268 1026 illud

679 1073 828 1124 νυνι-ο
859 1066 929 1108 est
953 1057 978 1108 Ρ
1006 1055 1084 1108 De
1114 1059 1372 1109 nominum
1402 1058 1719 1130 iiitpositiorte
1755 1062 1962 1128 quwstio
1993 1070 2096 1114 erat
2117 1103 2131 1128 ,
2154 1079 2268 1132 qua:

682 1145 814 1197 Deus
861 1148 1047 1200 sanctis
1101 1147 1354 1215 imposuit.
1409 1149 1474 1202 Et
1518 1149 1831 1217 quibusdam
1893 1152 2262 1222 interpositis:

679 1234 833 1288 Pauli
883 1237 1112 1305 facinora
1154 1254 1363 1291 narrare
1404 1238 1755 1308 rupicbamus,
1778 1243 1988 1311 jamque
2045 1244 2267 1299 historia:

675 1326 1001 1395 attige.~amus
1039 1328 1300 1381 exordium
1328 1370 1342 1394 ,
1395 1339 1440 1382 ct
1481 1330 1558 1382 bis
1587 1330 1742 1386 verbis
1770 1344 2063 1401 conceptum
2087 1352 2266 1388 narra-

677 1419 826 1471 tionis
852 1419 1047 1472 initium
1076 1421 1354 1476 invenimus
1381 1436 1398 1473 :
1430 1422 1620 1477 Saulus
1645 1436 1823 1480 autem
1851 1427 2024 1480 adhuc
2053 1428 2262 1496 Spirans

675 1509 846 1564 minas
871 1519 924 1564 ct
951 1511 1152 1566 erdem
1180 1513 1231 1566 in
1261 1513 1548 1584 discipulos
1573 1516 1802 1582 Domini,
1827 1519 2064 1572 continuo
2089 1522 2262 1573 turba-

675 1600 742 1652 vit
773 1617 863 1654 nos
890 1603 1100 1655 mutatio
1130 1605 1344 1659 nominis
1373 1621 1390 1658 :
1419 1614 1471 1660 et
1495 1616 1686 1662 etetera
1725 1608 1793 1663 de
1824 1611 2098 1664 nominum
2141 1628 2261 1665 mu-

676 1691 912 1759 tatione,
945 1710 1061 1762 quae
1117 1695 1350 1763 pluribus
1397 1699 1486 1753 ille
1532 1702 1910 1770 prosequitur:
1940 1703 2010 1755 ita
2053 1711 2111 1756 ut
2147 1702 2262 1758 lucc

677 1782 864 1836 concio
894 1783 963 1836 sit
989 1799 1084 1838 ceu
1110 1786 1559 1854 complementum
1589 1789 1957 1858 praecedentis.

745 1869 893 1925 lianc
930 1871 1200 1927 homiliam
1230 1885 1484 1944 sequutus
1522 1889 1604 1931 est
1641 1895 1819 1934 sermo
1849 1881 1933 1949 (T.
1957 1882 2009 1936 4.
2031 1883 2257 1952 σ.619),

674 1961 764 2028 qui
789 1973 904 2030 post
939 1963 1194 2019 liomilias
1233 1968 1285 2019 in
1315 1966 1562 2022 Genesim
1594 1984 1764 2023 nonus
1786 1983 2124 2038 nurneratur,
2169 1973 2260 2028 ubi

674 2051 792 2107 dua:
837 2055 942 2108 ilhc
971 2057 1036 2109 de
1074 2057 1264 2124 quibus
1306 2059 1464 2113 modo
1513 2061 1718 2130 egimus
1773 2063 2006 2117 homilia:
2054 2081 2259 2120 memo-

672 2154 856 2198 rantur
879 2187 893 2211 ,
924 2155 976 2198 et
1001 2146 1066 2200 de
1088 2145 1373 2202 Mutatione
1399 2152 1632 2205 nominis
1659 2151 1906 2219 Abrahzc,
1930 2155 2103 2224 deque
2129 2157 2260 2211 alio-

673 2252 787 2290 rum
811 2240 1082 2293 nominum
1116 2245 1484 2311 propriorum,
1507 2260 1625 2314 quae
1652 2247 1703 2298 in
1725 2245 1900 2302 Veteri
1920 2246 2261 2302 Testamento

605 2363 614 2370 -
670 2338 830 2393 sunt,
865 2330 1251 2400 signiﬁcatione
1285 2343 1554 2388 tractatur.
1589 2335 1644 2389 in
1688 2335 1788 2390 hoc
1833 2350 2112 2402 sermone-,
2137 2353 2261 2407 per-

671 2419 794 2473 inde
824 2431 981 2490 atque
1011 2423 1061 2476 in
1089 2424 1511 2492 pra'cedentibus
1535 2426 1785 2492 homiliis,
1820 2427 1976 2498 longe
1997 2430 2258 2497 pretemio

673 2525 799 2564 usus
825 2524 905 2566 est
931 2512 1361 2586 Chrysostomus.
1393 2518 1527 2572 llinc
1560 2521 1908 2589 querimoniae
1938 2522 2114 2590 pepuli
2143 2523 2258 2575 An-

672 2602 902 2656 tiocltetti
928 2646 944 2670 ,
975 2606 1044 2658 ob
1084 2608 1300 2660 nimiam
1332 2609 1714 2678 prommiorum
1746 2613 2124 2688 prolixitatem.
2155 2614 2261 2668 Cu-

665 2691 751 2760 jus
800 2695 1145 2762 querimonia:
1203 2698 1518 2764 occasione,
1570 2702 1754 2771 paucis
1806 2689 2003 2772 elapsis
2071 2704 2257 2758 diebus

673 2781 814 2835 illam
843 2783 906 2838 de
943 2784 1173 2842 ferendis
1195 2789 1722 2858 Reprehensionibus
1750 2793 2021 2846 hemiliam
2053 2794 2254 2858 habuit,

669 2889 824 2941 quam
856 2890 952 2929 nos
975 2876 1026 2929 in
1054 2880 1191 2933 serie
1219 2879 1551 2936 homiliartnn
1574 2882 1640 2937 de
1655 2882 1938 2937 Neminum
1967 2886 2267 2963 imitatione

670 2965 1154 3036 tertiam'ponimus
1179 3012 1193 3036 ,
1226 2971 1344 3039 quia
1380 2971 1491 3040 ipsa
1523 2972 1649 3026 licet
1687 2973 1736 3027 in
1769 2975 1916 3043 prius
1947 2975 2103 3029 editis
2147 2976 2257 3030 dis—

669 3065 835 3112 tracta
890 3071 942 3115 et
996 3065 1178 3130 procul
1229 3064 1297 3118 ab
1337 3065 1456 3120 aliis
1506 3067 1716 3136 posita,
1762 3082 1882 3122 sese
1937 3069 2109 3138 prodit
2154 3070 2255 3125 hoc

669 3150 854 3203 ordine
877 3153 1178 3219 ponendam
1209 3170 1328 3210 eSse
1361 3172 1507 3210 num.
1542 3154 1576 3212 5
1604 3157 1687 3211 his
1717 3160 1897 3214 verbis
1931 3178 1943 3214 :
1969 3159 2048 3214 De
2087 3160 2254 3218 Paulo

665 3251 830 3295 autem
873 3261 1034 3298 sermo
1065 3249 1204 3300 nobis
1249 3265 1408 3318 nuper
1440 3260 1586 3317 erat,
1617 3250 1820 3318 quando
1864 3252 1925 3304 de
1973 3255 2254 3307 nominibus

666 3333 1028 3390 disserebamus
1048 3379 1061 3399 ,
1093 3339 1536 3407 qutt'rebumusq-ue
1572 3358 1662 3394 cur
1703 3343 1976 3411 aliquando
2019 3343 2208 3398 Saulus
2235 3387 2250 3411 ,

663 3433 833 3491 postea
862 3441 974 3479 vero
1014 3425 1212 3482 Paulus
1257 3438 1457 3483 vocatus
1502 3431 1674 3501 fuerit.
1723 3431 1857 3486 Inde
1893 3449 2006 3486 vero
2041 3435 2254 3504 digressi

663 3531 834 3569 sumus
869 3518 934 3569 ad
968 3530 1174 3574 celerem
1218 3522 1517 3585 historiam,
1547 3541 1716 3578 omnes
1761 3525 1848 3595 qui
1886 3527 1990 3579 alia
2045 3531 2252 3582 nomine

665 3604 941 3661 habuerant
964 3611 1374 3666 cxaminavimus.
1396 3613 1574 3683 Pergit
1593 3615 1750 3668 etiam
1774 3616 1823 3668 in
1848 3615 1947 3671 hac
1968 3618 2246 3684 concione,

663 3710 725 3750 ac
749 3696 996 3767 disquirit
1039 3718 1134 3756 cur
1174 3702 1340 3758 Paulo
1386 3719 1580 3758 nomen
1626 3716 1883 3761 mutatum
1922 3709 2028 3776 sit,
2060 3719 2111 3763 et
2153 3726 2251 3766 cur

664 3803 769 3842 non
810 3791 986 3844 statim
1029 3791 1097 3845 ab
1141 3794 1257 3861 ejus
1303 3798 1652 3851 converSione
1688 3816 1700 3851 :
1740 3799 1832 3853 sed
1877 3815 1982 3853 non
2034 3803 2249 3855 modico

663 3888 786 3949 post
815 3864 958 3934 illam
1000 3892 1238 3952 tempore
1267 3887 1477 3953 excepit
1506 3887 1724 3942 homilia
1761 3889 1812 3943 in
1842 3889 1975 3953 illud
2001 3933 2014 3958 ,
2051 3890 2249 3946 Paulus

662 3981 901 4038 vocatus,
933 3972 983 4026 in
1040 3974 1191 4042 cujus
1249 3977 1424 4031 medio
1479 3978 1615 4033 idem
1666 3981 1838 4050 ipsum
1885 3985 2053 4054 tangit
2095 4000 2251 4055 argn-

662 4069 934 4126 mentum,
963 4071 1016 4116 et
1061 4072 1167 4117 tres
1199 4065 1404 4133 priores
1446 4066 1692 4124 homilias
1731 4084 2118 4128 commemorat
2163 4076 2246 4130 his

662 4151 840 4205 verbis
868 4169 881 4204 :
916 4151 1053 4206 Nam
1080 4155 1124 4207 si
1145 4156 1481 4211 recordamini
1503 4201 1516 4223 ,
1549 4171 1645 4213 tres
1675 4162 1894 4231 integras
1924 4164 2028 4218 dies
2053 4165 2115 4219 dc
2138 4169 2247 4221 solo

661 4240 752 4293 hoc
783 4242 983 4295 nomine
1011 4242 1302 4298 disseruisse
1324 4263 1400 4298 me
1429 4249 1568 4301 scitis
1586 4290 1600 4312 ,
1634 4267 1744 4303 cum
1774 4269 1951 4306 causas
1980 4254 2242 4322 afferrent,

660 4330 722 4382 ob
749 4346 872 4399 quas
895 4372 909 4396 ,
937 4349 1052 4385 cum
1093 4331 1286 4388 Saulus
1327 4347 1476 4389 antea
1518 4350 1796 4406 vocaretur,
1828 4341 2025 4396 Paulus
2069 4346 2249 4399 deinde

658 4431 861 4475 vocatus
889 4433 963 4475 est
984 4464 999 4489 ,
1029 4435 1073 4478 ct
1107 4441 1256 4494 quam
1297 4429 1358 4479 ob
1384 4444 1488 4480 rem
1522 4445 1620 4482 non
1650 4432 1817 4484 statim
1845 4433 1912 4484 ad
1946 4434 2096 4501 fidem
2129 4453 2248 4490 con-

661 4528 827 4565 versus
874 4514 1006 4567 hanc
1054 4517 1448 4586 appellationem
1499 4522 1728 4590 accepit,
1783 4523 1872 4576 sed
1924 4524 1992 4576 ad
2033 4528 2246 4581 multum

659 4611 854 4672 tempus
880 4620 1060 4658 nomen
1087 4609 1288 4658 retinuit
1312 4648 1326 4672 ,
1359 4609 1492 4674 quod
1517 4609 1594 4662 illi
1626 4621 1851 4679 parentes
1879 4614 2242 4683 imposuerant.

659 4693 862 4756 Quibus
904 4704 1011 4749 tres
1051 4697 1209 4751 hasce
1251 4699 1456 4766 priores
1509 4700 1578 4756 de
1625 4701 1905 4758 Neminem
1951 4708 2244 4766 mutatione

659 4782 904 4839 homiiias
941 4787 1008 4840 ita
1040 4788 1238 4844 diserte
1277 4803 1694 4860 commemorat,
1727 4805 1781 4850 ut
1828 4799 1968 4852 nulla
2012 4805 2245 4871 supersit

659 4875 940 4933 adversere
969 4883 1270 4951 suspicandi
1297 4899 1476 4939 causa.
1503 4887 1593 4942 lla:
1622 4905 1781 4959 porro
1810 4902 2033 4961 quatuor
2070 4895 2242 4950 homi-

657 4969 743 5024 lite
775 4970 824 5024 in
853 4971 997 5041 prius
1043 4976 1198 5029 editis
1242 4977 1312 5030 ita
1356 4978 1623 5035 distractae
1649 5023 1662 5047 ,
1689 4991 1775 5048 et,
1810 4995 1867 5038 ut
1918 4987 1986 5040 ita
2030 4987 2237 5059 dicam,

655 5061 924 5129 dissipate
951 5074 1096 5119 erant
1120 5109 1133 5130 ,
1165 5077 1223 5122 ut
1246 5070 1457 5124 nonnisi
1483 5088 1601 5126 cum
1634 5075 1828 5144 ingenti
1860 5077 2042 5134 labere
2062 5093 2243 5150 posset

655 5166 838 5205 earum
867 5155 1034 5209 series
1067 5157 1393 5228 internosci,
1441 5165 1886 5232 quemadmodum
1938 5178 1991 5222 et
2039 5186 2238 5240 praece-

656 5243 841 5298 dentes
869 5243 986 5299 aha:
1019 5245 1068 5300 in
1097 5249 1349 5305 Actorum
1375 5253 1794 5324 inscriptionem.
1820 5259 2029 5325 Quanto
2061 5272 2236 5318 autem

656 5336 704 5388 id
750 5336 1005 5392 lectorum
1037 5339 1318 5412 dispendio
1347 5347 1601 5403 acciderit
1629 5391 1643 5415 ,
1679 5361 1872 5405 nerunt
1915 5354 1947 5405 ii
1974 5395 1989 5419 ,
2022 5356 2112 5425 qtti
2156 5357 2239 5412 vel

654 5429 974 5496 primoribus
1006 5430 1170 5486 labris
1200 5450 1311 5489 rem
1350 5437 1763 5495 ecclesiasticam
1793 5442 2079 5500 literariam
2111 5448 2236 5502 atti-

651 5531 861 5591 gerunt.

727 5610 972 5668 llomitia:
999 5616 1061 5668 de
1101 5616 1422 5675 Paenitentia.
1453 5652 1516 5662 —
1544 5622 1798 5680 llomiiias
1827 5627 1894 5682 de
1920 5627 2235 5686 Ptenitentia

653 5712 773 5770 post
799 5718 992 5759 annum
1025 5707 1129 5763 595
1156 5723 1274 5765 cum
1302 5710 1646 5769 Tillemontio
1679 5732 1744 5771 ex
1792 5717 1893 5772 levi
1931 5722 2237 5789 conjectura

653 5795 918 5865 ponimus.
952 5797 1118 5855 Tanta
1160 5809 1336 5860 autem
1369 5814 1449 5860 est
1478 5809 1530 5862 in
1559 5821 1741 5864 eorum
1786 5809 1973 5869 ordine
2019 5823 2231 5885 pertur-

1777 403 1833 458 S.
1876 401 2154 457 JOANNIS
2194 403 2667 462 CllBYSOSTOJII
2701 407 2893 476 VITA,

3874 411 3980 468 iss

2386 519 2538 594 batio
2559 520 2648 580 (T.
2668 522 2721 574 2.
2755 541 2803 575 c.
2822 522 2972 594 277),
3003 534 3060 578 ut
3089 523 3306 579 difficile
3328 525 3396 579 sit
3416 525 3591 581 dicere
3619 543 3736 597 quae
3765 527 3939 598 prima
3961 569 3980 595 ,

2380 625 2497 677 qua:
2524 612 2784 674 secunda,
2811 629 2928 681 qum
2971 615 3123 668 tertia
3160 614 3338 669 habita
3373 616 3548 670 fuerit.
3580 616 3685 672 Sed
3711 618 3775 671 ad
3798 618 3981 673 Moni-

2381 709 2493 750 tum
2551 701 2600 754 in
2657 703 2872 756 easdem
2923 705 3218 771 mittimus,
3267 706 3356 759 ubi
3413 707 3525 761 hme
3585 722 3679 776 pro
3723 707 3985 765 facultate

2375 791 2745 847 discessimus.
2780 794 3004 848 llomilia
3060 805 3234 849 tamen
3283 806 3494 866 quarta,
3527 799 3680 867 cujus
3726 800 3968 867 initium,

2376 880 2618 934 Pastores
2649 899 2760 936 ores
2781 925 2794 947 ,
2821 883 2941 953 jure
2963 893 3164 953 quarta:
3197 887 3411 940 nomine
3440 887 3723 957 insignitur
3755 907 3766 941 :
3801 903 3983 959 quan-

2375 969 2660 1039 doquidem
2711 972 3126 1044 Chrysostomus
3177 975 3328 1029 initio
3374 977 3502 1030 dicit
3537 993 3595 1033 se
3635 980 3744 1046 jam
3785 989 3978 1049 quarta

2377 1063 2490 1117 vice
2533 1073 2587 1116 et
2616 1065 2702 1118 die
2729 1065 2796 1118 de
2821 1066 3131 1134 poenitentia
3163 1081 3340 1136 agere.
3371 1067 3475 1121 Sed
3507 1084 3636 1124 cave
3672 1081 3823 1137 putes
3851 1086 3982 1141 per-

2374 1153 2497 1208 inde
2521 1143 2728 1209 eertum
2756 1172 2874 1211 esse
2903 1173 3020 1212 eam
3048 1199 3062 1222 ,
3092 1168 3200 1213 tres
3228 1159 3346 1212 illas
3393 1176 3525 1229 quas
3553 1162 3759 1230 priores
3792 1164 3946 1230 posui
3974 1193 3984 1205 -

2374 1261 2510 1309 mus,
2544 1256 2634 1299 aut
2664 1247 2896 1316 aliquam
2928 1263 2994 1302 ex
3021 1249 3139 1302 aliis
3163 1259 3443 1319 sequutum
3472 1265 3609 1304 esse.
3641 1252 3860 1306 Planum
3891 1261 3982 1310 est.

2376 1343 2522 1400 tres,
2569 1347 2692 1388 ante
2739 1336 2879 1391 hanc
2921 1345 3204 1405 quartam,
3249 1337 3317 1393 de
3367 1339 3678 1407 j'taatritenlia
3726 1342 3978 1397 homiiias

2371 1421 2540 1476 dictas
2566 1421 2732 1479 fuisse
2755 1467 2770 1488 ,
2810 1426 2903 1480 sed
2943 1428 3107 1480 hasne
3146 1438 3252 1482 tres
3275 1469 3290 1494 ,
3320 1444 3453 1499 quas
3489 1431 3877 1500 prmmisimus,
3901 1449 3976 1488 an

2368 1514 2533 1581 alias,
2567 1514 2801 1584 ignotum
2827 1532 3043 1585 prorsus
3075 1526 3177 1572 est.
3197 1519 3495 1575 Antiochia:
3519 1532 3694 1577 autem
3723 1539 3970 1591 proauo-

2370 1604 2554 1658 tiatam
2584 1605 2748 1660 fuisse
2781 1607 3007 1661 suadent
3034 1609 3148 1662 lucc
3173 1610 3332 1664 verba
3366 1627 3514 1664 num.
3540 1611 3608 1665 2:
3640 1613 3980 1684 Quandoqui-

2373 1694 2486 1747 dem
2515 1711 2606 1749 nos
2632 1713 2747 1749 cum
2787 1697 3190 1768 exagitabantur,
3217 1703 3379 1774 vexati
3406 1705 3568 1772 fante,
3603 1713 3738 1772 peste
3761 1745 3776 1770 ,
3807 1721 3973 1775 gran-

2373 1784 2524 1850 dine,
2571 1786 2792 1841 siccitate
2816 1829 2830 1853 ,
2864 1789 3144 1856 incendiis,
3179 1791 3396 1845 hostium
3437 1793 3759 1863 incursione,
3803 1812 3977 1850 nonne

2367 1875 2588 1944 quotidie
2639 1879 2850 1930 ecclesia
2903 1863 3224 1934 multitudine
3266 1883 3663 1938 convenientium
3727 1897 3974 1956 angusta-

2373 1954 2676 2019 batur
2706 1967 2987 2040 Postquam
3008 1979 3177 2024 autent
3209 1970 3346 2026 Deus
3371 1975 3499 2026 iram
3520 1975 3752 2043 deposuit
3774 1954 3977 2046 {atque

2368 2065 2478 2124 post
2507 2065 2671 2110 tantos
2697 2058 2884 2127 ﬂuctus
2915 2061 3190 2130 procellam
3217 2061 3400 2133 abegit,
3431 2063 3499 2116 ad
3518 2064 3757 2134 pristinos
3786 2067 3974 2120 iterant

2367 2162 2528 2198 mores
2558 2149 2742 2201 reversi
2769 2165 2961 2203 sumus.
2987 2151 3138 2221 Atqui
3174 2152 3226 2205 in
3256 2154 3364 2224 ipso
3393 2155 3724 2208 tentationum
3746 2166 3976 2226 tempore

2371 2237 2477 2290 lucc
2516 2240 2790 2305 prtcdicere
2827 2251 2870 2294 et
2902 2243 3161 2311 testiﬁcari
3202 2261 3304 2299 non
3350 2247 3664 2300 (lesistcbant.
3719 2249 3815 2304 llic
3854 2249 3973 2330 lon-

2364 2341 2484 2395 gam
2521 2329 2882 2385 calamitatum
2923 2336 3118 2386 seriem
3150 2345 3412 2390 memorat
3437 2377 3452 2402 ,
3497 2339 3689 2407 quibus
3731 2329 3998 2408 praesens.

2365 2416 2479 2484 ipse
2508 2427 2658 2485 erat,
2692 2427 2747 2474 et
2786 2422 3208 2478 concionabatur
3241 2441 3254 2477 :
3285 2442 3402 2494 quae
3445 2428 3624 2481 omnia
3657 2431 3867 2483 nonnisi
3901 2431 3969 2484 ad

2366 2516 2617 2578 tempus,
2658 2527 2765 2580 qtto
2817 2515 3120 2570 Antiochia)
3176 2518 3458 2588 presbyter
3505 2530 3658 2586 erat,
3708 2521 3974 2592 quadrare

2365 2609 2608 2668 possunt.
2651 2601 2894 2658 Hostium
2933 2621 3064 2661 vero
3114 2608 3360 2662 incursus
3411 2621 3556 2679 putat
3589 2611 3965 2668 Tilletnontius

2366 2706 2486 2744 esse
2516 2694 2849 2749 invasionem
2886 2697 3028 2752 illam
3059 2697 3395 2765 Hunnorum,
3414 2717 3532 2770 qua:
3560 2717 3701 2756 anno
3721 2702 3828 2758 593
3849 2719 3972 2758 con-

2365 2781 2694 2853 tigit:quod
2749 2795 2833 2840 sat
2893 2788 3108 2858 quidem
3168 2792 3461 2847 verisimile
3506 2793 3736 2848 videtur.
3786 2794 3855 2850 Ut
3910 2808 3972 2852 ut

2363 2886 2493 2925 vero
2522 2883 2604 2927 est
2624 2915 2638 2938 ,
2675 2875 2815 2930 hanc
2843 2877 2892 2931 in
2925 2879 3162 2946 ultimos,
3193 2882 3386 2951 quibus
3421 2884 3720 2940 Antiochia:
3749 2889 3969 2943 concio-

2363 2974 2522 3018 natus
2551 2978 2654 3034 est,
2686 2983 2859 3025 annos
2907 2981 3209 3041 opportune
3235 2975 3528 3045 rejieimus.

2433 3056 2626 3124 Quinta
2653 3099 2669 3127 ,
2700 3062 2850 3131 cujus
2897 3063 3128 3131 initium,
3158 3065 3303 3121 La'ta
3345 3069 3487 3124 nobis
3517 3072 3667 3125 hodie
3700 3089 3760 3125 ac
3791 3074 3970 3144 festiva

2361 3147 2655 3217 celebritas,
2685 3161 2766 3205 est
2791 3154 3170 3222 pulcherrima,
3203 3174 3365 3227 quam
3401 3161 3464 3214 de
3494 3162 3699 3232 jejunio
3724 3206 3739 3230 ,
3774 3165 3971 3219 inseri-

2362 3238 2467 3306 psit
2500 3238 2752 3296 Savilius.
2786 3243 2855 3297 Et
2875 3256 2958 3300 est
2979 3247 3193 3316 quidem
3218 3250 3284 3304 de
3299 3251 3506 3322 jejunio
3532 3295 3546 3318 ,
3574 3254 3667 3308 sed
3698 3259 3973 3327 prtrcipue

2360 3327 2426 3382 de
2469 3333 2782 3398 pmnitcntia
2809 3377 2821 3398 ,
2852 3351 2967 3404 qua:
3008 3354 3115 3407 quo
3166 3351 3320 3409 pacto
3369 3359 3490 3397 cum
3538 3345 3659 3402 aliis
3695 3349 3975 3407 cohaereat.

2358 3417 2690 3488 deprehendi
2724 3427 2870 3480 nullo
2915 3429 3076 3483 modo
3104 3441 3296 3499 potest.
3327 3433 3627 3491 Antiochia:
3656 3455 3786 3494 vero
3813 3440 3972 3506 habi-

2360 3520 2465 3564 tam
2495 3513 2659 3570 t'uisse
2699 3517 2896 3573 indicat
2925 3519 3342 3592 Chrysostomus
3363 3567 3376 3592 ,
3408 3543 3528 3581 cum
3573 3530 3969 3588 monachorum

2359 3603 2409 3657 in
2439 3608 2710 3664 montibus
2744 3611 2988 3679 proxime
3027 3612 3335 3683 degentium
3363 3621 3668 3690 exemplum
3711 3625 3968 3681 conside-

2355 3697 2583 3752 randum
2611 3699 2822 3768 ederat,
2847 3713 2902 3756 ut
2929 3704 3066 3758 solet
3091 3705 3144 3759 in
3167 3708 3512 3766 concionibus
3538 3712 3837 3769 Antiochia:
3862 3715 3968 3770 ha“-

2358 3788 2503 3843 bilis.

2427 3881 2611 3950 Sexta,
2645 3888 2797 3954 cujus
2828 3888 3059 3956 initium,
3095 3890 3261 3957 Quam
3290 3894 3515 3963 jucundi
3542 3897 3861 3966 spiritualcs,
3889 3899 3961 3958 de

2353 3974 2558 4043 jejunio
2591 3980 2825 4035 maxime
2862 3981 3008 4052 agit:
3043 3997 3109 4036 an
3152 3999 3281 4038 vero
3322 3987 3656 4056 Antiochiae,
3698 4005 3765 4044 an
3813 3991 3960 4048 Con-

2356 4068 2700 4137 stantinopoli
2757 4069 2933 4124 habita
2979 4072 3175 4140 fuerit,
3217 4075 3396 4143 nullo,
3433 4089 3489 4132 ut
3535 4080 3764 4149 videtur,
3794 4083 3960 4139 modo

2355 4155 2688 4225 deprehendi
2723 4170 2918 4229 potest.
2948 4161 3205 4219 llmnilias
3254 4167 3374 4220 illas
3414 4169 3543 4225 duas
3589 4171 3642 4225 in
3683 4172 3957 4231 Psaimum

2352 4251 2876 4320 quinquagesinnnn,
2904 4270 3025 4325 qnte
3056 4257 3106 4310 in
3131 4258 3316 4327 quinto
3335 4260 3505 4315 'l‘omo
3535 4263 3707 4318 locum
3731 4266 3955 4338 habent,

2354 4350 2539 4408 putant
2564 4344 2779 4412 quidam
2802 4349 3148 4402 concionibus
3166 4349 3231 4403 de
3253 4350 3570 4408 Pcenitentia
3589 4355 3956 4428 adjnngendas

2353 4446 2472 4485 esse
2513 4451 2526 4488 :
2570 4443 2666 4500 at,
2695 4445 2751 4489 ut
2795 4453 2894 4492 suo
2948 4439 3068 4494 loco
3118 4441 3334 4511 dicitur,
3366 4459 3488 4499 cum
3534 4447 3638 4502 illis
3676 4450 3957 4510 coluerere

2354 4541 2511 4594 posse
2540 4543 2644 4582 non
2673 4529 2944 4584 videntur.

2422 4619 2554 4680 Tres
2581 4638 2869 4694 sequentes
2895 4628 3154 4697 homilim,
3188 4648 3381 4702 nempe
3404 4639 3652 4705 septima,
3680 4650 3865 4697 octava
3898 4653 3955 4701 et.

2351 4726 2487 4765 nona
2511 4755 2524 4779 ,
2550 4729 2656 4768 non
2700 4733 2856 4786 pares
2908 4719 3272 4778 Germanitatis
3324 4736 3477 4782 notas
3505 4744 3614 4798 pra!
3658 4747 3717 4787 se
3746 4732 3949 4791 ferunt.

2348 4802 2529 4875 Stylus
2570 4805 2989 4878 aChrysostomi
3035 4813 3299 4883 elegantia
3347 4832 3450 4871 non
3497 4835 3688 4888 parum
3723 4827 3950 4882 recedit.

2348 4896 2704 4962 Quamobrem
2735 4919 2842 4957 non
2888 4907 3004 4959 sine
3043 4907 3224 4977 aliquo
3251 4913 3504 4980 scrupulo
3533 4928 3624 4968 eas
3651 4915 3790 4971 inter
3828 4935 3933 4988 ger-

2348 5005 2502 5044 mana
2525 4992 2898 5064 Chrysostomi
2925 5012 3087 5066 opera
3126 5000 3512 5070 relinquimus;
3544 5021 3644 5061 nec
3675 5016 3852 5065 tamen
3882 5009 3950 5065 al.

2348 5082 2450 5136 illis
2476 5085 2832 5153 sejungendas
2859 5102 2978 5142 esse
3005 5089 3275 5158 duximus,
3298 5093 3559 5161 quoniam
3601 5106 3658 5150 ut
3685 5097 3796 5164 jam
3819 5099 3946 5155 alibi

2346 5179 2670 5242 monuimus,
2701 5178 2751 5231 in
2774 5179 2982 5234 dicendi
3009 5196 3207 5250 genere
3237 5199 3342 5238 non
3369 5199 3584 5255 semper
3608 5188 3708 5242 sibi
3735 5200 3945 5245 constat

2345 5266 2398 5322 S.
2424 5268 2627 5322 doctor.
2653 5271 2799 5323 Alias
2843 5270 3062 5340 insuper
3103 5273 3480 5344 Chrysostomi'
3517 5276 3584 5333 de
3624 5280 3942 5338 Ptenitentia

2345 5357 2593 5413 homilias
2621 5360 2876 5417 habemus
2898 5403 2911 5430 ,
2955 5380 3087 5432 quas
3123 5376 3306 5438 utpote
3350 5370 3560 5440 spurius
3589 5372 3640 5426 in
3672 5371 3942 5440 Appendi-

2343 5465 2458 5505 eem
2490 5453 2869 5521 ablegavimus.

2417 5543 2729 5601 Innumeras
2787 5549 3080 5605 Antiochia:
3132 5551 3316 5609 habuit
3366 5557 3656 5614 conciones
3706 5556 3918 5629 Chryse

2344 5631 2551 5690 stemus
2573 5676 2586 5700 ,
2615 5635 2839 5707 quarum
2875 5655 3063 5711 magna
3093 5657 3216 5712 pars
3239 5644 3382 5699 edita
3420 5646 3516 5701 fuit
3539 5691 3552 5711 ,
3581 5659 3633 5703 et
3664 5664 3815 5704 nova:
3855 5651 3907 5704 in

2344 5726 2555 5780 terdum
2579 5741 2608 5779 a
2637 5728 2871 5784 tenebris
2899 5744 3176 5788 eruuntur.
3204 5734 3281 5789 Ex
3312 5735 3472 5790 editis
3506 5753 3636 5793 vero
3676 5754 3933 5809 quarum-

2343 5821 2462 5875 dam
2507 5833 2703 5875 annum
2743 5836 2847 5891 quo
2874 5822 3030 5881 dictae
3075 5825 3283 5884 luerunt
3332 5829 3681 5887 indicavimus
3728 5831 3808 5886 vel
3860 5847 3926 5890 ex
