4264 6306
168 389 254 441 Mf;
1341 376 1520 433 NUNC
1559 369 1820 430 PRIMUM
1861 371 2256 430 ADORNATA.

163 501 305 553 certis
329 501 460 554 netis
483 542 495 562 ,
523 500 608 554 vel
648 513 715 554 ex
750 499 1052 569 conjectura
1097 503 1299 550 tantum
1365 511 1376 544 :
1405 501 1718 545 casterarum

164 601 476 659 autetu,qu:e
525 591 676 660 |0ugc
724 589 910 659 majori
961 601 1184 642 numero
1221 594 1378 646 sunt,
1411 597 1605 634 annum
1655 594 1722 632 ne

161 682 439 750 tnnjectura
476 681 689 751 quidem
725 679 937 750 assequi
988 696 1054 749 po
1075 668 1288 732 sumus.
1317 675 1390 728 De
1431 672 1513 726 his
1558 684 1723 742 porro

160 775 251 848 jam
275 773 527 843 agendum
559 772 714 827 uobis
739 781 841 826 est.

217 858 453 916 Encomia
501 861 655 916 Pauli
699 861 1134 933 Apostoli.—-Et
1181 859 1353 930 primo
1392 854 1604 926 quidem
1655 851 1722 906 de

161 948 292 1004 Pauli
310 949 565 1002 cncomiis
587 945 672 1019 (T.
698 947 752 1000 ‘2.
773 945 975 1012 c.-469)
1008 959 1102 997 seu
1131 943 1468 997 sermonibus
1487 953 1718 1009 septem,

158 1053 276 1110 quos
301 1039 517 1092 omnino
545 1052 846 1091 tnetnOrare
875 1036 1084 1089 videtur
1107 1035 1157 1087 iu
1183 1034 1411 1088 llomilia
1447 1034 1497 1085 in
1525 1031 1725 1085 Kalen-

156 1131 256 1191 das.
274 1131 356 1183 ubi
374 1129 454 1187 sic,
471 1130 631 1184 habet
648 1129 802 1198 paulo
819 1137 938 1196 post
960 1127 1188 1180 initium.
1212 1125 1395 1193 Nuper
1416 1126 1588 1194 igitur,
1610 1141 1723 1176 cum

153 1221 333 1280 beatum
378 1220 600 1275 Paulum
629 1222 867 1275 encouu’is
893 1221 1260 1273 celebraremus
1308 1217 1393 1290 (T.
1431 1219 1482 1270 1.
1510 1235 1557 1270 c.
1591 1216 1716 1271 955.

151 1315 182 1366 ι.
209 1313 315 1383 20),
339 1315 409 1367 sic
430 1315 787 1378 cxsultavistis,
826 1330 885 1365 ac
914 1313 956 1365 si
983 1314 1148 1380 ipsum
1187 1320 1480 1379 pne-sentem
1507 1312 1718 1361 vidisse-

153 1401 309 1454 tis.....
349 1400 585 1456 Volebam
618 1414 787 1456 autem
814 1405 864 1456 in
892 1404 1024 1456 idem
1064 1409 1416 1472 argumentum
1458 1401 1608 1454 hodie
1635 1400 1724 1453 de-

151 1493 362 1544 scendere
383 1511 402 1556 ;
431 1493 521 1546 sed
546 1495 614 1546 ad
633 1494 737 1547 alia
762 1493 996 1564 quaedam
1017 1535 1032 1554 ,
1056 1509 1169 1563 qua:
1195 1493 1356 1563 magis
1380 1500 1580 1562 urgent,
1608 1507 1725 1544 ora-

152 1582 210 1632 tio
253 1594 417 1636 nostra
459 1584 787 1652 prove/titur;
813 1585 865 1637 in
903 1583 1081 1654 quibus
1127 1600 1157 1636 α
1200 1592 1305 1635 tota
1334 1583 1484 1636 Itodie
1529 1582 1725 1634 civitate

149 1683 380 1741 peccatur.
410 1674 513 1727 lies
535 1675 666 1728 enim
690 1716 704 1742 ,
735 1675 822 1744 qui
843 1675 1070 1728 encomia
1099 1674 1254 1728 Pauli
1283 1674 1464 1728 audire
1489 1674 1719 1742 cupiunt,

148 1766 272 1833 prius
297 1765 493 1819 rirttttis
518 1765 679 1820 Pauli
706 1767 915 1820 wmulos
949 1782 1054 1820 esse
1081 1775 1312 1835 oportet,
1345 1775 1391 1818 et
1432 1764 1725 1830 huiusmodi

148 1860 361 1910 concione
389 1856 594 1926 dignos.
624 1857 719 1910 llic
757 1855 908 1910 vides
934 1855 1222 1909 conciones
1263 1855 1314 1908 in
1344 1853 1565 1908 Paulum
1611 1861 1723 1907 tum

146 1945 235 2014 jam
264 1947 467 2000 habitas
497 1987 510 2009 ,
541 1956 652 2001 tum
680 1949 802 2017 post
833 1945 1104 2001 habendas
1136 1943 1424 2001 memorari
1451 1985 1466 2009 ,
1498 1959 1721 2013 quarum

146 2048 499 2105 argumentum
531 2047 685 2093 erant
715 2039 958 2092 encomia
987 2037 1158 2092 Pauli.
1181 2037 1248 2091 Et
1273 2045 1450 2091 tamen
1465 2035 1724 2090 llermau-

147 2128 236 2182 tius
271 2131 514 2199 opinatus
552 2140 669 2197 est,
708 2129 839 2186 illud
868 2127 1017 2186 Pauli
1066 2129 1368 2184 encomium
1402 2130 1454 2184 in
1495 2129 1721 2184 llomiiia

145 2220 201 2273 de
223 2219 466 2276 Kalendis
496 2232 855 2277 memoratum
876 2264 891 2289 ,
927 2222 1112 2278 haberi
1143 2223 1196 2277 in
1221 2222 1454 2277 llomilia
1481 2222 1549 2278 (10
1577 2221 1722 2276 Peti-

147 2313 273 2366 tione
300 2313 532 2368 filiorum
575 2313 825 2369 Zebedaei
854 2329 1003 2368 num.
1033 2314 1088 2381 5,
1122 2314 1212 2368 ubi
1239 2314 1411 2368 obiter
1434 2314 1581 2368 Pauli
1610 2315 1723 2368 lau-

145 2401 224 2455 des
251 2404 463 2473 attingit
489 2403 930 2475 Chrysostomus.
948 2405 1324 2460 Tillemoulius
1352 2421 1499 2472 vero,
1525 2408 1724 2474 rejecta

145 2493 421 2550 llcrmanlii
449 2496 743 2567 opinione,
772 2505 924 2566 putat
950 2496 1224 2550 homiliam
1266 2497 1318 2550 in
1360 2497 1620 2552 concione
1659 2496 1726 2550 de

149 2583 378 2639 Kalendis
407 2597 760 2641 memoratam
789 2602 906 2642 eam
938 2602 1059 2642 esse
1081 2629 1094 2654 ,
1127 2587 1279 2657 cujus
1308 2587 1511 2654 titulus,
1539 2588 1727 2650 Quales

144 2676 366 2730 ducrndw
396 2680 499 2731 sint
525 2695 712 2732 uxores
739 2721 752 2746 ,
779 2679 870 2733 ubi
899 2679 1092 2734 Paulus
1125 2679 1415 2733 identidem
1455 2679 1724 2733 laudatur.

147 2764 344 2832 Verum,
392 2779 447 2823 ut
491 2784 557 2824 ex
606 2770 852 2839 superius
888 2769 1068 2823 allatis
1106 2769 1282 2824 verbis
1326 2768 1586 2838 liquidum
1621 2777 1723 2834 cst,

145 2873 236 2913 non
265 2862 438 2930 agitur
480 2863 554 2916 ibi
582 2862 649 2917 de
690 2862 933 2917 laudibus
973 2863 1168 2927 Pauli,
1201 2877 1334 2931 quas
1377 2860 1728 2916 couciouibus

143 2955 237 3008 suis
262 2997 275 3021 ,
303 2956 592 3025 cujuslibet
624 2956 836 3010 tandem
861 2955 1160 3025 argumenti
1197 2956 1338 3021 sint,
1369 2954 1568 3023 passim
1609 2952 1728 3006 obi-

142 3055 309 3116 terque
355 3047 636 3102 interserit
710 3046 1163 3118 Chrysostomus,
1219 3044 1363 3115 quod
1433 3042 1730 3113 Stepissimc

143 3149 257 3190 sane
279 3139 542 3209 contingit
566 3153 582 3202 ;
611 3136 705 3192 sed
742 3137 807 3191 de
829 3136 1179 3191 couciouibus
1206 3136 1474 3204 plurimis,
1503 3150 1728 3205 quarum

141 3241 494 3298 argumentum
523 3239 677 3284 erant
701 3229 945 3284 eucomia
968 3229 1139 3283 Pauli:
1162 3228 1239 3281 Ad
1267 3227 1725 3297 eamdem,inquit,

142 3335 300 3373 rursus
326 3321 650 3392 hypotltesim
687 3319 986 3374 descendere
1011 3319 1236 3372 volebant
1261 3334 1282 3380 ,'
1317 3319 1367 3372 id
1395 3327 1512 3383 est,
1546 3333 1731 3372 rursus

143 3408 198 3463 tle
257 3411 401 3467 Pauli
463 3413 715 3467 laudibus
758 3412 1069 3466 couciouari
1127 3411 1372 3466 volebam
1410 3425 1559 3481 :quo
1604 3410 1731 3480 quid

142 3503 301 3571 aliud,
330 3520 553 3575 quaeso,
586 3505 813 3560 iudicari
871 3505 1078 3575 possit,
1127 3520 1289 3575 quam
1336 3519 1617 3560 sermones
1663 3503 1732 3559 de

145 3591 289 3650 l’aulo
315 3599 564 3670 apostolo
584 3640 601 3667 ,
630 3599 700 3654 de
730 3598 922 3668 quibus
952 3614 1096 3652 nunc
1123 3599 1372 3670 agimus?

205 3688 266 3742 Ut
287 3704 492 3746 certum
517 3701 600 3747 est
633 3693 727 3747 has
748 3692 1036 3748 conciones
1051 3693 1350 3748 Antiochia:
1371 3692 1543 3748 dictas
1568 3692 1733 3748 fuisse

145 3778 275 3846 (nam
303 3782 352 3837 id
383 3792 576 3853 aperte
608 3783 805 3838 indicat
833 3784 1252 3855 Chrysostomus
1292 3784 1511 3839 homilia
1543 3795 1731 3855 quarta

145 3869 201 3922 de
222 3872 375 3928 Pauli
414 3874 687 3940 laudibus,
716 3875 805 3929 ubi
834 3876 901 3930 de
934 3877 1132 3946 templo
1163 3877 1427 3945 Apollinis
1457 3877 1510 3930 in
1537 3877 1732 3932 subur-

145 3960 219 4016 bio
240 3964 484 4036 Daphnes
501 3982 530 4020 a
554 3967 776 4022 fulmine
801 3977 940 4023 tacto
959 3971 1123 4024 verba
1150 3969 1300 4038 facit)
1333 3988 1346 4023 :
1376 3970 1445 4024 ita
1470 3969 1537 4024 de
1567 3985 1729 4033 anno,

146 4069 234 4121 quo
256 4057 364 4112 htee
394 4060 754 4123 concionatus
784 4070 884 4126 est,
921 4061 1054 4116 nihil
1081 4062 1164 4116 vel
1191 4071 1397 4116 certum
1437 4063 1520 4117 vel
1547 4061 1733 4116 admo-

146 4143 253 4200 dum
283 4151 564 4220 probabile
589 4153 747 4206 statui
776 4161 969 4223 potest.
1009 4153 1211 4208 Eodem
1233 4167 1435 4220 autem,
1479 4169 1586 4225 quo
1622 4156 1732 4210 llo-

147 4239 285 4296 urili:e
323 4241 376 4296 in
406 4243 702 4310 Kalendas,
751 4260 894 4300 anno
929 4246 1012 4300 ha:
1043 4247 1332 4302 conciones
1358 4247 1555 4302 habita:
1585 4257 1730 4316 sunt,

147 4339 286 4400 atque
314 4343 369 4386 ut
395 4334 816 4405 Chrysostomus
845 4337 938 4402 ait,
971 4337 1216 4392 llomiliae
1251 4339 1303 4392 in
1341 4337 1608 4393 Kalendas
1645 4339 1735 4393 Ja-

148 4427 320 4491 nuarii,
361 4427 618 4483 Encomia
648 4443 742 4483 seu
780 4443 1060 4484 sermones
1087 4430 1137 4483 iu
1175 4430 1394 4484 Paulum
1430 4431 1735 4501 intercepe-

147 4529 255 4571 runt
280 4539 291 4573 :
317 4520 390 4575 ita
428 4531 487 4577 ut
524 4537 596 4577 ex
639 4523 980 4578 sermonibus
1008 4523 1060 4577 in
1089 4523 1332 4587 Paulum,
1378 4524 1596 4594 quidam
1639 4522 1735 4579 Ja-

148 4613 371 4666 nuarium
418 4630 662 4668 mensem
714 4617 1121 4686 prtecesscriut,
1173 4617 1388 4686 quidam
1445 4618 1496 4670 iu
1550 4633 1736 4673 mense

146 4699 378 4758 Jaturario
409 4705 580 4759 habiti
603 4705 819 4760 fuerint.
848 4706 955 4761 llos
984 4716 1162 4762 autem
1200 4708 1251 4760 iu
1281 4708 1506 4762 Paulum
1532 4723 1736 4764 sermo-

147 4809 230 4848 nes
257 4798 500 4852 Atrianus
529 4797 847 4867 Pelagiauus
875 4797 1059 4853 Latine
1081 4801 1362 4867 convertit,
1393 4809 1588 4870 putans
1617 4801 1736 4855 illos

147 4883 322 4942 lueresi
377 4905 494 4944 suae
538 4888 716 4944 favere
751 4929 764 4942 .
811 4906 912 4960 qua
959 4891 1026 4944 de
1067 4906 1123 4944 rc
1163 4891 1404 4960 pluribus
1437 4892 1644 4960 egimus
1684 4893 1735 4945 in

145 4977 328 5036 llonito
357 4998 408 5037 c.
438 4980 568 5038 471.
596 4981 652 5035 lu
682 4981 766 5036 his
796 4998 954 5052 porro
986 4981 1219 5036 homiliis
1243 4992 1447 5053 septem
1475 4985 1588 5039 sive
1617 5000 1737 5038 ora-

147 5071 365 5129 tionibus
393 5073 640 5139 Paulum,
680 5089 836 5144 quem
879 5076 932 5129 in
975 5085 1085 5130 toto
1115 5092 1338 5144 Operum
1378 5092 1595 5130 suorum
1645 5077 1739 5132 de-

146 5179 291 5222 cursu
313 5168 507 5239 quavis
533 5166 657 5221 data
682 5169 962 5222 occasione
988 5167 1242 5232 celebrat,
1266 5168 1545 5223 confertim
1570 5170 1742 5223 laudi-

150 5258 235 5312 bus
279 5261 502 5315 extollit
547 5277 560 5312 :
611 5260 759 5314 illum
809 5277 928 5314 eum
987 5261 1196 5314 sanctis
1241 5260 1449 5316 Veteris
1502 5269 1558 5315 et
1604 5261 1738 5316 Novi

150 5348 462 5410 'l'estaruenti
494 5355 718 5418 confert,
751 5353 952 5407 nullum
977 5353 1104 5408 dicit
1131 5353 1292 5410 fuisse
1319 5364 1395 5409 tot
1420 5370 1737 5410 arcanorum

148 5447 466 5501 consortem.
524 5444 642 5502 Uno
689 5445 874 5508 verbo,
924 5445 1039 5500 htec
1081 5446 1230 5500 Pauli
1272 5447 1517 5501 encomia
1553 5462 1739 5502 eorum

147 5535 371 5590 omnium
421 5535 801 5605 compendium
845 5552 965 5592 esse
994 5523 1117 5606 jure
1166 5537 1384 5604 dixeris,
1432 5554 1550 5607 qua:
1579 5537 1740 5592 Com-

148 5630 415 5701 mentariis
443 5630 499 5684 in
521 5632 652 5684 Acta
677 5639 729 5685 et
745 5629 795 5684 in
817 5630 1088 5698 Epistolas
1111 5630 1257 5685 Pauli
1279 5630 1345 5688 de
1363 5633 1495 5687 tanti
1514 5633 1740 5702 apostoli

151 5721 449 5786 pnestantia
476 5731 531 5776 et
559 5723 756 5777 virtute
783 5722 1061 5793 praedicat.

213 5805 503 5884 intercepta
532 5813 690 5884 igitur
716 5813 1064 5870 llomiliarum
1087 5813 1139 5870 in
1166 5813 1390 5872 Paulum
1418 5815 1558 5872 serie
1585 5814 1738 5889 (ΤΛ.

1794 5837 1803 5848 ’
1853 5814 2119 5888 loquimur
2163 5831 2178 5869 :

3319 377 3419 433 146

1823 503 1868 539 c.
1899 486 1994 540 95f
2017 489 2053 555 ),
2092 488 2506 558 Chrysostomus
2536 489 2816 546 llomiliam
2838 493 2891 547 in
2921 491 3088 548 Kalen
3109 494 3189 548 las
3215 493 3415 551 habuit.

1832 579 1927 633 llic
1956 594 2081 632 vero
2109 579 2360 635 Kalendae
2386 581 2618 637 Januarii
2651 596 3034 651 memorantur,
3063 601 3166 656 qua
3193 585 3280 642 die
3323 603 3416 640 au-
3441 658 3444 661 ι

1830 684 1929 724 nus
1967 671 2315 740 iucipiebatur
2341 674 2479 742 apud
2511 674 2799 740 Romanos,
2829 687 2883 732 et
2907 687 3057 744 ξένια,
3099 693 3194 734 seu
3227 696 3418 734 munu-

1828 761 1994 824 scula,
2023 763 2208 816 amicis
2230 764 2571 834 cognatisque
2596 767 2975 822 oll‘erebautur.
3008 769 3123 831 Mos
3154 781 3277 826 tunc
3303 783 3420 827 erat

1828 853 2074 906 convivia
2122 854 2418 921 celebrare,
2468 856 2677 926 aliaque
2736 859 2962 926 publica:
3016 861 3214 918 lzetitiaa
3268 864 3416 932 signa

1828 941 1978 1008 dare,
2023 943 2108 997 ubi
2155 945 2467 1016 plerumque
2503 947 2776 1002 dissoluta:
2805 949 2973 1018 plebis
3007 960 3176 1021 gesta,
3227 967 3417 1022 super-

1828 1035 2064 1088 stitiosas
2097 1037 2515 1115 observatipues,
2560 1039 2769 1108 aliaque
2800 1041 2848 1093 id
2879 1057 3047 1110 genus
3072 1043 3250 1096 videre
3280 1052 3415 1098 erat.

1829 1125 1939 1193 Qua
1969 1126 2037 1180 de
2062 1142 2120 1181 rc
2145 1128 2415 1182 auditores
2437 1145 2560 1184 suos
2591 1132 2763 1200 carpit
2789 1132 3221 1204 Chrysostomus.
3264 1135 3419 1189 Liba-

1829 1216 1949 1271 uius
1971 1232 2131 1287 porro
2157 1220 2471 1288 opusculum
2499 1221 2665 1276 edidit
2703 1223 2757 1275 in
2786 1222 3051 1279 Kalendas
3079 1225 3416 1294 inscriptum,

1830 1305 1918 1359 ubi
1968 1320 2074 1376 quo
2119 1307 2222 1361 ritu
2270 1307 2520 1364 Kaleudte
2559 1311 2751 1365 tierent
2794 1312 3093 1366 minutatim
3140 1314 3418 1380 describit,

1828 1397 2007 1467 aitque
2033 1413 2190 1450 unam
2214 1399 2563 1470 eamdemque
2593 1401 2955 1457 celebritatem
2989 1419 3081 1472 per
3104 1414 3268 1458 tOtum
3309 1405 3420 1459 Ro-

1829 1502 2044 1540 manum
2072 1487 2354 1557 imperium
2383 1490 2471 1542 illa
2501 1489 2588 1545 die
2615 1491 2718 1561 agi.
2753 1491 2934 1562 itaque
2959 1485 3031 1549 dc'
3051 1494 3137 1549 (110
3163 1506 3212 1550 et
3238 1512 3423 1551 mense
3496 1547 3501 1552 .

1829 1576 1973 1629 nulla
2011 1576 2221 1631 videtur
2245 1579 2468 1647 qutestio
2506 1582 2712 1634 moveri
2744 1597 2937 1652 posse;
2970 1599 3125 1638 secus
3151 1596 3325 1639 autem
3357 1588 3424 1640 de

1829 1683 1991 1735 anno,
2023 1685 2183 1738 quem
2230 1685 2298 1724 ne
2341 1670 2665 1741 conjecturis
2695 1671 2907 1744 quidem
2949 1675 3292 1744 probabiliter
3340 1691 3426 1730 as-

1830 1759 2028 1828 signari
2053 1774 2208 1828 posse
2231 1770 2498 1830 putamus.

1900 1851 2157 1906 Ilomilias
2194 1853 2261 1909 de
2288 1853 2495 1910 Lazaro
2525 1855 2610 1929 (T.
2641 1857 2693 1910 l.
2727 1876 2773 1912 c.
2802 1857 2934 1931 965)
2979 1873 3080 1928 qua
3119 1859 3241 1913 anni
3288 1866 3424 1913 lem-

1829 1951 2036 2011 pcslate
2071 1942 2319 2013 habuerit
2366 1944 2780 2017 Chrysostomus
2825 1948 2938 2018 ipse
2986 1948 3261 2013 declarat;
3318 1953 3428 2004 into

1830 2032 1988 2088 etiam
2015 2050 2118 2104 qua
2144 2034 2232 2091 die
2263 2038 2486 2106 primam
2517 2038 2712 2094 dixerit
2751 2041 2992 2095 enuntiat
3019 2041 3072 2094 in
3095 2041 3211 2110 ipso
3243 2042 3428 2111 primze

1830 2129 2106 2184 couciouis
2129 2129 2281 2183 titulo
2308 2148 2322 2184 :
2351 2130 2581 2185 Ilomilia
2604 2133 2848 2200 postridie
2877 2131 3142 2187 Kalendas
3164 2136 3431 2190 Antiochia:

1833 2219 2023 2285 habita,
2059 2219 2122 2274 de
2148 2221 2210 2274 iis
2239 2222 2326 2292 qui
2369 2221 2698 2287 inebriantur,
2744 2223 2905 2293 deque
2944 2224 3007 2276 iis
3038 2225 3123 2292 qui
3150 2233 3432 2277 commeant

1830 2311 1897 2364 ad
1922 2327 2202 2382 cauponas,
2231 2315 2415 2386 quique
2435 2316 2646 2368 choreas
2673 2315 2860 2369 ducunt
2891 2331 2980 2385 per
3003 2315 3272 2382 civitatem,
3297 2316 3434 2385 quod

1830 2420 1929 2456 non
1983 2414 2210 2474 oporteat
2259 2415 2620 2476 prazceptoreut
2689 2406 2954 2476 desperare
3025 2406 3087 2458 de
3144 2407 3430 2475 discipulis,

1830 2495 2028 2549 etiamsi
2045 2498 2096 2550 in
2122 2513 2340 2567 pratsens
2363 2513 2463 2550 non
2485 2497 2825 2564 obtemperent
2849 2513 2867 2550 .'
2889 2507 3138 2567 postremo
3157 2497 3219 2550 de
3234 2497 3434 2552 Lazaro

1832 2589 2062 2642 mendico
2089 2605 2148 2642 ac
2178 2589 2241 2642 de
2263 2590 2444 2654 diuite;
2476 2597 2585 2642 tum
2614 2588 2773 2642 etiam
2797 2589 2848 2642 in
2876 2589 3151 2644 eouciouis
3173 2591 3436 2660 principio

1834 2683 2002 2750 ipsam
2033 2680 2174 2735 diem
2216 2681 2453 2750 assignat
2483 2697 2495 2733 :
2538 2679 2793 2734 Hesterna
2815 2678 2913 2743 die,
2947 2698 3062 2736 cum
3089 2692 3214 2736 esset
3253 2684 3436 2751 festum

1831 2775 2065 2838 Satantc,
2095 2772 2282 2842 fecistis
2315 2777 2498 2844 festum
2527 2773 2772 2841 Spiritus.
2809 2773 2962 2828 Unde
2991 2774 3186 2829 inferas
3208 2777 3434 2845 primam

1834 2864 1979 2917 illam
2031 2864 2098 2919 de
2151 2864 2356 2920 Lazaro
2401 2865 2716 2920 concionem
2762 2865 2955 2921 dictam
2996 2866 3160 2922 fuisse
3187 2869 3436 2923 secundo

1834 2954 2069 3008 Januarii
2096 2955 2203 3019 die,
2239 2967 2358 3025 post
2389 2958 2582 3012 festum
2617 2957 3002 3025 Saturnalium,
3029 2960 3170 3029 quod
3195 2975 3320 3016 rere
3364 2963 3438 3016 fe-

1833 3055 1974 3104 stum
1999 3045 2208 3100 Satanae
2233 3056 2370 3112 erat,
2408 3049 2499 3102 ubi
2528 3048 2859 3113 temulentis,
2896 3050 3160 3117 tripudiis,
3195 3052 3436 3105 saltatio.

1837 3137 2014 3201 nibus,
2048 3139 2553 3205 eomessatiouibus,
2596 3141 2820 3210 aliisque
2859 3155 2923 3196 ex
2950 3140 3214 3197 Bacchico
3258 3142 3439 3197 lurore

1836 3232 2284 3302 consequentibus
2311 3247 2529 3302 Operam
2565 3233 2724 3288 dabat
2753 3249 2874 3304 pars
2902 3236 3139 3290 maxima
3170 3237 3396 3291 civitatis
3422 3253 3436 3299 ;

1835 3322 2152 3392 videturque
2172 3323 2358 3378 eodem
2385 3340 2524 3379 anno
2556 3325 2732 3380 habita
2759 3341 2864 3397 quo
2887 3326 3101 3382 homilia
3123 3328 3367 3397 superior
3386 3329 3436 3380 in

1835 3412 2122 3482 Kalendas,
2153 3415 2364 3483 quando
2405 3425 2459 3470 ut
2503 3415 2790 3471 dissolutos
2832 3433 3012 3473 mores
3047 3413 3437 3487 compesceret,

1837 3515 2054 3560 strenue
2080 3492 2261 3559 centra
2293 3507 2574 3559 satunicam
2609 3506 2746 3560 hanc
2769 3508 3207 3563 consuetudinem
3228 3509 3442 3563 conciu-

1838 3607 1996 3652 uatus
2023 3606 2122 3652 est.
2173 3598 2250 3652 De
2291 3613 2434 3651 anno
2468 3606 2666 3663 autem,
2717 3615 2822 3668 quo
2853 3598 2934 3653 lue
2973 3600 3208 3654 homilhe
3249 3599 3442 3653 habita:

1837 3692 2007 3756 fuere,
2040 3707 2108 3746 ne
2131 3690 2390 3760 probabili
2421 3691 2633 3762 quidem
2657 3691 2861 3746 ratione
2887 3691 3175 3762 quidquam
3201 3687 3438 3748 statuere

1837 3800 2144 3855 possumus.

1911 3878 2019 3932 llas
2046 3891 2174 3932 vero
2190 3877 2476 3932 conciones
2493 3878 2830 3934 continenter
2852 3877 3054 3945 habuit,
3074 3879 3254 3949 paucis
3273 3879 3444 3936 inter-

1838 3970 2026 4040 positis
2057 3969 2196 4024 inter
2231 3969 2466 4038 singulas
2495 3969 2704 4032 diebus,
2762 3969 2954 4039 quibus
2988 3969 3214 4025 fortasse
3253 3969 3444 4024 diebus

1838 4076 1930 4115 eas
1956 4077 2074 4130 qua:
2097 4060 2165 4114 de
2191 4059 2247 4115 S.
2283 4061 2445 4115 Paulo
2475 4071 2790 4129 supererant
2816 4061 3063 4116 absolvit.
3095 4061 3152 4115 lu
3181 4060 3439 4127 secunda,

1839 4168 1996 4223 quam
2029 4152 2210 4222 paucis
2231 4161 2351 4222 post
2377 4153 2602 4221 primam
2632 4151 2820 4207 diebus
2848 4151 3050 4219 habuit,
3082 4152 3260 4207 statim
3290 4151 3440 4217 dicit,

1839 4243 2069 4314 primum
2101 4243 2311 4296 virtutis
2338 4242 2558 4311 gradum
2598 4256 2718 4296 esse
2743 4242 2964 4297 alterius
3005 4241 3186 4296 \‘ll‘Lllll
3225 4242 3445 4312 applau-

1839 4336 1988 4390 dere.
2035 4335 2168 4389 llinc
2198 4335 2392 4389 malam
2420 4332 2772 4403 quorumdam
2811 4333 3117 4404 opinionem
3159 4334 3227 4389 de
3266 4333 3444 4388 medio

1841 4429 2032 4484 tollere
2065 4429 2257 4496 satagit
2289 4444 2304 4480 :
2353 4437 2502 4483 erant
2526 4429 2669 4487 enim
2698 4427 2912 4497 quidam
2939 4427 3028 4498 qui
3052 4439 3298 4497 putarent
3322 4429 3444 4482 ani-

1840 4538 1955 4578 mas
1982 4523 2216 4576 violenta
2256 4531 2430 4577 morte
2467 4521 2837 4576 deccdeutium
2866 4519 2980 4576 ﬁeri
3011 4522 3306 4578 diemonas.
3343 4523 3448 4579 Po-

1841 4623 1953 4668 stea
1997 4613 2066 4668 de
2095 4614 2299 4668 Lazaro
2333 4621 2386 4667 et
2413 4612 2479 4668 de
2508 4611 2671 4667 divite
2695 4612 2856 4667 verba
2885 4610 3032 4676 facit,
3061 4613 3240 4684 aitque
3264 4621 3446 4684 rapto-

1840 4722 1954 4762 rem
1983 4705 2397 4777 computaudum
2424 4720 2544 4762 esse
2566 4703 2809 4772 divitem,
2839 4704 2930 4775 qui
2949 4713 3154 4778 partem
3182 4705 3445 4762 bonorum

1841 4814 1947 4853 non
1980 4798 2238 4868 impertit.
3140 4841 3145 4845 .

1915 4891 1971 4945 In
2012 4892 2167 4947 tertia
2208 4891 2455 4945 hortatur
2489 4889 2554 4944 ad
2598 4888 2881 4944 lectionem
2921 4886 3212 4958 Scripturte
3253 4903 3443 4956 saerte,

1843 4985 2024 5054 aitque
2049 5000 2113 5040 ex
2144 4981 2411 5052 frequenti
2435 4981 2698 5052 ejusmodi
2727 4981 2953 5037 lectione
2986 4989 3220 5036 mentem
3249 4980 3445 5051 aperiri

1842 5075 1908 5130 ad
1940 5078 2196 5145 majorem
2228 5074 2343 5145 ejus
2361 5071 2780 5144 intelligentiam.
2809 5071 3096 5140 Scripturze
3119 5086 3253 5132 ,rero
3279 5085 3449 5126 sacrte

1844 5167 2194 5236 ignorantiam
2219 5164 2452 5219 luerescs
2480 5163 2768 5233 peperisse,
2793 5178 2856 5218 ac
2872 5171 3150 5233 postquam
3175 5162 3242 5217 de
3257 5162 3452 5217 advcr~

1845 5261 1919 5316 sis
1948 5260 2210 5329 patienter
2238 5258 2472 5314 ferendis
2503 5257 2664 5312 multa
2705 5256 2860 5323 dixit,
2891 5256 3187 5312 orationem
3225 5254 3446 5310 claudit.

1921 5351 2150 5406 Mamilia
2178 5351 2240 5404 de
2261 5350 2322 5406 S.
2347 5349 2566 5421 Babylo.
2595 5379 2667 5390 —-
2699 5349 2825 5403 Post
2855 5348 2972 5404 hare
3005 5348 3278 5418 aliquanto
3307 5355 3446 5400 tem-

1846 5459 1978 5514 pore
2032 5458 2310 5499 sermones
2360 5443 2427 5505 de
2472 5441 2676 5496 Lazaro
2720 5440 3044 5506 intermisit,
3107 5438 3339 5508 primum
3393 5449 3446 5492 ut

1846 5539 1904 5594 S.
1951 5537 2165 5610 Bahylae
2195 5537 2430 5606 episc0pi
2473 5533 2792 5590 Antiocheni
2827 5543 2883 5589 et
2929 5532 3216 5603 martyris;
3256 5531 3450 5585 deinde

1849 5645 1981 5685 vero
2024 5641 2078 5684 ut
2107 5638 2410 5683 sanctorum
2451 5626 2722 5683 Juventiui
2762 5634 2815 5679 et
2856 5623 3125 5678 Maximini
3154 5631 3450 5690 martyrum

1849 5723 2090 5778 eucomia
2122 5722 2434 5777 celebraret.
2468 5720 2581 5786 Qua
2613 5719 2664 5774 in
2687 5732 2745 5772 re
2767 5716 2885 5785 ipso
2900 5716 3284 5786 Chrysostomo
3315 5712 3455 5768 duco

2219 5813 2292 5868 ait
2318 5813 2458 5869 enim
2491 5812 2578 5868 ille
2603 5809 2703 5866 sub
2732 5808 2938 5864 initium
2981 5805 3213 5861 ltomiliae
3248 5814 3454 5874 quarta:
