  <div class='ocr_page' id='page_1' title='image "/cluster/home/n/w/nwhite01/storage/ocr_20150623/47/pst.000005712441/171.png"; bbox 0 0 4264 6306; ppageno 0'>
   <div class='ocr_carea' id='block_1_1' title="bbox 789 341 884 398">
    <p class='ocr_par' dir='ltr' id='par_1_1' title="bbox 789 341 884 398">
     <span class='ocr_line' id='line_1_1' title="bbox 789 341 884 398; baseline -0.042 -1"><span class='ocrx_word' id='word_1_1' title='bbox 789 341 884 398; x_wconf 73' lang='lat' dir='ltr'><strong>H7</strong></span> 
     </span>
    </p>
   </div>
   <div class='ocr_carea' id='block_1_2' title="bbox 782 453 2369 512">
    <p class='ocr_par' dir='ltr' id='par_1_2' title="bbox 782 453 2369 512">
     <span class='ocr_line' id='line_1_2' title="bbox 782 453 2369 512; baseline -0.001 -1"><span class='ocrx_word' id='word_1_2' title='bbox 782 455 850 511; x_wconf 88' lang='lat' dir='ltr'><strong>de</strong></span> <span class='ocrx_word' id='word_1_3' title='bbox 873 453 1071 509; x_wconf 81' lang='lat' dir='ltr'><strong>Lazaro</strong></span> <span class='ocrx_word' id='word_1_4' title='bbox 1095 471 1107 506; x_wconf 90' lang='lat'><strong>:</strong></span> <span class='ocrx_word' id='word_1_5' title='bbox 1143 454 1328 510; x_wconf 70' lang='lat' dir='ltr'><strong>Verum</strong></span> <span class='ocrx_word' id='word_1_6' title='bbox 1349 473 1447 511; x_wconf 89' lang='lat' dir='ltr'><strong>non</strong></span> <span class='ocrx_word' id='word_1_7' title='bbox 1464 456 1854 511; x_wconf 72' lang='lat' dir='ltr'><strong>existimavimus</strong></span> <span class='ocrx_word' id='word_1_8' title='bbox 1875 473 1978 512; x_wconf 86' lang='lat' dir='ltr'><strong>esse</strong></span> <span class='ocrx_word' id='word_1_9' title='bbox 2005 467 2164 511; x_wconf 85' lang='lat' dir='ltr'><strong>tutum</strong></span> <span class='ocrx_word' id='word_1_10' title='bbox 2185 456 2244 512; x_wconf 87' lang='lat' dir='ltr'><strong>S.</strong></span> <span class='ocrx_word' id='word_1_11' title='bbox 2269 453 2369 510; x_wconf 83' lang='lat' dir='ltr'><strong>Ba-</strong></span> 
     </span>
    </p>
   </div>
   <div class='ocr_carea' id='block_1_3' title="bbox 783 545 2365 617">
    <p class='ocr_par' dir='ltr' id='par_1_3' title="bbox 783 545 2365 617">
     <span class='ocr_line' id='line_1_3' title="bbox 783 545 2365 617; baseline 0.001 -19"><span class='ocrx_word' id='word_1_12' title='bbox 783 545 911 615; x_wconf 75' lang='lat' dir='ltr'><strong>bylte</strong></span> <span class='ocrx_word' id='word_1_13' title='bbox 937 556 980 599; x_wconf 87' lang='lat' dir='ltr'><strong>et</strong></span> <span class='ocrx_word' id='word_1_14' title='bbox 1008 546 1135 617; x_wconf 67' lang='lat' dir='ltr'><strong>biga!</strong></span> <span class='ocrx_word' id='word_1_15' title='bbox 1171 546 1278 602; x_wconf 89' lang='lat' dir='ltr'><strong><em>SS.</em></strong></span> <span class='ocrx_word' id='word_1_16' title='bbox 1310 557 1622 617; x_wconf 81' lang='lat' dir='ltr'><strong>martyrum,</strong></span> <span class='ocrx_word' id='word_1_17' title='bbox 1659 547 1746 617; x_wconf 89' lang='lat' dir='ltr'><strong>qui</strong></span> <span class='ocrx_word' id='word_1_18' title='bbox 1780 557 1897 616; x_wconf 85' lang='lat' dir='ltr'><strong>post</strong></span> <span class='ocrx_word' id='word_1_19' title='bbox 1927 547 2070 602; x_wconf 87' lang='lat' dir='ltr'><strong>illam</strong></span> <span class='ocrx_word' id='word_1_20' title='bbox 2093 547 2365 602; x_wconf 85' lang='lat' dir='ltr'><strong>homiiiam</strong></span> 
     </span>
    </p>
   </div>
   <div class='ocr_carea' id='block_1_4' title="bbox 779 637 2366 706">
    <p class='ocr_par' dir='ltr' id='par_1_4' title="bbox 779 637 2366 706">
     <span class='ocr_line' id='line_1_4' title="bbox 779 637 2366 706; baseline 0.003 -19"><span class='ocrx_word' id='word_1_21' title='bbox 779 640 1145 702; x_wconf 83' lang='lat' dir='ltr'><strong>occurrerunt,</strong></span> <span class='ocrx_word' id='word_1_22' title='bbox 1183 637 1426 705; x_wconf 72' lang='lat' dir='ltr'><strong>prwclara</strong></span> <span class='ocrx_word' id='word_1_23' title='bbox 1454 645 1592 706; x_wconf 83' lang='lat' dir='ltr'><strong>gesta</strong></span> <span class='ocrx_word' id='word_1_24' title='bbox 1623 639 1902 705; x_wconf 55' lang='lat' dir='ltr'><strong>pra’terire.</strong></span> <span class='ocrx_word' id='word_1_25' title='bbox 1945 637 2148 705; x_wconf 82' lang='lat' dir='ltr'><strong>Quibus</strong></span> <span class='ocrx_word' id='word_1_26' title='bbox 2171 651 2366 692; x_wconf 89' lang='lat' dir='ltr'><strong>conso-</strong></span> 
     </span>
    </p>
   </div>
   <div class='ocr_carea' id='block_1_5' title="bbox 779 727 2366 800">
    <p class='ocr_par' dir='ltr' id='par_1_5' title="bbox 779 727 2366 800">
     <span class='ocr_line' id='line_1_5' title="bbox 779 727 2366 800; baseline 0.003 -20"><span class='ocrx_word' id='word_1_27' title='bbox 779 737 870 780; x_wconf 89' lang='lat' dir='ltr'><strong>nat</strong></span> <span class='ocrx_word' id='word_1_28' title='bbox 915 728 1187 782; x_wconf 85' lang='lat' dir='ltr'><strong>concionis</strong></span> <span class='ocrx_word' id='word_1_29' title='bbox 1234 729 1285 782; x_wconf 92' lang='lat' dir='ltr'><strong>in</strong></span> <span class='ocrx_word' id='word_1_30' title='bbox 1338 727 1394 783; x_wconf 92' lang='lat' dir='ltr'><strong>S.</strong></span> <span class='ocrx_word' id='word_1_31' title='bbox 1431 728 1680 800; x_wconf 82' lang='lat' dir='ltr'><strong>Babylam</strong></span> <span class='ocrx_word' id='word_1_32' title='bbox 1725 730 2008 784; x_wconf 75' lang='lat' dir='ltr'><strong>exordium</strong></span> <span class='ocrx_word' id='word_1_33' title='bbox 2055 748 2069 784; x_wconf 89' lang='lat'><strong>:</strong></span> <span class='ocrx_word' id='word_1_34' title='bbox 2133 729 2366 785; x_wconf 81' lang='lat' dir='ltr'><strong>Volebam</strong></span> 
     </span>
    </p>
   </div>
   <div class='ocr_carea' id='block_1_6' title="bbox 780 820 2368 892">
    <p class='ocr_par' dir='ltr' id='par_1_6' title="bbox 780 820 2368 892">
     <span class='ocr_line' id='line_1_6' title="bbox 780 820 2368 892; baseline 0.003 -21"><span class='ocrx_word' id='word_1_35' title='bbox 780 820 1010 887; x_wconf 82' lang='lat' dir='ltr'><strong>equidem</strong></span> <span class='ocrx_word' id='word_1_36' title='bbox 1060 820 1300 874; x_wconf 74' lang='lat' dir='ltr'><strong>hodierno</strong></span> <span class='ocrx_word' id='word_1_37' title='bbox 1343 821 1424 874; x_wconf 87' lang='lat' dir='ltr'><strong>die</strong></span> <span class='ocrx_word' id='word_1_38' title='bbox 1465 822 1682 874; x_wconf 85' lang='lat' dir='ltr'><strong>debitum</strong></span> <span class='ocrx_word' id='word_1_39' title='bbox 1722 822 1932 876; x_wconf 77' lang='lat' dir='ltr'><strong>reddere</strong></span> <span class='ocrx_word' id='word_1_40' title='bbox 1957 862 1973 889; x_wconf 93' lang='lat'><strong>,</strong></span> <span class='ocrx_word' id='word_1_41' title='bbox 2020 821 2157 891; x_wconf 85' lang='lat' dir='ltr'><strong>quod</strong></span> <span class='ocrx_word' id='word_1_42' title='bbox 2203 839 2368 892; x_wconf 82' lang='lat' dir='ltr'><strong><em>nuper</em></strong></span> 
     </span>
    </p>
   </div>
   <div class='ocr_carea' id='block_1_7' title="bbox 779 911 2366 984">
    <p class='ocr_par' dir='ltr' id='par_1_7' title="bbox 779 911 2366 984">
     <span class='ocr_line' id='line_1_7' title="bbox 779 911 2366 984; baseline 0.003 -22"><span class='ocrx_word' id='word_1_43' title='bbox 779 911 916 963; x_wconf 69' lang='lat' dir='ltr'><strong>vobis</strong></span> <span class='ocrx_word' id='word_1_44' title='bbox 946 953 960 974; x_wconf 90' lang='lat'><strong>,</strong></span> <span class='ocrx_word' id='word_1_45' title='bbox 995 927 1107 963; x_wconf 85' lang='lat' dir='ltr'><strong>cum</strong></span> <span class='ocrx_word' id='word_1_46' title='bbox 1156 911 1234 963; x_wconf 81' lang='lat' dir='ltr'><strong>hic</strong></span> <span class='ocrx_word' id='word_1_47' title='bbox 1283 928 1438 966; x_wconf 83' lang='lat' dir='ltr'><strong>essent</strong></span> <span class='ocrx_word' id='word_1_48' title='bbox 1465 953 1481 979; x_wconf 91' lang='lat'><strong>,</strong></span> <span class='ocrx_word' id='word_1_49' title='bbox 1520 913 1726 982; x_wconf 79' lang='lat' dir='ltr'><strong>promisi</strong></span> <span class='ocrx_word' id='word_1_50' title='bbox 1779 928 1799 968; x_wconf 89' lang='lat'><strong><em>:</em></strong></span> <span class='ocrx_word' id='word_1_51' title='bbox 1839 913 1929 969; x_wconf 86' lang='lat' dir='ltr'><strong>sed</strong></span> <span class='ocrx_word' id='word_1_52' title='bbox 1964 913 2087 984; x_wconf 86' lang='lat' dir='ltr'><strong>quid</strong></span> <span class='ocrx_word' id='word_1_53' title='bbox 2131 913 2366 983; x_wconf 78' lang='lat' dir='ltr'><strong>faciam?</strong></span> 
     </span>
    </p>
   </div>
   <div class='ocr_carea' id='block_1_8' title="bbox 775 997 2366 1076">
    <p class='ocr_par' dir='ltr' id='par_1_8' title="bbox 775 997 2366 1076">
     <span class='ocr_line' id='line_1_8' title="bbox 775 997 2366 1076; baseline 0.005 -24"><span class='ocrx_word' id='word_1_54' title='bbox 775 999 840 1052; x_wconf 83' lang='lat' dir='ltr'><strong>B.</strong></span> <span class='ocrx_word' id='word_1_55' title='bbox 887 1000 1108 1076; x_wconf 80' lang='lat' dir='ltr'><strong>Babyfas</strong></span> <span class='ocrx_word' id='word_1_56' title='bbox 1149 997 1479 1058; x_wconf 75' lang='lat' dir='ltr'><strong>interveniens</strong></span> <span class='ocrx_word' id='word_1_57' title='bbox 1514 1007 1788 1075; x_wconf 87' lang='lat' dir='ltr'><strong>apparuit,</strong></span> <span class='ocrx_word' id='word_1_58' title='bbox 1817 1015 1864 1061; x_wconf 84' lang='lat' dir='ltr'><strong>et</strong></span> <span class='ocrx_word' id='word_1_59' title='bbox 1903 1007 1971 1060; x_wconf 85' lang='lat' dir='ltr'><strong>ad</strong></span> <span class='ocrx_word' id='word_1_60' title='bbox 2009 1007 2231 1076; x_wconf 83' lang='lat' dir='ltr'><strong>seipsum</strong></span> <span class='ocrx_word' id='word_1_61' title='bbox 2273 1022 2366 1060; x_wconf 89' lang='lat' dir='ltr'><strong>nos</strong></span> 
     </span>
    </p>
   </div>
   <div class='ocr_carea' id='block_1_9' title="bbox 774 1075 2363 1168">
    <p class='ocr_par' dir='ltr' id='par_1_9' title="bbox 774 1075 2363 1168">
     <span class='ocr_line' id='line_1_9' title="bbox 774 1075 2363 1168; baseline 0.006 -25"><span class='ocrx_word' id='word_1_62' title='bbox 774 1093 984 1146; x_wconf 76' lang='lat' dir='ltr'><strong>uocauit.</strong></span> <span class='ocrx_word' id='word_1_63' title='bbox 1039 1075 1179 1164; x_wconf 61' lang='lat' dir='ltr'><strong>Digne</strong></span> <span class='ocrx_word' id='word_1_64' title='bbox 1229 1105 1405 1150; x_wconf 88' lang='lat' dir='ltr'><strong>autem</strong></span> <span class='ocrx_word' id='word_1_65' title='bbox 1447 1106 1762 1168; x_wconf 78' lang='lat' dir='ltr'><strong>martyrum,</strong></span> <span class='ocrx_word' id='word_1_66' title='bbox 1820 1099 1910 1168; x_wconf 90' lang='lat' dir='ltr'><strong>qui</strong></span> <span class='ocrx_word' id='word_1_67' title='bbox 1958 1075 2092 1168; x_wconf 88' lang='lat' dir='ltr'><strong>post</strong></span> <span class='ocrx_word' id='word_1_68' title='bbox 2121 1109 2363 1156; x_wconf 87' lang='lat' dir='ltr'><strong>sanctum</strong></span> 
     </span>
    </p>
   </div>
   <div class='ocr_carea' id='block_1_10' title="bbox 776 1181 2366 1260">
    <p class='ocr_par' dir='ltr' id='par_1_10' title="bbox 776 1181 2366 1260">
     <span class='ocr_line' id='line_1_10' title="bbox 776 1181 2366 1260; baseline 0.007 -26"><span class='ocrx_word' id='word_1_69' title='bbox 776 1181 1028 1254; x_wconf 59' lang='lat' dir='ltr'><strong>Babylam</strong></span> <span class='ocrx_word' id='word_1_70' title='bbox 1087 1186 1342 1242; x_wconf 71' lang='lat' dir='ltr'><strong>llomilias</strong></span> <span class='ocrx_word' id='word_1_71' title='bbox 1402 1185 1468 1242; x_wconf 81' lang='lat' dir='ltr'><strong>de</strong></span> <span class='ocrx_word' id='word_1_72' title='bbox 1519 1187 1722 1242; x_wconf 82' lang='lat' dir='ltr'><strong>Lazaro</strong></span> <span class='ocrx_word' id='word_1_73' title='bbox 1794 1189 2177 1260; x_wconf 88' lang='lat' dir='ltr'><strong>intercepere,</strong></span> <span class='ocrx_word' id='word_1_74' title='bbox 2239 1199 2366 1245; x_wconf 88' lang='lat' dir='ltr'><strong>sunt</strong></span> 
     </span>
    </p>
   </div>
   <div class='ocr_carea' id='block_1_11' title="bbox 773 1274 2365 1351">
    <p class='ocr_par' dir='ltr' id='par_1_11' title="bbox 773 1274 2365 1351">
     <span class='ocr_line' id='line_1_11' title="bbox 773 1274 2365 1351; baseline 0.008 -26"><span class='ocrx_word' id='word_1_75' title='bbox 773 1284 988 1327; x_wconf 87' lang='lat' dir='ltr'><strong>sanctus</strong></span> <span class='ocrx_word' id='word_1_76' title='bbox 1025 1274 1338 1332; x_wconf 78' lang='lat' dir='ltr'><strong>Juventinus</strong></span> <span class='ocrx_word' id='word_1_77' title='bbox 1387 1287 1441 1331; x_wconf 91' lang='lat' dir='ltr'><strong>et</strong></span> <span class='ocrx_word' id='word_1_78' title='bbox 1470 1276 1525 1331; x_wconf 92' lang='lat' dir='ltr'><strong>S.</strong></span> <span class='ocrx_word' id='word_1_79' title='bbox 1558 1278 1892 1346; x_wconf 76' lang='lat' dir='ltr'><strong>Maximinus,</strong></span> <span class='ocrx_word' id='word_1_80' title='bbox 1935 1283 2024 1351; x_wconf 86' lang='lat' dir='ltr'><strong>qui</strong></span> <span class='ocrx_word' id='word_1_81' title='bbox 2069 1280 2365 1338; x_wconf 69' lang='lat' dir='ltr'><strong>Antiochia:</strong></span> 
     </span>
    </p>
   </div>
   <div class='ocr_carea' id='block_1_12' title="bbox 774 1363 2366 1443">
    <p class='ocr_par' dir='ltr' id='par_1_12' title="bbox 774 1363 2366 1443">
     <span class='ocr_line' id='line_1_12' title="bbox 774 1363 2366 1443; baseline 0.006 -25"><span class='ocrx_word' id='word_1_82' title='bbox 774 1365 914 1430; x_wconf 77' lang='lat' dir='ltr'><strong>passi</strong></span> <span class='ocrx_word' id='word_1_83' title='bbox 943 1363 1168 1430; x_wconf 84' lang='lat' dir='ltr'><strong>fuerant,</strong></span> <span class='ocrx_word' id='word_1_84' title='bbox 1213 1377 1266 1422; x_wconf 90' lang='lat' dir='ltr'><strong>et</strong></span> <span class='ocrx_word' id='word_1_85' title='bbox 1295 1384 1519 1436; x_wconf 78' lang='lat' dir='ltr'><strong>quarunt</strong></span> <span class='ocrx_word' id='word_1_86' title='bbox 1550 1368 1765 1424; x_wconf 87' lang='lat' dir='ltr'><strong>homilia</strong></span> <span class='ocrx_word' id='word_1_87' title='bbox 1794 1371 1872 1426; x_wconf 88' lang='lat' dir='ltr'><strong>sic</strong></span> <span class='ocrx_word' id='word_1_88' title='bbox 1904 1364 2093 1441; x_wconf 78' lang='lat' dir='ltr'><strong>incipit</strong></span> <span class='ocrx_word' id='word_1_89' title='bbox 2123 1390 2135 1426; x_wconf 91' lang='lat'><strong>:</strong></span> <span class='ocrx_word' id='word_1_90' title='bbox 2185 1373 2366 1443; x_wconf 82' lang='lat' dir='ltr'><strong>Nuper</strong></span> 
     </span>
    </p>
   </div>
   <div class='ocr_carea' id='block_1_13' title="bbox 775 1450 2362 1534">
    <p class='ocr_par' dir='ltr' id='par_1_13' title="bbox 775 1450 2362 1534">
     <span class='ocr_line' id='line_1_13' title="bbox 775 1450 2362 1534; baseline 0.009 -30"><span class='ocrx_word' id='word_1_91' title='bbox 775 1450 835 1504; x_wconf 80' lang='grc' dir='ltr'><strong>Β.</strong></span> <span class='ocrx_word' id='word_1_92' title='bbox 863 1452 1079 1525; x_wconf 79' lang='lat' dir='ltr'><strong>Babylas</strong></span> <span class='ocrx_word' id='word_1_93' title='bbox 1102 1473 1215 1511; x_wconf 87' lang='lat' dir='ltr'><strong>cum</strong></span> <span class='ocrx_word' id='word_1_94' title='bbox 1248 1459 1406 1512; x_wconf 87' lang='lat' dir='ltr'><strong>tribus</strong></span> <span class='ocrx_word' id='word_1_95' title='bbox 1436 1462 1605 1529; x_wconf 84' lang='lat' dir='ltr'><strong>pueris</strong></span> <span class='ocrx_word' id='word_1_96' title='bbox 1627 1478 1716 1514; x_wconf 86' lang='lat' dir='ltr'><strong>nos</strong></span> <span class='ocrx_word' id='word_1_97' title='bbox 1745 1462 1824 1514; x_wconf 82' lang='lat' dir='ltr'><strong>hic</strong></span> <span class='ocrx_word' id='word_1_98' title='bbox 1845 1465 2179 1534; x_wconf 77' lang='lat' dir='ltr'><strong>congregabat</strong></span> <span class='ocrx_word' id='word_1_99' title='bbox 2211 1482 2230 1520; x_wconf 92' lang='lat'><em>:</em></span> <span class='ocrx_word' id='word_1_100' title='bbox 2267 1468 2362 1519; x_wconf 80' lang='lat' dir='ltr'><strong>Ito-</strong></span> 
     </span>
    </p>
   </div>
   <div class='ocr_carea' id='block_1_14' title="bbox 773 1543 2361 1612">
    <p class='ocr_par' dir='ltr' id='par_1_14' title="bbox 773 1543 2361 1612">
     <span class='ocr_line' id='line_1_14' title="bbox 773 1543 2361 1612; baseline 0.011 -19"><span class='ocrx_word' id='word_1_101' title='bbox 773 1543 853 1594; x_wconf 85' lang='lat' dir='ltr'><strong>die</strong></span> <span class='ocrx_word' id='word_1_102' title='bbox 883 1561 976 1612; x_wconf 83' lang='lat' dir='ltr'><strong>par</strong></span> <span class='ocrx_word' id='word_1_103' title='bbox 999 1545 1110 1602; x_wconf 84' lang='lat' dir='ltr'><strong>SS.</strong></span> <span class='ocrx_word' id='word_1_104' title='bbox 1139 1548 1351 1601; x_wconf 81' lang='lat' dir='ltr'><strong>militum</strong></span> <span class='ocrx_word' id='word_1_105' title='bbox 1378 1550 1430 1603; x_wconf 90' lang='lat' dir='ltr'><strong>in</strong></span> <span class='ocrx_word' id='word_1_106' title='bbox 1459 1551 1566 1604; x_wconf 82' lang='lat' dir='ltr'><strong>acie</strong></span> <span class='ocrx_word' id='word_1_107' title='bbox 1584 1553 1850 1606; x_wconf 77' lang='lat' dir='ltr'><strong>exercitum</strong></span> <span class='ocrx_word' id='word_1_108' title='bbox 1874 1551 2060 1607; x_wconf 80' lang='lat' dir='ltr'><strong>(.‘Itristi</strong></span> <span class='ocrx_word' id='word_1_109' title='bbox 2088 1557 2361 1611; x_wconf 78' lang='lat' dir='ltr'><strong>constituit.</strong></span> 
     </span>
    </p>
   </div>
   <div class='ocr_carea' id='block_1_15' title="bbox 773 1635 2365 1718">
    <p class='ocr_par' dir='ltr' id='par_1_15' title="bbox 773 1635 2365 1718">
     <span class='ocr_line' id='line_1_15' title="bbox 773 1635 2365 1718; baseline 0.01 -29"><span class='ocrx_word' id='word_1_110' title='bbox 773 1635 956 1708; x_wconf 86' lang='lat' dir='ltr'><strong>Nuper</strong></span> <span class='ocrx_word' id='word_1_111' title='bbox 981 1643 1226 1712; x_wconf 82' lang='lat' dir='ltr'><strong>quadriga</strong></span> <span class='ocrx_word' id='word_1_112' title='bbox 1258 1654 1559 1714; x_wconf 75' lang='lat' dir='ltr'><strong>martyrum,</strong></span> <span class='ocrx_word' id='word_1_113' title='bbox 1584 1646 1732 1699; x_wconf 84' lang='lat' dir='ltr'><strong>hodie</strong></span> <span class='ocrx_word' id='word_1_114' title='bbox 1761 1647 1896 1718; x_wconf 87' lang='lat' dir='ltr'><strong>biga.</strong></span> <span class='ocrx_word' id='word_1_115' title='bbox 1923 1646 2246 1704; x_wconf 85' lang='lat' dir='ltr'><strong>Conciunem</strong></span> <span class='ocrx_word' id='word_1_116' title='bbox 2267 1651 2365 1705; x_wconf 71' lang='grc' dir='ltr'><strong>ξω-</strong></span> 
     </span>
    </p>
   </div>
   <div class='ocr_carea' id='block_1_16' title="bbox 771 1734 2364 1802">
    <p class='ocr_par' dir='ltr' id='par_1_16' title="bbox 771 1734 2364 1802">
     <span class='ocr_line' id='line_1_16' title="bbox 771 1734 2364 1802; baseline 0.009 -20"><span class='ocrx_word' id='word_1_117' title='bbox 771 1744 895 1796; x_wconf 86' lang='lat' dir='ltr'><strong>que,</strong></span> <span class='ocrx_word' id='word_1_118' title='bbox 948 1741 1065 1799; x_wconf 91' lang='lat' dir='ltr'><strong>post</strong></span> <span class='ocrx_word' id='word_1_119' title='bbox 1108 1734 1314 1788; x_wconf 82' lang='lat' dir='ltr'><strong>tertiam</strong></span> <span class='ocrx_word' id='word_1_120' title='bbox 1353 1734 1421 1790; x_wconf 90' lang='lat' dir='ltr'><strong>de</strong></span> <span class='ocrx_word' id='word_1_121' title='bbox 1465 1736 1670 1792; x_wconf 78' lang='lat' dir='ltr'><strong>Lazaro</strong></span> <span class='ocrx_word' id='word_1_122' title='bbox 1715 1739 1989 1794; x_wconf 87' lang='lat' dir='ltr'><strong>bomiliam</strong></span> <span class='ocrx_word' id='word_1_123' title='bbox 2031 1738 2243 1802; x_wconf 90' lang='lat' dir='ltr'><strong>habuit,</strong></span> <span class='ocrx_word' id='word_1_124' title='bbox 2295 1742 2364 1797; x_wconf 88' lang='lat' dir='ltr'><strong>de</strong></span> 
     </span>
    </p>
   </div>
   <div class='ocr_carea' id='block_1_17' title="bbox 770 1818 2358 1898">
    <p class='ocr_par' dir='ltr' id='par_1_17' title="bbox 770 1818 2358 1898">
     <span class='ocr_line' id='line_1_17' title="bbox 770 1818 2358 1898; baseline 0.009 -25"><span class='ocrx_word' id='word_1_125' title='bbox 770 1818 808 1873; x_wconf 90' lang='lat' dir='ltr'><strong>S</strong></span> <span class='ocrx_word' id='word_1_126' title='bbox 871 1821 1087 1892; x_wconf 69' lang='lat' dir='ltr'><strong>Bnbyla,</strong></span> <span class='ocrx_word' id='word_1_127' title='bbox 1141 1825 1230 1893; x_wconf 90' lang='lat' dir='ltr'><strong>qui</strong></span> <span class='ocrx_word' id='word_1_128' title='bbox 1283 1826 1564 1895; x_wconf 88' lang='lat' dir='ltr'><strong>episcopus</strong></span> <span class='ocrx_word' id='word_1_129' title='bbox 1610 1828 1976 1885; x_wconf 85' lang='lat' dir='ltr'><strong>Antiochenus</strong></span> <span class='ocrx_word' id='word_1_130' title='bbox 2029 1847 2150 1886; x_wconf 90' lang='lat' dir='ltr'><strong>cum</strong></span> <span class='ocrx_word' id='word_1_131' title='bbox 2195 1843 2358 1898; x_wconf 83' lang='lat' dir='ltr'><strong>esset,</strong></span> 
     </span>
    </p>
   </div>
   <div class='ocr_carea' id='block_1_18' title="bbox 769 1913 2365 1991">
    <p class='ocr_par' dir='ltr' id='par_1_18' title="bbox 769 1913 2365 1991">
     <span class='ocr_line' id='line_1_18' title="bbox 769 1913 2365 1991; baseline 0.009 -26"><span class='ocrx_word' id='word_1_132' title='bbox 769 1913 1080 1984; x_wconf 82' lang='lat' dir='ltr'><strong>martyrium</strong></span> <span class='ocrx_word' id='word_1_133' title='bbox 1102 1932 1194 1986; x_wconf 90' lang='lat' dir='ltr'><strong>pro</strong></span> <span class='ocrx_word' id='word_1_134' title='bbox 1210 1917 1422 1972; x_wconf 84' lang='lat' dir='ltr'><strong>Christo</strong></span> <span class='ocrx_word' id='word_1_135' title='bbox 1440 1934 1626 1989; x_wconf 85' lang='lat' dir='ltr'><strong>passus</strong></span> <span class='ocrx_word' id='word_1_136' title='bbox 1639 1930 1738 1975; x_wconf 86' lang='lat' dir='ltr'><strong>est.</strong></span> <span class='ocrx_word' id='word_1_137' title='bbox 1761 1920 1889 1991; x_wconf 88' lang='lat' dir='ltr'><strong>Ejus</strong></span> <span class='ocrx_word' id='word_1_138' title='bbox 1907 1921 2184 1978; x_wconf 84' lang='lat' dir='ltr'><strong>historiam</strong></span> <span class='ocrx_word' id='word_1_139' title='bbox 2202 1925 2365 1980; x_wconf 88' lang='lat' dir='ltr'><strong>refert</strong></span> 
     </span>
    </p>
   </div>
   <div class='ocr_carea' id='block_1_19' title="bbox 767 2002 2364 2084">
    <p class='ocr_par' dir='ltr' id='par_1_19' title="bbox 767 2002 2364 2084">
     <span class='ocr_line' id='line_1_19' title="bbox 767 2002 2364 2084; baseline 0.009 -29"><span class='ocrx_word' id='word_1_140' title='bbox 767 2002 1220 2073; x_wconf 76' lang='lat' dir='ltr'><strong>Chrysostmnus;</strong></span> <span class='ocrx_word' id='word_1_141' title='bbox 1274 2009 1503 2065; x_wconf 73' lang='lat' dir='ltr'><strong>maxime</strong></span> <span class='ocrx_word' id='word_1_142' title='bbox 1531 2025 1659 2065; x_wconf 89' lang='lat' dir='ltr'><strong>vero</strong></span> <span class='ocrx_word' id='word_1_143' title='bbox 1695 2011 1746 2065; x_wconf 91' lang='lat' dir='ltr'><strong>in</strong></span> <span class='ocrx_word' id='word_1_144' title='bbox 1776 2012 1914 2067; x_wconf 91' lang='lat' dir='ltr'><strong>libro</strong></span> <span class='ocrx_word' id='word_1_145' title='bbox 1958 2013 2070 2079; x_wconf 92' lang='lat' dir='ltr'><strong>illo,</strong></span> <span class='ocrx_word' id='word_1_146' title='bbox 2113 2029 2269 2084; x_wconf 82' lang='lat' dir='ltr'><strong>quem</strong></span> <span class='ocrx_word' id='word_1_147' title='bbox 2296 2015 2364 2070; x_wconf 87' lang='lat' dir='ltr'><strong>de</strong></span> 
     </span>
    </p>
   </div>
   <div class='ocr_carea' id='block_1_20' title="bbox 768 2092 2359 2174">
    <p class='ocr_par' dir='ltr' id='par_1_20' title="bbox 768 2092 2359 2174">
     <span class='ocr_line' id='line_1_20' title="bbox 768 2092 2359 2174; baseline 0.009 -29"><span class='ocrx_word' id='word_1_148' title='bbox 768 2092 997 2166; x_wconf 74' lang='lat' dir='ltr'><strong>Mai-lyre</strong></span> <span class='ocrx_word' id='word_1_149' title='bbox 1028 2096 1221 2169; x_wconf 85' lang='lat' dir='ltr'><strong>Babyla</strong></span> <span class='ocrx_word' id='word_1_150' title='bbox 1251 2108 1434 2154; x_wconf 87' lang='lat' dir='ltr'><strong>contra</strong></span> <span class='ocrx_word' id='word_1_151' title='bbox 1479 2099 1743 2156; x_wconf 84' lang='lat' dir='ltr'><strong>Julianum</strong></span> <span class='ocrx_word' id='word_1_152' title='bbox 1773 2103 2083 2172; x_wconf 82' lang='lat' dir='ltr'><strong>Apostatam</strong></span> <span class='ocrx_word' id='word_1_153' title='bbox 2127 2107 2359 2174; x_wconf 80' lang='lat' dir='ltr'><strong>s:-ripsit,</strong></span> 
     </span>
    </p>
   </div>
   <div class='ocr_carea' id='block_1_21' title="bbox 768 2185 2363 2266">
    <p class='ocr_par' dir='ltr' id='par_1_21' title="bbox 768 2185 2363 2266">
     <span class='ocr_line' id='line_1_21' title="bbox 768 2185 2363 2266; baseline 0.008 -28"><span class='ocrx_word' id='word_1_154' title='bbox 768 2185 856 2238; x_wconf 84' lang='lat' dir='ltr'><strong>ubi</strong></span> <span class='ocrx_word' id='word_1_155' title='bbox 886 2187 1103 2240; x_wconf 89' lang='lat' dir='ltr'><strong>multum</strong></span> <span class='ocrx_word' id='word_1_156' title='bbox 1135 2186 1312 2244; x_wconf 77' lang='lat' dir='ltr'><strong>differt</strong></span> <span class='ocrx_word' id='word_1_157' title='bbox 1339 2190 1406 2245; x_wconf 87' lang='lat' dir='ltr'><strong>ab</strong></span> <span class='ocrx_word' id='word_1_158' title='bbox 1445 2191 1675 2246; x_wconf 86' lang='lat' dir='ltr'><strong>Eusebio</strong></span> <span class='ocrx_word' id='word_1_159' title='bbox 1715 2192 2051 2259; x_wconf 78' lang='lat' dir='ltr'><strong>Caesariensi,</strong></span> <span class='ocrx_word' id='word_1_160' title='bbox 2106 2204 2163 2248; x_wconf 93' lang='lat' dir='ltr'><strong>ut</strong></span> <span class='ocrx_word' id='word_1_161' title='bbox 2204 2211 2363 2266; x_wconf 83' lang='lat' dir='ltr'><strong>supra</strong></span> 
     </span>
    </p>
   </div>
   <div class='ocr_carea' id='block_1_22' title="bbox 768 2276 2362 2355">
    <p class='ocr_par' dir='ltr' id='par_1_22' title="bbox 768 2276 2362 2355">
     <span class='ocr_line' id='line_1_22' title="bbox 768 2276 2362 2355; baseline 0.008 -26"><span class='ocrx_word' id='word_1_162' title='bbox 768 2276 996 2331; x_wconf 80' lang='lat' dir='ltr'><strong>diximus</strong></span> <span class='ocrx_word' id='word_1_163' title='bbox 1023 2294 1035 2329; x_wconf 89' lang='lat'><strong>:</strong></span> <span class='ocrx_word' id='word_1_164' title='bbox 1067 2294 1131 2333; x_wconf 81' lang='lat' dir='ltr'><strong>ex</strong></span> <span class='ocrx_word' id='word_1_165' title='bbox 1162 2297 1376 2337; x_wconf 89' lang='lat' dir='ltr'><strong>rumore</strong></span> <span class='ocrx_word' id='word_1_166' title='bbox 1404 2298 1630 2354; x_wconf 87' lang='lat' dir='ltr'><strong>namque</strong></span> <span class='ocrx_word' id='word_1_167' title='bbox 1653 2284 1791 2355; x_wconf 79' lang='lat' dir='ltr'><strong>vulgi</strong></span> <span class='ocrx_word' id='word_1_168' title='bbox 1825 2286 1964 2355; x_wconf 74' lang='lat' dir='ltr'><strong>lqul</strong></span> <span class='ocrx_word' id='word_1_169' title='bbox 1984 2302 2048 2341; x_wconf 92' lang='lat' dir='ltr'><strong>ns</strong></span> <span class='ocrx_word' id='word_1_170' title='bbox 2078 2289 2362 2342; x_wconf 59' lang='lat' dir='ltr'><strong>concinna-</strong></span> 
     </span>
    </p>
   </div>
   <div class='ocr_carea' id='block_1_23' title="bbox 771 2369 2363 2447">
    <p class='ocr_par' dir='ltr' id='par_1_23' title="bbox 771 2369 2363 2447">
     <span class='ocr_line' id='line_1_23' title="bbox 771 2369 2363 2447; baseline 0.009 -27"><span class='ocrx_word' id='word_1_171' title='bbox 771 2377 870 2434; x_wconf 88' lang='lat' dir='ltr'><strong>tor,</strong></span> <span class='ocrx_word' id='word_1_172' title='bbox 905 2369 1146 2437; x_wconf 68' lang='lat' dir='ltr'><strong>qumdam</strong></span> <span class='ocrx_word' id='word_1_173' title='bbox 1199 2373 1360 2427; x_wconf 88' lang='lat' dir='ltr'><strong>refert</strong></span> <span class='ocrx_word' id='word_1_174' title='bbox 1405 2388 1435 2426; x_wconf 84' lang='lat' dir='ltr'><strong>a</strong></span> <span class='ocrx_word' id='word_1_175' title='bbox 1481 2375 1556 2428; x_wconf 87' lang='lat' dir='ltr'><strong>rei</strong></span> <span class='ocrx_word' id='word_1_176' title='bbox 1587 2377 1809 2430; x_wconf 81' lang='lat' dir='ltr'><strong>veritate</strong></span> <span class='ocrx_word' id='word_1_177' title='bbox 1835 2377 2045 2431; x_wconf 86' lang='lat' dir='ltr'><strong>aliena:</strong></span> <span class='ocrx_word' id='word_1_178' title='bbox 2084 2378 2176 2432; x_wconf 87' lang='lat' dir='ltr'><strong>sed</strong></span> <span class='ocrx_word' id='word_1_179' title='bbox 2209 2379 2363 2447; x_wconf 82' lang='lat' dir='ltr'><strong>longe</strong></span> 
     </span>
    </p>
   </div>
   <div class='ocr_carea' id='block_1_24' title="bbox 767 2460 2363 2536">
    <p class='ocr_par' dir='ltr' id='par_1_24' title="bbox 767 2460 2363 2536">
     <span class='ocr_line' id='line_1_24' title="bbox 767 2460 2363 2536; baseline 0.008 -25"><span class='ocrx_word' id='word_1_180' title='bbox 767 2460 1094 2524; x_wconf 72' lang='lat' dir='ltr'><strong>accuratius,</strong></span> <span class='ocrx_word' id='word_1_181' title='bbox 1158 2477 1279 2516; x_wconf 90' lang='lat' dir='ltr'><strong>cum</strong></span> <span class='ocrx_word' id='word_1_182' title='bbox 1331 2461 1399 2517; x_wconf 91' lang='lat' dir='ltr'><strong>de</strong></span> <span class='ocrx_word' id='word_1_183' title='bbox 1441 2463 1804 2535; x_wconf 86' lang='lat' dir='ltr'><strong>Reliquiarum</strong></span> <span class='ocrx_word' id='word_1_184' title='bbox 1849 2466 1965 2536; x_wconf 86' lang='lat' dir='ltr'><strong>ejus</strong></span> <span class='ocrx_word' id='word_1_185' title='bbox 2017 2469 2363 2524; x_wconf 77' lang='lat' dir='ltr'><strong>translatione</strong></span> 
     </span>
    </p>
   </div>
   <div class='ocr_carea' id='block_1_25' title="bbox 770 2551 1283 2608">
    <p class='ocr_par' dir='ltr' id='par_1_25' title="bbox 770 2551 1283 2608">
     <span class='ocr_line' id='line_1_25' title="bbox 770 2551 1283 2608; baseline 0.006 -5"><span class='ocrx_word' id='word_1_186' title='bbox 770 2565 1070 2606; x_wconf 79' lang='lat' dir='ltr'><strong>sermonem</strong></span> <span class='ocrx_word' id='word_1_187' title='bbox 1105 2551 1283 2608; x_wconf 83' lang='lat' dir='ltr'><strong>habet.</strong></span> 
     </span>
    </p>
   </div>
   <div class='ocr_carea' id='block_1_26' title="bbox 842 2639 2363 2720">
    <p class='ocr_par' dir='ltr' id='par_1_26' title="bbox 842 2639 2363 2720">
     <span class='ocr_line' id='line_1_26' title="bbox 842 2639 2363 2720; baseline 0.009 -27"><span class='ocrx_word' id='word_1_188' title='bbox 842 2639 1038 2710; x_wconf 71' lang='lat' dir='ltr'><strong>Nuper,</strong></span> <span class='ocrx_word' id='word_1_189' title='bbox 1074 2643 1261 2712; x_wconf 86' lang='lat' dir='ltr'><strong>inquit,</strong></span> <span class='ocrx_word' id='word_1_190' title='bbox 1316 2659 1420 2699; x_wconf 92' lang='lat' dir='ltr'><strong>non</strong></span> <span class='ocrx_word' id='word_1_191' title='bbox 1463 2653 1661 2708; x_wconf 86' lang='lat' dir='ltr'><strong>autem,</strong></span> <span class='ocrx_word' id='word_1_192' title='bbox 1700 2647 1824 2712; x_wconf 77' lang='lat' dir='ltr'><strong>lteri,</strong></span> <span class='ocrx_word' id='word_1_193' title='bbox 1875 2656 1930 2702; x_wconf 90' lang='lat' dir='ltr'><strong>ut</strong></span> <span class='ocrx_word' id='word_1_194' title='bbox 1977 2649 2045 2702; x_wconf 89' lang='lat' dir='ltr'><strong>ab</strong></span> <span class='ocrx_word' id='word_1_195' title='bbox 2077 2649 2363 2720; x_wconf 76' lang='lat' dir='ltr'><strong>interprete</strong></span> 
     </span>
    </p>
   </div>
   <div class='ocr_carea' id='block_1_27' title="bbox 769 2731 2363 2806">
    <p class='ocr_par' dir='ltr' id='par_1_27' title="bbox 769 2731 2363 2806">
     <span class='ocr_line' id='line_1_27' title="bbox 769 2731 2363 2806; baseline 0.006 -21"><span class='ocrx_word' id='word_1_196' title='bbox 769 2731 1019 2801; x_wconf 87' lang='lat' dir='ltr'><strong>deceptus</strong></span> <span class='ocrx_word' id='word_1_197' title='bbox 1046 2733 1086 2785; x_wconf 87' lang='grc' dir='ltr'>Τ</span> <span class='ocrx_word' id='word_1_198' title='bbox 1093 2733 1417 2788; x_wconf 85' lang='lat' dir='ltr'><strong>illcmontius</strong></span> <span class='ocrx_word' id='word_1_199' title='bbox 1444 2737 1640 2804; x_wconf 83' lang='lat' dir='ltr'><strong>posuit.</strong></span> <span class='ocrx_word' id='word_1_200' title='bbox 1669 2737 1773 2792; x_wconf 87' lang='lat' dir='ltr'><strong>Sed</strong></span> <span class='ocrx_word' id='word_1_201' title='bbox 1807 2739 2069 2806; x_wconf 81' lang='lat' dir='ltr'><strong>negotium</strong></span> <span class='ocrx_word' id='word_1_202' title='bbox 2102 2739 2363 2795; x_wconf 80' lang='lat' dir='ltr'><strong>facessere</strong></span> 
     </span>
    </p>
   </div>
   <div class='ocr_carea' id='block_1_28' title="bbox 771 2821 2364 2899">
    <p class='ocr_par' dir='ltr' id='par_1_28' title="bbox 771 2821 2364 2899">
     <span class='ocr_line' id='line_1_28' title="bbox 771 2821 2364 2899; baseline 0.007 -25"><span class='ocrx_word' id='word_1_203' title='bbox 771 2821 979 2875; x_wconf 87' lang='lat' dir='ltr'><strong>videtur</strong></span> <span class='ocrx_word' id='word_1_204' title='bbox 1018 2821 1090 2888; x_wconf 88' lang='lat' dir='ltr'><strong>id,</strong></span> <span class='ocrx_word' id='word_1_205' title='bbox 1137 2825 1277 2894; x_wconf 78' lang='lat' dir='ltr'><strong>quod</strong></span> <span class='ocrx_word' id='word_1_206' title='bbox 1330 2826 1379 2878; x_wconf 93' lang='lat' dir='ltr'><strong>in</strong></span> <span class='ocrx_word' id='word_1_207' title='bbox 1411 2836 1682 2894; x_wconf 90' lang='lat' dir='ltr'><strong>postremo</strong></span> <span class='ocrx_word' id='word_1_208' title='bbox 1712 2829 1936 2882; x_wconf 80' lang='lat' dir='ltr'><strong>exordio</strong></span> <span class='ocrx_word' id='word_1_209' title='bbox 1965 2829 2091 2882; x_wconf 87' lang='lat' dir='ltr'><strong>dicit</strong></span> <span class='ocrx_word' id='word_1_210' title='bbox 2125 2845 2139 2883; x_wconf 91' lang='lat'><strong>:</strong></span> <span class='ocrx_word' id='word_1_211' title='bbox 2183 2829 2364 2899; x_wconf 83' lang='lat' dir='ltr'><strong>Nuper</strong></span> 
     </span>
    </p>
   </div>
   <div class='ocr_carea' id='block_1_29' title="bbox 773 2913 2363 2992">
    <p class='ocr_par' dir='ltr' id='par_1_29' title="bbox 773 2913 2363 2992">
     <span class='ocr_line' id='line_1_29' title="bbox 773 2913 2363 2992; baseline 0.008 -26"><span class='ocrx_word' id='word_1_212' title='bbox 773 2913 836 2968; x_wconf 78' lang='grc' dir='ltr'><strong>Β.</strong></span> <span class='ocrx_word' id='word_1_213' title='bbox 857 2913 1077 2985; x_wconf 78' lang='lat' dir='ltr'><strong>Babylas</strong></span> <span class='ocrx_word' id='word_1_214' title='bbox 1099 2933 1209 2969; x_wconf 85' lang='lat' dir='ltr'><strong>cum</strong></span> <span class='ocrx_word' id='word_1_215' title='bbox 1228 2918 1385 2972; x_wconf 85' lang='lat' dir='ltr'><strong>tribus</strong></span> <span class='ocrx_word' id='word_1_216' title='bbox 1407 2921 1574 2988; x_wconf 82' lang='lat' dir='ltr'><strong>pueris</strong></span> <span class='ocrx_word' id='word_1_217' title='bbox 1592 2937 1682 2974; x_wconf 89' lang='lat' dir='ltr'><strong>nos</strong></span> <span class='ocrx_word' id='word_1_218' title='bbox 1699 2922 1778 2974; x_wconf 80' lang='lat' dir='ltr'><strong>hic</strong></span> <span class='ocrx_word' id='word_1_219' title='bbox 1795 2924 2128 2992; x_wconf 74' lang='lat' dir='ltr'><strong>congregabat</strong></span> <span class='ocrx_word' id='word_1_220' title='bbox 2150 2941 2168 2976; x_wconf 92' lang='lat'><strong><em>:</em></strong></span> <span class='ocrx_word' id='word_1_221' title='bbox 2193 2927 2241 2976; x_wconf 88' lang='lat' dir='ltr'><strong>in</strong></span> <span class='ocrx_word' id='word_1_222' title='bbox 2262 2923 2363 2980; x_wconf 89' lang='lat' dir='ltr'><strong>hac</strong></span> 
     </span>
    </p>
   </div>
   <div class='ocr_carea' id='block_1_30' title="bbox 769 3005 2363 3084">
    <p class='ocr_par' dir='ltr' id='par_1_30' title="bbox 769 3005 2363 3084">
     <span class='ocr_line' id='line_1_30' title="bbox 769 3005 2363 3084; baseline 0.007 -26"><span class='ocrx_word' id='word_1_223' title='bbox 769 3005 909 3058; x_wconf 87' lang='lat' dir='ltr'><strong>enim</strong></span> <span class='ocrx_word' id='word_1_224' title='bbox 931 3007 1186 3062; x_wconf 87' lang='lat' dir='ltr'><strong>concione</strong></span> <span class='ocrx_word' id='word_1_225' title='bbox 1203 3025 1266 3061; x_wconf 88' lang='lat' dir='ltr'><strong>ne</strong></span> <span class='ocrx_word' id='word_1_226' title='bbox 1289 3010 1490 3063; x_wconf 81' lang='lat' dir='ltr'><strong>minio-ie</strong></span> <span class='ocrx_word' id='word_1_227' title='bbox 1510 3011 1722 3080; x_wconf 84' lang='lat' dir='ltr'><strong>quidem</strong></span> <span class='ocrx_word' id='word_1_228' title='bbox 1745 3011 1812 3066; x_wconf 92' lang='lat' dir='ltr'><strong>de</strong></span> <span class='ocrx_word' id='word_1_229' title='bbox 1835 3013 2000 3067; x_wconf 85' lang='lat' dir='ltr'><strong>tribus</strong></span> <span class='ocrx_word' id='word_1_230' title='bbox 2027 3015 2205 3080; x_wconf 86' lang='lat' dir='ltr'><strong>pueris</strong></span> <span class='ocrx_word' id='word_1_231' title='bbox 2231 3016 2363 3084; x_wconf 81' lang='lat' dir='ltr'><strong>legi-</strong></span> 
     </span>
    </p>
   </div>
   <div class='ocr_carea' id='block_1_31' title="bbox 772 3085 2363 3176">
    <p class='ocr_par' dir='ltr' id='par_1_31' title="bbox 772 3085 2363 3176">
     <span class='ocr_line' id='line_1_31' title="bbox 772 3085 2363 3176; baseline 0.009 -28"><span class='ocrx_word' id='word_1_232' title='bbox 772 3105 822 3150; x_wconf 90' lang='lat' dir='ltr'><strong>tu</strong></span> <span class='ocrx_word' id='word_1_233' title='bbox 833 3095 1099 3161; x_wconf 80' lang='lat' dir='ltr'><strong>r.\&#39;erum,</strong></span> <span class='ocrx_word' id='word_1_234' title='bbox 1117 3085 1173 3152; x_wconf 84' lang='lat' dir='ltr'><strong>ut</strong></span> <span class='ocrx_word' id='word_1_235' title='bbox 1186 3099 1334 3152; x_wconf 87' lang='lat' dir='ltr'><strong>initio</strong></span> <span class='ocrx_word' id='word_1_236' title='bbox 1352 3101 1583 3156; x_wconf 77' lang='lat' dir='ltr'><strong>homilia:</strong></span> <span class='ocrx_word' id='word_1_237' title='bbox 1599 3102 1810 3170; x_wconf 87' lang='lat' dir='ltr'><strong>dicitur,</strong></span> <span class='ocrx_word' id='word_1_238' title='bbox 1832 3120 1935 3156; x_wconf 90' lang='lat' dir='ltr'><strong>non</strong></span> <span class='ocrx_word' id='word_1_239' title='bbox 1953 3103 2363 3176; x_wconf 84' lang='lat' dir='ltr'><strong>Chrysostomus</strong></span> 
     </span>
    </p>
   </div>
   <div class='ocr_carea' id='block_1_32' title="bbox 771 3187 2361 3266">
    <p class='ocr_par' dir='ltr' id='par_1_32' title="bbox 771 3187 2361 3266">
     <span class='ocr_line' id='line_1_32' title="bbox 771 3187 2361 3266; baseline 0.007 -26"><span class='ocrx_word' id='word_1_240' title='bbox 771 3187 937 3253; x_wconf 89' lang='lat' dir='ltr'><strong>solus,</strong></span> <span class='ocrx_word' id='word_1_241' title='bbox 975 3189 1066 3243; x_wconf 88' lang='lat' dir='ltr'><strong>sed</strong></span> <span class='ocrx_word' id='word_1_242' title='bbox 1091 3205 1208 3244; x_wconf 88' lang='lat' dir='ltr'><strong>cum</strong></span> <span class='ocrx_word' id='word_1_243' title='bbox 1237 3192 1323 3245; x_wconf 89' lang='lat' dir='ltr'><strong>alii</strong></span> <span class='ocrx_word' id='word_1_244' title='bbox 1348 3193 1607 3261; x_wconf 62' lang='lat' dir='ltr'><strong>seniores,</strong></span> <span class='ocrx_word' id='word_1_245' title='bbox 1651 3203 1762 3249; x_wconf 88' lang='lat' dir='ltr'><strong>tum</strong></span> <span class='ocrx_word' id='word_1_246' title='bbox 1803 3197 2082 3266; x_wconf 73' lang='lat' dir='ltr'><strong>cpiscomis</strong></span> <span class='ocrx_word' id='word_1_247' title='bbox 2109 3197 2222 3266; x_wconf 87' lang='lat' dir='ltr'><strong>ipse</strong></span> <span class='ocrx_word' id='word_1_248' title='bbox 2244 3198 2361 3251; x_wconf 83' lang='lat' dir='ltr'><strong>Fla-</strong></span> 
     </span>
    </p>
   </div>
   <div class='ocr_carea' id='block_1_33' title="bbox 768 3279 2361 3357">
    <p class='ocr_par' dir='ltr' id='par_1_33' title="bbox 768 3279 2361 3357">
     <span class='ocr_line' id='line_1_33' title="bbox 768 3279 2361 3357; baseline 0.006 -25"><span class='ocrx_word' id='word_1_249' title='bbox 768 3279 958 3332; x_wconf 85' lang='lat' dir='ltr'><strong>vianus</strong></span> <span class='ocrx_word' id='word_1_250' title='bbox 986 3280 1174 3335; x_wconf 89' lang='lat' dir='ltr'><strong>eodem</strong></span> <span class='ocrx_word' id='word_1_251' title='bbox 1203 3283 1288 3337; x_wconf 88' lang='lat' dir='ltr'><strong>die</strong></span> <span class='ocrx_word' id='word_1_252' title='bbox 1314 3285 1614 3338; x_wconf 86' lang='lat' dir='ltr'><strong>concionati</strong></span> <span class='ocrx_word' id='word_1_253' title='bbox 1633 3295 1776 3340; x_wconf 88' lang='lat' dir='ltr'><strong>sunt.</strong></span> <span class='ocrx_word' id='word_1_254' title='bbox 1811 3285 1936 3340; x_wconf 76' lang='lat' dir='ltr'><strong>Ilwc</strong></span> <span class='ocrx_word' id='word_1_255' title='bbox 1956 3298 2000 3340; x_wconf 88' lang='lat' dir='ltr'><strong>et</strong></span> <span class='ocrx_word' id='word_1_256' title='bbox 2021 3288 2145 3354; x_wconf 83' lang='lat' dir='ltr'><strong>alia,</strong></span> <span class='ocrx_word' id='word_1_257' title='bbox 2172 3288 2361 3357; x_wconf 85' lang='lat' dir='ltr'><strong>inquit,</strong></span> 
     </span>
    </p>
   </div>
   <div class='ocr_carea' id='block_1_34' title="bbox 770 3369 2365 3447">
    <p class='ocr_par' dir='ltr' id='par_1_34' title="bbox 770 3369 2365 3447">
     <span class='ocr_line' id='line_1_34' title="bbox 770 3369 2365 3447; baseline 0.005 -25"><span class='ocrx_word' id='word_1_258' title='bbox 770 3369 1046 3424; x_wconf 85' lang='lat' dir='ltr'><strong>senioribus</strong></span> <span class='ocrx_word' id='word_1_259' title='bbox 1075 3374 1514 3426; x_wconf 82' lang='lat' dir='ltr'><strong>commemoranda</strong></span> <span class='ocrx_word' id='word_1_260' title='bbox 1541 3375 1846 3442; x_wconf 82' lang='lat' dir='ltr'><strong>doctoribus,</strong></span> <span class='ocrx_word' id='word_1_261' title='bbox 1877 3386 1923 3429; x_wconf 91' lang='lat' dir='ltr'><strong>et</strong></span> <span class='ocrx_word' id='word_1_262' title='bbox 1949 3379 2204 3430; x_wconf 80' lang='lat' dir='ltr'><strong>communi</strong></span> <span class='ocrx_word' id='word_1_263' title='bbox 2231 3378 2365 3447; x_wconf 85' lang='lat' dir='ltr'><strong>patri</strong></span> 
     </span>
    </p>
   </div>
   <div class='ocr_carea' id='block_1_35' title="bbox 773 3461 2363 3540">
    <p class='ocr_par' dir='ltr' id='par_1_35' title="bbox 773 3461 2363 3540">
     <span class='ocr_line' id='line_1_35' title="bbox 773 3461 2363 3540; baseline 0.008 -28"><span class='ocrx_word' id='word_1_264' title='bbox 773 3471 941 3514; x_wconf 85' lang='lat' dir='ltr'><strong>nostro</strong></span> <span class='ocrx_word' id='word_1_265' title='bbox 963 3461 1296 3530; x_wconf 75' lang='lat' dir='ltr'><strong>relinquemus</strong></span> <span class='ocrx_word' id='word_1_266' title='bbox 1319 3479 1337 3518; x_wconf 88' lang='lat'><strong><em>:</em></strong></span> <span class='ocrx_word' id='word_1_267' title='bbox 1359 3482 1438 3519; x_wconf 86' lang='lat' dir='ltr'><strong>res</strong></span> <span class='ocrx_word' id='word_1_268' title='bbox 1464 3467 1594 3519; x_wconf 89' lang='lat' dir='ltr'><strong>enim</strong></span> <span class='ocrx_word' id='word_1_269' title='bbox 1621 3469 1924 3536; x_wconf 78' lang='lat' dir='ltr'><strong>antiquiores</strong></span> <span class='ocrx_word' id='word_1_270' title='bbox 1952 3470 2198 3540; x_wconf 50' lang='lat' dir='ltr'><strong>proiciare</strong></span> <span class='ocrx_word' id='word_1_271' title='bbox 2226 3469 2363 3524; x_wconf 85' lang='lat' dir='ltr'><strong>vobis</strong></span> 
     </span>
    </p>
   </div>
   <div class='ocr_carea' id='block_1_36' title="bbox 772 3554 2365 3630">
    <p class='ocr_par' dir='ltr' id='par_1_36' title="bbox 772 3554 2365 3630">
     <span class='ocr_line' id='line_1_36' title="bbox 772 3554 2365 3630; baseline 0.008 -28"><span class='ocrx_word' id='word_1_272' title='bbox 772 3568 803 3602; x_wconf 88' lang='lat' dir='ltr'><strong>a</strong></span> <span class='ocrx_word' id='word_1_273' title='bbox 843 3554 1040 3606; x_wconf 80' lang='lat' dir='ltr'><strong>senibus</strong></span> <span class='ocrx_word' id='word_1_274' title='bbox 1074 3563 1281 3623; x_wconf 83' lang='lat' dir='ltr'><strong>possunt</strong></span> <span class='ocrx_word' id='word_1_275' title='bbox 1303 3557 1504 3609; x_wconf 86' lang='lat' dir='ltr'><strong>narrari</strong></span> <span class='ocrx_word' id='word_1_276' title='bbox 1533 3573 1550 3610; x_wconf 92' lang='lat'><strong><em>:</em></strong></span> <span class='ocrx_word' id='word_1_277' title='bbox 1579 3573 1691 3626; x_wconf 68' lang='lat' dir='ltr'><strong>quae</strong></span> <span class='ocrx_word' id='word_1_278' title='bbox 1717 3574 1830 3612; x_wconf 81' lang='lat' dir='ltr'><strong>vero</strong></span> <span class='ocrx_word' id='word_1_279' title='bbox 1856 3576 1958 3612; x_wconf 90' lang='lat' dir='ltr'><strong>non</strong></span> <span class='ocrx_word' id='word_1_280' title='bbox 1992 3562 2062 3613; x_wconf 88' lang='lat' dir='ltr'><strong>ita</strong></span> <span class='ocrx_word' id='word_1_281' title='bbox 2089 3561 2282 3630; x_wconf 85' lang='lat' dir='ltr'><strong>pridem</strong></span> <span class='ocrx_word' id='word_1_282' title='bbox 2305 3578 2365 3615; x_wconf 88' lang='lat' dir='ltr'><strong>ac</strong></span> 
     </span>
    </p>
   </div>
   <div class='ocr_carea' id='block_1_37' title="bbox 773 3647 2364 3721">
    <p class='ocr_par' dir='ltr' id='par_1_37' title="bbox 773 3647 2364 3721">
     <span class='ocr_line' id='line_1_37' title="bbox 773 3647 2364 3721; baseline 0.008 -28"><span class='ocrx_word' id='word_1_283' title='bbox 773 3652 945 3694; x_wconf 87' lang='lat' dir='ltr'><strong>nostra</strong></span> <span class='ocrx_word' id='word_1_284' title='bbox 977 3655 1124 3696; x_wconf 71' lang='lat' dir='ltr'><strong>rotate</strong></span> <span class='ocrx_word' id='word_1_285' title='bbox 1143 3655 1259 3697; x_wconf 82' lang='lat' dir='ltr'><strong>sunt</strong></span> <span class='ocrx_word' id='word_1_286' title='bbox 1286 3655 1446 3716; x_wconf 86' lang='lat' dir='ltr'><strong>gesta,</strong></span> <span class='ocrx_word' id='word_1_287' title='bbox 1477 3647 1612 3701; x_wconf 83' lang='lat' dir='ltr'><strong>vobis</strong></span> <span class='ocrx_word' id='word_1_288' title='bbox 1633 3648 1838 3718; x_wconf 84' lang='lat' dir='ltr'><strong>juvenis</strong></span> <span class='ocrx_word' id='word_1_289' title='bbox 1859 3666 1948 3720; x_wconf 85' lang='lat' dir='ltr'><strong>ego</strong></span> <span class='ocrx_word' id='word_1_290' title='bbox 1976 3651 2215 3717; x_wconf 87' lang='lat' dir='ltr'><strong>narrabo,</strong></span> <span class='ocrx_word' id='word_1_291' title='bbox 2250 3668 2364 3721; x_wconf 68' lang='lat' dir='ltr'><strong>qum</strong></span> 
     </span>
    </p>
   </div>
   <div class='ocr_carea' id='block_1_38' title="bbox 774 3735 2365 3812">
    <p class='ocr_par' dir='ltr' id='par_1_38' title="bbox 774 3735 2365 3812">
     <span class='ocr_line' id='line_1_38' title="bbox 774 3735 2365 3812; baseline 0.01 -28"><span class='ocrx_word' id='word_1_292' title='bbox 774 3735 1008 3786; x_wconf 83' lang='lat' dir='ltr'><strong>nimirum</strong></span> <span class='ocrx_word' id='word_1_293' title='bbox 1034 3747 1147 3806; x_wconf 84' lang='lat' dir='ltr'><strong>post</strong></span> <span class='ocrx_word' id='word_1_294' title='bbox 1179 3737 1387 3802; x_wconf 79' lang='lat' dir='ltr'><strong>(bitum,</strong></span> <span class='ocrx_word' id='word_1_295' title='bbox 1427 3749 1536 3810; x_wconf 85' lang='lat' dir='ltr'><strong>post</strong></span> <span class='ocrx_word' id='word_1_296' title='bbox 1566 3742 1825 3811; x_wconf 66' lang='lat' dir='ltr'><strong>exsequias</strong></span> <span class='ocrx_word' id='word_1_297' title='bbox 1851 3744 2111 3812; x_wconf 84' lang='lat' dir='ltr'><strong>martyris,</strong></span> <span class='ocrx_word' id='word_1_298' title='bbox 2156 3762 2216 3797; x_wconf 89' lang='lat' dir='ltr'><strong>ac</strong></span> <span class='ocrx_word' id='word_1_299' title='bbox 2243 3747 2365 3800; x_wconf 85' lang='lat' dir='ltr'><strong>dum</strong></span> 
     </span>
    </p>
   </div>
   <div class='ocr_carea' id='block_1_39' title="bbox 773 3827 2365 3906">
    <p class='ocr_par' dir='ltr' id='par_1_39' title="bbox 773 3827 2365 3906">
     <span class='ocr_line' id='line_1_39' title="bbox 773 3827 2365 3906; baseline 0.007 -28"><span class='ocrx_word' id='word_1_300' title='bbox 773 3827 825 3878; x_wconf 86' lang='lat' dir='ltr'><strong>in</strong></span> <span class='ocrx_word' id='word_1_301' title='bbox 853 3827 1086 3879; x_wconf 84' lang='lat' dir='ltr'><strong>suburbio</strong></span> <span class='ocrx_word' id='word_1_302' title='bbox 1124 3840 1426 3894; x_wconf 67' lang='lat' dir='ltr'><strong>mutaretur,</strong></span> <span class='ocrx_word' id='word_1_303' title='bbox 1473 3831 1783 3884; x_wconf 87' lang='lat' dir='ltr'><strong>acciderunt.</strong></span> <span class='ocrx_word' id='word_1_304' title='bbox 1822 3832 1947 3886; x_wconf 63' lang='lat' dir='ltr'><strong>Haec</strong></span> <span class='ocrx_word' id='word_1_305' title='bbox 1983 3833 2050 3888; x_wconf 87' lang='lat' dir='ltr'><strong>de</strong></span> <span class='ocrx_word' id='word_1_306' title='bbox 2081 3834 2138 3887; x_wconf 91' lang='lat' dir='ltr'><strong>S.</strong></span> <span class='ocrx_word' id='word_1_307' title='bbox 2170 3835 2365 3906; x_wconf 81' lang='lat' dir='ltr'><strong>Babyia</strong></span> 
     </span>
    </p>
   </div>
   <div class='ocr_carea' id='block_1_40' title="bbox 774 3916 2369 3990">
    <p class='ocr_par' dir='ltr' id='par_1_40' title="bbox 774 3916 2369 3990">
     <span class='ocr_line' id='line_1_40' title="bbox 774 3916 2369 3990; baseline 0.007 -23"><span class='ocrx_word' id='word_1_308' title='bbox 774 3916 874 3969; x_wconf 71' lang='lat' dir='ltr'><strong>sibi</strong></span> <span class='ocrx_word' id='word_1_309' title='bbox 903 3916 1197 3970; x_wconf 88' lang='lat' dir='ltr'><strong>enarranda</strong></span> <span class='ocrx_word' id='word_1_310' title='bbox 1233 3918 1958 3990; x_wconf 75' lang='lat' dir='ltr'><strong>proposuitChrysostomus,</strong></span> <span class='ocrx_word' id='word_1_311' title='bbox 2000 3934 2195 3979; x_wconf 66' lang='lat' dir='ltr'><strong>caetera</strong></span> <span class='ocrx_word' id='word_1_312' title='bbox 2220 3941 2369 3980; x_wconf 83' lang='lat' dir='ltr'><strong>com-</strong></span> 
     </span>
    </p>
   </div>
   <div class='ocr_carea' id='block_1_41' title="bbox 775 4006 2364 4085">
    <p class='ocr_par' dir='ltr' id='par_1_41' title="bbox 775 4006 2364 4085">
     <span class='ocr_line' id='line_1_41' title="bbox 775 4006 2364 4085; baseline 0.007 -26"><span class='ocrx_word' id='word_1_313' title='bbox 775 4006 918 4059; x_wconf 86' lang='lat' dir='ltr'><strong>muni</strong></span> <span class='ocrx_word' id='word_1_314' title='bbox 948 4008 1079 4074; x_wconf 87' lang='lat' dir='ltr'><strong>patri</strong></span> <span class='ocrx_word' id='word_1_315' title='bbox 1099 4017 1151 4061; x_wconf 90' lang='lat' dir='ltr'><strong>et</strong></span> <span class='ocrx_word' id='word_1_316' title='bbox 1166 4009 1463 4063; x_wconf 88' lang='lat' dir='ltr'><strong>senioribus</strong></span> <span class='ocrx_word' id='word_1_317' title='bbox 1482 4013 1951 4067; x_wconf 86' lang='lat' dir='ltr'><strong>commemoranda</strong></span> <span class='ocrx_word' id='word_1_318' title='bbox 1975 4014 2207 4085; x_wconf 82' lang='lat' dir='ltr'><strong>reliquit.</strong></span> <span class='ocrx_word' id='word_1_319' title='bbox 2233 4016 2364 4070; x_wconf 87' lang='lat' dir='ltr'><strong>Nam</strong></span> 
     </span>
    </p>
   </div>
   <div class='ocr_carea' id='block_1_42' title="bbox 775 4098 2368 4172">
    <p class='ocr_par' dir='ltr' id='par_1_42' title="bbox 775 4098 2368 4172">
     <span class='ocr_line' id='line_1_42' title="bbox 775 4098 2368 4172; baseline 0.007 -21"><span class='ocrx_word' id='word_1_320' title='bbox 775 4108 832 4151; x_wconf 90' lang='lat' dir='ltr'><strong>ut</strong></span> <span class='ocrx_word' id='word_1_321' title='bbox 861 4098 1067 4152; x_wconf 72' lang='lat' dir='ltr'><strong>ca-teris</strong></span> <span class='ocrx_word' id='word_1_322' title='bbox 1098 4099 1269 4153; x_wconf 88' lang='lat' dir='ltr'><strong>locmn</strong></span> <span class='ocrx_word' id='word_1_323' title='bbox 1295 4109 1349 4155; x_wconf 90' lang='lat' dir='ltr'><strong>et</strong></span> <span class='ocrx_word' id='word_1_324' title='bbox 1373 4110 1581 4172; x_wconf 86' lang='lat' dir='ltr'><strong>tempus</strong></span> <span class='ocrx_word' id='word_1_325' title='bbox 1609 4103 1779 4170; x_wconf 86' lang='lat' dir='ltr'><strong>daret,</strong></span> <span class='ocrx_word' id='word_1_326' title='bbox 1808 4106 2118 4162; x_wconf 85' lang='lat' dir='ltr'><strong>concionem</strong></span> <span class='ocrx_word' id='word_1_327' title='bbox 2148 4108 2216 4163; x_wconf 89' lang='lat' dir='ltr'><strong>de</strong></span> <span class='ocrx_word' id='word_1_328' title='bbox 2245 4124 2368 4162; x_wconf 82' lang='lat' dir='ltr'><strong>san-</strong></span> 
     </span>
    </p>
   </div>
   <div class='ocr_carea' id='block_1_43' title="bbox 774 4189 2364 4264">
    <p class='ocr_par' dir='ltr' id='par_1_43' title="bbox 774 4189 2364 4264">
     <span class='ocr_line' id='line_1_43' title="bbox 774 4189 2364 4264; baseline 0.008 -22"><span class='ocrx_word' id='word_1_329' title='bbox 774 4198 860 4244; x_wconf 68' lang='lat' dir='ltr'><strong>cto</strong></span> <span class='ocrx_word' id='word_1_330' title='bbox 890 4189 1084 4259; x_wconf 82' lang='lat' dir='ltr'><strong>Bahyla</strong></span> <span class='ocrx_word' id='word_1_331' title='bbox 1118 4191 1412 4245; x_wconf 76' lang='lat' dir='ltr'><strong>breviorem</strong></span> <span class='ocrx_word' id='word_1_332' title='bbox 1456 4193 1659 4260; x_wconf 84' lang='lat' dir='ltr'><strong>habuit,</strong></span> <span class='ocrx_word' id='word_1_333' title='bbox 1698 4212 1854 4264; x_wconf 90' lang='lat' dir='ltr'><strong>quam</strong></span> <span class='ocrx_word' id='word_1_334' title='bbox 1882 4197 2088 4252; x_wconf 86' lang='lat' dir='ltr'><strong>solebat</strong></span> <span class='ocrx_word' id='word_1_335' title='bbox 2117 4217 2129 4252; x_wconf 91' lang='lat'>:</span> <span class='ocrx_word' id='word_1_336' title='bbox 2173 4201 2364 4254; x_wconf 81' lang='lat' dir='ltr'><strong>verisi-</strong></span> 
     </span>
    </p>
   </div>
   <div class='ocr_carea' id='block_1_44' title="bbox 779 4282 2362 4355">
    <p class='ocr_par' dir='ltr' id='par_1_44' title="bbox 779 4282 2362 4355">
     <span class='ocr_line' id='line_1_44' title="bbox 779 4282 2362 4355; baseline 0.007 -21"><span class='ocrx_word' id='word_1_337' title='bbox 779 4282 1009 4349; x_wconf 88' lang='lat' dir='ltr'><strong>mileque</strong></span> <span class='ocrx_word' id='word_1_338' title='bbox 1039 4293 1122 4334; x_wconf 90' lang='lat' dir='ltr'><strong>cst</strong></span> <span class='ocrx_word' id='word_1_339' title='bbox 1148 4282 1376 4352; x_wconf 90' lang='lat' dir='ltr'><strong>aliquem</strong></span> <span class='ocrx_word' id='word_1_340' title='bbox 1402 4299 1464 4338; x_wconf 79' lang='lat' dir='ltr'><strong>ex</strong></span> <span class='ocrx_word' id='word_1_341' title='bbox 1496 4285 1577 4349; x_wconf 89' lang='lat' dir='ltr'><strong>iis,</strong></span> <span class='ocrx_word' id='word_1_342' title='bbox 1624 4287 1714 4354; x_wconf 87' lang='lat' dir='ltr'><strong>qui</strong></span> <span class='ocrx_word' id='word_1_343' title='bbox 1743 4295 1863 4355; x_wconf 90' lang='lat' dir='ltr'><strong>post</strong></span> <span class='ocrx_word' id='word_1_344' title='bbox 1889 4289 2035 4341; x_wconf 90' lang='lat' dir='ltr'><strong>illum</strong></span> <span class='ocrx_word' id='word_1_345' title='bbox 2065 4291 2362 4345; x_wconf 88' lang='lat' dir='ltr'><strong>concionati</strong></span> 
     </span>
    </p>
   </div>
   <div class='ocr_carea' id='block_1_45' title="bbox 775 4370 2365 4450">
    <p class='ocr_par' dir='ltr' id='par_1_45' title="bbox 775 4370 2365 4450">
     <span class='ocr_line' id='line_1_45' title="bbox 775 4370 2365 4450; baseline 0.009 -28"><span class='ocrx_word' id='word_1_346' title='bbox 775 4379 919 4437; x_wconf 84' lang='lat' dir='ltr'><strong>sunt,</strong></span> <span class='ocrx_word' id='word_1_347' title='bbox 946 4370 1010 4424; x_wconf 88' lang='lat' dir='ltr'><strong>de</strong></span> <span class='ocrx_word' id='word_1_348' title='bbox 1048 4371 1214 4425; x_wconf 90' lang='lat' dir='ltr'><strong>tribus</strong></span> <span class='ocrx_word' id='word_1_349' title='bbox 1234 4373 1411 4442; x_wconf 89' lang='lat' dir='ltr'><strong>pueris</strong></span> <span class='ocrx_word' id='word_1_350' title='bbox 1435 4375 1592 4430; x_wconf 88' lang='lat' dir='ltr'><strong>verba</strong></span> <span class='ocrx_word' id='word_1_351' title='bbox 1623 4375 1829 4430; x_wconf 81' lang='lat' dir='ltr'><strong>fecisse.</strong></span> <span class='ocrx_word' id='word_1_352' title='bbox 1863 4377 2061 4434; x_wconf 80' lang='lat' dir='ltr'><strong>Eodem</strong></span> <span class='ocrx_word' id='word_1_353' title='bbox 2085 4379 2245 4450; x_wconf 81' lang='lat' dir='ltr'><strong>igitur</strong></span> <span class='ocrx_word' id='word_1_354' title='bbox 2268 4398 2365 4436; x_wconf 87' lang='lat' dir='ltr'><strong>an—</strong></span> 
     </span>
    </p>
   </div>
   <div class='ocr_carea' id='block_1_46' title="bbox 773 4462 2361 4539">
    <p class='ocr_par' dir='ltr' id='par_1_46' title="bbox 773 4462 2361 4539">
     <span class='ocr_line' id='line_1_46' title="bbox 773 4462 2361 4539; baseline 0.008 -24"><span class='ocrx_word' id='word_1_355' title='bbox 773 4479 842 4516; x_wconf 90' lang='lat' dir='ltr'><strong>no</strong></span> <span class='ocrx_word' id='word_1_356' title='bbox 875 4462 1052 4516; x_wconf 87' lang='lat' dir='ltr'><strong>habita</strong></span> <span class='ocrx_word' id='word_1_357' title='bbox 1079 4473 1160 4518; x_wconf 87' lang='lat' dir='ltr'><strong>est</strong></span> <span class='ocrx_word' id='word_1_358' title='bbox 1184 4465 1297 4518; x_wconf 64' lang='lat' dir='ltr'><strong>haec</strong></span> <span class='ocrx_word' id='word_1_359' title='bbox 1325 4467 1534 4534; x_wconf 89' lang='lat' dir='ltr'><strong>concio,</strong></span> <span class='ocrx_word' id='word_1_360' title='bbox 1574 4483 1679 4536; x_wconf 91' lang='lat' dir='ltr'><strong>quo</strong></span> <span class='ocrx_word' id='word_1_361' title='bbox 1713 4469 1955 4524; x_wconf 63' lang='lat' dir='ltr'><strong>llomilias</strong></span> <span class='ocrx_word' id='word_1_362' title='bbox 1984 4471 2034 4525; x_wconf 89' lang='lat' dir='ltr'><strong>in</strong></span> <span class='ocrx_word' id='word_1_363' title='bbox 2069 4471 2361 4539; x_wconf 83' lang='lat' dir='ltr'><strong>Lazarum;</strong></span> 
     </span>
    </p>
   </div>
   <div class='ocr_carea' id='block_1_47' title="bbox 771 4552 2365 4632">
    <p class='ocr_par' dir='ltr' id='par_1_47' title="bbox 771 4552 2365 4632">
     <span class='ocr_line' id='line_1_47' title="bbox 771 4552 2365 4632; baseline 0.006 -25"><span class='ocrx_word' id='word_1_364' title='bbox 771 4552 1069 4624; x_wconf 80' lang='lat' dir='ltr'><strong>etquidem</strong></span> <span class='ocrx_word' id='word_1_365' title='bbox 1109 4558 1291 4610; x_wconf 82' lang='lat' dir='ltr'><strong>mense</strong></span> <span class='ocrx_word' id='word_1_366' title='bbox 1315 4555 1588 4624; x_wconf 79' lang='lat' dir='ltr'><strong>Januario,</strong></span> <span class='ocrx_word' id='word_1_367' title='bbox 1633 4558 1837 4612; x_wconf 85' lang='lat' dir='ltr'><strong>scilicet</strong></span> <span class='ocrx_word' id='word_1_368' title='bbox 1885 4561 2138 4630; x_wconf 83' lang='lat' dir='ltr'><strong>vigesima</strong></span> <span class='ocrx_word' id='word_1_369' title='bbox 2181 4575 2365 4632; x_wconf 81' lang='lat' dir='ltr'><strong>quarta</strong></span> 
     </span>
    </p>
   </div>
   <div class='ocr_carea' id='block_1_48' title="bbox 772 4645 2364 4726">
    <p class='ocr_par' dir='ltr' id='par_1_48' title="bbox 772 4645 2364 4726">
     <span class='ocr_line' id='line_1_48' title="bbox 772 4645 2364 4726; baseline 0.007 -28"><span class='ocrx_word' id='word_1_370' title='bbox 772 4645 1012 4714; x_wconf 88' lang='lat' dir='ltr'><strong>ejusdem</strong></span> <span class='ocrx_word' id='word_1_371' title='bbox 1063 4648 1283 4711; x_wconf 88' lang='lat' dir='ltr'><strong>mensis,</strong></span> <span class='ocrx_word' id='word_1_372' title='bbox 1341 4657 1399 4700; x_wconf 89' lang='lat' dir='ltr'><strong>ut</strong></span> <span class='ocrx_word' id='word_1_373' title='bbox 1449 4649 1672 4714; x_wconf 86' lang='lat' dir='ltr'><strong>videtur,</strong></span> <span class='ocrx_word' id='word_1_374' title='bbox 1721 4667 1822 4720; x_wconf 88' lang='lat' dir='ltr'><strong>qua</strong></span> <span class='ocrx_word' id='word_1_375' title='bbox 1870 4651 1956 4707; x_wconf 90' lang='lat' dir='ltr'><strong>die</strong></span> <span class='ocrx_word' id='word_1_376' title='bbox 1996 4653 2364 4726; x_wconf 74' lang='lat' dir='ltr'><strong>Martyrologia</strong></span> 
     </span>
    </p>
   </div>
   <div class='ocr_carea' id='block_1_49' title="bbox 775 4736 2366 4810">
    <p class='ocr_par' dir='ltr' id='par_1_49' title="bbox 775 4736 2366 4810">
     <span class='ocr_line' id='line_1_49' title="bbox 775 4736 2366 4810; baseline 0.008 -22"><span class='ocrx_word' id='word_1_377' title='bbox 775 4737 954 4790; x_wconf 89' lang='lat' dir='ltr'><strong>omnia</strong></span> <span class='ocrx_word' id='word_1_378' title='bbox 981 4736 1168 4791; x_wconf 88' lang='lat' dir='ltr'><strong>festum</strong></span> <span class='ocrx_word' id='word_1_379' title='bbox 1201 4737 1257 4792; x_wconf 92' lang='lat' dir='ltr'><strong>S.</strong></span> <span class='ocrx_word' id='word_1_380' title='bbox 1281 4737 1492 4809; x_wconf 70' lang='lat' dir='ltr'><strong>Babyltc</strong></span> <span class='ocrx_word' id='word_1_381' title='bbox 1519 4740 1770 4794; x_wconf 89' lang='lat' dir='ltr'><strong>indicant.</strong></span> <span class='ocrx_word' id='word_1_382' title='bbox 1801 4743 1900 4810; x_wconf 85' lang='lat' dir='ltr'><strong>Qui</strong></span> <span class='ocrx_word' id='word_1_383' title='bbox 1926 4759 2049 4798; x_wconf 91' lang='lat' dir='ltr'><strong>vero</strong></span> <span class='ocrx_word' id='word_1_384' title='bbox 2081 4745 2237 4800; x_wconf 85' lang='lat' dir='ltr'><strong>fuerit</strong></span> <span class='ocrx_word' id='word_1_385' title='bbox 2269 4739 2366 4800; x_wconf 67' lang='lat' dir='ltr'><strong>ari-</strong></span> 
     </span>
    </p>
   </div>
   <div class='ocr_carea' id='block_1_50' title="bbox 775 4827 2367 4900">
    <p class='ocr_par' dir='ltr' id='par_1_50' title="bbox 775 4827 2367 4900">
     <span class='ocr_line' id='line_1_50' title="bbox 775 4827 2367 4900; baseline 0.009 -21"><span class='ocrx_word' id='word_1_386' title='bbox 775 4843 873 4882; x_wconf 78' lang='lat' dir='ltr'><strong>nus</strong></span> <span class='ocrx_word' id='word_1_387' title='bbox 901 4828 1006 4892; x_wconf 91' lang='lat' dir='ltr'><strong>ille,</strong></span> <span class='ocrx_word' id='word_1_388' title='bbox 1035 4845 1138 4881; x_wconf 89' lang='lat' dir='ltr'><strong>non</strong></span> <span class='ocrx_word' id='word_1_389' title='bbox 1169 4829 1237 4881; x_wconf 90' lang='lat' dir='ltr'><strong>ita</strong></span> <span class='ocrx_word' id='word_1_390' title='bbox 1263 4827 1412 4884; x_wconf 81' lang='lat' dir='ltr'><strong>facile</strong></span> <span class='ocrx_word' id='word_1_391' title='bbox 1434 4841 1516 4885; x_wconf 89' lang='lat' dir='ltr'><strong>est</strong></span> <span class='ocrx_word' id='word_1_392' title='bbox 1543 4831 1967 4900; x_wconf 86' lang='lat' dir='ltr'><strong>deprehendere.</strong></span> <span class='ocrx_word' id='word_1_393' title='bbox 1993 4835 2367 4894; x_wconf 76' lang='lat' dir='ltr'><strong>Tillemontins</strong></span> 
     </span>
    </p>
   </div>
   <div class='ocr_carea' id='block_1_51' title="bbox 773 4920 2362 4994">
    <p class='ocr_par' dir='ltr' id='par_1_51' title="bbox 773 4920 2362 4994">
     <span class='ocr_line' id='line_1_51' title="bbox 773 4920 2362 4994; baseline 0.008 -22"><span class='ocrx_word' id='word_1_394' title='bbox 773 4934 969 4973; x_wconf 88' lang='lat' dir='ltr'><strong>annum</strong></span> <span class='ocrx_word' id='word_1_395' title='bbox 998 4920 1231 4990; x_wconf 79' lang='lat' dir='ltr'><strong>assignat</strong></span> <span class='ocrx_word' id='word_1_396' title='bbox 1259 4921 1380 4976; x_wconf 81' lang='lat'><strong>587.</strong></span> <span class='ocrx_word' id='word_1_397' title='bbox 1435 4922 1562 4992; x_wconf 84' lang='lat' dir='ltr'><strong>Ejus</strong></span> <span class='ocrx_word' id='word_1_398' title='bbox 1589 4925 1851 4979; x_wconf 89' lang='lat' dir='ltr'><strong>calculum</strong></span> <span class='ocrx_word' id='word_1_399' title='bbox 1896 4929 2247 4994; x_wconf 62' lang='lat' dir='ltr'><strong>excessimus,</strong></span> <span class='ocrx_word' id='word_1_400' title='bbox 2286 4931 2362 4985; x_wconf 54' lang='lat' dir='ltr'><strong>le.</strong></span> 
     </span>
    </p>
   </div>
   <div class='ocr_carea' id='block_1_52' title="bbox 776 5011 2364 5088">
    <p class='ocr_par' dir='ltr' id='par_1_52' title="bbox 776 5011 2364 5088">
     <span class='ocr_line' id='line_1_52' title="bbox 776 5011 2364 5088; baseline 0.009 -24"><span class='ocrx_word' id='word_1_401' title='bbox 776 5011 1114 5081; x_wconf 61' lang='lat' dir='ltr'><strong>vis-siluisque</strong></span> <span class='ocrx_word' id='word_1_402' title='bbox 1168 5013 1487 5082; x_wconf 77' lang='lat' dir='ltr'><strong>t-onjccluris</strong></span> <span class='ocrx_word' id='word_1_403' title='bbox 1527 5015 1712 5070; x_wconf 79' lang='lat' dir='ltr'><strong>fultum</strong></span> <span class='ocrx_word' id='word_1_404' title='bbox 1759 5032 1878 5073; x_wconf 88' lang='lat' dir='ltr'><strong>esse</strong></span> <span class='ocrx_word' id='word_1_405' title='bbox 1921 5020 2265 5088; x_wconf 77' lang='lat' dir='ltr'><strong>probavimus</strong></span> <span class='ocrx_word' id='word_1_406' title='bbox 2314 5025 2364 5078; x_wconf 89' lang='lat' dir='ltr'><strong>in</strong></span> 
     </span>
    </p>
   </div>
   <div class='ocr_carea' id='block_1_53' title="bbox 777 5101 2366 5184">
    <p class='ocr_par' dir='ltr' id='par_1_53' title="bbox 777 5101 2366 5184">
     <span class='ocr_line' id='line_1_53' title="bbox 777 5101 2366 5184; baseline 0.009 -29"><span class='ocrx_word' id='word_1_407' title='bbox 777 5101 979 5156; x_wconf 81' lang='lat' dir='ltr'><strong>Monito</strong></span> <span class='ocrx_word' id='word_1_408' title='bbox 1007 5104 1071 5157; x_wconf 86' lang='lat' dir='ltr'><strong>ad</strong></span> <span class='ocrx_word' id='word_1_409' title='bbox 1100 5103 1378 5159; x_wconf 87' lang='lat' dir='ltr'><strong>llomiliam</strong></span> <span class='ocrx_word' id='word_1_410' title='bbox 1410 5106 1461 5160; x_wconf 90' lang='lat' dir='ltr'><strong>in</strong></span> <span class='ocrx_word' id='word_1_411' title='bbox 1487 5106 1769 5172; x_wconf 79' lang='lat' dir='ltr'><strong>Kalendas,</strong></span> <span class='ocrx_word' id='word_1_412' title='bbox 1803 5127 1921 5180; x_wconf 72' lang='lat' dir='ltr'><strong>qua:</strong></span> <span class='ocrx_word' id='word_1_413' title='bbox 1944 5111 2226 5167; x_wconf 76' lang='lat' dir='ltr'><strong>&quot;Ottllliattl</strong></span> <span class='ocrx_word' id='word_1_414' title='bbox 2259 5118 2366 5184; x_wconf 87' lang='lat' dir='ltr'><strong>pri-</strong></span> 
     </span>
    </p>
   </div>
   <div class='ocr_carea' id='block_1_54' title="bbox 777 5195 2366 5274">
    <p class='ocr_par' dir='ltr' id='par_1_54' title="bbox 777 5195 2366 5274">
     <span class='ocr_line' id='line_1_54' title="bbox 777 5195 2366 5274; baseline 0.009 -28"><span class='ocrx_word' id='word_1_415' title='bbox 777 5210 917 5249; x_wconf 90' lang='lat' dir='ltr'><strong>mam</strong></span> <span class='ocrx_word' id='word_1_416' title='bbox 964 5195 1030 5250; x_wconf 86' lang='lat' dir='ltr'><strong>de</strong></span> <span class='ocrx_word' id='word_1_417' title='bbox 1084 5196 1284 5251; x_wconf 85' lang='lat' dir='ltr'><strong>Lazaro</strong></span> <span class='ocrx_word' id='word_1_418' title='bbox 1335 5213 1440 5251; x_wconf 90' lang='lat' dir='ltr'><strong>uno</strong></span> <span class='ocrx_word' id='word_1_419' title='bbox 1491 5199 1580 5253; x_wconf 91' lang='lat' dir='ltr'><strong>die</strong></span> <span class='ocrx_word' id='word_1_420' title='bbox 1631 5203 1920 5270; x_wconf 62' lang='lat' dir='ltr'><strong>praecessit.</strong></span> <span class='ocrx_word' id='word_1_421' title='bbox 1976 5201 2050 5259; x_wconf 86' lang='lat' dir='ltr'><strong>lbi</strong></span> <span class='ocrx_word' id='word_1_422' title='bbox 2105 5206 2224 5261; x_wconf 88' lang='lat' dir='ltr'><strong>vide</strong></span> <span class='ocrx_word' id='word_1_423' title='bbox 2271 5207 2366 5274; x_wconf 89' lang='lat' dir='ltr'><strong>sis,</strong></span> 
     </span>
    </p>
   </div>
   <div class='ocr_carea' id='block_1_55' title="bbox 781 5279 1996 5350">
    <p class='ocr_par' dir='ltr' id='par_1_55' title="bbox 781 5279 1996 5350">
     <span class='ocr_line' id='line_1_55' title="bbox 781 5279 1996 5350; baseline 0.007 -9"><span class='ocrx_word' id='word_1_424' title='bbox 781 5303 987 5343; x_wconf 84' lang='lat' dir='ltr'><strong>necnon</strong></span> <span class='ocrx_word' id='word_1_425' title='bbox 1019 5289 1068 5342; x_wconf 93' lang='lat' dir='ltr'><strong>in</strong></span> <span class='ocrx_word' id='word_1_426' title='bbox 1097 5289 1295 5345; x_wconf 81' lang='lat' dir='ltr'><strong>Monito</strong></span> <span class='ocrx_word' id='word_1_427' title='bbox 1319 5291 1383 5344; x_wconf 91' lang='lat' dir='ltr'><strong>ad</strong></span> <span class='ocrx_word' id='word_1_428' title='bbox 1407 5279 1660 5347; x_wconf 84' lang='lat' dir='ltr'><strong>llomilias</strong></span> <span class='ocrx_word' id='word_1_429' title='bbox 1685 5294 1752 5350; x_wconf 88' lang='lat' dir='ltr'><strong>de</strong></span> <span class='ocrx_word' id='word_1_430' title='bbox 1773 5295 1996 5350; x_wconf 90' lang='lat' dir='ltr'><strong>Lazaro.</strong></span> 
     </span>
    </p>
   </div>
   <div class='ocr_carea' id='block_1_56' title="bbox 853 5379 2369 5446">
    <p class='ocr_par' dir='ltr' id='par_1_56' title="bbox 853 5379 2369 5446">
     <span class='ocr_line' id='line_1_56' title="bbox 853 5379 2369 5446; baseline 0.009 -13"><span class='ocrx_word' id='word_1_431' title='bbox 853 5379 1080 5436; x_wconf 85' lang='lat' dir='ltr'><strong>Ilomilia</strong></span> <span class='ocrx_word' id='word_1_432' title='bbox 1137 5383 1190 5436; x_wconf 89' lang='lat' dir='ltr'><strong>in</strong></span> <span class='ocrx_word' id='word_1_433' title='bbox 1249 5381 1354 5438; x_wconf 83' lang='lat' dir='ltr'><strong>SS.</strong></span> <span class='ocrx_word' id='word_1_434' title='bbox 1419 5382 1744 5441; x_wconf 84' lang='lat' dir='ltr'><strong>Juventinum</strong></span> <span class='ocrx_word' id='word_1_435' title='bbox 1795 5399 1842 5442; x_wconf 87' lang='lat' dir='ltr'><strong>et</strong></span> <span class='ocrx_word' id='word_1_436' title='bbox 1899 5388 2256 5446; x_wconf 65' lang='lat' dir='ltr'><strong>Maximinum.</strong></span> <span class='ocrx_word' id='word_1_437' title='bbox 2298 5425 2369 5435; x_wconf 85' lang='lat'><strong>——</strong></span> 
     </span>
    </p>
   </div>
   <div class='ocr_carea' id='block_1_57' title="bbox 783 5472 2366 5555">
    <p class='ocr_par' dir='ltr' id='par_1_57' title="bbox 783 5472 2366 5555">
     <span class='ocr_line' id='line_1_57' title="bbox 783 5472 2366 5555; baseline 0.011 -29"><span class='ocrx_word' id='word_1_438' title='bbox 783 5472 932 5528; x_wconf 86' lang='lat' dir='ltr'><strong>lianc</strong></span> <span class='ocrx_word' id='word_1_439' title='bbox 977 5475 1156 5543; x_wconf 89' lang='lat' dir='ltr'><strong>paucis</strong></span> <span class='ocrx_word' id='word_1_440' title='bbox 1205 5477 1530 5546; x_wconf 86' lang='lat' dir='ltr'><strong>interpositis</strong></span> <span class='ocrx_word' id='word_1_441' title='bbox 1579 5477 1768 5535; x_wconf 84' lang='lat' dir='ltr'><strong>diebus</strong></span> <span class='ocrx_word' id='word_1_442' title='bbox 1798 5523 1812 5549; x_wconf 89' lang='lat'><strong>,</strong></span> <span class='ocrx_word' id='word_1_443' title='bbox 1869 5490 1926 5536; x_wconf 90' lang='lat' dir='ltr'><strong>ut</strong></span> <span class='ocrx_word' id='word_1_444' title='bbox 1969 5499 2126 5552; x_wconf 81' lang='lat' dir='ltr'><strong>supra</strong></span> <span class='ocrx_word' id='word_1_445' title='bbox 2169 5487 2366 5555; x_wconf 89' lang='lat' dir='ltr'><strong>proba-</strong></span> 
     </span>
    </p>
   </div>
   <div class='ocr_carea' id='block_1_58' title="bbox 785 5569 2367 5636">
    <p class='ocr_par' dir='ltr' id='par_1_58' title="bbox 785 5569 2367 5636">
     <span class='ocr_line' id='line_1_58' title="bbox 785 5569 2367 5636; baseline 0.012 -20"><span class='ocrx_word' id='word_1_446' title='bbox 785 5573 896 5616; x_wconf 91' lang='lat' dir='ltr'><strong>tum</strong></span> <span class='ocrx_word' id='word_1_447' title='bbox 945 5575 1064 5631; x_wconf 82' lang='lat' dir='ltr'><strong>est,</strong></span> <span class='ocrx_word' id='word_1_448' title='bbox 1120 5578 1342 5636; x_wconf 77' lang='lat' dir='ltr'><strong>sequuta</strong></span> <span class='ocrx_word' id='word_1_449' title='bbox 1401 5579 1482 5624; x_wconf 85' lang='lat' dir='ltr'><strong>est</strong></span> <span class='ocrx_word' id='word_1_450' title='bbox 1529 5569 1754 5625; x_wconf 83' lang='lat' dir='ltr'><strong>llomilia</strong></span> <span class='ocrx_word' id='word_1_451' title='bbox 1811 5575 1861 5627; x_wconf 93' lang='lat' dir='ltr'><strong>in</strong></span> <span class='ocrx_word' id='word_1_452' title='bbox 1905 5586 2118 5632; x_wconf 89' lang='lat' dir='ltr'><strong>sanctos</strong></span> <span class='ocrx_word' id='word_1_453' title='bbox 2167 5577 2367 5635; x_wconf 85' lang='lat' dir='ltr'><strong>Juven-</strong></span> 
     </span>
    </p>
   </div>
   <div class='ocr_carea' id='block_1_59' title="bbox 779 5658 2366 5742">
    <p class='ocr_par' dir='ltr' id='par_1_59' title="bbox 779 5658 2366 5742">
     <span class='ocr_line' id='line_1_59' title="bbox 779 5658 2366 5742; baseline 0.013 -36"><span class='ocrx_word' id='word_1_454' title='bbox 779 5663 942 5708; x_wconf 88' lang='lat' dir='ltr'><strong>tmmn</strong></span> <span class='ocrx_word' id='word_1_455' title='bbox 997 5667 1051 5710; x_wconf 88' lang='lat' dir='ltr'><strong>et</strong></span> <span class='ocrx_word' id='word_1_456' title='bbox 1102 5658 1445 5713; x_wconf 74' lang='lat' dir='ltr'><strong>Maximinum</strong></span> <span class='ocrx_word' id='word_1_457' title='bbox 1511 5673 1772 5731; x_wconf 81' lang='lat' dir='ltr'><strong>martyres</strong></span> <span class='ocrx_word' id='word_1_458' title='bbox 1823 5667 2183 5724; x_wconf 88' lang='lat' dir='ltr'><strong>Antiochenos</strong></span> <span class='ocrx_word' id='word_1_459' title='bbox 2213 5713 2228 5737; x_wconf 96' lang='lat'><strong>,</strong></span> <span class='ocrx_word' id='word_1_460' title='bbox 2277 5672 2366 5742; x_wconf 90' lang='lat' dir='ltr'><strong>qui</strong></span> 
     </span>
    </p>
   </div>
   <div class='ocr_carea' id='block_1_60' title="bbox 773 5749 2365 5825">
    <p class='ocr_par' dir='ltr' id='par_1_60' title="bbox 773 5749 2365 5825">
     <span class='ocr_line' id='line_1_60' title="bbox 773 5749 2365 5825; baseline 0.013 -25"><span class='ocrx_word' id='word_1_461' title='bbox 773 5761 894 5802; x_wconf 85' lang='lat' dir='ltr'><strong>cum</strong></span> <span class='ocrx_word' id='word_1_462' title='bbox 922 5752 1018 5804; x_wconf 81' lang='lat' dir='ltr'><strong>sub</strong></span> <span class='ocrx_word' id='word_1_463' title='bbox 1038 5749 1246 5805; x_wconf 80' lang='lat' dir='ltr'><strong>Juliano</strong></span> <span class='ocrx_word' id='word_1_464' title='bbox 1273 5755 1523 5823; x_wconf 76' lang='lat' dir='ltr'><strong>Apostata</strong></span> <span class='ocrx_word' id='word_1_465' title='bbox 1546 5758 1915 5825; x_wconf 63' lang='lat' dir='ltr'><strong>campi-ebeni</strong></span> <span class='ocrx_word' id='word_1_466' title='bbox 1941 5769 1991 5814; x_wconf 89' lang='lat' dir='ltr'><strong>et</strong></span> <span class='ocrx_word' id='word_1_467' title='bbox 2018 5761 2069 5814; x_wconf 92' lang='lat' dir='ltr'><strong>in</strong></span> <span class='ocrx_word' id='word_1_468' title='bbox 2095 5777 2365 5820; x_wconf 82' lang='lat' dir='ltr'><strong>carcerein</strong></span> 
     </span>
    </p>
   </div>
   <div class='ocr_carea' id='block_1_61' title="bbox 1881 337 2987 402">
    <p class='ocr_par' dir='ltr' id='par_1_61' title="bbox 1881 337 2987 402">
     <span class='ocr_line' id='line_1_61' title="bbox 1881 337 2987 402; baseline -0.003 -7"><span class='ocrx_word' id='word_1_469' title='bbox 1881 340 1935 395; x_wconf 85' lang='lat' dir='ltr'><strong>S.</strong></span> <span class='ocrx_word' id='word_1_470' title='bbox 1977 338 2259 398; x_wconf 79' lang='lat' dir='ltr'><strong>.lO.-\NNIS</strong></span> <span class='ocrx_word' id='word_1_471' title='bbox 2291 337 2778 396; x_wconf 70' lang='lat' dir='ltr'><strong>CHRYSOSTOMI</strong></span> <span class='ocrx_word' id='word_1_472' title='bbox 2807 338 2987 402; x_wconf 73' lang='lat' dir='ltr'><strong>\‘ITA,</strong></span> 
     </span>
    </p>
   </div>
   <div class='ocr_carea' id='block_1_62' title="bbox 3973 329 4081 381">
    <p class='ocr_par' dir='ltr' id='par_1_62' title="bbox 3973 329 4081 381">
     <span class='ocr_line' id='line_1_62' title="bbox 3973 329 4081 381; baseline -0.009 0"><span class='ocrx_word' id='word_1_473' title='bbox 3973 329 4081 381; x_wconf 70' lang='lat' dir='ltr'><strong>H3</strong></span> 
     </span>
    </p>
   </div>
   <div class='ocr_carea' id='block_1_63' title="bbox 2479 445 4081 534">
    <p class='ocr_par' dir='ltr' id='par_1_63' title="bbox 2479 445 4081 534">
     <span class='ocr_line' id='line_1_63' title="bbox 2479 445 4081 534; baseline -0.004 -24"><span class='ocrx_word' id='word_1_474' title='bbox 2479 456 2631 524; x_wconf 90' lang='lat' dir='ltr'><strong>trusi,</strong></span> <span class='ocrx_word' id='word_1_475' title='bbox 2675 456 2778 510; x_wconf 89' lang='lat' dir='ltr'><strong>diis</strong></span> <span class='ocrx_word' id='word_1_476' title='bbox 2807 455 3062 534; x_wconf 64' lang='lat' dir='ltr'><strong>sacriﬁcia</strong></span> <span class='ocrx_word' id='word_1_477' title='bbox 3095 453 3284 507; x_wconf 72' lang='lat' dir='ltr'><strong>offerre</strong></span> <span class='ocrx_word' id='word_1_478' title='bbox 3308 452 3528 515; x_wconf 77' lang='lat' dir='ltr'><strong>noilent,</strong></span> <span class='ocrx_word' id='word_1_479' title='bbox 3576 451 3862 521; x_wconf 82' lang='lat' dir='ltr'><strong>ejnsjussu</strong></span> <span class='ocrx_word' id='word_1_480' title='bbox 3897 445 4081 512; x_wconf 61' lang='lat' dir='ltr'><strong>capite</strong></span> 
     </span>
    </p>
   </div>
   <div class='ocr_carea' id='block_1_64' title="bbox 2474 539 4074 615">
    <p class='ocr_par' dir='ltr' id='par_1_64' title="bbox 2474 539 4074 615">
     <span class='ocr_line' id='line_1_64' title="bbox 2474 539 4074 615; baseline -0.003 -14"><span class='ocrx_word' id='word_1_481' title='bbox 2474 548 2700 601; x_wconf 89' lang='lat' dir='ltr'><strong>truncati</strong></span> <span class='ocrx_word' id='word_1_482' title='bbox 2731 555 2873 602; x_wconf 88' lang='lat' dir='ltr'><strong>sunt.</strong></span> <span class='ocrx_word' id='word_1_483' title='bbox 2917 546 2993 600; x_wconf 73' lang='lat' dir='ltr'><strong>Ex</strong></span> <span class='ocrx_word' id='word_1_484' title='bbox 3025 545 3182 614; x_wconf 79' lang='lat' dir='ltr'><strong>hujus</strong></span> <span class='ocrx_word' id='word_1_485' title='bbox 3226 559 3384 615; x_wconf 91' lang='lat' dir='ltr'><strong>porro</strong></span> <span class='ocrx_word' id='word_1_486' title='bbox 3425 544 3712 599; x_wconf 80' lang='lat' dir='ltr'><strong>concionis&#39;</strong></span> <span class='ocrx_word' id='word_1_487' title='bbox 3736 542 3938 610; x_wconf 85' lang='lat' dir='ltr'><strong>verbis,</strong></span> <span class='ocrx_word' id='word_1_488' title='bbox 3979 539 4074 596; x_wconf 77' lang='lat' dir='ltr'><strong>ubi</strong></span> 
     </span>
    </p>
   </div>
   <div class='ocr_carea' id='block_1_65' title="bbox 2474 631 4076 708">
    <p class='ocr_par' dir='ltr' id='par_1_65' title="bbox 2474 631 4076 708">
     <span class='ocr_line' id='line_1_65' title="bbox 2474 631 4076 708; baseline -0.003 -16"><span class='ocrx_word' id='word_1_489' title='bbox 2474 637 2665 692; x_wconf 89' lang='lat' dir='ltr'><strong>dicitur</strong></span> <span class='ocrx_word' id='word_1_490' title='bbox 2694 654 2873 708; x_wconf 87' lang='lat' dir='ltr'><strong>nuper,</strong></span> <span class='ocrx_word' id='word_1_491' title='bbox 2911 637 3219 691; x_wconf 84' lang='lat' dir='ltr'><strong>concionem</strong></span> <span class='ocrx_word' id='word_1_492' title='bbox 3243 635 3310 690; x_wconf 90' lang='lat' dir='ltr'><strong>de</strong></span> <span class='ocrx_word' id='word_1_493' title='bbox 3337 635 3393 690; x_wconf 92' lang='lat' dir='ltr'><strong>S.</strong></span> <span class='ocrx_word' id='word_1_494' title='bbox 3425 634 3621 705; x_wconf 71' lang='lat' dir='ltr'><strong>Bibyla</strong></span> <span class='ocrx_word' id='word_1_495' title='bbox 3651 634 3850 690; x_wconf 84' lang='lat' dir='ltr'><strong>dictam</strong></span> <span class='ocrx_word' id='word_1_496' title='bbox 3881 631 4076 696; x_wconf 78' lang='lat' dir='ltr'><strong>fuisse,</strong></span> 
     </span>
    </p>
   </div>
   <div class='ocr_carea' id='block_1_66' title="bbox 2473 725 4080 797">
    <p class='ocr_par' dir='ltr' id='par_1_66' title="bbox 2473 725 4080 797">
     <span class='ocr_line' id='line_1_66' title="bbox 2473 725 4080 797; baseline -0.001 -17"><span class='ocrx_word' id='word_1_497' title='bbox 2473 727 2594 797; x_wconf 87' lang='lat' dir='ltr'><strong>quia</strong></span> <span class='ocrx_word' id='word_1_498' title='bbox 2624 737 2775 781; x_wconf 84' lang='lat' dir='ltr'><strong>vetus</strong></span> <span class='ocrx_word' id='word_1_499' title='bbox 2805 727 3068 796; x_wconf 87' lang='lat' dir='ltr'><strong>interpres</strong></span> <span class='ocrx_word' id='word_1_500' title='bbox 3097 725 3317 780; x_wconf 80' lang='lat' dir='ltr'><strong>Latinus</strong></span> <span class='ocrx_word' id='word_1_501' title='bbox 3358 725 3486 780; x_wconf 88' lang='lat' dir='ltr'><strong>illud</strong></span> <span class='ocrx_word' id='word_1_502' title='bbox 3531 726 3695 780; x_wconf 89' lang='lat' dir='ltr'><strong>verbo</strong></span> <span class='ocrx_word' id='word_1_503' title='bbox 3745 725 3875 792; x_wconf 83' lang='lat' dir='ltr'><strong>heri,</strong></span> <span class='ocrx_word' id='word_1_504' title='bbox 3931 725 4080 778; x_wconf 81' lang='lat' dir='ltr'><strong>male</strong></span> 
     </span>
    </p>
   </div>
   <div class='ocr_carea' id='block_1_67' title="bbox 2477 813 4078 888">
    <p class='ocr_par' dir='ltr' id='par_1_67' title="bbox 2477 813 4078 888">
     <span class='ocr_line' id='line_1_67' title="bbox 2477 813 4078 888; baseline -0.006 -16"><span class='ocrx_word' id='word_1_505' title='bbox 2477 826 2728 884; x_wconf 86' lang='lat' dir='ltr'><strong>verterat,</strong></span> <span class='ocrx_word' id='word_1_506' title='bbox 2772 819 2805 871; x_wconf 91' lang='lat' dir='ltr'><strong>ii</strong></span> <span class='ocrx_word' id='word_1_507' title='bbox 2837 820 2927 888; x_wconf 91' lang='lat' dir='ltr'><strong>qui</strong></span> <span class='ocrx_word' id='word_1_508' title='bbox 2956 815 3343 888; x_wconf 77' lang='lat' dir='ltr'><strong>Martyrologiis</strong></span> <span class='ocrx_word' id='word_1_509' title='bbox 3365 829 3578 885; x_wconf 84' lang='lat' dir='ltr'><strong>cperam</strong></span> <span class='ocrx_word' id='word_1_510' title='bbox 3609 814 3871 869; x_wconf 87' lang='lat' dir='ltr'><strong>dederunt</strong></span> <span class='ocrx_word' id='word_1_511' title='bbox 3909 813 3960 868; x_wconf 92' lang='lat' dir='ltr'><strong>in</strong></span> <span class='ocrx_word' id='word_1_512' title='bbox 3989 814 4078 864; x_wconf 84' lang='lat' dir='ltr'><strong>vi-</strong></span> 
     </span>
    </p>
   </div>
   <div class='ocr_carea' id='block_1_68' title="bbox 2472 904 4074 981">
    <p class='ocr_par' dir='ltr' id='par_1_68' title="bbox 2472 904 4074 981">
     <span class='ocr_line' id='line_1_68' title="bbox 2472 904 4074 981; baseline -0.006 -17"><span class='ocrx_word' id='word_1_513' title='bbox 2472 911 2728 981; x_wconf 73' lang='lat' dir='ltr'><strong>gesimum</strong></span> <span class='ocrx_word' id='word_1_514' title='bbox 2771 910 3007 979; x_wconf 88' lang='lat' dir='ltr'><strong>quintam</strong></span> <span class='ocrx_word' id='word_1_515' title='bbox 3046 908 3324 963; x_wconf 85' lang='lat' dir='ltr'><strong>Februarii</strong></span> <span class='ocrx_word' id='word_1_516' title='bbox 3366 908 3553 963; x_wconf 91' lang='lat' dir='ltr'><strong>horum</strong></span> <span class='ocrx_word' id='word_1_517' title='bbox 3589 915 3884 978; x_wconf 74' lang='lat' dir='ltr'><strong>martyrum</strong></span> <span class='ocrx_word' id='word_1_518' title='bbox 3927 904 4074 958; x_wconf 86' lang='lat' dir='ltr'><strong>diem</strong></span> 
     </span>
    </p>
   </div>
   <div class='ocr_carea' id='block_1_69' title="bbox 2472 996 4076 1067">
    <p class='ocr_par' dir='ltr' id='par_1_69' title="bbox 2472 996 4076 1067">
     <span class='ocr_line' id='line_1_69' title="bbox 2472 996 4076 1067; baseline -0.002 -16"><span class='ocrx_word' id='word_1_519' title='bbox 2472 996 2666 1055; x_wconf 86' lang='lat' dir='ltr'><strong>festum</strong></span> <span class='ocrx_word' id='word_1_520' title='bbox 2690 1000 2993 1067; x_wconf 71' lang='lat' dir='ltr'><strong>conferunt,</strong></span> <span class='ocrx_word' id='word_1_521' title='bbox 3041 999 3166 1054; x_wconf 90' lang='lat' dir='ltr'><strong>licet</strong></span> <span class='ocrx_word' id='word_1_522' title='bbox 3201 1001 3282 1054; x_wconf 89' lang='lat' dir='ltr'><strong>bis</strong></span> <span class='ocrx_word' id='word_1_523' title='bbox 3323 999 3374 1053; x_wconf 92' lang='lat' dir='ltr'><strong>in</strong></span> <span class='ocrx_word' id='word_1_524' title='bbox 3404 999 3503 1054; x_wconf 88' lang='lat' dir='ltr'><strong>hac</strong></span> <span class='ocrx_word' id='word_1_525' title='bbox 3539 997 3758 1053; x_wconf 87' lang='lat' dir='ltr'><strong>homilia</strong></span> <span class='ocrx_word' id='word_1_526' title='bbox 3797 1013 3857 1052; x_wconf 88' lang='lat' dir='ltr'><strong>se</strong></span> <span class='ocrx_word' id='word_1_527' title='bbox 3884 1013 4076 1066; x_wconf 78' lang='lat' dir='ltr'><strong>nuper,</strong></span> 
     </span>
    </p>
   </div>
   <div class='ocr_carea' id='block_1_70' title="bbox 2473 1085 4076 1161">
    <p class='ocr_par' dir='ltr' id='par_1_70' title="bbox 2473 1085 4076 1161">
     <span class='ocr_line' id='line_1_70' title="bbox 2473 1085 4076 1161; baseline -0.003 -17"><span class='ocrx_word' id='word_1_528' title='bbox 2473 1106 2578 1144; x_wconf 92' lang='lat' dir='ltr'><strong>non</strong></span> <span class='ocrx_word' id='word_1_529' title='bbox 2610 1100 2785 1146; x_wconf 89' lang='lat' dir='ltr'><strong>autem</strong></span> <span class='ocrx_word' id='word_1_530' title='bbox 2817 1089 3066 1145; x_wconf 87' lang='lat' dir='ltr'><strong>hesterna</strong></span> <span class='ocrx_word' id='word_1_531' title='bbox 3089 1090 3175 1145; x_wconf 91' lang='lat' dir='ltr'><strong>die</strong></span> <span class='ocrx_word' id='word_1_532' title='bbox 3201 1091 3268 1145; x_wconf 90' lang='lat' dir='ltr'><strong>de</strong></span> <span class='ocrx_word' id='word_1_533' title='bbox 3286 1089 3344 1146; x_wconf 85' lang='lat' dir='ltr'><strong>S.</strong></span> <span class='ocrx_word' id='word_1_534' title='bbox 3376 1090 3655 1161; x_wconf 80' lang='lat' dir='ltr'><strong>Babylase</strong></span> <span class='ocrx_word' id='word_1_535' title='bbox 3685 1087 3846 1143; x_wconf 88' lang='lat' dir='ltr'><strong>verba</strong></span> <span class='ocrx_word' id='word_1_536' title='bbox 3876 1085 4076 1141; x_wconf 76' lang='lat' dir='ltr'><strong>fecisse</strong></span> 
     </span>
    </p>
   </div>
   <div class='ocr_carea' id='block_1_71' title="bbox 2470 1177 4076 1252">
    <p class='ocr_par' dir='ltr' id='par_1_71' title="bbox 2470 1177 4076 1252">
     <span class='ocr_line' id='line_1_71' title="bbox 2470 1177 4076 1252; baseline -0.002 -16"><span class='ocrx_word' id='word_1_537' title='bbox 2470 1182 2650 1236; x_wconf 87' lang='lat' dir='ltr'><strong>dicat:</strong></span> <span class='ocrx_word' id='word_1_538' title='bbox 2681 1183 2833 1252; x_wconf 91' lang='lat' dir='ltr'><strong>cujus</strong></span> <span class='ocrx_word' id='word_1_539' title='bbox 2859 1181 3052 1236; x_wconf 90' lang='lat' dir='ltr'><strong>festum</strong></span> <span class='ocrx_word' id='word_1_540' title='bbox 3079 1181 3263 1236; x_wconf 85' lang='lat' dir='ltr'><strong>incidit</strong></span> <span class='ocrx_word' id='word_1_541' title='bbox 3299 1182 3349 1234; x_wconf 92' lang='lat' dir='ltr'><strong>in</strong></span> <span class='ocrx_word' id='word_1_542' title='bbox 3381 1179 3452 1234; x_wconf 68' lang='grc'><strong>24</strong></span> <span class='ocrx_word' id='word_1_543' title='bbox 3479 1181 3738 1235; x_wconf 85' lang='lat' dir='ltr'><strong>Januarii.</strong></span> <span class='ocrx_word' id='word_1_544' title='bbox 3785 1177 3915 1234; x_wconf 88' lang='lat' dir='ltr'><strong>Inde</strong></span> <span class='ocrx_word' id='word_1_545' title='bbox 3951 1193 4076 1232; x_wconf 85' lang='lat' dir='ltr'><strong>mus</strong></span> 
     </span>
    </p>
   </div>
   <div class='ocr_carea' id='block_1_72' title="bbox 2470 1268 4046 1344">
    <p class='ocr_par' dir='ltr' id='par_1_72' title="bbox 2470 1268 4046 1344">
     <span class='ocr_line' id='line_1_72' title="bbox 2470 1268 4046 1344; baseline -0.003 -18"><span class='ocrx_word' id='word_1_546' title='bbox 2470 1273 2716 1339; x_wconf 87' lang='lat' dir='ltr'><strong>obtinuit,</strong></span> <span class='ocrx_word' id='word_1_547' title='bbox 2749 1283 2806 1327; x_wconf 87' lang='lat' dir='ltr'><strong>ut.</strong></span> <span class='ocrx_word' id='word_1_548' title='bbox 2833 1273 2920 1328; x_wconf 87' lang='lat' dir='ltr'><strong>die</strong></span> <span class='ocrx_word' id='word_1_549' title='bbox 2949 1275 3142 1328; x_wconf 86' lang='lat' dir='ltr'><strong>festum</strong></span> <span class='ocrx_word' id='word_1_550' title='bbox 3172 1273 3228 1327; x_wconf 86' lang='lat' dir='ltr'><strong>S.</strong></span> <span class='ocrx_word' id='word_1_551' title='bbox 3260 1273 3471 1344; x_wconf 75' lang='lat' dir='ltr'><strong>Babylte</strong></span> <span class='ocrx_word' id='word_1_552' title='bbox 3493 1274 3825 1341; x_wconf 85' lang='lat' dir='ltr'><strong>insequente,</strong></span> <span class='ocrx_word' id='word_1_553' title='bbox 3855 1269 3953 1325; x_wconf 84' lang='lat' dir='ltr'><strong>SS.</strong></span> <span class='ocrx_word' id='word_1_554' title='bbox 3977 1268 4046 1324; x_wconf 78' lang='lat' dir='ltr'><strong>Ju</strong></span> 
     </span>
    </p>
   </div>
   <div class='ocr_carea' id='block_1_73' title="bbox 2471 1362 4071 1421">
    <p class='ocr_par' dir='ltr' id='par_1_73' title="bbox 2471 1362 4071 1421">
     <span class='ocr_line' id='line_1_73' title="bbox 2471 1362 4071 1421; baseline -0.003 -3"><span class='ocrx_word' id='word_1_555' title='bbox 2471 1366 2672 1420; x_wconf 88' lang='lat' dir='ltr'><strong>ventini</strong></span> <span class='ocrx_word' id='word_1_556' title='bbox 2722 1374 2778 1420; x_wconf 90' lang='lat' dir='ltr'><strong>et</strong></span> <span class='ocrx_word' id='word_1_557' title='bbox 2819 1366 3089 1421; x_wconf 77' lang='lat' dir='ltr'><strong>Maximini</strong></span> <span class='ocrx_word' id='word_1_558' title='bbox 3138 1367 3451 1421; x_wconf 87' lang='lat' dir='ltr'><strong>memoriam</strong></span> <span class='ocrx_word' id='word_1_559' title='bbox 3492 1362 3772 1419; x_wconf 87' lang='lat' dir='ltr'><strong>emmticnt</strong></span> <span class='ocrx_word' id='word_1_560' title='bbox 3803 1379 3816 1416; x_wconf 89' lang='lat'>:</span> <span class='ocrx_word' id='word_1_561' title='bbox 3850 1377 3955 1416; x_wconf 87' lang='lat' dir='ltr'><strong>non</strong></span> <span class='ocrx_word' id='word_1_562' title='bbox 3999 1376 4071 1416; x_wconf 82' lang='lat' dir='ltr'><strong>ex</strong></span> 
     </span>
    </p>
   </div>
   <div class='ocr_carea' id='block_1_74' title="bbox 2469 1457 4073 1526">
    <p class='ocr_par' dir='ltr' id='par_1_74' title="bbox 2469 1457 4073 1526">
     <span class='ocr_line' id='line_1_74' title="bbox 2469 1457 4073 1526; baseline -0.006 -12"><span class='ocrx_word' id='word_1_563' title='bbox 2469 1457 2776 1514; x_wconf 72' lang='lat' dir='ltr'><strong>Graecorum</strong></span> <span class='ocrx_word' id='word_1_564' title='bbox 2820 1459 3035 1513; x_wconf 74' lang='lat' dir='ltr'><strong>Menmis</strong></span> <span class='ocrx_word' id='word_1_565' title='bbox 3092 1458 3143 1513; x_wconf 89' lang='lat' dir='ltr'><strong>id</strong></span> <span class='ocrx_word' id='word_1_566' title='bbox 3191 1460 3435 1522; x_wconf 86' lang='lat' dir='ltr'><strong>mutuati,</strong></span> <span class='ocrx_word' id='word_1_567' title='bbox 3481 1457 3764 1526; x_wconf 87' lang='lat' dir='ltr'><strong>siquidem,</strong></span> <span class='ocrx_word' id='word_1_568' title='bbox 3819 1463 3878 1508; x_wconf 89' lang='lat' dir='ltr'><strong>ut</strong></span> <span class='ocrx_word' id='word_1_569' title='bbox 3919 1461 4073 1506; x_wconf 84' lang='lat' dir='ltr'><strong>notat</strong></span> 
     </span>
    </p>
   </div>
   <div class='ocr_carea' id='block_1_75' title="bbox 2469 1544 4077 1619">
    <p class='ocr_par' dir='ltr' id='par_1_75' title="bbox 2469 1544 4077 1619">
     <span class='ocr_line' id='line_1_75' title="bbox 2469 1544 4077 1619; baseline -0.004 -17"><span class='ocrx_word' id='word_1_570' title='bbox 2469 1551 2668 1619; x_wconf 74' lang='lat' dir='ltr'><strong>Optime</strong></span> <span class='ocrx_word' id='word_1_571' title='bbox 2689 1549 2996 1616; x_wconf 87' lang='lat' dir='ltr'><strong>Bollandus,</strong></span> <span class='ocrx_word' id='word_1_572' title='bbox 3017 1549 3160 1603; x_wconf 86' lang='lat' dir='ltr'><strong>nulla</strong></span> <span class='ocrx_word' id='word_1_573' title='bbox 3178 1549 3230 1603; x_wconf 91' lang='lat' dir='ltr'><strong>in</strong></span> <span class='ocrx_word' id='word_1_574' title='bbox 3251 1547 3488 1610; x_wconf 75' lang='lat' dir='ltr'><strong>Mena-is.</strong></span> <span class='ocrx_word' id='word_1_575' title='bbox 3510 1545 3822 1616; x_wconf 79' lang='lat' dir='ltr'><strong>Menologiis</strong></span> <span class='ocrx_word' id='word_1_576' title='bbox 3842 1544 4077 1612; x_wconf 86' lang='lat' dir='ltr'><strong>aliisque</strong></span> 
     </span>
    </p>
   </div>
   <div class='ocr_carea' id='block_1_76' title="bbox 2469 1639 4073 1707">
    <p class='ocr_par' dir='ltr' id='par_1_76' title="bbox 2469 1639 4073 1707">
     <span class='ocr_line' id='line_1_76' title="bbox 2469 1639 4073 1707; baseline -0.003 -15"><span class='ocrx_word' id='word_1_577' title='bbox 2469 1639 2617 1696; x_wconf 82' lang='lat' dir='ltr'><strong>fastis</strong></span> <span class='ocrx_word' id='word_1_578' title='bbox 2639 1639 2967 1707; x_wconf 63' lang='lat' dir='ltr'><strong>Griecorum,</strong></span> <span class='ocrx_word' id='word_1_579' title='bbox 2983 1641 3079 1696; x_wconf 88' lang='lat' dir='ltr'><strong>SS.</strong></span> <span class='ocrx_word' id='word_1_580' title='bbox 3097 1640 3364 1696; x_wconf 83' lang='lat' dir='ltr'><strong>Juventini</strong></span> <span class='ocrx_word' id='word_1_581' title='bbox 3385 1650 3439 1694; x_wconf 88' lang='lat' dir='ltr'><strong>et</strong></span> <span class='ocrx_word' id='word_1_582' title='bbox 3455 1639 3724 1694; x_wconf 80' lang='lat' dir='ltr'><strong>Maximini</strong></span> <span class='ocrx_word' id='word_1_583' title='bbox 3747 1645 3921 1691; x_wconf 71' lang='lat' dir='ltr'><strong>exstat</strong></span> <span class='ocrx_word' id='word_1_584' title='bbox 3950 1651 4073 1688; x_wconf 84' lang='lat' dir='ltr'><strong>me—</strong></span> 
     </span>
    </p>
   </div>
   <div class='ocr_carea' id='block_1_77' title="bbox 2469 1725 4075 1798">
    <p class='ocr_par' dir='ltr' id='par_1_77' title="bbox 2469 1725 4075 1798">
     <span class='ocr_line' id='line_1_77' title="bbox 2469 1725 4075 1798; baseline -0.006 -13"><span class='ocrx_word' id='word_1_585' title='bbox 2469 1733 2676 1797; x_wconf 83' lang='lat' dir='ltr'><strong>moria;</strong></span> <span class='ocrx_word' id='word_1_586' title='bbox 2711 1732 2825 1795; x_wconf 89' lang='lat' dir='ltr'><strong>sed,</strong></span> <span class='ocrx_word' id='word_1_587' title='bbox 2856 1742 2913 1787; x_wconf 90' lang='lat' dir='ltr'><strong>ut</strong></span> <span class='ocrx_word' id='word_1_588' title='bbox 2945 1732 3196 1798; x_wconf 75' lang='lat' dir='ltr'><strong>diximus,</strong></span> <span class='ocrx_word' id='word_1_589' title='bbox 3238 1747 3304 1786; x_wconf 78' lang='lat' dir='ltr'><strong>ex</strong></span> <span class='ocrx_word' id='word_1_590' title='bbox 3335 1729 3532 1786; x_wconf 89' lang='lat' dir='ltr'><strong>veteris</strong></span> <span class='ocrx_word' id='word_1_591' title='bbox 3569 1728 3874 1798; x_wconf 85' lang='lat' dir='ltr'><strong>interpretis</strong></span> <span class='ocrx_word' id='word_1_592' title='bbox 3917 1725 4075 1794; x_wconf 87' lang='lat' dir='ltr'><strong>lapsu</strong></span> 
     </span>
    </p>
   </div>
   <div class='ocr_carea' id='block_1_78' title="bbox 2469 1824 3330 1896">
    <p class='ocr_par' dir='ltr' id='par_1_78' title="bbox 2469 1824 3330 1896">
     <span class='ocr_line' id='line_1_78' title="bbox 2469 1824 3330 1896; baseline -0.003 -18"><span class='ocrx_word' id='word_1_593' title='bbox 2469 1825 2522 1878; x_wconf 91' lang='lat' dir='ltr'><strong>in</strong></span> <span class='ocrx_word' id='word_1_594' title='bbox 2554 1824 2944 1896; x_wconf 80' lang='lat' dir='ltr'><strong>Martyrologiis</strong></span> <span class='ocrx_word' id='word_1_595' title='bbox 2970 1833 3205 1878; x_wconf 89' lang='lat' dir='ltr'><strong>erratum</strong></span> <span class='ocrx_word' id='word_1_596' title='bbox 3229 1831 3330 1878; x_wconf 88' lang='lat' dir='ltr'><strong>est.</strong></span> 
     </span>
    </p>
   </div>
   <div class='ocr_carea' id='block_1_79' title="bbox 2540 1902 4073 1985">
    <p class='ocr_par' dir='ltr' id='par_1_79' title="bbox 2540 1902 4073 1985">
     <span class='ocr_line' id='line_1_79' title="bbox 2540 1902 4073 1985; baseline -0.006 -15"><span class='ocrx_word' id='word_1_597' title='bbox 2540 1915 2667 1970; x_wconf 88' lang='lat' dir='ltr'><strong>Post</strong></span> <span class='ocrx_word' id='word_1_598' title='bbox 2711 1915 2824 1970; x_wconf 71' lang='lat' dir='ltr'><strong>hinc</strong></span> <span class='ocrx_word' id='word_1_599' title='bbox 2876 1917 3121 1971; x_wconf 88' lang='lat' dir='ltr'><strong>encomia</strong></span> <span class='ocrx_word' id='word_1_600' title='bbox 3169 1913 3412 1985; x_wconf 84' lang='lat' dir='ltr'><strong>ejusdem</strong></span> <span class='ocrx_word' id='word_1_601' title='bbox 3454 1902 3722 1982; x_wconf 63' lang='lat' dir='ltr'><strong>parabolas</strong></span> <span class='ocrx_word' id='word_1_602' title='bbox 3777 1923 4073 1980; x_wconf 77' lang='lat' dir='ltr'><strong>argumen-</strong></span> 
     </span>
    </p>
   </div>
   <div class='ocr_carea' id='block_1_80' title="bbox 2469 2001 4070 2077">
    <p class='ocr_par' dir='ltr' id='par_1_80' title="bbox 2469 2001 4070 2077">
     <span class='ocr_line' id='line_1_80' title="bbox 2469 2001 4070 2077; baseline -0.007 -15"><span class='ocrx_word' id='word_1_603' title='bbox 2469 2016 2580 2062; x_wconf 90' lang='lat' dir='ltr'><strong>tum</strong></span> <span class='ocrx_word' id='word_1_604' title='bbox 2634 2009 2957 2077; x_wconf 82' lang='lat' dir='ltr'><strong>resumpsit,</strong></span> <span class='ocrx_word' id='word_1_605' title='bbox 3005 2017 3059 2061; x_wconf 90' lang='lat' dir='ltr'><strong>et</strong></span> <span class='ocrx_word' id='word_1_606' title='bbox 3101 2017 3344 2077; x_wconf 89' lang='lat' dir='ltr'><strong>quartam</strong></span> <span class='ocrx_word' id='word_1_607' title='bbox 3394 2004 3461 2059; x_wconf 89' lang='lat' dir='ltr'><strong>de</strong></span> <span class='ocrx_word' id='word_1_608' title='bbox 3510 2003 3712 2058; x_wconf 78' lang='lat' dir='ltr'><strong>Lazaro</strong></span> <span class='ocrx_word' id='word_1_609' title='bbox 3751 2001 4070 2055; x_wconf 86' lang='lat' dir='ltr'><strong>concionem</strong></span> 
     </span>
    </p>
   </div>
   <div class='ocr_carea' id='block_1_81' title="bbox 2468 2090 4071 2160">
    <p class='ocr_par' dir='ltr' id='par_1_81' title="bbox 2468 2090 4071 2160">
     <span class='ocr_line' id='line_1_81' title="bbox 2468 2090 4071 2160; baseline -0.007 -8"><span class='ocrx_word' id='word_1_610' title='bbox 2468 2097 2656 2152; x_wconf 87' lang='lat' dir='ltr'><strong>habuit</strong></span> <span class='ocrx_word' id='word_1_611' title='bbox 2694 2115 2708 2152; x_wconf 89' lang='lat'><strong>:</strong></span> <span class='ocrx_word' id='word_1_612' title='bbox 2740 2098 2870 2153; x_wconf 80' lang='lat' dir='ltr'><strong>dicit</strong></span> <span class='ocrx_word' id='word_1_613' title='bbox 2912 2108 3088 2152; x_wconf 87' lang='lat' dir='ltr'><strong>autem</strong></span> <span class='ocrx_word' id='word_1_614' title='bbox 3143 2098 3243 2152; x_wconf 88' lang='lat' dir='ltr'><strong>sub</strong></span> <span class='ocrx_word' id='word_1_615' title='bbox 3298 2095 3504 2150; x_wconf 87' lang='lat' dir='ltr'><strong>initium</strong></span> <span class='ocrx_word' id='word_1_616' title='bbox 3544 2109 3609 2148; x_wconf 80' lang='lat' dir='ltr'><strong>ex</strong></span> <span class='ocrx_word' id='word_1_617' title='bbox 3667 2091 3765 2146; x_wconf 88' lang='lat' dir='ltr'><strong>hac</strong></span> <span class='ocrx_word' id='word_1_618' title='bbox 3813 2090 4071 2160; x_wconf 66' lang='lat' dir='ltr'><strong>parabola</strong></span> 
     </span>
    </p>
   </div>
   <div class='ocr_carea' id='block_1_82' title="bbox 2469 2183 4077 2261">
    <p class='ocr_par' dir='ltr' id='par_1_82' title="bbox 2469 2183 4077 2261">
     <span class='ocr_line' id='line_1_82' title="bbox 2469 2183 4077 2261; baseline -0.007 -16"><span class='ocrx_word' id='word_1_619' title='bbox 2469 2206 2690 2260; x_wconf 82' lang='lat' dir='ltr'><strong>magnos</strong></span> <span class='ocrx_word' id='word_1_620' title='bbox 2734 2191 2932 2261; x_wconf 86' lang='lat' dir='ltr'><strong>percipi</strong></span> <span class='ocrx_word' id='word_1_621' title='bbox 2983 2204 3138 2260; x_wconf 86' lang='lat' dir='ltr'><strong>posse</strong></span> <span class='ocrx_word' id='word_1_622' title='bbox 3190 2189 3414 2243; x_wconf 89' lang='lat' dir='ltr'><strong>fructus.</strong></span> <span class='ocrx_word' id='word_1_623' title='bbox 3453 2185 3655 2241; x_wconf 88' lang='lat' dir='ltr'><strong>Deinde</strong></span> <span class='ocrx_word' id='word_1_624' title='bbox 3697 2199 3826 2238; x_wconf 87' lang='lat' dir='ltr'><strong>vero</strong></span> <span class='ocrx_word' id='word_1_625' title='bbox 3878 2183 4077 2252; x_wconf 84' lang='lat' dir='ltr'><strong>probas</strong></span> 
     </span>
    </p>
   </div>
   <div class='ocr_carea' id='block_1_83' title="bbox 2468 2275 4071 2348">
    <p class='ocr_par' dir='ltr' id='par_1_83' title="bbox 2468 2275 4071 2348">
     <span class='ocr_line' id='line_1_83' title="bbox 2468 2275 4071 2348; baseline -0.007 -12"><span class='ocrx_word' id='word_1_626' title='bbox 2468 2282 3193 2348; x_wconf 71' lang='lat' dir='ltr'><strong>animaiimmortalitatem,</strong></span> <span class='ocrx_word' id='word_1_627' title='bbox 3245 2280 3424 2348; x_wconf 84' lang='lat' dir='ltr'><strong>aitque</strong></span> <span class='ocrx_word' id='word_1_628' title='bbox 3475 2275 3819 2332; x_wconf 79' lang='lat' dir='ltr'><strong>conscientia:</strong></span> <span class='ocrx_word' id='word_1_629' title='bbox 3866 2281 4071 2327; x_wconf 73' lang='lat' dir='ltr'><strong>nostra:</strong></span> 
     </span>
    </p>
   </div>
   <div class='ocr_carea' id='block_1_84' title="bbox 2468 2366 4074 2442">
    <p class='ocr_par' dir='ltr' id='par_1_84' title="bbox 2468 2366 4074 2442">
     <span class='ocr_line' id='line_1_84' title="bbox 2468 2366 4074 2442; baseline -0.006 -15"><span class='ocrx_word' id='word_1_630' title='bbox 2468 2375 2697 2429; x_wconf 88' lang='lat' dir='ltr'><strong>tribunal</strong></span> <span class='ocrx_word' id='word_1_631' title='bbox 2727 2390 2848 2430; x_wconf 89' lang='lat' dir='ltr'><strong>esse</strong></span> <span class='ocrx_word' id='word_1_632' title='bbox 2880 2375 3269 2442; x_wconf 88' lang='lat' dir='ltr'><strong>incorruptum,</strong></span> <span class='ocrx_word' id='word_1_633' title='bbox 3324 2381 3484 2440; x_wconf 87' lang='lat' dir='ltr'><strong>atque</strong></span> <span class='ocrx_word' id='word_1_634' title='bbox 3513 2385 3580 2424; x_wconf 78' lang='lat' dir='ltr'><strong>ex</strong></span> <span class='ocrx_word' id='word_1_635' title='bbox 3619 2366 3871 2422; x_wconf 64' lang='lat' dir='ltr'><strong>{erumnis</strong></span> <span class='ocrx_word' id='word_1_636' title='bbox 3898 2375 3955 2420; x_wconf 87' lang='lat' dir='ltr'><strong>et</strong></span> <span class='ocrx_word' id='word_1_637' title='bbox 3980 2380 4074 2419; x_wconf 81' lang='lat' dir='ltr'><strong>ca-</strong></span> 
     </span>
    </p>
   </div>
   <div class='ocr_carea' id='block_1_85' title="bbox 2467 2456 4072 2529">
    <p class='ocr_par' dir='ltr' id='par_1_85' title="bbox 2467 2456 4072 2529">
     <span class='ocr_line' id='line_1_85' title="bbox 2467 2456 4072 2529; baseline -0.006 -10"><span class='ocrx_word' id='word_1_638' title='bbox 2467 2465 2792 2520; x_wconf 81' lang='lat' dir='ltr'><strong>lamitatibus</strong></span> <span class='ocrx_word' id='word_1_639' title='bbox 2837 2465 3088 2519; x_wconf 81' lang='lat' dir='ltr'><strong>illustrari</strong></span> <span class='ocrx_word' id='word_1_640' title='bbox 3137 2473 3408 2529; x_wconf 88' lang='lat' dir='ltr'><strong>mentem,</strong></span> <span class='ocrx_word' id='word_1_641' title='bbox 3458 2471 3512 2517; x_wconf 88' lang='lat' dir='ltr'><strong>ct</strong></span> <span class='ocrx_word' id='word_1_642' title='bbox 3559 2469 3812 2516; x_wconf 86' lang='lat' dir='ltr'><strong>consueta</strong></span> <span class='ocrx_word' id='word_1_643' title='bbox 3873 2456 4072 2512; x_wconf 86' lang='lat' dir='ltr'><strong>morali</strong></span> 
     </span>
    </p>
   </div>
   <div class='ocr_carea' id='block_1_86' title="bbox 2468 2555 3428 2611">
    <p class='ocr_par' dir='ltr' id='par_1_86' title="bbox 2468 2555 3428 2611">
     <span class='ocr_line' id='line_1_86' title="bbox 2468 2555 3428 2611; baseline -0.004 -2"><span class='ocrx_word' id='word_1_644' title='bbox 2468 2556 2842 2611; x_wconf 88' lang='lat' dir='ltr'><strong>adhortatione</strong></span> <span class='ocrx_word' id='word_1_645' title='bbox 2867 2555 3068 2610; x_wconf 84' lang='lat' dir='ltr'><strong>claudit</strong></span> <span class='ocrx_word' id='word_1_646' title='bbox 3093 2555 3428 2609; x_wconf 75' lang='lat' dir='ltr'><strong>concionem.</strong></span> 
     </span>
    </p>
   </div>
   <div class='ocr_carea' id='block_1_87' title="bbox 2559 2641 4074 2712">
    <p class='ocr_par' dir='ltr' id='par_1_87' title="bbox 2559 2641 4074 2712">
     <span class='ocr_line' id='line_1_87' title="bbox 2559 2641 4074 2712; baseline -0.008 -10"><span class='ocrx_word' id='word_1_647' title='bbox 2559 2649 2841 2702; x_wconf 86' lang='lat' dir='ltr'><strong>llomiliam</strong></span> <span class='ocrx_word' id='word_1_648' title='bbox 2897 2649 2950 2702; x_wconf 90' lang='lat' dir='ltr'><strong>in</strong></span> <span class='ocrx_word' id='word_1_649' title='bbox 3011 2646 3141 2701; x_wconf 90' lang='lat' dir='ltr'><strong>illud</strong></span> <span class='ocrx_word' id='word_1_650' title='bbox 3177 2689 3192 2712; x_wconf 94' lang='lat'><strong>,</strong></span> <span class='ocrx_word' id='word_1_651' title='bbox 3256 2644 3338 2700; x_wconf 81' lang='lat' dir='ltr'><strong>De</strong></span> <span class='ocrx_word' id='word_1_652' title='bbox 3397 2641 3757 2697; x_wconf 84' lang='lat' dir='ltr'><strong>dormientibus</strong></span> <span class='ocrx_word' id='word_1_653' title='bbox 3809 2641 3925 2692; x_wconf 85' lang='lat' dir='ltr'><strong>nolo</strong></span> <span class='ocrx_word' id='word_1_654' title='bbox 3980 2653 4074 2691; x_wconf 77' lang='lat' dir='ltr'><strong>ras</strong></span> 
     </span>
    </p>
   </div>
   <div class='ocr_carea' id='block_1_88' title="bbox 2465 2726 4070 2810">
    <p class='ocr_par' dir='ltr' id='par_1_88' title="bbox 2465 2726 4070 2810">
     <span class='ocr_line' id='line_1_88' title="bbox 2465 2726 4070 2810; baseline -0.009 -17"><span class='ocrx_word' id='word_1_655' title='bbox 2465 2742 2702 2810; x_wconf 83' lang='lat' dir='ltr'><strong>ignorare</strong></span> <span class='ocrx_word' id='word_1_656' title='bbox 2727 2781 2742 2806; x_wconf 93' lang='lat'><strong>,</strong></span> <span class='ocrx_word' id='word_1_657' title='bbox 2786 2747 2906 2808; x_wconf 88' lang='lat' dir='ltr'><strong>post</strong></span> <span class='ocrx_word' id='word_1_658' title='bbox 2943 2747 3174 2804; x_wconf 77' lang='lat' dir='ltr'><strong>quatuor</strong></span> <span class='ocrx_word' id='word_1_659' title='bbox 3208 2737 3328 2790; x_wconf 90' lang='lat' dir='ltr'><strong>illas</strong></span> <span class='ocrx_word' id='word_1_660' title='bbox 3371 2735 3438 2789; x_wconf 91' lang='lat' dir='ltr'><strong>de</strong></span> <span class='ocrx_word' id='word_1_661' title='bbox 3467 2734 3665 2788; x_wconf 83' lang='lat' dir='ltr'><strong>Lazaro</strong></span> <span class='ocrx_word' id='word_1_662' title='bbox 3697 2729 3943 2784; x_wconf 88' lang='lat' dir='ltr'><strong>homilias</strong></span> <span class='ocrx_word' id='word_1_663' title='bbox 3965 2726 4070 2780; x_wconf 83' lang='lat' dir='ltr'><strong>ha-</strong></span> 
     </span>
    </p>
   </div>
   <div class='ocr_carea' id='block_1_89' title="bbox 2467 2819 4074 2899">
    <p class='ocr_par' dir='ltr' id='par_1_89' title="bbox 2467 2819 4074 2899">
     <span class='ocr_line' id='line_1_89' title="bbox 2467 2819 4074 2899; baseline -0.007 -14"><span class='ocrx_word' id='word_1_664' title='bbox 2467 2830 2577 2885; x_wconf 85' lang='lat' dir='ltr'><strong>bita</strong></span> <span class='ocrx_word' id='word_1_665' title='bbox 2619 2830 2747 2896; x_wconf 78' lang='lat' dir='ltr'><strong>fuit,</strong></span> <span class='ocrx_word' id='word_1_666' title='bbox 2798 2839 2854 2883; x_wconf 91' lang='lat' dir='ltr'><strong>ut</strong></span> <span class='ocrx_word' id='word_1_667' title='bbox 2900 2830 3012 2899; x_wconf 86' lang='lat' dir='ltr'><strong>ipse</strong></span> <span class='ocrx_word' id='word_1_668' title='bbox 3043 2830 3192 2883; x_wconf 91' lang='lat' dir='ltr'><strong>initio</strong></span> <span class='ocrx_word' id='word_1_669' title='bbox 3222 2828 3384 2893; x_wconf 78' lang='lat' dir='ltr'><strong>dicit,</strong></span> <span class='ocrx_word' id='word_1_670' title='bbox 3421 2835 3476 2881; x_wconf 88' lang='lat' dir='ltr'><strong>et</strong></span> <span class='ocrx_word' id='word_1_671' title='bbox 3524 2825 3575 2879; x_wconf 89' lang='lat' dir='ltr'><strong>in</strong></span> <span class='ocrx_word' id='word_1_672' title='bbox 3633 2823 3732 2879; x_wconf 87' lang='lat' dir='ltr'><strong>hac</strong></span> <span class='ocrx_word' id='word_1_673' title='bbox 3783 2821 3943 2877; x_wconf 88' lang='lat' dir='ltr'><strong>etiam</strong></span> <span class='ocrx_word' id='word_1_674' title='bbox 3998 2819 4074 2874; x_wconf 86' lang='lat' dir='ltr'><strong>de</strong></span> 
     </span>
    </p>
   </div>
   <div class='ocr_carea' id='block_1_90' title="bbox 2467 2908 4073 2989">
    <p class='ocr_par' dir='ltr' id='par_1_90' title="bbox 2467 2908 4073 2989">
     <span class='ocr_line' id='line_1_90' title="bbox 2467 2908 4073 2989; baseline -0.007 -15"><span class='ocrx_word' id='word_1_675' title='bbox 2467 2920 2670 2975; x_wconf 85' lang='lat' dir='ltr'><strong>Lazaro</strong></span> <span class='ocrx_word' id='word_1_676' title='bbox 2703 2920 2992 2974; x_wconf 86' lang='lat' dir='ltr'><strong>identidem</strong></span> <span class='ocrx_word' id='word_1_677' title='bbox 3023 2920 3150 2989; x_wconf 80' lang='lat' dir='ltr'><strong>agit.</strong></span> <span class='ocrx_word' id='word_1_678' title='bbox 3192 2918 3526 2986; x_wconf 84' lang='lat' dir='ltr'><strong>Quapropter</strong></span> <span class='ocrx_word' id='word_1_679' title='bbox 3556 2921 3677 2984; x_wconf 88' lang='lat' dir='ltr'><strong>post</strong></span> <span class='ocrx_word' id='word_1_680' title='bbox 3718 2911 3967 2965; x_wconf 87' lang='lat' dir='ltr'><strong>hmnilias</strong></span> <span class='ocrx_word' id='word_1_681' title='bbox 3998 2908 4073 2964; x_wconf 84' lang='lat' dir='ltr'><strong>de</strong></span> 
     </span>
    </p>
   </div>
   <div class='ocr_carea' id='block_1_91' title="bbox 2467 3005 4072 3082">
    <p class='ocr_par' dir='ltr' id='par_1_91' title="bbox 2467 3005 4072 3082">
     <span class='ocr_line' id='line_1_91' title="bbox 2467 3005 4072 3082; baseline -0.005 -16"><span class='ocrx_word' id='word_1_682' title='bbox 2467 3013 2670 3067; x_wconf 85' lang='lat' dir='ltr'><strong>Lazaro</strong></span> <span class='ocrx_word' id='word_1_683' title='bbox 2696 3025 2750 3067; x_wconf 92' lang='lat' dir='ltr'><strong>ct</strong></span> <span class='ocrx_word' id='word_1_684' title='bbox 2775 3012 3030 3082; x_wconf 88' lang='lat' dir='ltr'><strong>temporis</strong></span> <span class='ocrx_word' id='word_1_685' title='bbox 3051 3021 3103 3067; x_wconf 85' lang='lat' dir='ltr'><strong>et</strong></span> <span class='ocrx_word' id='word_1_686' title='bbox 3123 3011 3417 3081; x_wconf 75' lang='lat' dir='ltr'><strong>argumenti</strong></span> <span class='ocrx_word' id='word_1_687' title='bbox 3444 3022 3603 3064; x_wconf 83' lang='lat' dir='ltr'><strong>causa</strong></span> <span class='ocrx_word' id='word_1_688' title='bbox 3630 3008 3683 3062; x_wconf 90' lang='lat' dir='ltr'><strong>in</strong></span> <span class='ocrx_word' id='word_1_689' title='bbox 3712 3006 3810 3061; x_wconf 90' lang='lat' dir='ltr'><strong>hac</strong></span> <span class='ocrx_word' id='word_1_690' title='bbox 3827 3005 4072 3060; x_wconf 87' lang='lat' dir='ltr'><strong>editione</strong></span> 
     </span>
    </p>
   </div>
   <div class='ocr_carea' id='block_1_92' title="bbox 2468 3103 2785 3174">
    <p class='ocr_par' dir='ltr' id='par_1_92' title="bbox 2468 3103 2785 3174">
     <span class='ocr_line' id='line_1_92' title="bbox 2468 3103 2785 3174; baseline -0.006 -17"><span class='ocrx_word' id='word_1_691' title='bbox 2468 3105 2638 3174; x_wconf 88' lang='lat' dir='ltr'><strong>posita</strong></span> <span class='ocrx_word' id='word_1_692' title='bbox 2669 3103 2785 3156; x_wconf 86' lang='lat' dir='ltr'><strong>fuit.</strong></span> 
     </span>
    </p>
   </div>
   <div class='ocr_carea' id='block_1_93' title="bbox 2539 3186 4069 3263">
    <p class='ocr_par' dir='ltr' id='par_1_93' title="bbox 2539 3186 4069 3263">
     <span class='ocr_line' id='line_1_93' title="bbox 2539 3186 4069 3263; baseline -0.007 -15"><span class='ocrx_word' id='word_1_693' title='bbox 2539 3193 2826 3263; x_wconf 87' lang='lat' dir='ltr'><strong>Postquam</strong></span> <span class='ocrx_word' id='word_1_694' title='bbox 2859 3201 3015 3248; x_wconf 76' lang='lat' dir='ltr'><strong>terra:</strong></span> <span class='ocrx_word' id='word_1_695' title='bbox 3056 3201 3234 3247; x_wconf 87' lang='lat' dir='ltr'><strong>motus</strong></span> <span class='ocrx_word' id='word_1_696' title='bbox 3263 3190 3602 3245; x_wconf 84' lang='lat' dir='ltr'><strong>Antiochiam</strong></span> <span class='ocrx_word' id='word_1_697' title='bbox 3646 3186 4069 3257; x_wconf 85' lang='lat' dir='ltr'><strong>subagitaverat,</strong></span> 
     </span>
    </p>
   </div>
   <div class='ocr_carea' id='block_1_94' title="bbox 2467 3275 4069 3354">
    <p class='ocr_par' dir='ltr' id='par_1_94' title="bbox 2467 3275 4069 3354">
     <span class='ocr_line' id='line_1_94' title="bbox 2467 3275 4069 3354; baseline -0.005 -15"><span class='ocrx_word' id='word_1_698' title='bbox 2467 3285 2625 3339; x_wconf 89' lang='lat' dir='ltr'><strong>aliam</strong></span> <span class='ocrx_word' id='word_1_699' title='bbox 2668 3285 2853 3339; x_wconf 88' lang='lat' dir='ltr'><strong>habuit</strong></span> <span class='ocrx_word' id='word_1_700' title='bbox 2897 3285 3168 3338; x_wconf 88' lang='lat' dir='ltr'><strong>homiliam</strong></span> <span class='ocrx_word' id='word_1_701' title='bbox 3194 3284 3644 3354; x_wconf 80' lang='lat' dir='ltr'><strong>Chrysostnmus,</strong></span> <span class='ocrx_word' id='word_1_702' title='bbox 3692 3293 3810 3348; x_wconf 69' lang='lat' dir='ltr'><strong>qua:</strong></span> <span class='ocrx_word' id='word_1_703' title='bbox 3845 3277 3900 3332; x_wconf 90' lang='lat' dir='ltr'><strong>in</strong></span> <span class='ocrx_word' id='word_1_704' title='bbox 3924 3275 4069 3332; x_wconf 83' lang='lat' dir='ltr'><strong>Ter-</strong></span> 
     </span>
    </p>
   </div>
   <div class='ocr_carea' id='block_1_95' title="bbox 2469 3369 4074 3435">
    <p class='ocr_par' dir='ltr' id='par_1_95' title="bbox 2469 3369 4074 3435">
     <span class='ocr_line' id='line_1_95' title="bbox 2469 3369 4074 3435; baseline -0.005 -4"><span class='ocrx_word' id='word_1_705' title='bbox 2469 3393 2543 3432; x_wconf 75' lang='lat' dir='ltr'><strong>ra:</strong></span> <span class='ocrx_word' id='word_1_706' title='bbox 2584 3386 2784 3432; x_wconf 90' lang='lat' dir='ltr'><strong>motum</strong></span> <span class='ocrx_word' id='word_1_707' title='bbox 2826 3386 2880 3433; x_wconf 86' lang='lat' dir='ltr'><strong>et</strong></span> <span class='ocrx_word' id='word_1_708' title='bbox 2921 3377 3148 3432; x_wconf 84' lang='lat' dir='ltr'><strong>Divitem</strong></span> <span class='ocrx_word' id='word_1_709' title='bbox 3185 3386 3239 3432; x_wconf 89' lang='lat' dir='ltr'><strong>et</strong></span> <span class='ocrx_word' id='word_1_710' title='bbox 3267 3376 3524 3430; x_wconf 86' lang='lat' dir='ltr'><strong>Lazarum</strong></span> <span class='ocrx_word' id='word_1_711' title='bbox 3556 3372 3881 3435; x_wconf 88' lang='lat' dir='ltr'><strong>inscribitur,</strong></span> <span class='ocrx_word' id='word_1_712' title='bbox 3917 3369 4074 3424; x_wconf 83' lang='lat' dir='ltr'><strong>ideo-</strong></span> 
     </span>
    </p>
   </div>
   <div class='ocr_carea' id='block_1_96' title="bbox 2467 3465 4071 3540">
    <p class='ocr_par' dir='ltr' id='par_1_96' title="bbox 2467 3465 4071 3540">
     <span class='ocr_line' id='line_1_96' title="bbox 2467 3465 4071 3540; baseline -0.006 -15"><span class='ocrx_word' id='word_1_713' title='bbox 2467 3485 2571 3540; x_wconf 89' lang='lat' dir='ltr'><strong>que</strong></span> <span class='ocrx_word' id='word_1_714' title='bbox 2611 3471 2755 3524; x_wconf 89' lang='lat' dir='ltr'><strong>illam</strong></span> <span class='ocrx_word' id='word_1_715' title='bbox 2795 3471 2933 3524; x_wconf 88' lang='lat' dir='ltr'><strong>inter</strong></span> <span class='ocrx_word' id='word_1_716' title='bbox 2971 3470 3230 3525; x_wconf 89' lang='lat' dir='ltr'><strong>llomilias</strong></span> <span class='ocrx_word' id='word_1_717' title='bbox 3267 3469 3336 3523; x_wconf 87' lang='lat' dir='ltr'><strong>de</strong></span> <span class='ocrx_word' id='word_1_718' title='bbox 3375 3468 3576 3522; x_wconf 87' lang='lat' dir='ltr'><strong>Lazaro</strong></span> <span class='ocrx_word' id='word_1_719' title='bbox 3626 3477 3830 3520; x_wconf 77' lang='lat' dir='ltr'><strong>sextam</strong></span> <span class='ocrx_word' id='word_1_720' title='bbox 3877 3465 4071 3517; x_wconf 89' lang='lat' dir='ltr'><strong>consi-</strong></span> 
     </span>
    </p>
   </div>
   <div class='ocr_carea' id='block_1_97' title="bbox 2467 3548 4071 3631">
    <p class='ocr_par' dir='ltr' id='par_1_97' title="bbox 2467 3548 4071 3631">
     <span class='ocr_line' id='line_1_97' title="bbox 2467 3548 4071 3631; baseline -0.004 -15"><span class='ocrx_word' id='word_1_721' title='bbox 2467 3577 2710 3631; x_wconf 69' lang='lat' dir='ltr'><strong>gnamus.</strong></span> <span class='ocrx_word' id='word_1_722' title='bbox 2766 3562 2914 3616; x_wconf 87' lang='lat' dir='ltr'><strong>llanc</strong></span> <span class='ocrx_word' id='word_1_723' title='bbox 2976 3562 3293 3616; x_wconf 87' lang='lat' dir='ltr'><strong>concionem</strong></span> <span class='ocrx_word' id='word_1_724' title='bbox 3357 3548 3700 3615; x_wconf 78' lang='lat' dir='ltr'><strong>llerniantins</strong></span> <span class='ocrx_word' id='word_1_725' title='bbox 3755 3557 3807 3613; x_wconf 89' lang='lat' dir='ltr'><strong>in</strong></span> <span class='ocrx_word' id='word_1_726' title='bbox 3861 3571 4071 3609; x_wconf 86' lang='lat' dir='ltr'><strong>annum</strong></span> 
     </span>
    </p>
   </div>
   <div class='ocr_carea' id='block_1_98' title="bbox 2467 3649 4071 3721">
    <p class='ocr_par' dir='ltr' id='par_1_98' title="bbox 2467 3649 4071 3721">
     <span class='ocr_line' id='line_1_98' title="bbox 2467 3649 4071 3721; baseline -0.004 -14"><span class='ocrx_word' id='word_1_727' title='bbox 2467 3653 2572 3708; x_wconf 79' lang='lat'><strong>587</strong></span> <span class='ocrx_word' id='word_1_728' title='bbox 2601 3652 2977 3708; x_wconf 82' lang='lat' dir='ltr'><strong>conferendam</strong></span> <span class='ocrx_word' id='word_1_729' title='bbox 3024 3653 3259 3721; x_wconf 82' lang='lat' dir='ltr'><strong>putavit,</strong></span> <span class='ocrx_word' id='word_1_730' title='bbox 3304 3652 3556 3721; x_wconf 89' lang='lat' dir='ltr'><strong>quoniam</strong></span> <span class='ocrx_word' id='word_1_731' title='bbox 3587 3649 3680 3702; x_wconf 88' lang='lat' dir='ltr'><strong>illo</strong></span> <span class='ocrx_word' id='word_1_732' title='bbox 3715 3660 3855 3702; x_wconf 88' lang='lat' dir='ltr'><strong>anno</strong></span> <span class='ocrx_word' id='word_1_733' title='bbox 3903 3655 4071 3701; x_wconf 75' lang='lat' dir='ltr'><strong>terra:</strong></span> 
     </span>
    </p>
   </div>
   <div class='ocr_carea' id='block_1_99' title="bbox 2468 3738 4075 3811">
    <p class='ocr_par' dir='ltr' id='par_1_99' title="bbox 2468 3738 4075 3811">
     <span class='ocr_line' id='line_1_99' title="bbox 2468 3738 4075 3811; baseline -0.004 -12"><span class='ocrx_word' id='word_1_734' title='bbox 2468 3756 2645 3800; x_wconf 92' lang='lat' dir='ltr'><strong>motus</strong></span> <span class='ocrx_word' id='word_1_735' title='bbox 2671 3745 2970 3799; x_wconf 68' lang='lat' dir='ltr'><strong>Antiochia:</strong></span> <span class='ocrx_word' id='word_1_736' title='bbox 2994 3745 3108 3799; x_wconf 83' lang='lat' dir='ltr'><strong>fuit.</strong></span> <span class='ocrx_word' id='word_1_737' title='bbox 3147 3745 3340 3798; x_wconf 78' lang='lat' dir='ltr'><strong>Verum</strong></span> <span class='ocrx_word' id='word_1_738' title='bbox 3371 3743 3506 3798; x_wconf 91' lang='lat' dir='ltr'><strong>adeo</strong></span> <span class='ocrx_word' id='word_1_739' title='bbox 3532 3743 3838 3811; x_wconf 81' lang='lat' dir='ltr'><strong>frequentes</strong></span> <span class='ocrx_word' id='word_1_740' title='bbox 3868 3738 4075 3792; x_wconf 84' lang='lat' dir='ltr'><strong>Antio-</strong></span> 
     </span>
    </p>
   </div>
   <div class='ocr_carea' id='block_1_100' title="bbox 2469 3831 4076 3899">
    <p class='ocr_par' dir='ltr' id='par_1_100' title="bbox 2469 3831 4076 3899">
     <span class='ocr_line' id='line_1_100' title="bbox 2469 3831 4076 3899; baseline -0.003 -12"><span class='ocrx_word' id='word_1_741' title='bbox 2469 3834 2604 3889; x_wconf 67' lang='lat' dir='ltr'><strong>chize</strong></span> <span class='ocrx_word' id='word_1_742' title='bbox 2646 3844 2800 3890; x_wconf 80' lang='lat' dir='ltr'><strong>terra:</strong></span> <span class='ocrx_word' id='word_1_743' title='bbox 2827 3845 3003 3889; x_wconf 84' lang='lat' dir='ltr'><strong>motus</strong></span> <span class='ocrx_word' id='word_1_744' title='bbox 3026 3843 3197 3899; x_wconf 89' lang='lat' dir='ltr'><strong>erant,</strong></span> <span class='ocrx_word' id='word_1_745' title='bbox 3243 3845 3298 3888; x_wconf 90' lang='lat' dir='ltr'><strong>ut</strong></span> <span class='ocrx_word' id='word_1_746' title='bbox 3338 3834 3389 3888; x_wconf 92' lang='lat' dir='ltr'><strong>in</strong></span> <span class='ocrx_word' id='word_1_747' title='bbox 3423 3833 3621 3888; x_wconf 83' lang='lat' dir='ltr'><strong>Monito</strong></span> <span class='ocrx_word' id='word_1_748' title='bbox 3655 3831 3722 3885; x_wconf 88' lang='lat' dir='ltr'><strong>ad</strong></span> <span class='ocrx_word' id='word_1_749' title='bbox 3750 3831 3886 3883; x_wconf 87' lang='lat' dir='ltr'><strong>hanc</strong></span> <span class='ocrx_word' id='word_1_750' title='bbox 3927 3843 4076 3882; x_wconf 71' lang='grc' dir='ltr'><strong>ωη-</strong></span> 
     </span>
    </p>
   </div>
   <div class='ocr_carea' id='block_1_101' title="bbox 2470 3917 4123 3994">
    <p class='ocr_par' dir='ltr' id='par_1_101' title="bbox 2470 3917 4123 3994">
     <span class='ocr_line' id='line_1_101' title="bbox 2470 3917 4123 3994; baseline -0.004 -13"><span class='ocrx_word' id='word_1_751' title='bbox 2470 3925 2678 3981; x_wconf 89' lang='lat' dir='ltr'><strong>cioncm</strong></span> <span class='ocrx_word' id='word_1_752' title='bbox 2711 3925 3070 3994; x_wconf 72' lang='lat' dir='ltr'><strong>probavimus,</strong></span> <span class='ocrx_word' id='word_1_753' title='bbox 3105 3933 3159 3978; x_wconf 90' lang='lat' dir='ltr'><strong>ut</strong></span> <span class='ocrx_word' id='word_1_754' title='bbox 3193 3925 3315 3979; x_wconf 91' lang='lat' dir='ltr'><strong>hinc</strong></span> <span class='ocrx_word' id='word_1_755' title='bbox 3355 3938 3550 3978; x_wconf 84' lang='lat' dir='ltr'><strong>annum</strong></span> <span class='ocrx_word' id='word_1_756' title='bbox 3599 3935 3704 3992; x_wconf 90' lang='lat' dir='ltr'><strong>quo</strong></span> <span class='ocrx_word' id='word_1_757' title='bbox 3749 3919 3926 3974; x_wconf 87' lang='lat' dir='ltr'><strong>habita</strong></span> <span class='ocrx_word' id='word_1_758' title='bbox 3966 3917 4078 3974; x_wconf 79' lang='lat' dir='ltr'><strong>ho-</strong></span> <span class='ocrx_word' id='word_1_759' title='bbox 4119 3955 4123 3958; x_wconf 93' lang='lat'><strong><em>-</em></strong></span> 
     </span>
    </p>
   </div>
   <div class='ocr_carea' id='block_1_102' title="bbox 2469 4016 3403 4086">
    <p class='ocr_par' dir='ltr' id='par_1_102' title="bbox 2469 4016 3403 4086">
     <span class='ocr_line' id='line_1_102' title="bbox 2469 4016 3403 4086; baseline -0.002 -16"><span class='ocrx_word' id='word_1_760' title='bbox 2469 4017 2615 4070; x_wconf 90' lang='lat' dir='ltr'><strong>milia</strong></span> <span class='ocrx_word' id='word_1_761' title='bbox 2640 4017 2735 4069; x_wconf 87' lang='lat' dir='ltr'><strong>fuit</strong></span> <span class='ocrx_word' id='word_1_762' title='bbox 2759 4017 3072 4086; x_wconf 82' lang='lat' dir='ltr'><strong>consignare</strong></span> <span class='ocrx_word' id='word_1_763' title='bbox 3095 4031 3198 4069; x_wconf 90' lang='lat' dir='ltr'><strong>non</strong></span> <span class='ocrx_word' id='word_1_764' title='bbox 3230 4016 3403 4070; x_wconf 86' lang='lat' dir='ltr'><strong>liceat.</strong></span> 
     </span>
    </p>
   </div>
   <div class='ocr_carea' id='block_1_103' title="bbox 2542 4100 4077 4175">
    <p class='ocr_par' dir='ltr' id='par_1_103' title="bbox 2542 4100 4077 4175">
     <span class='ocr_line' id='line_1_103' title="bbox 2542 4100 4077 4175; baseline -0.001 -16"><span class='ocrx_word' id='word_1_765' title='bbox 2542 4105 2829 4160; x_wconf 81' lang='lat' dir='ltr'><strong>llomiliam</strong></span> <span class='ocrx_word' id='word_1_766' title='bbox 2859 4106 2926 4160; x_wconf 88' lang='lat' dir='ltr'><strong>de</strong></span> <span class='ocrx_word' id='word_1_767' title='bbox 2957 4107 3142 4160; x_wconf 75' lang='lat' dir='ltr'><strong>Viduis</strong></span> <span class='ocrx_word' id='word_1_768' title='bbox 3181 4104 3268 4174; x_wconf 89' lang='lat' dir='ltr'><strong>(T.</strong></span> <span class='ocrx_word' id='word_1_769' title='bbox 3299 4107 3352 4160; x_wconf 78' lang='grc'><strong>5.</strong></span> <span class='ocrx_word' id='word_1_770' title='bbox 3413 4122 3460 4158; x_wconf 88' lang='lat' dir='ltr'><strong>c.</strong></span> <span class='ocrx_word' id='word_1_771' title='bbox 3487 4103 3617 4175; x_wconf 73' lang='lat'><strong>&#39;52!)</strong></span> <span class='ocrx_word' id='word_1_772' title='bbox 3653 4102 3838 4172; x_wconf 83' lang='lat' dir='ltr'><strong>paucis</strong></span> <span class='ocrx_word' id='word_1_773' title='bbox 3874 4100 4077 4157; x_wconf 85' lang='lat' dir='ltr'><strong>diebus</strong></span> 
     </span>
    </p>
   </div>
   <div class='ocr_carea' id='block_1_104' title="bbox 2470 4193 4070 4268">
    <p class='ocr_par' dir='ltr' id='par_1_104' title="bbox 2470 4193 4070 4268">
     <span class='ocr_line' id='line_1_104' title="bbox 2470 4193 4070 4268; baseline -0.003 -17"><span class='ocrx_word' id='word_1_774' title='bbox 2470 4209 2592 4268; x_wconf 87' lang='lat' dir='ltr'><strong>post</strong></span> <span class='ocrx_word' id='word_1_775' title='bbox 2616 4199 2898 4252; x_wconf 75' lang='lat' dir='ltr'><strong>llomiliam</strong></span> <span class='ocrx_word' id='word_1_776' title='bbox 2930 4197 2997 4253; x_wconf 90' lang='lat' dir='ltr'><strong>de</strong></span> <span class='ocrx_word' id='word_1_777' title='bbox 3027 4196 3418 4252; x_wconf 82' lang='lat' dir='ltr'><strong>dormientibus</strong></span> <span class='ocrx_word' id='word_1_778' title='bbox 3447 4196 3840 4264; x_wconf 86' lang='lat' dir='ltr'><strong>pronuntiatam</strong></span> <span class='ocrx_word' id='word_1_779' title='bbox 3870 4193 4070 4258; x_wconf 70' lang='lat' dir='ltr'><strong>fuisse,</strong></span> 
     </span>
    </p>
   </div>
   <div class='ocr_carea' id='block_1_105' title="bbox 2472 4285 4075 4360">
    <p class='ocr_par' dir='ltr' id='par_1_105' title="bbox 2472 4285 4075 4360">
     <span class='ocr_line' id='line_1_105' title="bbox 2472 4285 4075 4360; baseline -0.001 -20"><span class='ocrx_word' id='word_1_780' title='bbox 2472 4289 2585 4357; x_wconf 81' lang='lat' dir='ltr'><strong>ipse</strong></span> <span class='ocrx_word' id='word_1_781' title='bbox 2619 4289 3033 4360; x_wconf 80' lang='lat' dir='ltr'><strong>Clirysostomus</strong></span> <span class='ocrx_word' id='word_1_782' title='bbox 3074 4289 3126 4342; x_wconf 91' lang='lat' dir='ltr'><strong>in</strong></span> <span class='ocrx_word' id='word_1_783' title='bbox 3164 4289 3423 4358; x_wconf 87' lang='lat' dir='ltr'><strong>principio</strong></span> <span class='ocrx_word' id='word_1_784' title='bbox 3452 4285 3634 4352; x_wconf 88' lang='lat' dir='ltr'><strong>refert,</strong></span> <span class='ocrx_word' id='word_1_785' title='bbox 3665 4300 3784 4338; x_wconf 91' lang='lat' dir='ltr'><strong>cum</strong></span> <span class='ocrx_word' id='word_1_786' title='bbox 3814 4285 3910 4348; x_wconf 91' lang='lat' dir='ltr'><strong>ait,</strong></span> <span class='ocrx_word' id='word_1_787' title='bbox 3943 4299 4075 4338; x_wconf 83' lang='lat' dir='ltr'><strong>eam</strong></span> 
     </span>
    </p>
   </div>
   <div class='ocr_carea' id='block_1_106' title="bbox 2473 4375 4076 4449">
    <p class='ocr_par' dir='ltr' id='par_1_106' title="bbox 2473 4375 4076 4449">
     <span class='ocr_line' id='line_1_106' title="bbox 2473 4375 4076 4449; baseline 0 -18"><span class='ocrx_word' id='word_1_788' title='bbox 2473 4379 2693 4433; x_wconf 89' lang='lat' dir='ltr'><strong>multam</strong></span> <span class='ocrx_word' id='word_1_789' title='bbox 2740 4381 2933 4436; x_wconf 88' lang='lat' dir='ltr'><strong>habere</strong></span> <span class='ocrx_word' id='word_1_790' title='bbox 2971 4381 3340 4449; x_wconf 81' lang='lat' dir='ltr'><strong>cognationem</strong></span> <span class='ocrx_word' id='word_1_791' title='bbox 3387 4392 3509 4432; x_wconf 91' lang='lat' dir='ltr'><strong>cum</strong></span> <span class='ocrx_word' id='word_1_792' title='bbox 3550 4375 3873 4448; x_wconf 52' lang='lat' dir='ltr'><strong>princedenti</strong></span> <span class='ocrx_word' id='word_1_793' title='bbox 3906 4393 3924 4424; x_wconf 76' lang='grc' dir='ltr'><strong><em>ι</em></strong></span> <span class='ocrx_word' id='word_1_794' title='bbox 3951 4375 4076 4431; x_wconf 77' lang='lat' dir='ltr'><strong>Hoc</strong></span> 
     </span>
    </p>
   </div>
   <div class='ocr_carea' id='block_1_107' title="bbox 2471 4464 4078 4539">
    <p class='ocr_par' dir='ltr' id='par_1_107' title="bbox 2471 4464 4078 4539">
     <span class='ocr_line' id='line_1_107' title="bbox 2471 4464 4078 4539; baseline -0.002 -15"><span class='ocrx_word' id='word_1_795' title='bbox 2471 4471 2615 4524; x_wconf 87' lang='lat' dir='ltr'><strong>enim</strong></span> <span class='ocrx_word' id='word_1_796' title='bbox 2657 4470 2786 4525; x_wconf 88' lang='lat' dir='ltr'><strong>illud</strong></span> <span class='ocrx_word' id='word_1_797' title='bbox 2815 4479 2918 4536; x_wconf 89' lang='lat' dir='ltr'><strong>est,</strong></span> <span class='ocrx_word' id='word_1_798' title='bbox 2947 4488 2965 4521; x_wconf 75' lang='grc' dir='ltr'><strong>ι</strong></span> <span class='ocrx_word' id='word_1_799' title='bbox 2999 4471 3189 4539; x_wconf 90' lang='lat' dir='ltr'><strong>inquit,</strong></span> <span class='ocrx_word' id='word_1_800' title='bbox 3229 4489 3246 4521; x_wconf 75' lang='grc' dir='ltr'>ι</span> <span class='ocrx_word' id='word_1_801' title='bbox 3271 4468 3411 4538; x_wconf 86' lang='lat' dir='ltr'><strong>quod</strong></span> <span class='ocrx_word' id='word_1_802' title='bbox 3444 4483 3612 4537; x_wconf 90' lang='lat' dir='ltr'><strong>nuper</strong></span> <span class='ocrx_word' id='word_1_803' title='bbox 3641 4466 3939 4531; x_wconf 86' lang='lat' dir='ltr'><strong>dicebatur,</strong></span> <span class='ocrx_word' id='word_1_804' title='bbox 3987 4464 4078 4520; x_wconf 86' lang='lat' dir='ltr'><strong>De</strong></span> 
     </span>
    </p>
   </div>
   <div class='ocr_carea' id='block_1_108' title="bbox 2480 4559 4077 4631">
    <p class='ocr_par' dir='ltr' id='par_1_108' title="bbox 2480 4559 4077 4631">
     <span class='ocr_line' id='line_1_108' title="bbox 2480 4559 4077 4631; baseline 0 -17"><span class='ocrx_word' id='word_1_805' title='bbox 2480 4564 2830 4617; x_wconf 64' lang='lat' dir='ltr'><strong>“lorntientibus</strong></span> <span class='ocrx_word' id='word_1_806' title='bbox 2862 4573 3029 4617; x_wconf 89' lang='lat' dir='ltr'><strong>autem</strong></span> <span class='ocrx_word' id='word_1_807' title='bbox 3068 4565 3184 4617; x_wconf 86' lang='lat' dir='ltr'><strong>nolo</strong></span> <span class='ocrx_word' id='word_1_808' title='bbox 3233 4579 3317 4616; x_wconf 79' lang='lat' dir='ltr'><strong>vos</strong></span> <span class='ocrx_word' id='word_1_809' title='bbox 3357 4563 3613 4631; x_wconf 84' lang='lat' dir='ltr'><strong>ignorare,</strong></span> <span class='ocrx_word' id='word_1_810' title='bbox 3650 4565 3868 4630; x_wconf 81' lang='lat' dir='ltr'><strong>fratres;</strong></span> <span class='ocrx_word' id='word_1_811' title='bbox 3917 4567 3974 4612; x_wconf 87' lang='lat' dir='ltr'><strong>et</strong></span> <span class='ocrx_word' id='word_1_812' title='bbox 4000 4559 4077 4614; x_wconf 83' lang='lat' dir='ltr'><strong>de</strong></span> 
     </span>
    </p>
   </div>
   <div class='ocr_carea' id='block_1_109' title="bbox 2472 4649 4081 4710">
    <p class='ocr_par' dir='ltr' id='par_1_109' title="bbox 2472 4649 4081 4710">
     <span class='ocr_line' id='line_1_109' title="bbox 2472 4649 4081 4710; baseline -0.002 -1"><span class='ocrx_word' id='word_1_813' title='bbox 2472 4656 2864 4710; x_wconf 84' lang='lat' dir='ltr'><strong>resurrectione</strong></span> <span class='ocrx_word' id='word_1_814' title='bbox 2893 4654 3056 4708; x_wconf 90' lang='lat' dir='ltr'><strong>multa</strong></span> <span class='ocrx_word' id='word_1_815' title='bbox 3093 4665 3204 4708; x_wconf 90' lang='lat' dir='ltr'><strong>tum</strong></span> <span class='ocrx_word' id='word_1_816' title='bbox 3249 4668 3277 4707; x_wconf 91' lang='lat' dir='ltr'><strong>a</strong></span> <span class='ocrx_word' id='word_1_817' title='bbox 3320 4653 3472 4707; x_wconf 90' lang='lat' dir='ltr'><strong>nobis</strong></span> <span class='ocrx_word' id='word_1_818' title='bbox 3501 4661 3627 4706; x_wconf 89' lang='lat' dir='ltr'><strong>sunt</strong></span> <span class='ocrx_word' id='word_1_819' title='bbox 3651 4650 3811 4705; x_wconf 86' lang='lat' dir='ltr'><strong>dicta.</strong></span> <span class='ocrx_word' id='word_1_820' title='bbox 3847 4669 3867 4702; x_wconf 72' lang='grc' dir='ltr'>ι</span> <span class='ocrx_word' id='word_1_821' title='bbox 3902 4649 3978 4704; x_wconf 85' lang='lat' dir='ltr'><strong>Ita</strong></span> <span class='ocrx_word' id='word_1_822' title='bbox 4013 4657 4081 4705; x_wconf 76' lang='lat' dir='ltr'><strong>us</strong></span> 
     </span>
    </p>
   </div>
   <div class='ocr_carea' id='block_1_110' title="bbox 2471 4741 4073 4815">
    <p class='ocr_par' dir='ltr' id='par_1_110' title="bbox 2471 4741 4073 4815">
     <span class='ocr_line' id='line_1_110' title="bbox 2471 4741 4073 4815; baseline -0.003 -12"><span class='ocrx_word' id='word_1_823' title='bbox 2471 4761 2674 4804; x_wconf 78' lang='lat' dir='ltr'><strong>certum</strong></span> <span class='ocrx_word' id='word_1_824' title='bbox 2705 4749 2946 4803; x_wconf 87' lang='lat' dir='ltr'><strong>videatur</strong></span> <span class='ocrx_word' id='word_1_825' title='bbox 2980 4748 3119 4801; x_wconf 90' lang='lat' dir='ltr'><strong>hanc</strong></span> <span class='ocrx_word' id='word_1_826' title='bbox 3142 4746 3339 4802; x_wconf 89' lang='lat' dir='ltr'><strong>dictam</strong></span> <span class='ocrx_word' id='word_1_827' title='bbox 3372 4745 3536 4799; x_wconf 73' lang='lat' dir='ltr'><strong>fuisse</strong></span> <span class='ocrx_word' id='word_1_828' title='bbox 3563 4743 3748 4815; x_wconf 77' lang='lat' dir='ltr'><strong>paucis</strong></span> <span class='ocrx_word' id='word_1_829' title='bbox 3776 4751 3896 4812; x_wconf 77' lang='lat' dir='ltr'><strong>post</strong></span> <span class='ocrx_word' id='word_1_830' title='bbox 3919 4741 4073 4798; x_wconf 84' lang='lat' dir='ltr'><strong>illam</strong></span> 
     </span>
    </p>
   </div>
   <div class='ocr_carea' id='block_1_111' title="bbox 2472 4833 4075 4910">
    <p class='ocr_par' dir='ltr' id='par_1_111' title="bbox 2472 4833 4075 4910">
     <span class='ocr_line' id='line_1_111' title="bbox 2472 4833 4075 4910; baseline -0.003 -16"><span class='ocrx_word' id='word_1_831' title='bbox 2472 4858 2629 4910; x_wconf 89' lang='lat' dir='ltr'><strong>quam</strong></span> <span class='ocrx_word' id='word_1_832' title='bbox 2660 4841 2727 4896; x_wconf 85' lang='lat' dir='ltr'><strong>de</strong></span> <span class='ocrx_word' id='word_1_833' title='bbox 2754 4841 3166 4895; x_wconf 78' lang='lat' dir='ltr'><strong>Resurrectione</strong></span> <span class='ocrx_word' id='word_1_834' title='bbox 3192 4847 3244 4892; x_wconf 91' lang='lat' dir='ltr'><strong>et</strong></span> <span class='ocrx_word' id='word_1_835' title='bbox 3282 4837 3348 4892; x_wconf 88' lang='lat' dir='ltr'><strong>de</strong></span> <span class='ocrx_word' id='word_1_836' title='bbox 3381 4837 3583 4890; x_wconf 87' lang='lat' dir='ltr'><strong>Lazaro</strong></span> <span class='ocrx_word' id='word_1_837' title='bbox 3609 4836 3846 4906; x_wconf 86' lang='lat' dir='ltr'><strong>quintam</strong></span> <span class='ocrx_word' id='word_1_838' title='bbox 3874 4833 4075 4889; x_wconf 79' lang='lat' dir='ltr'><strong>inscri-</strong></span> 
     </span>
    </p>
   </div>
   <div class='ocr_carea' id='block_1_112' title="bbox 2471 4926 4077 5004">
    <p class='ocr_par' dir='ltr' id='par_1_112' title="bbox 2471 4926 4077 5004">
     <span class='ocr_line' id='line_1_112' title="bbox 2471 4926 4077 5004; baseline -0.003 -18"><span class='ocrx_word' id='word_1_839' title='bbox 2471 4935 2710 5004; x_wconf 82' lang='lat' dir='ltr'><strong>psimus;</strong></span> <span class='ocrx_word' id='word_1_840' title='bbox 2761 4933 2867 4987; x_wconf 90' lang='lat' dir='ltr'><strong>imo</strong></span> <span class='ocrx_word' id='word_1_841' title='bbox 2896 4931 3136 4986; x_wconf 78' lang='lat' dir='ltr'><strong>fortassis</strong></span> <span class='ocrx_word' id='word_1_842' title='bbox 3163 4938 3286 4983; x_wconf 86' lang='lat' dir='ltr'><strong>ante</strong></span> <span class='ocrx_word' id='word_1_843' title='bbox 3313 4939 3518 4983; x_wconf 79' lang='lat' dir='ltr'><strong>sextam</strong></span> <span class='ocrx_word' id='word_1_844' title='bbox 3556 4927 3624 4982; x_wconf 91' lang='lat' dir='ltr'><strong>de</strong></span> <span class='ocrx_word' id='word_1_845' title='bbox 3652 4926 4077 4981; x_wconf 83' lang='lat' dir='ltr'><strong>Rcsurreetione</strong></span> 
     </span>
    </p>
   </div>
   <div class='ocr_carea' id='block_1_113' title="bbox 2472 5018 4073 5086">
    <p class='ocr_par' dir='ltr' id='par_1_113' title="bbox 2472 5018 4073 5086">
     <span class='ocr_line' id='line_1_113' title="bbox 2472 5018 4073 5086; baseline -0.006 -6"><span class='ocrx_word' id='word_1_846' title='bbox 2472 5033 2526 5080; x_wconf 83' lang='lat' dir='ltr'><strong>et</strong></span> <span class='ocrx_word' id='word_1_847' title='bbox 2553 5025 2619 5079; x_wconf 91' lang='lat' dir='ltr'><strong>de</strong></span> <span class='ocrx_word' id='word_1_848' title='bbox 2647 5024 2864 5078; x_wconf 86' lang='lat' dir='ltr'><strong>Lazaro.</strong></span> <span class='ocrx_word' id='word_1_849' title='bbox 2913 5024 3059 5077; x_wconf 89' lang='lat' dir='ltr'><strong>llanc</strong></span> <span class='ocrx_word' id='word_1_850' title='bbox 3085 5037 3206 5076; x_wconf 89' lang='lat' dir='ltr'><strong>cum</strong></span> <span class='ocrx_word' id='word_1_851' title='bbox 3236 5021 3338 5075; x_wconf 88' lang='lat' dir='ltr'><strong>illis</strong></span> <span class='ocrx_word' id='word_1_852' title='bbox 3367 5020 3434 5074; x_wconf 90' lang='lat' dir='ltr'><strong>de</strong></span> <span class='ocrx_word' id='word_1_853' title='bbox 3462 5020 3664 5074; x_wconf 88' lang='lat' dir='ltr'><strong>Lazaro</strong></span> <span class='ocrx_word' id='word_1_854' title='bbox 3693 5030 3746 5074; x_wconf 90' lang='lat' dir='ltr'><strong>et</strong></span> <span class='ocrx_word' id='word_1_855' title='bbox 3771 5018 3891 5072; x_wconf 86' lang='lat' dir='ltr'><strong>aliis</strong></span> <span class='ocrx_word' id='word_1_856' title='bbox 3917 5019 4073 5086; x_wconf 87' lang='lat' dir='ltr'><strong>ejus-</strong></span> 
     </span>
    </p>
   </div>
   <div class='ocr_carea' id='block_1_114' title="bbox 2473 5110 4079 5184">
    <p class='ocr_par' dir='ltr' id='par_1_114' title="bbox 2473 5110 4079 5184">
     <span class='ocr_line' id='line_1_114' title="bbox 2473 5110 4079 5184; baseline -0.004 -16"><span class='ocrx_word' id='word_1_857' title='bbox 2473 5117 2593 5170; x_wconf 84' lang='lat' dir='ltr'><strong>dem</strong></span> <span class='ocrx_word' id='word_1_858' title='bbox 2621 5114 2900 5184; x_wconf 87' lang='lat' dir='ltr'><strong>temporis,</strong></span> <span class='ocrx_word' id='word_1_859' title='bbox 2954 5130 3072 5184; x_wconf 84' lang='lat' dir='ltr'><strong>quae</strong></span> <span class='ocrx_word' id='word_1_860' title='bbox 3117 5113 3361 5168; x_wconf 88' lang='lat' dir='ltr'><strong>undecim</strong></span> <span class='ocrx_word' id='word_1_861' title='bbox 3392 5126 3618 5166; x_wconf 89' lang='lat' dir='ltr'><strong>numero</strong></span> <span class='ocrx_word' id='word_1_862' title='bbox 3662 5119 3804 5176; x_wconf 83' lang='lat' dir='ltr'><strong>sunt,</strong></span> <span class='ocrx_word' id='word_1_863' title='bbox 3857 5110 4079 5162; x_wconf 80' lang='lat' dir='ltr'><strong>confert.</strong></span> 
     </span>
    </p>
   </div>
   <div class='ocr_carea' id='block_1_115' title="bbox 2472 5204 4078 5270">
    <p class='ocr_par' dir='ltr' id='par_1_115' title="bbox 2472 5204 4078 5270">
     <span class='ocr_line' id='line_1_115' title="bbox 2472 5204 4078 5270; baseline -0.004 -8"><span class='ocrx_word' id='word_1_864' title='bbox 2472 5208 2841 5263; x_wconf 70' lang='lat' dir='ltr'><strong>Tillemontius</strong></span> <span class='ocrx_word' id='word_1_865' title='bbox 2869 5207 2922 5260; x_wconf 92' lang='lat' dir='ltr'><strong>in</strong></span> <span class='ocrx_word' id='word_1_866' title='bbox 2949 5205 3071 5260; x_wconf 89' lang='lat' dir='ltr'><strong>anni</strong></span> <span class='ocrx_word' id='word_1_867' title='bbox 3101 5206 3205 5260; x_wconf 74' lang='lat'><strong>386</strong></span> <span class='ocrx_word' id='word_1_868' title='bbox 3231 5204 3438 5258; x_wconf 89' lang='lat' dir='ltr'><strong>initium</strong></span> <span class='ocrx_word' id='word_1_869' title='bbox 3475 5221 3489 5258; x_wconf 87' lang='lat'><strong>:</strong></span> <span class='ocrx_word' id='word_1_870' title='bbox 3533 5213 3716 5257; x_wconf 89' lang='lat' dir='ltr'><strong>contra</strong></span> <span class='ocrx_word' id='word_1_871' title='bbox 3743 5215 3900 5270; x_wconf 86' lang='lat' dir='ltr'><strong>quam</strong></span> <span class='ocrx_word' id='word_1_872' title='bbox 3935 5212 4078 5256; x_wconf 85' lang='lat' dir='ltr'><strong>tent-</strong></span> 
     </span>
    </p>
   </div>
   <div class='ocr_carea' id='block_1_116' title="bbox 2474 5291 4077 5368">
    <p class='ocr_par' dir='ltr' id='par_1_116' title="bbox 2474 5291 4077 5368">
     <span class='ocr_line' id='line_1_116' title="bbox 2474 5291 4077 5368; baseline -0.005 -15"><span class='ocrx_word' id='word_1_873' title='bbox 2474 5302 2618 5368; x_wconf 88' lang='lat' dir='ltr'><strong>poris</strong></span> <span class='ocrx_word' id='word_1_874' title='bbox 2648 5309 2826 5352; x_wconf 89' lang='lat' dir='ltr'><strong>notam</strong></span> <span class='ocrx_word' id='word_1_875' title='bbox 2865 5312 2968 5351; x_wconf 89' lang='lat' dir='ltr'><strong>non</strong></span> <span class='ocrx_word' id='word_1_876' title='bbox 2999 5311 3167 5366; x_wconf 84' lang='lat' dir='ltr'><strong>pauca</strong></span> <span class='ocrx_word' id='word_1_877' title='bbox 3209 5294 3460 5358; x_wconf 78' lang='lat' dir='ltr'><strong>diximus,</strong></span> <span class='ocrx_word' id='word_1_878' title='bbox 3515 5291 3658 5348; x_wconf 87' lang='lat' dir='ltr'><strong>aliud</strong></span> <span class='ocrx_word' id='word_1_879' title='bbox 3687 5301 3863 5346; x_wconf 88' lang='lat' dir='ltr'><strong>autem</strong></span> <span class='ocrx_word' id='word_1_880' title='bbox 3908 5306 4077 5361; x_wconf 76' lang='lat' dir='ltr'><strong>argn-</strong></span> 
     </span>
    </p>
   </div>
   <div class='ocr_carea' id='block_1_117' title="bbox 2473 5381 4076 5460">
    <p class='ocr_par' dir='ltr' id='par_1_117' title="bbox 2473 5381 4076 5460">
     <span class='ocr_line' id='line_1_117' title="bbox 2473 5381 4076 5460; baseline -0.005 -14"><span class='ocrx_word' id='word_1_881' title='bbox 2473 5401 2712 5446; x_wconf 90' lang='lat' dir='ltr'><strong>mentnm</strong></span> <span class='ocrx_word' id='word_1_882' title='bbox 2747 5389 3008 5460; x_wconf 90' lang='lat' dir='ltr'><strong>prioribus</strong></span> <span class='ocrx_word' id='word_1_883' title='bbox 3033 5387 3330 5457; x_wconf 89' lang='lat' dir='ltr'><strong>adjicimus.</strong></span> <span class='ocrx_word' id='word_1_884' title='bbox 3375 5385 3594 5440; x_wconf 88' lang='lat' dir='ltr'><strong>Certum</strong></span> <span class='ocrx_word' id='word_1_885' title='bbox 3632 5394 3714 5440; x_wconf 88' lang='lat' dir='ltr'><strong>est</strong></span> <span class='ocrx_word' id='word_1_886' title='bbox 3748 5381 4076 5453; x_wconf 81' lang='lat' dir='ltr'><strong>Chrysosto-</strong></span> 
     </span>
    </p>
   </div>
   <div class='ocr_carea' id='block_1_118' title="bbox 2475 5477 4077 5550">
    <p class='ocr_par' dir='ltr' id='par_1_118' title="bbox 2475 5477 4077 5550">
     <span class='ocr_line' id='line_1_118' title="bbox 2475 5477 4077 5550; baseline -0.003 -13"><span class='ocrx_word' id='word_1_887' title='bbox 2475 5499 2618 5538; x_wconf 90' lang='lat' dir='ltr'><strong>mum</strong></span> <span class='ocrx_word' id='word_1_888' title='bbox 2640 5498 2782 5538; x_wconf 89' lang='lat' dir='ltr'><strong>anno</strong></span> <span class='ocrx_word' id='word_1_889' title='bbox 2801 5483 3016 5539; x_wconf 88' lang='lat' dir='ltr'><strong>ineunte</strong></span> <span class='ocrx_word' id='word_1_890' title='bbox 3042 5481 3146 5536; x_wconf 84' lang='grc'><strong>’587</strong></span> <span class='ocrx_word' id='word_1_891' title='bbox 3174 5495 3280 5535; x_wconf 92' lang='lat' dir='ltr'><strong>non</strong></span> <span class='ocrx_word' id='word_1_892' title='bbox 3303 5493 3500 5550; x_wconf 89' lang='lat' dir='ltr'><strong>paucos</strong></span> <span class='ocrx_word' id='word_1_893' title='bbox 3515 5477 3766 5533; x_wconf 87' lang='lat' dir='ltr'><strong>habuisse</strong></span> <span class='ocrx_word' id='word_1_894' title='bbox 3787 5490 4077 5532; x_wconf 75' lang='lat' dir='ltr'><strong>sarmenes</strong></span> 
     </span>
    </p>
   </div>
   <div class='ocr_carea' id='block_1_119' title="bbox 2473 5568 4074 5637">
    <p class='ocr_par' dir='ltr' id='par_1_119' title="bbox 2473 5568 4074 5637">
     <span class='ocr_line' id='line_1_119' title="bbox 2473 5568 4074 5637; baseline -0.007 -3"><span class='ocrx_word' id='word_1_895' title='bbox 2473 5578 2540 5634; x_wconf 88' lang='lat' dir='ltr'><strong>de</strong></span> <span class='ocrx_word' id='word_1_896' title='bbox 2564 5577 2941 5633; x_wconf 84' lang='lat' dir='ltr'><strong>consubstantia</strong></span> <span class='ocrx_word' id='word_1_897' title='bbox 2971 5585 3024 5629; x_wconf 90' lang='lat' dir='ltr'><strong>et</strong></span> <span class='ocrx_word' id='word_1_898' title='bbox 3051 5584 3236 5629; x_wconf 89' lang='lat' dir='ltr'><strong>contra</strong></span> <span class='ocrx_word' id='word_1_899' title='bbox 3265 5575 3586 5637; x_wconf 78' lang='lat' dir='ltr'><strong>Anomceos;</strong></span> <span class='ocrx_word' id='word_1_900' title='bbox 3619 5584 3720 5625; x_wconf 84' lang='lat' dir='ltr'><strong>nec</strong></span> <span class='ocrx_word' id='word_1_901' title='bbox 3744 5568 3920 5624; x_wconf 84' lang='lat' dir='ltr'><strong>minus</strong></span> <span class='ocrx_word' id='word_1_902' title='bbox 3951 5585 4074 5624; x_wconf 89' lang='lat' dir='ltr'><strong>cer-</strong></span> 
     </span>
    </p>
   </div>
   <div class='ocr_carea' id='block_1_120' title="bbox 2475 5664 4073 5741">
    <p class='ocr_par' dir='ltr' id='par_1_120' title="bbox 2475 5664 4073 5741">
     <span class='ocr_line' id='line_1_120' title="bbox 2475 5664 4073 5741; baseline -0.007 -14"><span class='ocrx_word' id='word_1_903' title='bbox 2475 5682 2586 5727; x_wconf 89' lang='lat' dir='ltr'><strong>tum</strong></span> <span class='ocrx_word' id='word_1_904' title='bbox 2627 5671 2802 5726; x_wconf 87' lang='lat' dir='ltr'><strong>solere</strong></span> <span class='ocrx_word' id='word_1_905' title='bbox 2838 5668 3277 5741; x_wconf 69' lang='lat' dir='ltr'><strong>Chrysmtomum</strong></span> <span class='ocrx_word' id='word_1_906' title='bbox 3312 5666 3703 5737; x_wconf 72' lang='lat' dir='ltr'><strong>prmteritarnm</strong></span> <span class='ocrx_word' id='word_1_907' title='bbox 3747 5664 4073 5718; x_wconf 72' lang='lat' dir='ltr'><strong>concinnum</strong></span> 
     </span>
    </p>
   </div>
   <div class='ocr_carea' id='block_1_121' title="bbox 2477 5757 4074 5836">
    <p class='ocr_par' dir='ltr' id='par_1_121' title="bbox 2477 5757 4074 5836">
     <span class='ocr_line' id='line_1_121' title="bbox 2477 5757 4074 5836; baseline -0.006 -15"><span class='ocrx_word' id='word_1_908' title='bbox 2477 5765 2806 5833; x_wconf 85' lang='lat' dir='ltr'><strong>meminisse,</strong></span> <span class='ocrx_word' id='word_1_909' title='bbox 2850 5763 3001 5836; x_wconf 86' lang='lat' dir='ltr'><strong>cujus</strong></span> <span class='ocrx_word' id='word_1_910' title='bbox 3042 5763 3118 5818; x_wconf 90' lang='lat' dir='ltr'><strong>rei</strong></span> <span class='ocrx_word' id='word_1_911' title='bbox 3154 5762 3397 5832; x_wconf 71' lang='lat' dir='ltr'><strong>exempla</strong></span> <span class='ocrx_word' id='word_1_912' title='bbox 3442 5760 3636 5831; x_wconf 87' lang='lat' dir='ltr'><strong>passim</strong></span> <span class='ocrx_word' id='word_1_913' title='bbox 3688 5757 3913 5811; x_wconf 73' lang='lat' dir='ltr'><strong>vidimus</strong></span> <span class='ocrx_word' id='word_1_914' title='bbox 3954 5774 3967 5787; x_wconf 91' lang='grc'><strong>·</strong></span> <span class='ocrx_word' id='word_1_915' title='bbox 4003 5771 4074 5812; x_wconf 77' lang='lat' dir='ltr'><strong>an</strong></span> 
     </span>
    </p>
   </div>
  </div>
