4264 6306
252 963 629 1018 mentionem?
661 965 771 1022 Hac
797 970 926 1024 mihi
961 987 1101 1025 nova
1132 974 1348 1028 subortu
1375 972 1650 1032 dubitandi
1687 993 1844 1034 causa

247 1054 419 1108 animi
454 1057 678 1124 pendeo,
710 1060 883 1117 donec
907 1063 1030 1132 quid
1055 1066 1254 1130 certius
1274 1077 1534 1138 emergat.

1825 1126 1846 1146 κ

325 1145 623 1214 Septimum
639 1151 709 1204 de
753 1150 957 1208 Lazaro
983 1157 1240 1224 ponimus
1286 1158 1555 1214 humilium
1598 1176 1717 1230 quae
1757 1161 1842 1217 in-

244 1235 543 1301 scribitur,
585 1239 834 1296 Adversus
859 1259 961 1309 eos,
1010 1246 1098 1314 qui
1147 1247 1216 1300 ad
1262 1247 1505 1303 circenses
1534 1251 1681 1306 {udos
1722 1270 1840 1322 per-

243 1336 399 1394 3m",
430 1338 475 1381 et
509 1328 560 1382 in
590 1330 732 1384 illum
773 1330 1035 1405 Evangeiii
1060 1336 1264 1393 locum:
1292 1339 1490 1396 intrate
1531 1353 1631 1410 per
1669 1358 1839 1414 angu-

241 1424 388 1468 stam
414 1428 648 1484 portam,
680 1422 800 1490 quia
828 1423 931 1477 luta
961 1434 1112 1494 porta
1139 1437 1194 1482 et
1215 1431 1444 1498 spatiosa
1474 1432 1554 1486 via
1584 1418 1681 1501 cit,
1717 1450 1837 1503 qure

243 1506 392 1561 ducit
422 1510 489 1561 ad
517 1512 893 1579 perditionem,
932 1524 985 1570 et
1026 1519 1177 1573 multi
1208 1530 1333 1577 sunt
1360 1521 1451 1593 qui
1502 1507 1701 1580 intrant
1743 1542 1837 1600 per

239 1611 368 1649 eant
412 1615 426 1652 :
475 1608 522 1651 et
567 1616 741 1656 uersus
783 1605 935 1673 finem
963 1647 978 1671 ,
1020 1609 1074 1663 in
1117 1608 1333 1665 Divitem
1378 1622 1429 1668 et
1468 1615 1523 1668 in
1556 1613 1831 1676 Lazarum.

237 1687 394 1744 lianc
425 1706 552 1747 vero
580 1681 889 1767 concionem
922 1701 973 1754 in
1004 1703 1142 1756 serie
1178 1703 1514 1761 ltomiliarum
1539 1709 1607 1763 de
1633 1708 1833 1770 Lazaro

215 1794 367 1866 esse
408 1785 724 1851 ponendam-
752 1787 908 1844 docet
961 1791 1071 1861 ipse
1109 1793 1523 1866 Chrysostomus
1563 1816 1711 1855 num.
1752 1803 1826 1856 ὃς

237 1865 418 1924 Unum
472 1874 625 1943 igitur
654 1893 715 1930 ea.
749 1880 846 1945 iis,
876 1882 960 1945 qui
1006 1899 1094 1952 per
1112 1865 1383 1955 angustam
1407 1899 1454 1943 et
1479 1901 1672 1947 arctam
1698 1894 1831 1948 siam

236 1960 568 2028 incrssernnt,
596 1966 733 2022 nobis
755 1969 805 2024 in
826 1958 1046 2027 medium
1086 1980 1427 2048 proferentes,
1457 1998 1630 2035 eorum
1660 1999 1778 2052 quae
1796 2001 1831 2039 ο

236 2043 464 2109 Domino
483 2055 626 2110 dicta
651 2069 766 2112 sunt
795 2063 1048 2118 armatam
1075 2043 1410 2134 ostendamus,
1443 2079 1490 2125 et
1514 2043 1688 2128 eadem
1711 2091 1826 2129 rur-

235 2156 325 2194 sus
356 2140 565 2199 Domini
609 2153 852 2218 porabota
879 2162 1100 2208 utamur.
1139 2155 1209 2211 Et
1252 2160 1436 2228 paucis
1463 2161 1791 2235 interpositis
1810 2207 1824 2231 ,

231 2243 332 2286 eos
360 2234 547 2289 eadem
581 2239 829 2305 parabola
853 2242 965 2312 jam
1003 2245 1238 2303 imbutos
1270 2248 1570 2320 declamas,
1602 2254 1680 2310 sic
1699 2270 1824 2327 per-

232 2321 347 2389 git:
391 2323 465 2377 Ac
491 2326 595 2380 scio
631 2331 860 2399 equidem
903 2349 1012 2404 nos,
1065 2336 1291 2394 homines
1335 2344 1668 2412 perspicuus,
1699 2321 1826 2417 -jum

234 2414 375 2481 quod
424 2415 654 2475 dicturus
695 2436 808 2476 sum
858 2425 1177 2499 intelligere;
1228 2431 1555 2489 nihilominus
1608 2414 1826 2492 tam'en‘a

231 2506 381 2560 nobis
423 2509 528 2563 diei
551 2527 748 2567 necesse
763 2525 855 2570 est.
887 2518 952 2572 Et
991 2529 1173 2588 postea
1222 2521 1288 2578 de
1323 2524 1484 2580 divite
1530 2536 1585 2581 et
1623 2526 1825 2582 Lazaro

229 2596 482 2668 pluribus
522 2603 651 2673 agit.
711 2606 930 2661 Demum
985 2626 1134 2665 num.
1188 2612 1258 2679 5,
1312 2624 1593 2686 postquam
1639 2618 1824 2690 Lazari

230 2699 464 2744 mortem
491 2707 614 2748 cum
640 2695 819 2752 divitis
848 2698 994 2754 obitu
1023 2704 1323 2760 contulerat
1347 2725 1361 2761 :
1387 2706 1640 2764 Lubenter
1667 2714 1821 2781 enim,

227 2783 339 2846 ait,
387 2775 519 2837 [idne
543 2802 648 2839 rem
675 2805 811 2858 sirpe
852 2807 1024 2858 uerso,
1058 2805 1112 2847 ut
1147 2813 1293 2851 nemo
1330 2815 1394 2853 ea:
1436 2802 1559 2868 illis,
1590 2805 1678 2873 qui
1705 2775 1823 2876 age;

224 2879 359 2926 state
384 2875 462 2929 rei
504 2878 691 2932 utorbis
716 2892 765 2933 et
800 2882 936 2951 fame
962 2898 1275 2954 premuntur,
1323 2906 1376 2943 se
1415 2875 1744 2962 contemno-(,7
1775 2882 1822 2949 et

227 2963 457 3030 seipsnm
498 2967 734 3023 miserum
777 2973 1081 3041 arbitretur,
1123 2975 1213 3030 sed
1254 2980 1535 3049 patienter,
1585 2995 1691 3038 etc.
1741 2983 1821 3039 Ex

221 3055 424 3123 quibus
453 3060 793 3127 perspicuum
824 3073 907 3118 est
934 3066 1070 3121 hanc
1090 3066 1247 3138 paulo
1277 3079 1396 3138 post
1425 3069 1675 3127 homilias
1701 3074 1821 3128 illas

220 3157 462 3213 quatuor
486 3148 552 3202 de
575 3148 779 3204 Lazaro
809 3158 1199 3223 pronuntiatam
1236 3158 1429 3216 fuisse.
1461 3163 1818 3231 Quamobrem

223 3237 282 3289 in
309 3240 579 3295 nonnullis
608 3242 1042 3302 Codicibus‘Mss.
1061 3281 1065 3284 -
1085 3250 1225 3304 inter
1254 3250 1511 3307 llomiiias
1531 3254 1598 3309 de
1617 3254 1820 3311 Lazaro

220 3331 463 3400 ponitur,
482 3342 538 3386 et
564 3333 615 3386 in
635 3334 941 3392 Colbertino
957 3341 1061 3395 364
1082 3350 1202 3410 post
1220 3352 1446 3413 quatuor
1472 3346 1592 3401 illas
1615 3347 1819 3417 priores

220 3419 294 3472 de
320 3419 526 3477 Lazaro
566 3423 794 3493 locatur,
824 3437 880 3483 et
920 3430 1229 3487 inscribitur
1255 3434 1449 3502 Quinta
1490 3437 1558 3492 de
1593 3438 1815 3508 Lazaro,

219 3521 385 3580 atque
412 3514 641 3571 llomilia
666 3517 717 3573 in
747 3519 896 3586 illud,
934 3521 1073 3578 Noto
1102 3539 1188 3580 eos
1210 3518 1447 3597 ignorare
1470 3530 1535 3584 de
1561 3515 1818 3588 dormien-

218 3602 376 3667 tibus,
410 3606 720 3665 inscribitur
756 3612 918 3668 Sexta
954 3615 1022 3670 de
1062 3616 1285 3673 Lazaro.
1314 3617 1512 3678 Verum
1545 3623 1682 3680 hanc
1716 3640 1815 3696 po-

219 3705 479 3751 stremam
507 3699 576 3755 de
620 3701 784 3760 Ludis
813 3706 1143 3763 circensibus
1163 3752 1178 3773 ,
1206 3711 1292 3765 illa
1323 3712 1391 3768 de
1422 3714 1816 3773 Dormientibus

220 3790 518 3854 pneccssit,
561 3802 619 3846 ut
656 3794 769 3861 ipsa
799 3797 1032 3853 humilia:
1074 3800 1216 3856 illius
1256 3805 1427 3873 prima
1462 3808 1623 3862 verba
1680 3808 1815 3862 indi-

216 3890 344 3934 cant
371 3899 386 3935 :
421 3881 545 3937 Dies
564 3895 780 3953 quatuor
797 3889 850 3941 in
872 3891 1178 3960 explicanda
1198 3894 1333 3950 vobis
1358 3895 1544 3976 Lauri
1569 3901 1814 3967 parabole

216 3973 647 4041 consumpsimus,
677 3987 780 4033 etc.
809 3979 972 4048 Igitur
1003 3983 1300 4039 Antiochiae
1325 3973 1665 4046 continenter
1695 4002 1813 4061 post

215 4061 510 4119 conciones
533 4065 602 4120 de
635 4067 839 4124 Lazaro
875 4073 1013 4127 hanc
1041 4073 1230 4130 habuit
1267 4077 1562 4145 homiliam,
1586 4083 1674 4137 ulai
1699 4085 1810 4153 pri-

220 4167 369 4206 mum
400 4165 588 4210 contra
617 4158 736 4213 illos
760 4161 897 4231 agit,
925 4165 1012 4234 qui
1034 4166 1303 4222 circenses
1329 4170 1483 4224 ludos
1508 4171 1812 4242 frequenta-

214 4244 370 4313 bant,
403 4257 457 4301 et
488 4257 670 4318 postea
696 4252 762 4306 ad
790 4263 1099 4311 consuetam
1131 4259 1198 4313 de
1218 4257 1417 4316 Lazaro
1439 4271 1494 4317 et
1520 4264 1685 4320 divite
1712 4281 1808 4337 pa-

212 4337 457 4392 rabolam
492 4339 746 4398 dellectit.

287 4427 559 4486 Hactenus
586 4449 795 4505 tempus
809 4452 913 4505 quo
932 4453 1216 4497 conciones
1241 4441 1479 4514 singulas
1510 4446 1806 4505 Antiochic

212 4517 408 4579 habuit
460 4521 881 4599 Cltrysostomus
932 4521 1353 4600 assignavimus,
1407 4535 1565 4591 modo
1606 4540 1800 4604 certis,

212 4612 378 4667 modo
406 4614 582 4670 dubiis
628 4618 860 4674 indiciis.
896 4622 1129 4677 ceteras
1167 4640 1297 4681 vero
1339 4639 1474 4697 quas
1505 4629 1804 4696 edidimus,

212 4718 455 4774 quasque
488 4706 808 4776 Antiochiae,
859 4711 976 4767 sine
1029 4714 1133 4768 ulla
1183 4715 1442 4784 probabili
1486 4720 1802 4787 anninota,

208 4795 467 4850 habuisse
504 4808 784 4869 putamus,
833 4803 917 4859 hic
958 4806 1293 4862 continenter
1332 4823 1683 4879 apponemus,
1712 4812 1806 4868 illo

206 4887 530 4958 ordinequo
555 4891 607 4945 in
636 4893 734 4948 hac
754 4894 985 4951 editione
1013 4897 1270 4952 feruntur.

284 4976 534 5034 [inmitia
575 4982 626 5036 in
667 4982 1018 5042 Pentecosten.
1054 5018 1126 5030 --
1153 4990 1434 5065 llomiliam
1482 4998 1708 5065 primam
1749 4991 1802 5053 in

211 5068 573 5127 Pentecosten
610 5089 676 5130 ne
711 5077 1017 5147 conjectura
1048 5081 1261 5151 quidem
1299 5062 1497 5140 dicere
1522 5100 1803 5156 possumus

208 5177 323 5234 quo
348 5178 490 5219 anno
520 5163 696 5222 habita
726 5168 904 5235 fuerit,
931 5180 992 5225 ut
1018 5171 1070 5226 in
1096 5172 1295 5229 Mouito
1315 5173 1384 5231 ad
1413 5178 1656 5234 eamdem
1690 5195 1804 5250 pro-

214 5253 462 5309 bavimus
489 5255 577 5325 (Τ.
604 5257 659 5313 Ξ.
695 5275 744 5312 .2.
779 5259 930 5333 451).
955 5261 1012 5317 ln
1039 5278 1100 5318 ea
1125 5279 1252 5319 vero
1285 5281 1391 5323 non
1414 5282 1628 5337 parvam
1649 5272 1801 5329 nobis

208 5343 584 5402 \lit‘licultatetn
612 5348 770 5407 affert
791 5351 845 5406 in
870 5357 1248 5412 enumerandis
1281 5359 1575 5429 majoribus
1604 5362 1805 5419 festivi-

212 5439 437 5504 tatibus,
463 5457 597 5513 quas
620 5443 726 5499 sub
772 5445 978 5503 initium
1013 5449 1197 5519 primae
1225 5451 1278 5506 in
1317 5449 1667 5512 Pentecosten
1706 5458 1802 5512 ho-

217 5530 379 5585 stilia:
402 5533 484 5587 sic
526 5547 931 5604 commemorat.
976 5540 1209 5597 Primam
1252 5544 1382 5601 dicit
1427 5545 1795 5617 Epiphaniam,

220 5626 502 5681 secundam
523 5626 746 5695 Pascha,
771 5633 978 5689 tertiam
995 5626 1365 5695 Pentecosten.
1388 5639 1654 5710 Qumritur
1672 5658 1802 5700 vero

223 5728 314 5775 utr
335 5718 576 5778 Natalem
609 5722 806 5780 Christi
828 5725 970 5784 diem
1000 5730 1257 5797 omiserit,
1282 5748 1438 5804 quem
1467 5735 1582 5806 ipse
1607 5735 1678 5793 25
1705 5738 1795 5794 De-

220 5809 452 5868 cembris
488 5813 750 5870 celebrari
794 5816 905 5889 jam
951 5817 1107 5885 dixit,
1162 5832 1212 5878 et
1252 5824 1304 5880 in
1351 5820 1481 5896 quo,
1529 5835 1586 5884 ut
1633 5845 1790 5897 supra

535 5932 799 6002 ῐξΑτιιοι.
844 5933 961 5996 Gtt.
1005 5935 1250 5997 XLV".

1454 404 1636 465 NUNC
1675 407 1936 466 omnes
1977 411 2366 470 ADOllNATA.

259 521 394 563 vero
429 510 743 584 contingere
779 515 966 585 potuit,
1013 527 1071 572 ut
1111 517 1319 588 vigente
1365 521 1450 575 illa
1480 530 1668 587 contra
1701 522 1849 576 Ano-

262 615 436 656 mmos
459 602 867 675 disceptatione,
901 608 952 662 in
985 609 1125 663 nulla
1169 610 1421 667 harumce
1452 628 1644 669 novem
1681 612 1853 668 homi-

257 689 473 753 iiarum.
506 711 624 764 qtta‘
655 698 772 751 sine
798 699 1050 766 dubio,si
1079 702 1267 756 eodem
1291 718 1434 758 anno
1454 714 1509 759 et
1543 721 1726 761 mense
1755 706 1852 761 ha-

256 780 387 836 bitae
413 782 627 856 fuerint,
668 782 819 841 inter"
842 788 1099 850 llomilias
1131 802 1315 847 contra
1359 797 1649 863 Anomceos
1682 797 1849 852 inter-

255 870 442 927 mixta:
461 874 692 940 fuerunt.
710 879 793 933 vel
811 881 1082 935 minimam
1100 882 1279 938 haberi
1295 884 1452 954 hujus
1470 890 1848 944 centroversiat

3448 416 3549 473 Q50

1963 525 2215 586 diximus.
2256 528 2569 582 concinnem
2617 528 2818 582 habuit.
2861 527 2973 588 Diei
3007 527 3141 583 forte
3187 527 3371 598 possit.
3416 532 3544 600 quis

1960 620 2151 674 festum
2180 619 2380 674 Natalis
2403 607 2659 675 Christia
2688 621 3021 692 paucissimis
3047 621 3215 700 annis
3238 621 3546 680 Antiochia:

1955 710 2325 766 celebrabatur
2350 712 2438 766 die
2461 711 2532 768 25
2561 713 2898 779 Decembris,
2930 729 3054 768 eum
3092 723 3246 767 antea
3282 729 3383 768 una
3420 713 3545 781 Epi-

1956 800 2166 869 phaniae
2213 803 2556 870 solemnitas,
2607 804 2696 860 die
2754 815 2904 861 sexta
2973 804 3209 860 Januarii
3261 814 3318 859 et
3367 804 3540 860 Natali

1954 894 2147 947 Christi
2171 935 2185 958 ,
2214 903 2269 948 et
2292 895 2563 966 Magorum
2619 895 2939 958 adorationi.
2966 905 3022 951 et
3044 896 3242 951 Christi
3274 897 3539 965 baptismo

1949 982 2199 1052 deputata
2225 996 2393 1051 esset,
2442 987 2529 1041 hic
2556 987 2850 1044 Secundum
2890 998 3128 1042 veterem
3169 988 3539 1042 solemnitatcs

1949 1077 2262 1131 numerandi
2284 1078 2720 1134 consuetudinem
2742 1094 2771 1131 a
2783 1066 3166 1149 Chrysostomo
3184 1078 3534 1148 Epiphaniam

1948 1166 2256 1233 memorari,
2283 1167 2532 1238 diemque
2557 1167 2797 1224 Natalem
2830 1169 3014 1224 taceri.
3045 1159 3421 1224 ilic-nimirum
3449 1183 3560 1222 τευ-η

1946 1270 2132 1328 ceptus
2158 1260 2226 1314 ab
2257 1277 2373 1316 :evo
2412 1261 2736 1317 recensendi
2772 1275 2888 1317 mos
2937 1261 3101 1318 fuisse
3142 1261 3353 1317 videtur
3390 1260 3530 1329 apud

1945 1351 2306 1432 Antiochenos
2331 1395 2346 1419 ,
2373 1363 2434 1407 ut
2478 1362 2587 1409 tres
2632 1353 2951 1425 insigniores
2992 1353 3355 1408 solemnitates
3379 1353 3528 1408 dicc-

1942 1451 2080 1505 rent,
2108 1443 2460 1513 Epiphaniam
2481 1487 2497 1511 ,
2528 1444 2730 1501 Pascha
2759 1456 2814 1500 et
2862 1446 3214 1502 Pentecosten
3239 1442 3524 1499 :Natalem

1941 1548 2070 1588 vero
2114 1534 2321 1590 Domini
2364 1535 2529 1600 diem,
2561 1537 2682 1608 quia
2713 1552 2885 1607 nuper
2925 1536 3176 1592 inductus
3221 1536 3415 1596 fuerat.
3465 1543 3526 1587 ut

1933 1626 2044 1695 jam
2075 1626 2324 1691 vidimus,
2356 1628 2407 1682 in
2442 1629 2542 1684 hoc
2568 1623 2794 1686 numero
2814 1629 3050 1685 nondum
3085 1636 3365 1700 ponerent,
3396 1628 3519 1699 quis

1932 1707 2092 1773 antea
2118 1733 2242 1773 cum
2270 1720 2565 1790 Epiphania
2593 1722 2986 1776 celebrabatur.

2008 1808 2253 1864 Secunda
2285 1812 2446 1864 etiam
2492 1811 2557 1867 de
2583 1811 2902 1869 Pentecoste
2929 1813 3145 1866 homilla
3177 1810 3373 1866 nullam
3408 1823 3521 1880 pro

1936 1913 1995 1954 se
2039 1897 2141 1953 fert
2182 1902 2438 1970 temporis
2484 1911 2685 1957 notam.
2731 1903 2786 1957 In
2826 1901 2929 1958 bac
2974 1917 3134 1974 perm
3166 1903 3516 1959 Pentecosteu

1924 2002 2094 2051 Vocat
2119 1993 2536 2066 Clirysostomus
2566 1996 2882 2067 metropolim
2908 2001 3148 2068 festorum
3166 2034 3182 2061 ,
3220 1995 3343 2065 quia
3371 1995 3520 2050 video

1933 2083 2080 2148 licet,
2112 2094 2168 2139 ut
2206 2086 2402 2141 ibidem
2431 2086 2633 2157 adjicit,
2664 2086 2895 2143 fructum
2939 2087 3027 2141 illa
3059 2086 3347 2142 Dominica:
3389 2099 3516 2156 pro-

1932 2176 2204 2231 missionis
2227 2176 2400 2236 aﬂ‘ert.
2440 2177 2556 2232 Non
2583 2192 2752 2247 pauca
2792 2189 2975 2233 contra
3001 2174 3518 2249 Pnenmatomacbos

1932 2266 2169 2334 disserit,
2186 2269 2277 2340 qui
2305 2268 2534 2339 Spiritus
2555 2269 2725 2324 sancti
2749 2270 3081 2337 majestatcm
3106 2281 3170 2322 ac
3182 2266 3513 2321 divinitatem

1933 2360 2294 2430 impetebant:
2319 2375 2382 2416 ac
2408 2372 2690 2432 postquam
2713 2360 2782 2417 de
2811 2360 3070 2416 fructibus
3091 2359 3322 2429 Spiritus
3341 2357 3512 2413 sancti

1932 2452 2096 2504 multa
2131 2452 2367 2520 protulit,
2397 2453 2556 2507 ﬁnem
2585 2452 2796 2509 dicendi
2820 2451 2968 2508 facit.

2002 2541 2281 2597 Contiones
2327 2545 2464 2597 alim.
2504 2573 2577 2585 —-
2613 2545 2910 2599 Antiochiae
2962 2545 3090 2600 item
3132 2545 3336 2626 incerto
3370 2556 3513 2599 anno

1930 2636 2242 2690 concionem
2269 2634 2454 2690 habuit
2480 2635 2549 2691 de
2574 2635 2632 2691 S.
2678 2635 2891 2706 Pelagia
2922 2646 3156 2708 martyre.
3179 2634 3509 2696 Antiochena

1931 2724 2017 2798 (Τ.
2046 2725 2101 2779 2.
2133 2746 2179 2781 c.
2209 2725 2380 2795 579),
2410 2741 2528 2795 qua:
2573 2740 2697 2793 cum
2744 2724 3062 2781 Christianos
3108 2725 3228 2780 lidei
3276 2730 3434 2785 causa
3476 2739 3508 2778 ι

1931 2817 2188 2872 militibus
2210 2817 2521 2874 abducenda
2545 2808 2719 2884 esset,
2749 2833 2819 2874 ne
2850 2818 3136 2889 virginitati
3175 2832 3285 2873 sua:
3315 2818 3394 2871 vis
3424 2818 3507 2872 in.

1919 2908 2193 2975 “ferretur,
2238 2925 2358 2969 sese
2420 2911 2744 2984 priocipitem
2804 2910 2985 2976 dedit,
3040 2920 3095 2966 et
3154 2910 3233 2965 sic
3279 2920 3505 2965 mortem

1926 2997 2026 3051 sibi
2065 3001 2322 3055 conscivit
2368 3006 2446 3063 ῐὶρ
2482 3020 2585 3059 nua
2629 3014 2812 3058 sancta
2841 3001 3045 3071 virgine
3082 2999 3249 3076 multa
3297 3014 3507 3054 memo-

1926 3095 2110 3142 rantur
2122 3087 2177 3141 in
2191 3085 2397 3142 Μοιιὶιο
2410 3087 2633 3156 ibidem,
2646 3104 2886 3159 quianon
2896 3100 3026 3148 sunt
3054 3089 3335 3160 umentis
3357 3088 3509 3143 insti-

1926 3178 2043 3248 tuti.

1973 3249 2052 3321 in
2077 3277 2317 3324 sanctum
2346 3284 2560 3340 quoque
2598 3270 2857 3340 lgnatium
2889 3267 3172 3340 Deiferttm,
3209 3266 3520 3329 Antiochia

1922 3360 2327 3429 cpiscopumet
2358 3366 2669 3432 “martyrem,
2695 3360 3008 3415 concionem
3057 3348 3244 3415 habuit
3276 3360 3507 3431 Chryso-

1924 3459 2151 3517 stomus,
2173 3450 2356 3520 paucis
2379 3460 2498 3521 post
2520 3452 2834 3527 concionem
2860 3451 2912 3505 in
2934 3453 2993 3507 S.
3020 3450 3288 3521 Pelagiam
3317 3450 3507 3504 diebus

1922 3540 2009 3614 (Τ.
2037 3541 2092 3596 2.
2126 3555 2177 3592 c.
2205 3540 2343 3614 587)
2377 3561 2391 3598 :
2421 3543 2487 3598 de
2502 3558 2644 3598 anno
2664 3553 2841 3600 autem
2865 3558 2934 3598 ne
2958 3541 3504 3612 conjecturaquidem

1920 3641 2156 3689 statuere
2179 3633 2451 3704 quidpiam
2478 3649 2784 3703 possumus.
2811 3630 3028 3689 Festum
3061 3635 3119 3688 3.
3153 3631 3337 3701 ignatii
3362 3633 3502 3686 cele-

1919 3723 2107 3779 bratur
2132 3723 2270 3793 apud
2286 3738 2382 3778 nos
2409 3724 2578 3794 prima
2598 3723 2895 3786 Februarii,
2915 3722 3055 3792 apud
3076 3721 3296 3802 graecos
3319 3730 3501 3777 autem

1917 3815 2172 3885 vigesima
2197 3815 2284 3870 die
2310 3814 2651 3879 Decembris;
2682 3816 2805 3882 quia
2831 3829 2960 3868 vero
2982 3814 3034 3867 in
3065 3813 3190 3867 Mss.
3223 3813 3381 3866 etiam
3410 3828 3505 3865 an-

1919 3905 2236 3975 tiquissimis
2257 3913 2483 3960 notatur.
2498 3919 2559 3958 ea
2593 3904 2705 3973 ipsa
2732 3902 2848 3958 dies
2886 3903 3142 3972 vigesima
3172 3901 3500 3962 Decembris.

1917 3990 2207 4051 verisimile
2253 3995 2464 4050 videtur
2492 3996 2582 4050 illa
2615 3995 2705 4050 die
2740 3994 2975 4048 habitam
3023 3993 3190 4047 fuisse
3217 3991 3354 4046 hanc
3380 4004 3513 4046 con-

1917 4088 2147 4150 sionem,
2175 4101 2279 4142 non
2307 4095 2485 4140 autem
2516 4086 2578 4140 l7
2608 4084 2915 4147 Decembris
2940 4124 2954 4148 ,
2982 4097 3082 4152 qua
3110 4082 3196 4136 die
3226 4080 3507 4135 translatio

1914 4177 2031 4246 eius
2054 4176 2354 4232 celebratur
2390 4174 2711 4251 iit-Ecclesia
2759 4173 3020 4235 Romana,
3072 4180 3131 4226 ut
3166 4179 3313 4226 recte
3351 4178 3505 4225 notat

1914 4262 2116 4323 Fronto
2157 4268 2397 4336 Quotiens,
2443 4267 2531 4337 qui
2562 4276 2672 4322 tres
2694 4264 2822 4335 ejus
2856 4263 3230 4319 translationes
3266 4277 3504 4317 comme-

1916 4370 2122 4422 morat;
2157 4360 2379 4429 primam
2419 4359 2586 4413 Roma
2628 4356 2988 4423 Antiochiam,
3022 4362 3082 4410 ut
3119 4353 3376 4424 putabant
3418 4352 3502 4406 di—

1912 4454 2098 4522 scipuli
2153 4456 2304 4524 ejus,
2354 4453 2444 4522 qui
2487 4453 2617 4508 Acta
2656 4452 3000 4520 scripserant,
3047 4448 3263 4520 quando
3303 4462 3504 4518 nempe

1911 4545 2148 4616 reliquid:
2194 4546 2311 4615 ejus
2351 4544 2624 4600 translatm
2660 4550 2787 4596 sunt
2813 4558 2827 4596 :
2857 4556 2980 4596 nam
3017 4540 3401 4614 Chrysos‘tomo
3443 4538 3501 4592 in

1912 4638 2014 4693 hac
2041 4636 2257 4692 humilia
2287 4651 2351 4691 ac
2374 4636 2696 4708 Hieronymo
2722 4632 2977 4699 testibus,
3007 4647 3129 4688 ossa
3159 4632 3277 4702 ejus
3312 4631 3476 4686 Antio

1909 4730 2045 4785 chia:
2085 4730 2466 4801 quiescebant,
2493 4736 2548 4784 et
2571 4727 2787 4798 quidem
2813 4735 2964 4782 extra
2992 4735 3199 4795 portam
3231 4723 3499 4794 Daphmtl-

1915 4834 2036 4875 ram
2075 4808 2129 4874 in
2166 4815 2516 4881 cmmcterio,
2551 4813 2731 4883 inquit
2772 4818 3128 4889 Hieronymus
3164 4815 3217 4871 in
3246 4816 3390 4871 libro
3426 4814 3497 4870 de

1911 4910 2273 4981 Scriptoribus
2320 4909 2726 4965 Ecciesiasticis.
2774 4908 3020 4964 Secunda
3074 4904 3352 4963 translatio
3396 4907 3506 4961 im-

1911 5013 2131 5071 perante
2146 4998 2449 5054 Theodosio
2469 4999 2510 5053 ll
2525 4998 2662 5055 facta
2674 5007 2775 5064 est,
2792 5013 2913 5054 cum
2927 4998 2974 5067 ej
2982 5013 3042 5052 us
3048 4998 3200 5067 jussu
3218 5012 3286 5053 ex
3301 5011 3496 5053 came-

1911 5092 2046 5148 terio
2071 5092 2123 5147 in
2149 5091 2402 5161 templum
2423 5089 2675 5146 Fortuna:
2694 5090 2810 5160 ejus
2836 5104 2957 5144 ossa
2981 5088 3233 5171 translata
3259 5096 3406 5153 sunt,
3438 5099 3497 5142 et

1910 5184 2166 5256 templum
2192 5185 2317 5238 olim
2341 5183 2675 5239 daemonibus
2694 5182 2949 5249 dicatum,
2973 5173 3195 5255 martyri
3216 5196 3497 5237 consecra-

1910 5289 2022 5332 tum
2048 5288 2150 5335 est.
2183 5275 2355 5345 inquit
2384 5274 2662 5345 Evagrius.
2692 5274 2927 5332 Tertiam
2959 5273 3359 5330 translationem
3391 5274 3494 5329 An-

1908 5358 2102 5424 tiochia
2150 5366 2374 5423 Romam
2401 5375 2684 5439 memorat
2708 5364 3139 5439 Martyrologium
3167 5363 3481 5424 Romanum,

1908 5476 2029 5517 cum
2070 5460 2123 5515 in
2148 5460 2373 5518 ecclesia
2402 5458 2460 5513 S.
2495 5457 2789 5515 Ciemeutis
2817 5458 3090 5514 recondita
3124 5465 3269 5512 sunt.
3297 5455 3354 5511 in
3391 5456 3490 5511 hac

1906 5565 2035 5606 vero
2058 5531 2316 5606 concione
2350 5549 2764 5623 Chrysostomos
2797 5549 3054 5620 ignatium
3079 5548 3154 5604 ait
3186 5547 3311 5604 feris
3339 5547 3487 5616 obje-

1907 5654 2050 5699 ctum
2080 5644 2314 5715 quinque
2337 5656 2564 5698 coronas
2589 5657 2876 5709 meruisse;
2903 5640 3034 5699 dicit
3054 5642 3274 5713 insuper
3301 5640 3480 5697 Antio-

1907 5737 2041 5792 chia:
2062 5719 2287 5794 ducerita
2318 5736 2590 5791 hominum
2620 5735 2785 5792 millia
2811 5751 2951 5792 esse.

1957 5831 2222 5900 Aliquam
2253 5833 2571 5888 concionem
2612 5830 2909 5886 Antiochia!
2948 5830 3249 5886 habitarunt
3292 5830 3490 5887 seriem

3075 5942 3146 6001 11
