4264 6306
755 465 845 520 tat
1841 464 1896 517 s.
1939 460 2215 517 λελικΝῶ
2256 453 2727 517 L‘ttBYSOSTtml
2772 462 2951 523 Vtra.

753 581 904 633 nobis
940 579 1134 655 indicat
1163 579 1250 645 (Τ.
1307 579 1356 631 6.
1392 598 1435 631 τ.
1483 576 1601 645 155)
1628 579 1746 655 ipse
1782 574 2192 631 Clit'v'~o~tniiitt<
2228 591 2331 627 sero

751 676 906 724 mone
935 654 1105 739 prium
1140 672 1205 725 de
1248 671 1417 725 verbis
1438 654 1704 730 Jeretniae,
1735 686 1856 725 eum
1888 671 1959 723 ait
1990 686 2043 722 n.
2086 672 2105 752 ξ
2158 683 2169 718 :
2204 667 2331 719 Pro-

752 774 918 832 pterea
948 765 1008 816 de
1038 764 1184 818 Petro
1211 774 1255 817 et
1287 762 1449 816 Paulo
1494 780 1653 832 nuper
1700 763 2136 819 dtsseruissemus.
2184 772 2226 812 et
2272 765 2334 813 de

750 866 925 910 exorta
967 858 1096 910 inter
1135 858 1267 925 ipso:
1300 856 1580 909 Antiochia:
1614 867 1982 915 controt'ersta,
2014 870 2334 923 pugnumque

748 950 911 1012 illum,
939 965 1049 1017 qum
1074 951 1198 1002 inter
1214 965 1295 1001 eos
1313 965 1416 1000 esse
1439 948 1713 1011 ridebatur,
1740 963 1861 1015 pare
1886 947 2056 1016 quavis
2082 948 2332 999 utiliorem

748 1040 884 1092 vobis
910 1041 1313 1103 ostendissemus,
1349 1056 1555 1110 euntque
1584 1039 1651 1092 ad
1672 1050 1984 1109 prmruptam
2018 1051 2064 1092 et
2099 1056 2332 1109 asperum

752 1147 834 1182 ros
864 1130 1003 1181 illaut
1032 1122 1160 1182 rium
1189 1124 1590 1194 deduxisscnms,
1620 1130 1686 1180 ad
1710 1129 1852 1181 aliud
1876 1140 2226 1199 argumentum
2248 1145 2333 1180 ros

749 1218 1102 1285 trtuluriums,
1150 1221 1271 1273 dum
1314 1220 1445 1274 beati
1492 1220 1744 1273 Eustat/tii
1800 1222 2055 1287 pra'couia
2109 1236 2334 1272 sm'moue

749 1312 996 1379 t'omplexi
1019 1328 1211 1381 sumus,
1236 1320 1405 1380 etpost
1430 1310 1574 1361 illum
1601 1310 1825 1379 generosi
1853 1312 2086 1381 martyris
2116 1309 2331 1363 [latri/mi

750 1403 928 1455 laudes
970 1390 1341 1473 percurrimus,
1390 1418 1502 1453 cum
1540 1402 1787 1455 illustrius
1832 1401 1972 1455 nobis
2022 1402 2210 1468 factum
2264 1410 2332 1452 est

753 1499 1033 1556 theatrum,
1085 1496 1301 1565 amplior
1353 1496 1632 1564 uppluusus
1678 1507 1720 1547 et
1755 1496 1920 1562 nntjor
1964 1495 2204 1563 strepitus
2248 1511 2333 1546 uc-

747 1587 1095 1640 rlummtlium.
1200 1588 1201 1591 i

821 1680 1097 1751 Concinitth
1130 1680 1264 1733 ulia’.
1284 1710 1349 1719 —
1373 1679 1539 1746 Quam
1566 1681 1785 1749 primum
1818 1679 1901 1733 hic
1925 1689 2182 1733 memorat
2206 1694 2335 1733 cnn-

758 1772 1000 1836 cionem,
1036 1790 1094 1822 ea
1124 1760 1223 1835 (ist,
1260 1788 1417 1841 quam
1476 1783 1593 1841 post
1637 1774 1917 1828 lectionem
1970 1774 2221 1841 Epistula:
2267 1773 2330 1827 azl

751 1863 962 1915 Galatas
987 1863 1067 1931 (Τ.
1099 1866 1148 1917 5.
1178 1879 1220 1915 r.
1242 1864 1367 1933 5η)
1396 1865 1691 1918 Antiochia:
1719 1865 1899 1918 habuit
1927 1865 2334 1935 Clirysostonnts

751 1954 802 2005 in
837 1952 983 2018 illud,
1017 1952 1077 2005 In
1111 1955 1291 2023 faciem
1320 1954 1475 2007 Petro
1504 1955 1683 2009 restiti.
1717 1955 1927 2007 Veritus
1955 1958 2097 2007 enim
2124 1971 2188 2006 ne
2215 1964 2331 2007 tan-

753 2032 884 2106 tilla,
912 2062 1031 2113 que
1063 2045 1147 2100 hic
1186 2058 1406 2115 apparet
1445 2049 1581 2100 inter
1625 2048 1837 2101 Petrum
1869 2056 1921 2101 et
1963 2048 2203 2112 Paulum,
2234 2048 2332 2100 lic—

750 2139 928 2191 eli-sia:
973 2139 1268 2203 columnas,
1312 2140 1576 2193 dissensio
1628 2141 1831 2207 piorum
1879 2141 2086 2192 animos
2132 2149 2337 2209 pet-tur-

754 2230 919 2290 lnaret,
952 2229 1103 2299 longa
1149 2230 1319 2307 locum
1367 2231 1510 2283 illum
1544 2232 1786 2293 oratione
1814 2232 2098 2299 explanare
2130 2231 2332 2283 nititur.

752 2319 941 2372 Statim
969 2320 1199 2388 expliCat
1227 2330 1420 2390 quanta
1449 2322 1569 2374 hinc
1598 2320 1931 2375 ineummoda
1958 2332 2259 2389 sequantur,
2293 2322 2334 2374 si

751 2425 877 2465 vere
898 2421 951 2464 ct.
978 2412 1289 2481 objurgandi
1319 2414 1515 2477 animo,
1542 2414 1784 2482 plurimis
1806 2417 2180 2483 plvesentibus,
2211 2430 2335 2482 apu-

753 2503 982 2557 tolurum
1026 2504 1364 2574 coryphaeum
1410 2506 1607 2561 Paulus
1648 2507 1716 2559 sit
1754 2507 1993 2562 adortus.
2044 2507 2176 2560 llinc
2205 2506 2337 2559 duas

750 2596 890 2648 circa
914 2596 1053 2650 hunc
1082 2597 1254 2651 locum
1283 2600 1578 2651 sententias
1597 2598 1765 2665 aperit
1791 2600 2079 2667 statimque
2108 2598 2333 2651 refutat:

751 2701 974 2754 quarum
1019 2688 1164 2756 prior
1196 2700 1295 2753 est,
1337 2688 1573 2749 Petrum,
1614 2689 1679 2742 de
1717 2705 1821 2757 quo
1861 2689 1944 2741 hic
1991 2690 2197 2757 agitur,
2233 2705 2335 2741 non

751 2779 1114 2846 apostolorum
1143 2780 1457 2849 principem,
1491 2779 1583 2833 sed
1612 2780 1771 2832 alium
1797 2795 1914 2833 esst,-
1937 2782 2334 2849 cognominem;

756 2872 921 2922 altera
964 2872 1145 2925 statuit
1192 2887 1369 2924 veram
1400 2886 1534 2927 esse
1577 2873 2071 2941 reprehensionem,
2124 2887 2222 2925 nec
2264 2872 2337 2924 si-

752 2960 949 3014 mulate
995 2960 1207 3015 lactant.
1256 2962 1455 3015 Deinde
1499 2979 1631 3016 vero
1677 2978 1827 3017 suam
1876 2964 1960 3017 ille
2001 2963 2337 3034 profertopi-

754 3051 999 3104 nionem:
1032 3068 1223 3120 nempe
1246 3053 1518 3122 apostolos
1546 3053 1759 3107 l’etrum
1788 3062 1842 3107 et
1864 3053 2084 3107 Paulum
2113 3054 2177 3108 ad
2205 3056 2339 3108 lianc

754 3142 890 3209 piam
934 3142 1327 3196 simulationem
1387 3154 1601 3211 paratos
1652 3145 2043 3214 meditatusque
2088 3146 2337 3209 venisse,

758 3248 930 3301 exque
959 3243 1111 3301 pacto
1138 3244 1189 3286 et
1220 3244 1483 3288 convento
1513 3237 1647 3290 inter
1677 3236 1862 3289 ambos
1893 3236 2058 3300 inito;
2091 3247 2197 3289 ttnn
2224 3252 2281 3291 se
2309 3252 2339 3290 a

755 3324 1007 3393 gentibus
1040 3340 1349 3395 segregasse
1381 3327 1627 3389 Petrum,
1662 3343 1727 3379 ne
1760 3327 1810 3380 in
1834 3326 2140 3381 Sudatorum
2172 3328 2341 3380 olfett-

751 3418 955 3469 sionem
993 3429 1324 3483 occurreret,
1371 3428 1479 3471 tum
1520 3418 1740 3472 Paulum
1782 3420 1832 3472 ei
1875 3419 1926 3473 in
1957 3419 2144 3473 facient
2189 3422 2341 3473 resti-

754 3508 901 3570 tisse,
950 3508 1039 3561 illo
1095 3525 1198 3562 non
1248 3510 1563 3577 reluctante,
1596 3511 1715 3579 quia
1760 3510 2038 3565 amborum
2084 3527 2146 3565 ea
2189 3526 2341 3565 tuens

752 3607 897 3662 erat,
928 3613 984 3652 ttt
1016 3599 1143 3668 legis
1168 3600 1350 3670 jugnm
1390 3602 1638 3670 gentibus
1667 3618 1771 3654 nou
1810 3603 2196 3672 imponeretur.
2225 3603 2343 3656 Cll!-

754 3688 925 3741 terum
956 3688 1318 3759 Cbrysostomi
1348 3692 1550 3761 opinio,
1580 3709 1698 3761 qua:
1748 3693 1816 3747 ab
1842 3692 2069 3763 Origene
2097 3709 2341 3748 manasse

752 3778 1008 3843 creditur,
1037 3780 1104 3833 ab
1126 3781 1460 3852 Hieronymo
1487 3784 1714 3851 primum
1745 3794 2071 3853 propugnant
2093 3826 2105 3847 ,
2136 3785 2207 3838 ab
2243 3788 2342 3838 Au-

748 3872 964 3939 gustino
993 3873 1215 3927 refutatu
1245 3886 1346 3940 est,
1378 3886 1654 3931 asserente
1692 3889 1871 3931 veram
1904 3895 2001 3932 nec
2037 3880 2339 3932 simulatam

757 3964 917 4018 fuisse
955 3965 1101 4019 Pauli
1143 3968 1740 4035 reprehensionem,.ita
1779 3980 1835 4023 ut
1870 3971 1986 4039 ejus
2012 3974 2343 4039 argumentis

754 4055 971 4110 cederet
1027 4058 1139 4127 ipse
1186 4060 1563 4131 Hieronymus.
1610 4061 1727 4115 Non
1771 4062 1964 4117 desunt
2025 4050 2201 4117 taineu
2250 4065 2341 4131 qui

757 4149 980 4215 primum
1012 4151 1363 4217 sententiam,
1393 4168 1511 4221 qua:
1539 4153 1752 4206 Petrum
1796 4155 1863 4207 ab
1905 4155 2147 4223 apostolo
2177 4157 2339 4208 alium

751 4241 966 4304 asserit,
992 4258 1088 4295 nec
1107 4259 1192 4311 qui
1217 4244 1506 4298 secundum
1528 4260 1559 4298 a
1581 4244 1961 4315 CltrySOstomo
1982 4261 2340 4317 oppugnatam

755 4329 1017 4401 hodieque
1048 4333 1357 4387 defendant.

828 4423 973 4503 llane
999 4428 1307 4481 concionem
1336 4428 1545 4497 excepit
1572 4428 1797 4483 Humilia
1826 4427 1911 4501 (Τ.
1944 4429 1999 4483 2.
2035 4451 2080 4485 ε.
2104 4432 2239 4499 595)
2289 4433 2340 4485 in

759 4517 817 4571 S.
846 4508 1185 4573 Eustatliinm
1210 4518 1599 4574 Autiocbenum
1630 4518 1962 4591 episcopum,
1989 4522 2077 4592 qui
2098 4523 2166 4575 ab
2191 4524 2343 4577 Aria-

758 4613 860 4677 nis,
882 4612 1031 4682 queis
1053 4612 1339 4664 adnnulum
1366 4612 1586 4666 infestus
1604 4622 1742 4677 erat,
1768 4613 2062 4677 abdicatus,
2079 4624 2133 4669 et
2157 4630 2347 4673 eorum

757 4723 918 4773 Opera
962 4707 1011 4760 in
1037 4706 1283 4759 exsilium
1324 4704 1642 4759 anta'udatus
1674 4704 1863 4759 fuerat.
1905 4707 1981 4761 De
2020 4707 2140 4760 loco
2170 4708 2341 4761 exsilii

760 4815 865 4850 non
895 4813 995 4850 una
1026 4807 1108 4850 est
1137 4793 1437 4862 sententia;
1489 4796 1834 4868 llierouymo,
1875 4798 1965 4867 qui
2011 4798 2138 4853 dicit
2170 4799 2341 4870 ip~ttnt

757 4889 1155 4958 Tl'ttjtltlttptilllll
1209 4891 1261 4944 in
1311 4889 1535 4943 Thracia
1588 4890 1890 4961 ablegatum
1942 4891 2149 4957 fuisse,
2203 4898 2343 4947 lavet

754 4982 1190 5052 Chrysos‘lotnns.
1224 4981 1312 5050 qui
1359 4984 1432 5034 ait
1458 4981 1574 5050 ejus
1615 4997 1810 5052 corpus
1844 4985 1899 5037 in
1929 4983 2151 5040 Thracia
2200 5002 2340 5042 esse.

757 5076 872 5129 Alia
901 5075 1121 5144 plurima
1152 5075 1216 5129 de
1245 5074 1525 5129 Eustathio
1553 5075 1784 5130 diximus
1812 5076 2086 5133 inMonito
2108 5081 2174 5133 ad
2207 5081 2346 5137 hanc

758 5168 1093 5230 concinnem,
1141 5168 1226 5221 tibi
1273 5168 1391 5222 vide
1431 5169 1524 5222 sis.
1574 5168 1628 5223 ιη
1658 5168 1773 5238 ejus
1799 5180 1977 5225 autem
2005 5172 2343 5230 abdicatione

758 5269 864 5313 tota
902 5275 1038 5329 pene
1063 5260 1325 5315 seditione
1366 5263 1715 5331 conflagravit.
1756 5264 2061 5319 Antiochia.
2109 5268 2345 5321 Annalis

757 5353 899 5404 enim
932 5352 1196 5419 utrimque
1223 5353 1483 5422 partibus,
1507 5354 1833 5425 adscitisque
1859 5356 2134 5423 militibus,
2162 5360 2344 5413 omnia

754 5452 909 5496 t‘l‘nttl.
930 5444 996 5495 ad
1022 5459 1247 5514 pugnam
1277 5457 1330 5499 ct
1361 5444 1680 5500 horrendam
1707 5447 1913 5502 cladem
1954 5459 2135 5518 parata
2164 5468 2178 5515 ;
2212 5467 2343 5505 ven-

756 5546 975 5606 tumque
1008 5536 1186 5591 luisset
1209 5538 1272 5592 ad
1305 5539 1527 5608 gladios,
1560 5541 1659 5593 nisi
1698 5542 2135 5609 supervenientes
2176 5542 2343 5613 Impe-

758 5631 951 5682 ratoris
1011 5630 1178 5684 litera:
1236 5632 1446 5700 plebem
1504 5633 1980 5701 compescuisscnt.
2035 5633 2344 5704 Tamenqne

759 5726 940 5778 Ariani
972 5742 1082 5778 sua:
1112 5736 1271 5779 80.6111:
1296 5726 1563 5781 hominem
1593 5728 1900 5795 episcopum
1927 5728 2340 5782 constituerunt.

761 5817 1071 5888 lteindeque
1106 5817 1363 5871 Catholici
1394 5817 1597 5871 induas
1618 5827 1671 5871 et
1700 5818 1793 5887 ipsi
1826 5829 2001 5887 partes
2024 5818 2175 5871 divisi
2199 5830 2340 5872 sunt:

755 5926 876 5981 quae
914 5913 1090 5966 omnia
1119 5912 1226 5981 jam
1257 5911 1487 5966 diximus
1518 5928 1676 5984 ξυμ-ιι
1710 5922 1760 5968 et
1793 5912 1844 5967 in
1890 5912 2079 5967 eodem
2122 5913 2343 5972 Muttito.

3930 462 4025 516 17ῗὶ

2518 576 2640 629 Post
2688 577 2966 632 llomiliam
3016 578 3063 632 in
3111 578 3166 633 S.
3222 579 3553 635 Eustathium
3594 577 3681 649 (Τ.
3726 576 3779 631 2.
3823 594 3868 629 ε.
3902 578 4035 645 (265),

2441 666 2855 739 Cbrysostomus
2886 672 3195 725 lincmnium
3225 675 3276 725 in
3316 673 3369 726 S.
3407 674 3700 725 ltomauum
3735 674 4029 725 Antioche-

2445 775 2568 811 num
2599 760 2881 830 Martyrem
2914 764 3153 832 protulit.
3184 763 3248 817 de
3278 780 3384 833 quo
3412 764 3658 817 nonnulla
3700 773 3825 817 sunt
3855 763 3904 816 in
3936 763 4032 815 du-

2444 852 2586 905 bium
2620 865 2821 915 vocata,
2854 870 2972 923 qua:
3018 856 3067 907 in
3102 856 3298 907 Mouito
3333 856 3724 923 expenduntur.
3759 855 4030 908 Rullianus

2444 943 2530 997 iile
2578 953 2676 1007 est,
2710 945 2795 1012 qui
2844 955 3120 1013 postquam
3166 945 3337 1014 lingua
3369 956 3638 1014 amputata
3688 946 3783 1014 ipsi
3826 946 3939 1003 fuit,
3977 954 4031 996 ut

2442 1045 2595 1089 antea
2625 1036 2957 1105 loquebatur.
2985 1038 3161 1090 Altera
3191 1038 3240 1089 in
3265 1038 3320 1093 S.
3354 1037 3649 1090 Romanum
3683 1036 3897 1090 liomilia
3935 1037 4033 1089 ibi-

2441 1127 2563 1180 dem
2604 1129 2863 1196 Sequitur,
2891 1128 3042 1197 cujus
3074 1130 3241 1198 stylus
3283 1128 3647 1199 (.ltrysostonti
3679 1128 3888 1182 dicendi
3939 1142 4031 1195 ge-

2444 1218 2554 1271 neri
2606 1230 2708 1271 tam
2752 1218 3011 1287 absimilis
3042 1218 3270 1281 videtur,
3321 1214 3377 1272 ut
3407 1221 3494 1271 vix
3523 1218 3665 1271 credi
3710 1218 3878 1286 possit
3905 1233 4028 1270 csse

2442 1311 2499 1362 Β.
2525 1308 2759 1362 doctoris
2785 1324 2921 1378 opus
2961 1327 2975 1363 :
3007 1312 3182 1385 omnia
3230 1309 3395 1377 tropis
3444 1309 4030 1378 exclamationilmsque

2443 1399 2761 1463 redundant,
2795 1411 2859 1457 et,
2879 1400 3056 1454 nescio
3086 1400 3208 1469 quid
3240 1400 3597 1470 peregrinum
3641 1400 3805 1453 olent.
3851 1400 4031 1466 Quare

2440 1490 2713 1543 crederem
2741 1492 2912 1558 potius
2937 1491 3347 1567 esst-,cu’iusdmn
3372 1490 3663 1561 presbyteri
3686 1489 4026 1551 Antiocheni,

2440 1584 2528 1651 qui
2558 1585 2655 1635 sub
2684 1584 2939 1637 Flaviano
2968 1584 3201 1635 alternas
3232 1599 3351 1635 cum
3382 1582 3767 1651 Clirysosmmo
3807 1581 4030 1634 concio-

2442 1672 2599 1726 naudi
2626 1683 2803 1741 partes
2829 1682 3027 1741 ageret,
3055 1674 3103 1726 id
3131 1673 3269 1742 qi'iod
3299 1672 3727 1741 frequentissime
3753 1672 4033 1726 accidebat

2442 1764 2531 1816 illo
2565 1775 2837 1833 tempore;
2868 1767 2936 1817 ita
2972 1775 3026 1817 ut
3058 1764 3177 1817 dum
3210 1774 3385 1819 tresve
3410 1766 3696 1819 conciones
3722 1764 3913 1818 eodem
3942 1765 4031 1817 die

2441 1858 2781 1912 continenter
2810 1858 3141 1911 dicerentur.

2513 1952 2898 2022 Cbry-ostomo
2918 1951 3071 2015 duce,
3100 1959 3155 2003 ut
3182 1965 3340 2019 Supra
3367 1950 3564 2003 dictum
3583 1960 3685 2012 est,
3711 1959 3828 2017 post
3849 1949 4034 2003 lloini-

2443 2044 2565 2097 liam
2584 2043 2633 2094 in
2656 2042 2713 2095 S.
2734 2042 3027 2095 Romanum
3048 2051 3356 2106 martyrem,
3380 2044 3624 2109 ponimus
3650 2042 3963 2095 concionem
3980 2042 4032 2095 in

2444 2135 2566 2187 illud
2596 2133 2841 2188 Ieremia:
2859 2131 2947 2202 (Τ.
2970 2132 3019 2185 6.
3049 2146 3096 2185 c.
3122 2130 3243 2202 155)
3267 2130 3532 2193 :Domine,
3555 2148 3653 2183 non
3672 2143 3740 2184 est
3764 2132 3813 2183 in
3832 2133 4037 2184 homine

2443 2229 2522 2279 riu
2548 2228 2675 2299 ejus,
2701 2242 2857 2297 neque
2880 2228 3027 2277 homo
3050 2225 3157 2289 ibit,
3195 2234 3239 2276 et
3268 2224 3446 2294 diriget
3472 2240 3695 2293 gressum
3717 2242 3862 2276 suum
3895 2222 3952 2295 (J
3956 2241 4031 2276 er.

2446 2322 2530 2375 lt).
2558 2322 2672 2391 ‘25).
2707 2321 2822 2386 Quo
2854 2320 2970 2373 loco
2992 2329 3042 2373 et
3072 2318 3336 2388 plerisque
3370 2317 3488 2370 aliis
3514 2318 3563 2370 in
3585 2306 3858 2387 Scriptu'ra
3881 2334 4033 2370 sat-ra

2442 2414 2703 2466 similibus
2730 2411 3085 2465 abutebantnr
3112 2410 3283 2475 multi,
3308 2409 3394 2477 qui
3426 2408 3667 2462 dicebant
3709 2424 3813 2461 non
3845 2424 3909 2461 ex
3937 2425 4035 2458 vo-

2444 2504 2644 2557 luntate
2662 2514 2712 2557 ct
2732 2502 2954 2556 arbitrio
2971 2512 3149 2555 nostro
3172 2499 3403 2569 pendere
3421 2509 3475 2552 ut
3502 2499 3585 2553 vel
3605 2498 3800 2551 bonum
3830 2499 3910 2550 vel
3930 2515 4035 2549 mn-

2444 2598 2550 2650 lum
2582 2611 2820 2664 agamus.
2850 2595 2957 2648 llos
2977 2594 3319 2648 vehementer
3342 2592 4035 2661 increpatChrysostomns,

2442 2686 2776 2755 alllrtnatque
2804 2701 2966 2755 penes
2990 2685 3266 2738 arbitrium
3293 2692 3531 2737 nostrum
3560 2697 3682 2736 esse
3722 2683 3803 2736 vel
3835 2682 4037 2735 bonum

2446 2780 2527 2833 vel
2553 2781 2747 2833 malum
2784 2794 2976 2848 agere;
3011 2794 3111 2830 non
3140 2776 3279 2845 quod
3304 2777 3367 2829 ad
3400 2777 3593 2828 bonum
3633 2775 3898 2845 agendum
3930 2792 4037 2829 non

2443 2890 2692 2943 egeamus
2717 2872 2883 2941 gratia
2916 2872 3003 2924 Dei
3029 2888 3042 2935 ;
3071 2887 3192 2924 nam
3227 2880 3280 2922 ut
3309 2868 3431 2922 alibi
3476 2884 3621 2936 s:epe
3652 2869 3799 2930 d;cit,
3836 2868 4038 2921 volenti

2443 2983 2654 3036 semper
2680 2965 2831 3017 adest
2857 2964 3023 3032 gratia
3071 2963 3182 3025 Dei,
3213 2978 3309 3015 nec
3339 2962 3425 3030 qui
3474 2972 3675 3030 peccat,
3727 2962 3913 3029 gratia:
3944 2961 4039 3013 de-

2444 3057 2637 3111 fectum
2668 3068 2837 3126 potest
2868 3070 3115 3124 umquam
3149 3056 3199 3106 in
3227 3054 3621 3106 excusationem
3651 3052 3963 3107 obtendere.

2516 3152 2790 3204 Coucioues
2817 3150 2880 3201 de
2921 3147 3241 3200 Murcubu‘is.
3263 3176 3333 3186 -——
3359 3146 3465 3201 llas
3507 3154 3799 3215 sequuntur
3823 3157 3931 3198 tres
3972 3147 4042 3199 de

2445 3242 2752 3296 Maccaha‘is
2782 3240 3091 3303 conciones,
3121 3256 3237 3305 qna.-
3268 3238 3463 3289 nullam
3492 3255 3599 3305 pra:
3626 3252 3684 3290 se
3714 3238 4040 3292 ferunlauni

2446 3344 2623 3386 notam
2646 3330 2731 3402 (T.
2760 3330 2814 3383 Ξ.
2865 3348 2909 3383 c.
2934 3328 3090 3398 617).
3128 3330 3278 3382 l’rior
3311 3340 3545 3382 matrenr
3565 3330 3859 3397 praesertim
3895 3331 4041 3382 Mae-

2444 3426 2745 3478 calnenrntn
2790 3437 2820 3475 a
2862 3421 3160 3475 constantia
3194 3419 3463 3488 animique
3512 3421 3705 3472 robore
3748 3420 4039 3487 plut-innuit

2445 3513 2803 3568 commendat.
2851 3512 3115 3575 Secunda,
3160 3510 3248 3565 die
3282 3512 3593 3580 insequenti
3637 3511 3835 3572 habita,
3870 3516 4041 3580 septi-

2447 3622 2589 3658 mum
2631 3604 3003 3675 junioremque
3041 3618 3103 3658 ex
3150 3603 3462 3657 llaccabmis
3506 3603 3749 3657 laudibus
3788 3616 4043 3672 exornat,

2446 3710 2615 3751 matre
2646 3712 2856 3765 quoque
2903 3696 3191 3749 ldentidem
3236 3687 3536 3761 inlaudmn
3592 3706 3793 3763 partem
3829 3708 4040 3749 vocata.

2447 3789 2594 3843 llane
2624 3788 2923 3840 breviorem
2967 3784 3382 3857 Chrysostomus
3409 3784 3681 3838 humilium
3726 3787 4044 3855 pronuntia-

2447 3883 2554 3946 vit;
2609 3891 2660 3934 ιιι
2714 3880 2941 3948 pluribus
2979 3920 2994 3943 ,
3049 3878 3236 3947 inquit,
3296 3878 3373 3931 illi
3428 3876 3662 3929 laudibus
3707 3894 3739 3928 ιι
3784 3879 4045 3931 communi

2446 3976 2649 4027 doctore
2697 3972 3110 4038 cumularentur,
3158 3987 3348 4041 nempe
3398 3986 3429 4023 a
3470 3972 3722 4024 Flaviano
3760 3973 4042 4039 episcopo,

2446 4068 2535 4135 qui
2591 4074 2705 4135 post
2747 4064 3187 4135 (lln'ysostonnun
3236 4061 3646 4115 cuneionatnrus
3690 4070 3824 4114 erat.
3858 4060 4042 4114 Tertia

2446 4159 2681 4211 ninnium
2718 4157 3031 4210 brevissima
3060 4156 3109 4207 in
3137 4153 3461 4207 Maccalueos
3490 4152 3727 4215 humilia,
3760 4168 3787 4204 a
3813 4154 4043 4205 nonnul-

2446 4250 2510 4303 lis
2543 4251 2592 4303 in
2622 4247 2987 4317 illegitimilutis
3017 4245 3377 4315 suspicionem
3408 4253 3778 4305 Vocatur,‘nec
3807 4243 4041 4311 injuria:

2447 4358 2567 4396 nam
2595 4340 2701 4394 olet
2726 4356 2803 4393 cet
2822 4350 2871 4391 te
2894 4338 3255 4406 peregrinum.
3276 4334 3408 4403 Styli
3428 4349 3597 4403 genus
3624 4334 3911 4403 strigosum
3936 4344 4041 4397 est;

2446 4435 2623 4490 omnia
2669 4437 2817 4503 quasi
2879 4432 2931 4484 in
2978 4438 3282 4483 transcursu
3311 4429 3580 4481 dicuntur.
3628 4425 3809 4495 Neque
3858 4436 4041 4480 tamen

2447 4544 2564 4582 cam
2595 4527 2710 4580 loco
2734 4522 3052 4578 movendam
3072 4537 3190 4577 esse
3215 4521 3391 4590 putavi
3418 4538 3428 4572 :
3455 4521 3584 4573 satis
3606 4521 3747 4573 enim
3769 4520 3871 4572 erit
3899 4535 4045 4574 scru-

2449 4622 2630 4688 pulum
2664 4614 2949 4679 indicasse,
2980 4632 3045 4670 ne
3074 4616 3194 4685 quis
3232 4630 3351 4669 eam
3386 4624 3441 4667 nt
3467 4626 3677 4667 eertum
3708 4613 3765 4667 S.
3802 4614 4045 4668 doctoris

2448 4713 2611 4766 fetum
2645 4711 2853 4764 habent.
2886 4708 3021 4777 Quid
3054 4722 3202 4772 vero,
3235 4708 3278 4759 si
3305 4706 3545 4760 dicamus
3572 4704 3707 4759 hanc
3737 4706 4044 4770 humilium,

2447 4822 2566 4875 qtae
2596 4818 2724 4857 sane
2756 4801 3067 4856 brevissima
3094 4807 3196 4861 est,
3231 4799 3371 4851 illam
3393 4813 3513 4851 esse
3542 4814 3698 4865 quam
3729 4796 4044 4851 Flavianum

2446 4900 2754 4967 cpisc0pum
2806 4910 2927 4947 [NOX
2960 4892 3420 4961 pronuntiaturum
3464 4904 3581 4942 esse
3626 4888 3837 4942 dicebat
3876 4902 4044 4955 supra

2447 4987 2896 5061 Clnysostomus?
2944 4985 3102 5039 Certe
3143 4982 3276 5037 nihil
3305 4981 3481 5045 video,
3512 4980 3652 5050 quiid
3699 4993 3796 5032 nos
3822 4979 3890 5032 ab
3941 4978 4047 5034 hac

2448 5084 2700 5153 (qiinione
2725 5080 2999 5133 dimovere
3028 5076 3216 5146 pos.~it.

2520 5178 2649 5231 Alia:
2695 5173 2937 5227 ltontiltaz.
2979 5199 3053 5210 —
3078 5168 3378 5223 Ct-mciones
3423 5164 3476 5219 in
3523 5164 3850 5219 Mau-alueos
3887 5167 4046 5232 sequi

2448 5271 2608 5323 debet
2634 5266 2857 5321 ll0miliu
2888 5264 2954 5319 dc
2980 5263 3037 5319 S.
3067 5260 3380 5332 Martyribus
3408 5258 3703 5313 Antiochia:
3745 5255 3921 5308 habita
3950 5255 4043 5323 (Τ.

2448 5362 2503 5415 9...
2547 5376 2596 5413 c.
2626 5359 2755 5423 615)
2782 5374 2795 5411 :
2827 5372 2949 5410 nam
2982 5372 3128 5409 ntnn.
3164 5358 3187 5407 1
3224 5353 3394 5406 innuit
3429 5352 3517 5404 ille
3544 5363 3603 5403 sc
3640 5348 3777 5401 banc
3805 5366 4047 5417 pronun-

2452 5455 2611 5506 tiasse
2634 5450 2790 5521 paulo
2813 5457 2931 5519 pust
2958 5444 3375 5502 Maccabzeormn
3394 5442 3805 5504 solemnitatem,
3825 5441 4049 5509 quando

2452 5546 2737 5601 Flavianus
2759 5542 3043 5611 episcopus
3071 5548 3360 5607 martyrum
3410 5534 3604 5591 festum
3642 5533 3750 5586 ruri
3795 5533 4045 5585 celebra-

2451 5653 2600 5697 turus
2624 5639 2901 5705 abscessit,
2924 5644 3083 5706 atque
3102 5632 3488 5705 Chrﬁostonto
3525 5630 3575 5683 in
3606 5628 3717 5697 ipsa
3751 5627 3883 5680 urbe
3910 5640 4047 5680 cun-

2450 5731 2697 5787 cionandi
2747 5729 3073 5800 provinciam
3103 5723 3334 5793 reliquit.
3369 5722 3425 5775 In
3466 5721 3566 5774 hac
3593 5728 3771 5772 autem
3823 5717 4044 5771 humilia

2450 5826 2516 5878 de
2542 5834 2833 5893 martyrum
2868 5823 3057 5872 virtute
3085 5816 3297 5887 egregie
3323 5813 3539 5868 disserit
3559 5812 3618 5867 S.
3641 5810 3830 5864 doctor
3851 5816 3871 5861 :‘
3895 5819 4042 5862 unita

2451 5933 2635 5973 eorum
2673 5930 2788 5969 ossa
2821 5912 2936 5983 plus
2967 5910 3029 5964 ad
3062 5910 3308 5969 Salutem,
3341 5904 3404 5960 ad
3447 5904 3933 5975 compunctiunetn,
3975 5900 4043 5955 ad
