  <div class='ocr_page' id='page_1' title='image "/cluster/home/n/w/nwhite01/storage/ocr_20150623/47/pst.000005712441/174.png"; bbox 0 0 4264 6306; ppageno 0'>
   <div class='ocr_carea' id='block_1_1' title="bbox 303 518 402 573">
    <p class='ocr_par' dir='ltr' id='par_1_1' title="bbox 303 518 402 573">
     <span class='ocr_line' id='line_1_1' title="bbox 303 518 402 573; baseline 0 -1"><span class='ocrx_word' id='word_1_1' title='bbox 303 518 402 573; x_wconf 70' lang='grc'><strong>153</strong></span> 
     </span>
    </p>
   </div>
   <div class='ocr_carea' id='block_1_2' title="bbox 300 622 1881 695">
    <p class='ocr_par' dir='ltr' id='par_1_2' title="bbox 300 622 1881 695">
     <span class='ocr_line' id='line_1_2' title="bbox 300 622 1881 695; baseline -0.004 -13"><span class='ocrx_word' id='word_1_2' title='bbox 300 625 662 695; x_wconf 69' lang='lat' dir='ltr'><strong>pmoitcuttam</strong></span> <span class='ocrx_word' id='word_1_3' title='bbox 683 623 925 680; x_wconf 82' lang='lat' dir='ltr'><strong>conferre</strong></span> <span class='ocrx_word' id='word_1_4' title='bbox 951 622 1101 687; x_wconf 87' lang='lat' dir='ltr'><strong>dicit,</strong></span> <span class='ocrx_word' id='word_1_5' title='bbox 1128 638 1286 694; x_wconf 85' lang='lat' dir='ltr'><strong>quam</strong></span> <span class='ocrx_word' id='word_1_6' title='bbox 1310 622 1589 678; x_wconf 90' lang='lat' dir='ltr'><strong>doctorum</strong></span> <span class='ocrx_word' id='word_1_7' title='bbox 1623 639 1881 692; x_wconf 87' lang='lat' dir='ltr'><strong>quorum-</strong></span> 
     </span>
    </p>
   </div>
   <div class='ocr_carea' id='block_1_3' title="bbox 298 716 1881 787">
    <p class='ocr_par' dir='ltr' id='par_1_3' title="bbox 298 716 1881 787">
     <span class='ocr_line' id='line_1_3' title="bbox 298 716 1881 787; baseline -0.002 -14"><span class='ocrx_word' id='word_1_8' title='bbox 298 720 419 773; x_wconf 84' lang='lat' dir='ltr'><strong>libet</strong></span> <span class='ocrx_word' id='word_1_9' title='bbox 448 718 609 772; x_wconf 82' lang='lat' dir='ltr'><strong>verba</strong></span> <span class='ocrx_word' id='word_1_10' title='bbox 637 718 1151 785; x_wconf 67' lang='lat' dir='ltr'><strong>admonitionesrpie.</strong></span> <span class='ocrx_word' id='word_1_11' title='bbox 1188 716 1319 771; x_wconf 84' lang='lat' dir='ltr'><strong>llinc</strong></span> <span class='ocrx_word' id='word_1_12' title='bbox 1350 718 1541 770; x_wconf 97' lang='lat' dir='ltr'><strong>transit</strong></span> <span class='ocrx_word' id='word_1_13' title='bbox 1568 718 1634 770; x_wconf 85' lang='lat' dir='ltr'><strong>ad</strong></span> <span class='ocrx_word' id='word_1_14' title='bbox 1666 732 1760 772; x_wconf 87' lang='lat' dir='ltr'><strong>eos</strong></span> <span class='ocrx_word' id='word_1_15' title='bbox 1792 717 1881 787; x_wconf 88' lang='lat' dir='ltr'><strong>qui</strong></span> 
     </span>
    </p>
   </div>
   <div class='ocr_carea' id='block_1_4' title="bbox 296 808 1883 880">
    <p class='ocr_par' dir='ltr' id='par_1_4' title="bbox 296 808 1883 880">
     <span class='ocr_line' id='line_1_4' title="bbox 296 808 1883 880; baseline -0.003 -14"><span class='ocrx_word' id='word_1_16' title='bbox 296 811 542 880; x_wconf 81' lang='lat' dir='ltr'><strong>mysteria</strong></span> <span class='ocrx_word' id='word_1_17' title='bbox 570 808 783 877; x_wconf 68' lang='lat' dir='ltr'><strong>indigne</strong></span> <span class='ocrx_word' id='word_1_18' title='bbox 810 808 1144 878; x_wconf 85' lang='lat' dir='ltr'><strong>participant,</strong></span> <span class='ocrx_word' id='word_1_19' title='bbox 1169 808 1433 878; x_wconf 85' lang='lat' dir='ltr'><strong>edicitque</strong></span> <span class='ocrx_word' id='word_1_20' title='bbox 1456 810 1573 863; x_wconf 88' lang='lat' dir='ltr'><strong>illos</strong></span> <span class='ocrx_word' id='word_1_21' title='bbox 1597 825 1699 862; x_wconf 88' lang='lat' dir='ltr'><strong>non</strong></span> <span class='ocrx_word' id='word_1_22' title='bbox 1729 824 1883 862; x_wconf 83' lang='lat' dir='ltr'><strong>seeos</strong></span> 
     </span>
    </p>
   </div>
   <div class='ocr_carea' id='block_1_5' title="bbox 297 898 1883 968">
    <p class='ocr_par' dir='ltr' id='par_1_5' title="bbox 297 898 1883 968">
     <span class='ocr_line' id='line_1_5' title="bbox 297 898 1883 968; baseline 0.001 -17"><span class='ocrx_word' id='word_1_23' title='bbox 297 899 604 968; x_wconf 87' lang='lat' dir='ltr'><strong>plectendos</strong></span> <span class='ocrx_word' id='word_1_24' title='bbox 645 914 784 963; x_wconf 78' lang='lat' dir='ltr'><strong>esse,</strong></span> <span class='ocrx_word' id='word_1_25' title='bbox 835 914 993 967; x_wconf 88' lang='lat' dir='ltr'><strong>quam</strong></span> <span class='ocrx_word' id='word_1_26' title='bbox 1023 914 1116 951; x_wconf 81' lang='lat' dir='ltr'><strong>eos</strong></span> <span class='ocrx_word' id='word_1_27' title='bbox 1146 898 1233 967; x_wconf 85' lang='lat' dir='ltr'><strong>qui</strong></span> <span class='ocrx_word' id='word_1_28' title='bbox 1282 899 1563 953; x_wconf 88' lang='lat' dir='ltr'><strong>Dominum</strong></span> <span class='ocrx_word' id='word_1_29' title='bbox 1603 900 1883 953; x_wconf 82' lang='lat' dir='ltr'><strong>crucilixe-</strong></span> 
     </span>
    </p>
   </div>
   <div class='ocr_carea' id='block_1_6' title="bbox 293 989 1882 1057">
    <p class='ocr_par' dir='ltr' id='par_1_6' title="bbox 293 989 1882 1057">
     <span class='ocr_line' id='line_1_6' title="bbox 293 989 1882 1057; baseline 0.003 -18"><span class='ocrx_word' id='word_1_30' title='bbox 293 1000 430 1046; x_wconf 81' lang='lat' dir='ltr'><strong>runt.</strong></span> <span class='ocrx_word' id='word_1_31' title='bbox 482 989 735 1042; x_wconf 81' lang='lat' dir='ltr'><strong>Permulti</strong></span> <span class='ocrx_word' id='word_1_32' title='bbox 785 1004 914 1042; x_wconf 86' lang='lat' dir='ltr'><strong>vero</strong></span> <span class='ocrx_word' id='word_1_33' title='bbox 957 998 1072 1057; x_wconf 80' lang='lat' dir='ltr'><strong>post</strong></span> <span class='ocrx_word' id='word_1_34' title='bbox 1127 989 1263 1043; x_wconf 88' lang='lat' dir='ltr'><strong>hanc</strong></span> <span class='ocrx_word' id='word_1_35' title='bbox 1292 989 1524 1043; x_wconf 76' lang='lat' dir='ltr'><strong>habitam</strong></span> <span class='ocrx_word' id='word_1_36' title='bbox 1571 990 1882 1045; x_wconf 85' lang='lat' dir='ltr'><strong>concionem</strong></span> 
     </span>
    </p>
   </div>
   <div class='ocr_carea' id='block_1_7' title="bbox 296 1072 1885 1151">
    <p class='ocr_par' dir='ltr' id='par_1_7' title="bbox 296 1072 1885 1151">
     <span class='ocr_line' id='line_1_7' title="bbox 296 1072 1885 1151; baseline -0.001 -15"><span class='ocrx_word' id='word_1_37' title='bbox 296 1082 418 1137; x_wconf 77' lang='lat' dir='ltr'><strong>dicti</strong></span> <span class='ocrx_word' id='word_1_38' title='bbox 451 1082 595 1136; x_wconf 82' lang='lat' dir='ltr'><strong>illius</strong></span> <span class='ocrx_word' id='word_1_39' title='bbox 642 1082 987 1137; x_wconf 79' lang='lat' dir='ltr'><strong>acerbitatem</strong></span> <span class='ocrx_word' id='word_1_40' title='bbox 1035 1072 1139 1135; x_wconf 79' lang='lat' dir='ltr'><strong>nen</strong></span> <span class='ocrx_word' id='word_1_41' title='bbox 1191 1084 1441 1145; x_wconf 77' lang='lat' dir='ltr'><strong>ferentes,</strong></span> <span class='ocrx_word' id='word_1_42' title='bbox 1472 1081 1885 1151; x_wconf 76' lang='lat' dir='ltr'><strong>indignabantur</strong></span> 
     </span>
    </p>
   </div>
   <div class='ocr_carea' id='block_1_8' title="bbox 293 1172 1885 1242">
    <p class='ocr_par' dir='ltr' id='par_1_8' title="bbox 293 1172 1885 1242">
     <span class='ocr_line' id='line_1_8' title="bbox 293 1172 1885 1242; baseline -0.002 -14"><span class='ocrx_word' id='word_1_43' title='bbox 293 1187 345 1228; x_wconf 80' lang='lat' dir='ltr'><strong>et</strong></span> <span class='ocrx_word' id='word_1_44' title='bbox 374 1173 875 1228; x_wconf 77' lang='lat' dir='ltr'><strong>excandescchant:</strong></span> <span class='ocrx_word' id='word_1_45' title='bbox 922 1172 1115 1226; x_wconf 82' lang='lat' dir='ltr'><strong>Avocas</strong></span> <span class='ocrx_word' id='word_1_46' title='bbox 1158 1190 1266 1236; x_wconf 84' lang='lat' dir='ltr'><strong>nos,</strong></span> <span class='ocrx_word' id='word_1_47' title='bbox 1312 1173 1639 1242; x_wconf 86' lang='lat' dir='ltr'><strong>inquiehaut,</strong></span> <span class='ocrx_word' id='word_1_48' title='bbox 1669 1190 1698 1225; x_wconf 90' lang='lat' dir='ltr'><strong>a</strong></span> <span class='ocrx_word' id='word_1_49' title='bbox 1740 1190 1885 1225; x_wconf 80' lang='lat' dir='ltr'><strong>sacra</strong></span> 
     </span>
    </p>
   </div>
   <div class='ocr_carea' id='block_1_9' title="bbox 293 1263 1884 1333">
    <p class='ocr_par' dir='ltr' id='par_1_9' title="bbox 293 1263 1884 1333">
     <span class='ocr_line' id='line_1_9' title="bbox 293 1263 1884 1333; baseline 0 -17"><span class='ocrx_word' id='word_1_50' title='bbox 293 1281 497 1330; x_wconf 71' lang='lat' dir='ltr'><strong>metuo,</strong></span> <span class='ocrx_word' id='word_1_51' title='bbox 541 1274 588 1316; x_wconf 91' lang='lat' dir='ltr'><strong>et</strong></span> <span class='ocrx_word' id='word_1_52' title='bbox 635 1280 665 1315; x_wconf 93' lang='lat' dir='ltr'><strong>a</strong></span> <span class='ocrx_word' id='word_1_53' title='bbox 717 1265 1069 1316; x_wconf 78' lang='lat' dir='ltr'><strong>communione</strong></span> <span class='ocrx_word' id='word_1_54' title='bbox 1116 1263 1343 1333; x_wconf 79' lang='lat' dir='ltr'><strong>repellis.</strong></span> <span class='ocrx_word' id='word_1_55' title='bbox 1386 1264 1560 1329; x_wconf 85' lang='lat' dir='ltr'><strong>Quare</strong></span> <span class='ocrx_word' id='word_1_56' title='bbox 1611 1272 1884 1331; x_wconf 87' lang='lat' dir='ltr'><strong>permotus</strong></span> 
     </span>
    </p>
   </div>
   <div class='ocr_carea' id='block_1_10' title="bbox 292 1352 1879 1423">
    <p class='ocr_par' dir='ltr' id='par_1_10' title="bbox 292 1352 1879 1423">
     <span class='ocr_line' id='line_1_10' title="bbox 292 1352 1879 1423; baseline 0.001 -18"><span class='ocrx_word' id='word_1_57' title='bbox 292 1352 729 1423; x_wconf 65' lang='lat' dir='ltr'><strong>Chrysostomus,</strong></span> <span class='ocrx_word' id='word_1_58' title='bbox 757 1352 1164 1421; x_wconf 83' lang='lat' dir='ltr'><strong>pulcherrimam</strong></span> <span class='ocrx_word' id='word_1_59' title='bbox 1187 1353 1331 1406; x_wconf 81' lang='lat' dir='ltr'><strong>illam</strong></span> <span class='ocrx_word' id='word_1_60' title='bbox 1352 1354 1647 1407; x_wconf 75' lang='lat' dir='ltr'><strong>orationem</strong></span> <span class='ocrx_word' id='word_1_61' title='bbox 1678 1352 1879 1415; x_wconf 82' lang='lat' dir='ltr'><strong>habuit.</strong></span> 
     </span>
    </p>
   </div>
   <div class='ocr_carea' id='block_1_11' title="bbox 288 1444 1883 1516">
    <p class='ocr_par' dir='ltr' id='par_1_11' title="bbox 288 1444 1883 1516">
     <span class='ocr_line' id='line_1_11' title="bbox 288 1444 1883 1516; baseline 0.001 -20"><span class='ocrx_word' id='word_1_62' title='bbox 288 1462 403 1513; x_wconf 78' lang='lat' dir='ltr'><strong>quze</strong></span> <span class='ocrx_word' id='word_1_63' title='bbox 436 1446 763 1510; x_wconf 71' lang='lat' dir='ltr'><strong>inscribitur,</strong></span> <span class='ocrx_word' id='word_1_64' title='bbox 810 1444 930 1497; x_wconf 86' lang='lat' dir='ltr'><strong>Non</strong></span> <span class='ocrx_word' id='word_1_65' title='bbox 956 1461 1061 1498; x_wconf 75' lang='lat' dir='ltr'><strong>esse</strong></span> <span class='ocrx_word' id='word_1_66' title='bbox 1103 1446 1172 1497; x_wconf 87' lang='lat' dir='ltr'><strong>ad</strong></span> <span class='ocrx_word' id='word_1_67' title='bbox 1220 1444 1438 1516; x_wconf 79' lang='lat' dir='ltr'><strong>gratiam</strong></span> <span class='ocrx_word' id='word_1_68' title='bbox 1476 1445 1883 1498; x_wconf 79' lang='lat' dir='ltr'><strong>concionandum</strong></span> 
     </span>
    </p>
   </div>
   <div class='ocr_carea' id='block_1_12' title="bbox 292 1535 1878 1605">
    <p class='ocr_par' dir='ltr' id='par_1_12' title="bbox 292 1535 1878 1605">
     <span class='ocr_line' id='line_1_12' title="bbox 292 1535 1878 1605; baseline 0.002 -18"><span class='ocrx_word' id='word_1_69' title='bbox 292 1536 373 1599; x_wconf 79' lang='lat' dir='ltr'><strong>(T.</strong></span> <span class='ocrx_word' id='word_1_70' title='bbox 399 1536 452 1588; x_wconf 78' lang='lat'><strong>‘2.</strong></span> <span class='ocrx_word' id='word_1_71' title='bbox 501 1552 548 1588; x_wconf 78' lang='grc' dir='ltr'><strong>ε.</strong></span> <span class='ocrx_word' id='word_1_72' title='bbox 582 1536 710 1599; x_wconf 76' lang='grc'><strong>655)</strong></span> <span class='ocrx_word' id='word_1_73' title='bbox 739 1550 878 1604; x_wconf 88' lang='lat' dir='ltr'><strong>:qna</strong></span> <span class='ocrx_word' id='word_1_74' title='bbox 904 1535 1095 1604; x_wconf 88' lang='lat' dir='ltr'><strong>probat</strong></span> <span class='ocrx_word' id='word_1_75' title='bbox 1121 1551 1233 1589; x_wconf 83' lang='lat' dir='ltr'><strong>rem</strong></span> <span class='ocrx_word' id='word_1_76' title='bbox 1260 1550 1381 1590; x_wconf 86' lang='lat' dir='ltr'><strong>esse</strong></span> <span class='ocrx_word' id='word_1_77' title='bbox 1412 1536 1633 1605; x_wconf 82' lang='lat' dir='ltr'><strong>periculi</strong></span> <span class='ocrx_word' id='word_1_78' title='bbox 1669 1537 1788 1605; x_wconf 85' lang='lat' dir='ltr'><strong>plen</strong></span> <span class='ocrx_word' id='word_1_79' title='bbox 1828 1553 1878 1590; x_wconf 92' lang='lat' dir='ltr'><strong>m</strong></span> 
     </span>
    </p>
   </div>
   <div class='ocr_carea' id='block_1_13' title="bbox 291 1626 1881 1697">
    <p class='ocr_par' dir='ltr' id='par_1_13' title="bbox 291 1626 1881 1697">
     <span class='ocr_line' id='line_1_13' title="bbox 291 1626 1881 1697; baseline 0.003 -18"><span class='ocrx_word' id='word_1_80' title='bbox 291 1638 393 1679; x_wconf 86' lang='lat' dir='ltr'><strong>lunt</strong></span> <span class='ocrx_word' id='word_1_81' title='bbox 429 1628 763 1693; x_wconf 68' lang='lat' dir='ltr'><strong>prmdicanti,</strong></span> <span class='ocrx_word' id='word_1_82' title='bbox 805 1636 915 1680; x_wconf 91' lang='lat' dir='ltr'><strong>tum</strong></span> <span class='ocrx_word' id='word_1_83' title='bbox 953 1626 1315 1691; x_wconf 78' lang='lat' dir='ltr'><strong>audientibus,</strong></span> <span class='ocrx_word' id='word_1_84' title='bbox 1357 1627 1403 1681; x_wconf 85' lang='lat' dir='ltr'><strong>si</strong></span> <span class='ocrx_word' id='word_1_85' title='bbox 1433 1627 1499 1681; x_wconf 88' lang='lat' dir='ltr'><strong>ad</strong></span> <span class='ocrx_word' id='word_1_86' title='bbox 1527 1629 1757 1697; x_wconf 75' lang='lat' dir='ltr'><strong>gratiam</strong></span> <span class='ocrx_word' id='word_1_87' title='bbox 1792 1629 1881 1684; x_wconf 88' lang='lat' dir='ltr'><strong>ille</strong></span> 
     </span>
    </p>
   </div>
   <div class='ocr_carea' id='block_1_14' title="bbox 288 1726 1879 1795">
    <p class='ocr_par' dir='ltr' id='par_1_14' title="bbox 288 1726 1879 1795">
     <span class='ocr_line' id='line_1_14' title="bbox 288 1726 1879 1795; baseline -0.001 -19"><span class='ocrx_word' id='word_1_88' title='bbox 288 1726 670 1779; x_wconf 86' lang='lat' dir='ltr'><strong>concionctur:</strong></span> <span class='ocrx_word' id='word_1_89' title='bbox 698 1727 1027 1795; x_wconf 86' lang='lat' dir='ltr'><strong>plurimaque</strong></span> <span class='ocrx_word' id='word_1_90' title='bbox 1057 1726 1183 1781; x_wconf 91' lang='lat' dir='ltr'><strong>dicit</strong></span> <span class='ocrx_word' id='word_1_91' title='bbox 1213 1727 1314 1780; x_wconf 89' lang='lat' dir='ltr'><strong>alia</strong></span> <span class='ocrx_word' id='word_1_92' title='bbox 1346 1726 1412 1780; x_wconf 88' lang='lat' dir='ltr'><strong>ad</strong></span> <span class='ocrx_word' id='word_1_93' title='bbox 1443 1726 1879 1780; x_wconf 91' lang='lat' dir='ltr'><strong>concionatorum</strong></span> 
     </span>
    </p>
   </div>
   <div class='ocr_carea' id='block_1_15' title="bbox 288 1815 1883 1887">
    <p class='ocr_par' dir='ltr' id='par_1_15' title="bbox 288 1815 1883 1887">
     <span class='ocr_line' id='line_1_15' title="bbox 288 1815 1883 1887; baseline 0.003 -21"><span class='ocrx_word' id='word_1_94' title='bbox 288 1827 340 1867; x_wconf 84' lang='lat' dir='ltr'><strong>et</strong></span> <span class='ocrx_word' id='word_1_95' title='bbox 364 1817 426 1868; x_wconf 87' lang='lat' dir='ltr'><strong>ad</strong></span> <span class='ocrx_word' id='word_1_96' title='bbox 469 1816 773 1871; x_wconf 84' lang='lat' dir='ltr'><strong>auditorum</strong></span> <span class='ocrx_word' id='word_1_97' title='bbox 815 1817 1049 1872; x_wconf 78' lang='lat' dir='ltr'><strong>ofﬁcium</strong></span> <span class='ocrx_word' id='word_1_98' title='bbox 1077 1820 1390 1887; x_wconf 71' lang='lat' dir='ltr'><strong>spectantia.</strong></span> <span class='ocrx_word' id='word_1_99' title='bbox 1433 1818 1544 1873; x_wconf 85' lang='lat' dir='ltr'><strong>Etsi</strong></span> <span class='ocrx_word' id='word_1_100' title='bbox 1584 1832 1716 1871; x_wconf 83' lang='lat' dir='ltr'><strong>vero</strong></span> <span class='ocrx_word' id='word_1_101' title='bbox 1768 1815 1883 1870; x_wconf 75' lang='lat' dir='ltr'><strong>lucc</strong></span> 
     </span>
    </p>
   </div>
   <div class='ocr_carea' id='block_1_16' title="bbox 288 1897 1881 1979">
    <p class='ocr_par' dir='ltr' id='par_1_16' title="bbox 288 1897 1881 1979">
     <span class='ocr_line' id='line_1_16' title="bbox 288 1897 1881 1979; baseline 0.003 -22"><span class='ocrx_word' id='word_1_102' title='bbox 288 1905 497 1961; x_wconf 62' lang='lat' dir='ltr'><strong>homilia</strong></span> <span class='ocrx_word' id='word_1_103' title='bbox 531 1908 597 1961; x_wconf 89' lang='lat' dir='ltr'><strong>ad</strong></span> <span class='ocrx_word' id='word_1_104' title='bbox 626 1909 971 1978; x_wconf 81' lang='lat' dir='ltr'><strong>panegyricos</strong></span> <span class='ocrx_word' id='word_1_105' title='bbox 997 1917 1303 1963; x_wconf 85' lang='lat' dir='ltr'><strong>sanctorum</strong></span> <span class='ocrx_word' id='word_1_106' title='bbox 1330 1897 1609 1965; x_wconf 85' lang='lat' dir='ltr'><strong>sermones</strong></span> <span class='ocrx_word' id='word_1_107' title='bbox 1630 1924 1735 1962; x_wconf 88' lang='lat' dir='ltr'><strong>non</strong></span> <span class='ocrx_word' id='word_1_108' title='bbox 1760 1923 1881 1979; x_wconf 87' lang='lat' dir='ltr'><strong>per-</strong></span> 
     </span>
    </p>
   </div>
   <div class='ocr_carea' id='block_1_17' title="bbox 288 1999 1878 2069">
    <p class='ocr_par' dir='ltr' id='par_1_17' title="bbox 288 1999 1878 2069">
     <span class='ocr_line' id='line_1_17' title="bbox 288 1999 1878 2069; baseline 0.004 -22"><span class='ocrx_word' id='word_1_109' title='bbox 288 1999 431 2061; x_wconf 86' lang='lat' dir='ltr'><strong>tinet,</strong></span> <span class='ocrx_word' id='word_1_110' title='bbox 466 2014 575 2052; x_wconf 89' lang='lat' dir='ltr'><strong>non</strong></span> <span class='ocrx_word' id='word_1_111' title='bbox 607 1999 753 2053; x_wconf 89' lang='lat' dir='ltr'><strong>licuit</strong></span> <span class='ocrx_word' id='word_1_112' title='bbox 798 2015 915 2053; x_wconf 79' lang='lat' dir='ltr'><strong>eam</strong></span> <span class='ocrx_word' id='word_1_113' title='bbox 948 2016 977 2052; x_wconf 91' lang='lat' dir='ltr'><strong>a</strong></span> <span class='ocrx_word' id='word_1_114' title='bbox 1007 2001 1328 2069; x_wconf 69' lang='lat' dir='ltr'><strong>prmcedenti</strong></span> <span class='ocrx_word' id='word_1_115' title='bbox 1371 2001 1628 2055; x_wconf 89' lang='lat' dir='ltr'><strong>concione</strong></span> <span class='ocrx_word' id='word_1_116' title='bbox 1672 2000 1878 2069; x_wconf 83' lang='lat' dir='ltr'><strong>disjun-</strong></span> 
     </span>
    </p>
   </div>
   <div class='ocr_carea' id='block_1_18' title="bbox 286 2093 1877 2164">
    <p class='ocr_par' dir='ltr' id='par_1_18' title="bbox 286 2093 1877 2164">
     <span class='ocr_line' id='line_1_18' title="bbox 286 2093 1877 2164; baseline 0.003 -21"><span class='ocrx_word' id='word_1_117' title='bbox 286 2108 426 2159; x_wconf 76' lang='lat' dir='ltr'><strong>gere,</strong></span> <span class='ocrx_word' id='word_1_118' title='bbox 457 2093 584 2161; x_wconf 84' lang='lat' dir='ltr'><strong>quia</strong></span> <span class='ocrx_word' id='word_1_119' title='bbox 614 2104 845 2162; x_wconf 70' lang='lat' dir='ltr'><strong>emptam</strong></span> <span class='ocrx_word' id='word_1_120' title='bbox 876 2094 944 2148; x_wconf 88' lang='lat' dir='ltr'><strong>de</strong></span> <span class='ocrx_word' id='word_1_121' title='bbox 971 2094 1185 2164; x_wconf 76' lang='lat' dir='ltr'><strong>indigne</strong></span> <span class='ocrx_word' id='word_1_122' title='bbox 1223 2095 1743 2150; x_wconf 87' lang='lat' dir='ltr'><strong>communicantibus</strong></span> <span class='ocrx_word' id='word_1_123' title='bbox 1779 2095 1877 2164; x_wconf 83' lang='lat' dir='ltr'><strong>hy-</strong></span> 
     </span>
    </p>
   </div>
   <div class='ocr_carea' id='block_1_19' title="bbox 287 2183 1880 2253">
    <p class='ocr_par' dir='ltr' id='par_1_19' title="bbox 287 2183 1880 2253">
     <span class='ocr_line' id='line_1_19' title="bbox 287 2183 1880 2253; baseline 0.006 -23"><span class='ocrx_word' id='word_1_124' title='bbox 287 2183 547 2253; x_wconf 79' lang='lat' dir='ltr'><strong>patbcsiin</strong></span> <span class='ocrx_word' id='word_1_125' title='bbox 575 2226 589 2244; x_wconf 85' lang='lat'><strong>,</strong></span> <span class='ocrx_word' id='word_1_126' title='bbox 637 2200 701 2237; x_wconf 79' lang='lat' dir='ltr'><strong>ea</strong></span> <span class='ocrx_word' id='word_1_127' title='bbox 746 2201 903 2252; x_wconf 87' lang='lat' dir='ltr'><strong>quam</strong></span> <span class='ocrx_word' id='word_1_128' title='bbox 951 2185 1185 2240; x_wconf 82' lang='lat' dir='ltr'><strong>diximus</strong></span> <span class='ocrx_word' id='word_1_129' title='bbox 1229 2186 1511 2241; x_wconf 90' lang='lat' dir='ltr'><strong>occasione</strong></span> <span class='ocrx_word' id='word_1_130' title='bbox 1559 2186 1751 2240; x_wconf 80' lang='lat' dir='ltr'><strong>doctus</strong></span> <span class='ocrx_word' id='word_1_131' title='bbox 1794 2186 1880 2239; x_wconf 90' lang='lat' dir='ltr'><strong>hic</strong></span> 
     </span>
    </p>
   </div>
   <div class='ocr_carea' id='block_1_20' title="bbox 285 2275 1875 2347">
    <p class='ocr_par' dir='ltr' id='par_1_20' title="bbox 285 2275 1875 2347">
     <span class='ocr_line' id='line_1_20' title="bbox 285 2275 1875 2347; baseline 0.003 -23"><span class='ocrx_word' id='word_1_132' title='bbox 285 2275 642 2341; x_wconf 85' lang='lat' dir='ltr'><strong>prosequitur.</strong></span> <span class='ocrx_word' id='word_1_133' title='bbox 675 2275 792 2342; x_wconf 84' lang='lat' dir='ltr'><strong>Quo</strong></span> <span class='ocrx_word' id='word_1_134' title='bbox 820 2292 963 2328; x_wconf 84' lang='lat' dir='ltr'><strong>anno</strong></span> <span class='ocrx_word' id='word_1_135' title='bbox 1001 2286 1276 2347; x_wconf 89' lang='lat' dir='ltr'><strong>utramque</strong></span> <span class='ocrx_word' id='word_1_136' title='bbox 1311 2276 1557 2332; x_wconf 87' lang='lat' dir='ltr'><strong>habuerit</strong></span> <span class='ocrx_word' id='word_1_137' title='bbox 1602 2277 1875 2330; x_wconf 80' lang='lat' dir='ltr'><strong>hamiliam</strong></span> 
     </span>
    </p>
   </div>
   <div class='ocr_carea' id='block_1_21' title="bbox 285 2365 1875 2435">
    <p class='ocr_par' dir='ltr' id='par_1_21' title="bbox 285 2365 1875 2435">
     <span class='ocr_line' id='line_1_21' title="bbox 285 2365 1875 2435; baseline 0.004 -20"><span class='ocrx_word' id='word_1_138' title='bbox 285 2365 719 2435; x_wconf 60' lang='lat' dir='ltr'><strong>liln&#39;ysiistomus,</strong></span> <span class='ocrx_word' id='word_1_139' title='bbox 754 2368 1013 2421; x_wconf 88' lang='lat' dir='ltr'><strong>incertum</strong></span> <span class='ocrx_word' id='word_1_140' title='bbox 1059 2370 1277 2422; x_wconf 89' lang='lat' dir='ltr'><strong>omnino</strong></span> <span class='ocrx_word' id='word_1_141' title='bbox 1304 2377 1385 2423; x_wconf 89' lang='lat' dir='ltr'><strong>est</strong></span> <span class='ocrx_word' id='word_1_142' title='bbox 1420 2388 1435 2423; x_wconf 88' lang='lat'><strong>:</strong></span> <span class='ocrx_word' id='word_1_143' title='bbox 1464 2369 1565 2423; x_wconf 90' lang='lat' dir='ltr'><strong>hoc</strong></span> <span class='ocrx_word' id='word_1_144' title='bbox 1605 2384 1765 2421; x_wconf 85' lang='lat' dir='ltr'><strong>muun</strong></span> <span class='ocrx_word' id='word_1_145' title='bbox 1811 2383 1875 2422; x_wconf 80' lang='lat' dir='ltr'><strong>ex</strong></span> 
     </span>
    </p>
   </div>
   <div class='ocr_carea' id='block_1_22' title="bbox 285 2448 1877 2531">
    <p class='ocr_par' dir='ltr' id='par_1_22' title="bbox 285 2448 1877 2531">
     <span class='ocr_line' id='line_1_22' title="bbox 285 2448 1877 2531; baseline 0.004 -25"><span class='ocrx_word' id='word_1_146' title='bbox 285 2456 511 2509; x_wconf 85' lang='lat' dir='ltr'><strong>secunda</strong></span> <span class='ocrx_word' id='word_1_147' title='bbox 545 2456 784 2520; x_wconf 87' lang='lat' dir='ltr'><strong>homilia,</strong></span> <span class='ocrx_word' id='word_1_148' title='bbox 814 2461 897 2511; x_wconf 91' lang='lat' dir='ltr'><strong>cui</strong></span> <span class='ocrx_word' id='word_1_149' title='bbox 929 2448 1133 2519; x_wconf 68' lang='lat' dir='ltr'><strong>titulus,</strong></span> <span class='ocrx_word' id='word_1_150' title='bbox 1154 2458 1273 2513; x_wconf 83' lang='lat' dir='ltr'><strong>Non</strong></span> <span class='ocrx_word' id='word_1_151' title='bbox 1297 2477 1403 2514; x_wconf 82' lang='lat' dir='ltr'><strong>esse</strong></span> <span class='ocrx_word' id='word_1_152' title='bbox 1430 2460 1498 2513; x_wconf 87' lang='lat' dir='ltr'><strong>ad</strong></span> <span class='ocrx_word' id='word_1_153' title='bbox 1518 2462 1733 2531; x_wconf 87' lang='lat' dir='ltr'><strong>gratiam</strong></span> <span class='ocrx_word' id='word_1_154' title='bbox 1756 2476 1877 2513; x_wconf 87' lang='lat' dir='ltr'><strong>eon-</strong></span> 
     </span>
    </p>
   </div>
   <div class='ocr_carea' id='block_1_23' title="bbox 283 2547 1873 2621">
    <p class='ocr_par' dir='ltr' id='par_1_23' title="bbox 283 2547 1873 2621">
     <span class='ocr_line' id='line_1_23' title="bbox 283 2547 1873 2621; baseline 0.007 -25"><span class='ocrx_word' id='word_1_155' title='bbox 283 2547 611 2611; x_wconf 82' lang='lat' dir='ltr'><strong>cionnmlum,</strong></span> <span class='ocrx_word' id='word_1_156' title='bbox 641 2550 906 2617; x_wconf 76' lang='lat' dir='ltr'><strong>expiscari</strong></span> <span class='ocrx_word' id='word_1_157' title='bbox 937 2565 1090 2617; x_wconf 57' lang='lat' dir='ltr'><strong>pos&lt;e</strong></span> <span class='ocrx_word' id='word_1_158' title='bbox 1118 2551 1381 2616; x_wconf 82' lang='lat' dir='ltr'><strong>videmur,</strong></span> <span class='ocrx_word' id='word_1_159' title='bbox 1416 2550 1608 2621; x_wconf 77' lang='lat' dir='ltr'><strong>nempe</strong></span> <span class='ocrx_word' id='word_1_160' title='bbox 1640 2554 1873 2607; x_wconf 87' lang='lat' dir='ltr'><strong>habitam</strong></span> 
     </span>
    </p>
   </div>
   <div class='ocr_carea' id='block_1_24' title="bbox 284 2636 1874 2708">
    <p class='ocr_par' dir='ltr' id='par_1_24' title="bbox 284 2636 1874 2708">
     <span class='ocr_line' id='line_1_24' title="bbox 284 2636 1874 2708; baseline 0.007 -22"><span class='ocrx_word' id='word_1_161' title='bbox 284 2646 561 2705; x_wconf 87' lang='lat' dir='ltr'><strong>utramque</strong></span> <span class='ocrx_word' id='word_1_162' title='bbox 591 2636 753 2693; x_wconf 81' lang='lat' dir='ltr'><strong>fuisse</strong></span> <span class='ocrx_word' id='word_1_163' title='bbox 784 2650 903 2708; x_wconf 90' lang='lat' dir='ltr'><strong>post</strong></span> <span class='ocrx_word' id='word_1_164' title='bbox 936 2640 1188 2694; x_wconf 88' lang='lat' dir='ltr'><strong>llomilias</strong></span> <span class='ocrx_word' id='word_1_165' title='bbox 1218 2641 1285 2695; x_wconf 86' lang='lat' dir='ltr'><strong>de</strong></span> <span class='ocrx_word' id='word_1_166' title='bbox 1315 2641 1537 2697; x_wconf 80' lang='lat' dir='ltr'><strong>Lazaro.</strong></span> <span class='ocrx_word' id='word_1_167' title='bbox 1566 2644 1695 2697; x_wconf 54' lang='lat' dir='ltr'><strong>Dicit</strong></span> <span class='ocrx_word' id='word_1_168' title='bbox 1733 2646 1874 2699; x_wconf 91' lang='lat' dir='ltr'><strong>enim</strong></span> 
     </span>
    </p>
   </div>
   <div class='ocr_carea' id='block_1_25' title="bbox 281 2726 1876 2807">
    <p class='ocr_par' dir='ltr' id='par_1_25' title="bbox 281 2726 1876 2807">
     <span class='ocr_line' id='line_1_25' title="bbox 281 2726 1876 2807; baseline 0.007 -27"><span class='ocrx_word' id='word_1_169' title='bbox 281 2726 332 2780; x_wconf 85' lang='lat' dir='ltr'><strong>S.</strong></span> <span class='ocrx_word' id='word_1_170' title='bbox 364 2727 558 2781; x_wconf 87' lang='lat' dir='ltr'><strong>doctor</strong></span> <span class='ocrx_word' id='word_1_171' title='bbox 594 2746 740 2783; x_wconf 91' lang='lat' dir='ltr'><strong>num.</strong></span> <span class='ocrx_word' id='word_1_172' title='bbox 768 2734 802 2786; x_wconf 77' lang='grc'><strong>5</strong></span> <span class='ocrx_word' id='word_1_173' title='bbox 828 2730 893 2785; x_wconf 90' lang='lat' dir='ltr'><strong>de</strong></span> <span class='ocrx_word' id='word_1_174' title='bbox 922 2731 1121 2786; x_wconf 82' lang='lat' dir='ltr'><strong>Lazaro</strong></span> <span class='ocrx_word' id='word_1_175' title='bbox 1158 2734 1417 2803; x_wconf 84' lang='lat' dir='ltr'><strong>loquens:</strong></span> <span class='ocrx_word' id='word_1_176' title='bbox 1472 2733 1541 2787; x_wconf 85' lang='lat' dir='ltr'><strong>Et</strong></span> <span class='ocrx_word' id='word_1_177' title='bbox 1582 2736 1707 2807; x_wconf 81' lang='lat' dir='ltr'><strong>quid</strong></span> <span class='ocrx_word' id='word_1_178' title='bbox 1749 2755 1876 2807; x_wconf 83' lang='lat' dir='ltr'><strong>opus</strong></span> 
     </span>
    </p>
   </div>
   <div class='ocr_carea' id='block_1_26' title="bbox 283 2821 1875 2897">
    <p class='ocr_par' dir='ltr' id='par_1_26' title="bbox 283 2821 1875 2897">
     <span class='ocr_line' id='line_1_26' title="bbox 283 2821 1875 2897; baseline 0.009 -28"><span class='ocrx_word' id='word_1_179' title='bbox 283 2827 349 2870; x_wconf 82' lang='lat' dir='ltr'><strong>est</strong></span> <span class='ocrx_word' id='word_1_180' title='bbox 378 2821 678 2887; x_wconf 82' lang='lat' dir='ltr'><strong>parnbolam</strong></span> <span class='ocrx_word' id='word_1_181' title='bbox 703 2833 858 2876; x_wconf 77' lang='lat' dir='ltr'><strong>totum</strong></span> <span class='ocrx_word' id='word_1_182' title='bbox 883 2842 1172 2892; x_wconf 78' lang='lat' dir='ltr'><strong>percurrere</strong></span> <span class='ocrx_word' id='word_1_183' title='bbox 1188 2827 1213 2879; x_wconf 73' lang='grc' dir='ltr'><strong><em>Ρ</em></strong></span> <span class='ocrx_word' id='word_1_184' title='bbox 1232 2828 1419 2897; x_wconf 79' lang='lat' dir='ltr'><strong>quippe</strong></span> <span class='ocrx_word' id='word_1_185' title='bbox 1439 2830 1591 2881; x_wconf 77' lang='lat' dir='ltr'><strong>nostis</strong></span> <span class='ocrx_word' id='word_1_186' title='bbox 1616 2831 1875 2884; x_wconf 73' lang='lat' dir='ltr'><strong>historiam</strong></span> 
     </span>
    </p>
   </div>
   <div class='ocr_carea' id='block_1_27' title="bbox 282 2915 1873 2990">
    <p class='ocr_par' dir='ltr' id='par_1_27' title="bbox 282 2915 1873 2990">
     <span class='ocr_line' id='line_1_27' title="bbox 282 2915 1873 2990; baseline 0.009 -31"><span class='ocrx_word' id='word_1_187' title='bbox 282 2925 511 2975; x_wconf 86' lang='lat' dir='ltr'><strong>omnem;</strong></span> <span class='ocrx_word' id='word_1_188' title='bbox 538 2915 889 2968; x_wconf 77' lang='lat' dir='ltr'><strong>crudelitatem</strong></span> <span class='ocrx_word' id='word_1_189' title='bbox 913 2917 1099 2982; x_wconf 83' lang='lat' dir='ltr'><strong>divitis,</strong></span> <span class='ocrx_word' id='word_1_190' title='bbox 1136 2934 1233 2986; x_wconf 85' lang='lat' dir='ltr'><strong>quo</strong></span> <span class='ocrx_word' id='word_1_191' title='bbox 1263 2931 1407 2988; x_wconf 84' lang='lat' dir='ltr'><strong>pacto</strong></span> <span class='ocrx_word' id='word_1_192' title='bbox 1437 2921 1718 2973; x_wconf 77' lang='lat' dir='ltr'><strong>mendicum</strong></span> <span class='ocrx_word' id='word_1_193' title='bbox 1749 2939 1873 2990; x_wconf 85' lang='lat' dir='ltr'><strong>par-</strong></span> 
     </span>
    </p>
   </div>
   <div class='ocr_carea' id='block_1_28' title="bbox 281 3000 1869 3080">
    <p class='ocr_par' dir='ltr' id='par_1_28' title="bbox 281 3000 1869 3080">
     <span class='ocr_line' id='line_1_28' title="bbox 281 3000 1869 3080; baseline 0.009 -29"><span class='ocrx_word' id='word_1_194' title='bbox 281 3000 473 3071; x_wconf 63' lang='lat' dir='ltr'><strong>tcipem</strong></span> <span class='ocrx_word' id='word_1_195' title='bbox 520 3021 706 3058; x_wconf 62' lang='lat' dir='ltr'><strong>mensa</strong></span> <span class='ocrx_word' id='word_1_196' title='bbox 726 3024 825 3059; x_wconf 87' lang='lat' dir='ltr'><strong>non</strong></span> <span class='ocrx_word' id='word_1_197' title='bbox 852 3007 1079 3074; x_wconf 74' lang='lat' dir='ltr'><strong>faceret:</strong></span> <span class='ocrx_word' id='word_1_198' title='bbox 1110 3018 1374 3078; x_wconf 73' lang='lat' dir='ltr'><strong>egestatem</strong></span> <span class='ocrx_word' id='word_1_199' title='bbox 1402 3011 1540 3065; x_wconf 83' lang='lat' dir='ltr'><strong>illius</strong></span> <span class='ocrx_word' id='word_1_200' title='bbox 1565 3029 1624 3064; x_wconf 91' lang='lat' dir='ltr'><strong>ac</strong></span> <span class='ocrx_word' id='word_1_201' title='bbox 1663 3014 1869 3080; x_wconf 75' lang='lat' dir='ltr'><strong>farnrm,</strong></span> 
     </span>
    </p>
   </div>
   <div class='ocr_carea' id='block_1_29' title="bbox 280 3100 1875 3169">
    <p class='ocr_par' dir='ltr' id='par_1_29' title="bbox 280 3100 1875 3169">
     <span class='ocr_line' id='line_1_29' title="bbox 280 3100 1875 3169; baseline 0.009 -24"><span class='ocrx_word' id='word_1_202' title='bbox 280 3109 386 3145; x_wconf 73' lang='lat' dir='ltr'><strong>tum</strong></span> <span class='ocrx_word' id='word_1_203' title='bbox 416 3112 519 3163; x_wconf 84' lang='lat' dir='ltr'><strong>qua</strong></span> <span class='ocrx_word' id='word_1_204' title='bbox 578 3110 813 3165; x_wconf 76' lang='lat' dir='ltr'><strong>perpetuo</strong></span> <span class='ocrx_word' id='word_1_205' title='bbox 858 3100 1260 3169; x_wconf 81' lang='lat' dir='ltr'><strong>conﬂictabatur.</strong></span> <span class='ocrx_word' id='word_1_206' title='bbox 1306 3102 1434 3169; x_wconf 71' lang='lat' dir='ltr'><strong>Qum</strong></span> <span class='ocrx_word' id='word_1_207' title='bbox 1470 3118 1599 3156; x_wconf 89' lang='lat' dir='ltr'><strong>sane</strong></span> <span class='ocrx_word' id='word_1_208' title='bbox 1627 3104 1875 3160; x_wconf 82' lang='lat' dir='ltr'><strong>videntur</strong></span> 
     </span>
    </p>
   </div>
   <div class='ocr_carea' id='block_1_30' title="bbox 285 3188 1871 3256">
    <p class='ocr_par' dir='ltr' id='par_1_30' title="bbox 285 3188 1871 3256">
     <span class='ocr_line' id='line_1_30' title="bbox 285 3188 1871 3256; baseline 0.009 -22"><span class='ocrx_word' id='word_1_209' title='bbox 285 3196 393 3250; x_wconf 85' lang='lat' dir='ltr'><strong>post</strong></span> <span class='ocrx_word' id='word_1_210' title='bbox 420 3202 703 3240; x_wconf 85' lang='lat' dir='ltr'><strong>sermones</strong></span> <span class='ocrx_word' id='word_1_211' title='bbox 731 3188 797 3241; x_wconf 88' lang='lat' dir='ltr'><strong>de</strong></span> <span class='ocrx_word' id='word_1_212' title='bbox 822 3189 1020 3243; x_wconf 84' lang='lat' dir='ltr'><strong>Lazaro</strong></span> <span class='ocrx_word' id='word_1_213' title='bbox 1044 3192 1204 3256; x_wconf 85' lang='lat' dir='ltr'><strong>dicta,</strong></span> <span class='ocrx_word' id='word_1_214' title='bbox 1238 3192 1361 3246; x_wconf 85' lang='lat' dir='ltr'><strong>licet</strong></span> <span class='ocrx_word' id='word_1_215' title='bbox 1397 3194 1445 3246; x_wconf 87' lang='lat' dir='ltr'><strong>id</strong></span> <span class='ocrx_word' id='word_1_216' title='bbox 1476 3196 1743 3250; x_wconf 84' lang='lat' dir='ltr'><strong>al&#39;lirmare</strong></span> <span class='ocrx_word' id='word_1_217' title='bbox 1767 3213 1871 3249; x_wconf 91' lang='lat' dir='ltr'><strong>non</strong></span> 
     </span>
    </p>
   </div>
   <div class='ocr_carea' id='block_1_31' title="bbox 280 3278 1873 3347">
    <p class='ocr_par' dir='ltr' id='par_1_31' title="bbox 280 3278 1873 3347">
     <span class='ocr_line' id='line_1_31' title="bbox 280 3278 1873 3347; baseline 0.009 -20"><span class='ocrx_word' id='word_1_218' title='bbox 280 3279 462 3331; x_wconf 82' lang='lat' dir='ltr'><strong>ausim.</strong></span> <span class='ocrx_word' id='word_1_219' title='bbox 494 3278 615 3347; x_wconf 86' lang='lat' dir='ltr'><strong>Quo</strong></span> <span class='ocrx_word' id='word_1_220' title='bbox 662 3292 835 3335; x_wconf 85' lang='lat' dir='ltr'><strong>autem</strong></span> <span class='ocrx_word' id='word_1_221' title='bbox 878 3298 1020 3336; x_wconf 91' lang='lat' dir='ltr'><strong>anno</strong></span> <span class='ocrx_word' id='word_1_222' title='bbox 1064 3298 1339 3339; x_wconf 84' lang='lat' dir='ltr'><strong>sermones</strong></span> <span class='ocrx_word' id='word_1_223' title='bbox 1383 3285 1449 3340; x_wconf 86' lang='lat' dir='ltr'><strong>de</strong></span> <span class='ocrx_word' id='word_1_224' title='bbox 1498 3287 1697 3341; x_wconf 82' lang='lat' dir='ltr'><strong>Lazaro</strong></span> <span class='ocrx_word' id='word_1_225' title='bbox 1746 3288 1873 3342; x_wconf 83' lang='lat' dir='ltr'><strong>dicti</strong></span> 
     </span>
    </p>
   </div>
   <div class='ocr_carea' id='block_1_32' title="bbox 280 3370 1687 3451">
    <p class='ocr_par' dir='ltr' id='par_1_32' title="bbox 280 3370 1687 3451">
     <span class='ocr_line' id='line_1_32' title="bbox 280 3370 1687 3451; baseline 0.012 -32"><span class='ocrx_word' id='word_1_226' title='bbox 280 3370 485 3435; x_wconf 55' lang='lat' dir='ltr'><strong>lubriut,</strong></span> <span class='ocrx_word' id='word_1_227' title='bbox 514 3373 715 3440; x_wconf 88' lang='lat' dir='ltr'><strong>pariter</strong></span> <span class='ocrx_word' id='word_1_228' title='bbox 746 3374 1005 3429; x_wconf 85' lang='lat' dir='ltr'><strong>incertum</strong></span> <span class='ocrx_word' id='word_1_229' title='bbox 1038 3386 1139 3442; x_wconf 87' lang='lat' dir='ltr'><strong>est,</strong></span> <span class='ocrx_word' id='word_1_230' title='bbox 1171 3387 1221 3431; x_wconf 90' lang='lat' dir='ltr'><strong>ut</strong></span> <span class='ocrx_word' id='word_1_231' title='bbox 1250 3379 1479 3435; x_wconf 87' lang='lat' dir='ltr'><strong>vidimus</strong></span> <span class='ocrx_word' id='word_1_232' title='bbox 1507 3397 1687 3451; x_wconf 83' lang='lat' dir='ltr'><strong>Supra.</strong></span> 
     </span>
    </p>
   </div>
   <div class='ocr_carea' id='block_1_33' title="bbox 343 3462 1869 3541">
    <p class='ocr_par' dir='ltr' id='par_1_33' title="bbox 343 3462 1869 3541">
     <span class='ocr_line' id='line_1_33' title="bbox 343 3462 1869 3541; baseline 0.009 -26"><span class='ocrx_word' id='word_1_233' title='bbox 343 3462 569 3517; x_wconf 88' lang='lat' dir='ltr'><strong>Brevem</strong></span> <span class='ocrx_word' id='word_1_234' title='bbox 609 3464 768 3518; x_wconf 85' lang='lat' dir='ltr'><strong>aliam</strong></span> <span class='ocrx_word' id='word_1_235' title='bbox 803 3466 853 3519; x_wconf 88' lang='lat' dir='ltr'><strong>in</strong></span> <span class='ocrx_word' id='word_1_236' title='bbox 887 3477 1099 3521; x_wconf 75' lang='lat' dir='ltr'><strong>sanctos</strong></span> <span class='ocrx_word' id='word_1_237' title='bbox 1130 3470 1388 3541; x_wconf 76' lang='lat' dir='ltr'><strong>Martyres</strong></span> <span class='ocrx_word' id='word_1_238' title='bbox 1430 3471 1613 3528; x_wconf 82' lang='lat' dir='ltr'><strong>habuit</strong></span> <span class='ocrx_word' id='word_1_239' title='bbox 1650 3476 1869 3529; x_wconf 85' lang='lat' dir='ltr'><strong>concio-</strong></span> 
     </span>
    </p>
   </div>
   <div class='ocr_carea' id='block_1_34' title="bbox 281 3554 1871 3636">
    <p class='ocr_par' dir='ltr' id='par_1_34' title="bbox 281 3554 1871 3636">
     <span class='ocr_line' id='line_1_34' title="bbox 281 3554 1871 3636; baseline 0.011 -31"><span class='ocrx_word' id='word_1_240' title='bbox 281 3568 393 3607; x_wconf 88' lang='lat' dir='ltr'><strong>nem</strong></span> <span class='ocrx_word' id='word_1_241' title='bbox 427 3554 513 3617; x_wconf 84' lang='lat' dir='ltr'><strong>(T.</strong></span> <span class='ocrx_word' id='word_1_242' title='bbox 544 3554 601 3609; x_wconf 72' lang='lat'><strong>2.</strong></span> <span class='ocrx_word' id='word_1_243' title='bbox 640 3572 703 3608; x_wconf 82' lang='lat' dir='ltr'><strong>c-</strong></span> <span class='ocrx_word' id='word_1_244' title='bbox 724 3555 881 3628; x_wconf 83' lang='lat' dir='ltr'><strong>66l),</strong></span> <span class='ocrx_word' id='word_1_245' title='bbox 913 3559 1064 3629; x_wconf 86' lang='lat' dir='ltr'><strong>cujus</strong></span> <span class='ocrx_word' id='word_1_246' title='bbox 1087 3576 1286 3613; x_wconf 90' lang='lat' dir='ltr'><strong>annum</strong></span> <span class='ocrx_word' id='word_1_247' title='bbox 1318 3564 1589 3634; x_wconf 81' lang='lat' dir='ltr'><strong>assignare</strong></span> <span class='ocrx_word' id='word_1_248' title='bbox 1620 3582 1724 3619; x_wconf 90' lang='lat' dir='ltr'><strong>non</strong></span> <span class='ocrx_word' id='word_1_249' title='bbox 1751 3583 1871 3636; x_wconf 84' lang='lat' dir='ltr'><strong>pos-</strong></span> 
     </span>
    </p>
   </div>
   <div class='ocr_carea' id='block_1_35' title="bbox 278 3647 1869 3731">
    <p class='ocr_par' dir='ltr' id='par_1_35' title="bbox 278 3647 1869 3731">
     <span class='ocr_line' id='line_1_35' title="bbox 278 3647 1869 3731; baseline 0.011 -35"><span class='ocrx_word' id='word_1_250' title='bbox 278 3660 472 3699; x_wconf 80' lang='lat' dir='ltr'><strong>sumus.</strong></span> <span class='ocrx_word' id='word_1_251' title='bbox 506 3647 637 3703; x_wconf 73' lang='lat' dir='ltr'><strong>llzcc</strong></span> <span class='ocrx_word' id='word_1_252' title='bbox 662 3660 839 3705; x_wconf 90' lang='lat' dir='ltr'><strong>autem</strong></span> <span class='ocrx_word' id='word_1_253' title='bbox 865 3652 917 3704; x_wconf 93' lang='lat' dir='ltr'><strong>in</strong></span> <span class='ocrx_word' id='word_1_254' title='bbox 942 3668 1070 3721; x_wconf 80' lang='lat' dir='ltr'><strong>agro</strong></span> <span class='ocrx_word' id='word_1_255' title='bbox 1090 3654 1430 3709; x_wconf 85' lang='lat' dir='ltr'><strong>Antiocheuo</strong></span> <span class='ocrx_word' id='word_1_256' title='bbox 1451 3657 1589 3712; x_wconf 86' lang='lat' dir='ltr'><strong>dicta</strong></span> <span class='ocrx_word' id='word_1_257' title='bbox 1620 3658 1735 3723; x_wconf 80' lang='lat' dir='ltr'><strong>fuit,</strong></span> <span class='ocrx_word' id='word_1_258' title='bbox 1762 3676 1869 3731; x_wconf 90' lang='lat' dir='ltr'><strong>quo</strong></span> 
     </span>
    </p>
   </div>
   <div class='ocr_carea' id='block_1_36' title="bbox 277 3737 1865 3815">
    <p class='ocr_par' dir='ltr' id='par_1_36' title="bbox 277 3737 1865 3815">
     <span class='ocr_line' id='line_1_36' title="bbox 277 3737 1865 3815; baseline 0.012 -29"><span class='ocrx_word' id='word_1_259' title='bbox 277 3737 613 3792; x_wconf 76' lang='lat' dir='ltr'><strong>conlhtcbant</strong></span> <span class='ocrx_word' id='word_1_260' title='bbox 637 3754 700 3792; x_wconf 78' lang='lat' dir='ltr'><strong>ex</strong></span> <span class='ocrx_word' id='word_1_261' title='bbox 724 3741 938 3795; x_wconf 86' lang='lat' dir='ltr'><strong>civitate</strong></span> <span class='ocrx_word' id='word_1_262' title='bbox 962 3742 1135 3808; x_wconf 89' lang='lat' dir='ltr'><strong>multi,</strong></span> <span class='ocrx_word' id='word_1_263' title='bbox 1165 3744 1257 3798; x_wconf 90' lang='lat' dir='ltr'><strong>sed</strong></span> <span class='ocrx_word' id='word_1_264' title='bbox 1291 3756 1566 3815; x_wconf 80' lang='lat' dir='ltr'><strong>postquam</strong></span> <span class='ocrx_word' id='word_1_265' title='bbox 1591 3759 1644 3801; x_wconf 89' lang='lat' dir='ltr'><strong>et</strong></span> <span class='ocrx_word' id='word_1_266' title='bbox 1665 3751 1865 3805; x_wconf 87' lang='lat' dir='ltr'><strong>cultum</strong></span> 
     </span>
    </p>
   </div>
   <div class='ocr_carea' id='block_1_37' title="bbox 276 3830 1864 3906">
    <p class='ocr_par' dir='ltr' id='par_1_37' title="bbox 276 3830 1864 3906">
     <span class='ocr_line' id='line_1_37' title="bbox 276 3830 1864 3906; baseline 0.011 -29"><span class='ocrx_word' id='word_1_267' title='bbox 276 3830 596 3899; x_wconf 73' lang='lat' dir='ltr'><strong>martyribus</strong></span> <span class='ocrx_word' id='word_1_268' title='bbox 626 3830 1001 3895; x_wconf 72' lang='lat' dir='ltr'><strong>cxhihucrant.</strong></span> <span class='ocrx_word' id='word_1_269' title='bbox 1049 3844 1101 3888; x_wconf 89' lang='lat' dir='ltr'><strong>et</strong></span> <span class='ocrx_word' id='word_1_270' title='bbox 1144 3836 1432 3891; x_wconf 80' lang='lat' dir='ltr'><strong>conciones</strong></span> <span class='ocrx_word' id='word_1_271' title='bbox 1462 3840 1761 3906; x_wconf 86' lang='lat' dir='ltr'><strong>audierant,</strong></span> <span class='ocrx_word' id='word_1_272' title='bbox 1799 3843 1864 3896; x_wconf 89' lang='lat' dir='ltr'><strong>ad</strong></span> 
     </span>
    </p>
   </div>
   <div class='ocr_carea' id='block_1_38' title="bbox 277 3921 1866 4001">
    <p class='ocr_par' dir='ltr' id='par_1_38' title="bbox 277 3921 1866 4001">
     <span class='ocr_line' id='line_1_38' title="bbox 277 3921 1866 4001; baseline 0.015 -33"><span class='ocrx_word' id='word_1_273' title='bbox 277 3921 494 3987; x_wconf 80' lang='lat' dir='ltr'><strong>popinas</strong></span> <span class='ocrx_word' id='word_1_274' title='bbox 555 3931 609 3976; x_wconf 84' lang='lat' dir='ltr'><strong>ct</strong></span> <span class='ocrx_word' id='word_1_275' title='bbox 651 3926 1077 3994; x_wconf 73' lang='lat' dir='ltr'><strong>couipotationes</strong></span> <span class='ocrx_word' id='word_1_276' title='bbox 1122 3929 1477 3985; x_wconf 75' lang='lat' dir='ltr'><strong>di\€l‘lcbttttl.</strong></span> <span class='ocrx_word' id='word_1_277' title='bbox 1528 3933 1640 4001; x_wconf 81' lang='lat' dir='ltr'><strong>Qua</strong></span> <span class='ocrx_word' id='word_1_278' title='bbox 1686 3935 1755 3991; x_wconf 88' lang='lat' dir='ltr'><strong>de</strong></span> <span class='ocrx_word' id='word_1_279' title='bbox 1809 3954 1866 3991; x_wconf 87' lang='lat' dir='ltr'><strong>re</strong></span> 
     </span>
    </p>
   </div>
   <div class='ocr_carea' id='block_1_39' title="bbox 274 4012 1859 4105">
    <p class='ocr_par' dir='ltr' id='par_1_39' title="bbox 274 4012 1859 4105">
     <span class='ocr_line' id='line_1_39' title="bbox 274 4012 1859 4105; baseline 0.014 -45"><span class='ocrx_word' id='word_1_280' title='bbox 274 4014 462 4105; x_wconf 72' lang='lat' dir='ltr'><strong>acriter</strong></span> <span class='ocrx_word' id='word_1_281' title='bbox 511 4012 565 4065; x_wconf 91' lang='lat' dir='ltr'><strong>in</strong></span> <span class='ocrx_word' id='word_1_282' title='bbox 617 4030 711 4066; x_wconf 82' lang='lat' dir='ltr'><strong>eos</strong></span> <span class='ocrx_word' id='word_1_283' title='bbox 761 4014 1029 4071; x_wconf 78' lang='lat' dir='ltr'><strong>invehitur</strong></span> <span class='ocrx_word' id='word_1_284' title='bbox 1059 4029 1275 4074; x_wconf 88' lang='lat' dir='ltr'><strong>sanctus</strong></span> <span class='ocrx_word' id='word_1_285' title='bbox 1309 4022 1521 4077; x_wconf 81' lang='lat' dir='ltr'><strong>Doctor.</strong></span> <span class='ocrx_word' id='word_1_286' title='bbox 1574 4025 1859 4096; x_wconf 78' lang='lat' dir='ltr'><strong>Perpende,</strong></span> 
     </span>
    </p>
   </div>
   <div class='ocr_carea' id='block_1_40' title="bbox 275 4103 1861 4187">
    <p class='ocr_par' dir='ltr' id='par_1_40' title="bbox 275 4103 1861 4187">
     <span class='ocr_line' id='line_1_40' title="bbox 275 4103 1861 4187; baseline 0.015 -37"><span class='ocrx_word' id='word_1_287' title='bbox 275 4103 454 4169; x_wconf 82' lang='lat' dir='ltr'><strong>inquit,</strong></span> <span class='ocrx_word' id='word_1_288' title='bbox 509 4122 661 4173; x_wconf 82' lang='lat' dir='ltr'><strong>quant</strong></span> <span class='ocrx_word' id='word_1_289' title='bbox 687 4106 957 4161; x_wconf 82' lang='lat' dir='ltr'><strong>ridiculum</strong></span> <span class='ocrx_word' id='word_1_290' title='bbox 1001 4112 1083 4174; x_wconf 78' lang='lat' dir='ltr'><strong>sit,</strong></span> <span class='ocrx_word' id='word_1_291' title='bbox 1110 4122 1223 4180; x_wconf 85' lang='lat' dir='ltr'><strong>post</strong></span> <span class='ocrx_word' id='word_1_292' title='bbox 1259 4113 1512 4182; x_wconf 72' lang='lat' dir='ltr'><strong>ejusmodi</strong></span> <span class='ocrx_word' id='word_1_293' title='bbox 1538 4130 1861 4187; x_wconf 83' lang='lat' dir='ltr'><strong>conventum,</strong></span> 
     </span>
    </p>
   </div>
   <div class='ocr_carea' id='block_1_41' title="bbox 272 4194 1858 4279">
    <p class='ocr_par' dir='ltr' id='par_1_41' title="bbox 272 4194 1858 4279">
     <span class='ocr_line' id='line_1_41' title="bbox 272 4194 1858 4279; baseline 0.015 -39"><span class='ocrx_word' id='word_1_294' title='bbox 272 4200 376 4256; x_wconf 82' lang='lat' dir='ltr'><strong>post</strong></span> <span class='ocrx_word' id='word_1_295' title='bbox 401 4194 624 4261; x_wconf 52' lang='lat' dir='ltr'><strong>vidi/ins,</strong></span> <span class='ocrx_word' id='word_1_296' title='bbox 665 4208 777 4266; x_wconf 80' lang='lat' dir='ltr'><strong>post</strong></span> <span class='ocrx_word' id='word_1_297' title='bbox 811 4215 1071 4254; x_wconf 77' lang='lat' dir='ltr'><strong>sacrarunt</strong></span> <span class='ocrx_word' id='word_1_298' title='bbox 1110 4205 1419 4257; x_wconf 80' lang='lat' dir='ltr'><strong>auditionem</strong></span> <span class='ocrx_word' id='word_1_299' title='bbox 1449 4207 1858 4279; x_wconf 85' lang='lat' dir='ltr'><strong>Scripturaram,</strong></span> 
     </span>
    </p>
   </div>
   <div class='ocr_carea' id='block_1_42' title="bbox 273 4287 1863 4373">
    <p class='ocr_par' dir='ltr' id='par_1_42' title="bbox 273 4287 1863 4373">
     <span class='ocr_line' id='line_1_42' title="bbox 273 4287 1863 4373; baseline 0.018 -44"><span class='ocrx_word' id='word_1_300' title='bbox 273 4293 374 4343; x_wconf 81' lang='lat' dir='ltr'><strong>post</strong></span> <span class='ocrx_word' id='word_1_301' title='bbox 416 4287 703 4339; x_wconf 70' lang='lat' dir='ltr'><strong>divinorum</strong></span> <span class='ocrx_word' id='word_1_302' title='bbox 750 4291 1197 4360; x_wconf 75' lang='lat' dir='ltr'><strong>participationem</strong></span> <span class='ocrx_word' id='word_1_303' title='bbox 1232 4298 1603 4365; x_wconf 78' lang='lat' dir='ltr'><strong>mysteriorum,</strong></span> <span class='ocrx_word' id='word_1_304' title='bbox 1656 4313 1702 4354; x_wconf 89' lang='lat' dir='ltr'><strong>et</strong></span> <span class='ocrx_word' id='word_1_305' title='bbox 1749 4316 1863 4373; x_wconf 70' lang='lat' dir='ltr'><strong>post</strong></span> 
     </span>
    </p>
   </div>
   <div class='ocr_carea' id='block_1_43' title="bbox 268 4373 1855 4450">
    <p class='ocr_par' dir='ltr' id='par_1_43' title="bbox 268 4373 1855 4450">
     <span class='ocr_line' id='line_1_43' title="bbox 268 4373 1855 4450; baseline 0.017 -28"><span class='ocrx_word' id='word_1_306' title='bbox 268 4373 579 4437; x_wconf 71' lang='lat' dir='ltr'><strong>spiritnulem</strong></span> <span class='ocrx_word' id='word_1_307' title='bbox 621 4376 954 4446; x_wconf 80' lang='lat' dir='ltr'><strong>largitionem,</strong></span> <span class='ocrx_word' id='word_1_308' title='bbox 988 4384 1149 4437; x_wconf 85' lang='lat' dir='ltr'><strong>virum</strong></span> <span class='ocrx_word' id='word_1_309' title='bbox 1182 4397 1269 4438; x_wconf 88' lang='lat' dir='ltr'><strong>aut</strong></span> <span class='ocrx_word' id='word_1_310' title='bbox 1299 4389 1559 4443; x_wconf 86' lang='lat' dir='ltr'><strong>mulierem</strong></span> <span class='ocrx_word' id='word_1_311' title='bbox 1586 4401 1715 4447; x_wconf 68' lang='lat' dir='ltr'><strong>toto:</strong></span> <span class='ocrx_word' id='word_1_312' title='bbox 1748 4396 1855 4450; x_wconf 69' lang='lat' dir='ltr'><strong>dies</strong></span> 
     </span>
    </p>
   </div>
   <div class='ocr_carea' id='block_1_44' title="bbox 268 4464 1096 4541">
    <p class='ocr_par' dir='ltr' id='par_1_44' title="bbox 268 4464 1096 4541">
     <span class='ocr_line' id='line_1_44' title="bbox 268 4464 1096 4541; baseline 0.018 -28"><span class='ocrx_word' id='word_1_313' title='bbox 268 4464 314 4514; x_wconf 86' lang='lat' dir='ltr'><strong>in</strong></span> <span class='ocrx_word' id='word_1_314' title='bbox 334 4467 533 4535; x_wconf 77' lang='lat' dir='ltr'><strong>popinis</strong></span> <span class='ocrx_word' id='word_1_315' title='bbox 563 4472 892 4541; x_wconf 69' lang='lat' dir='ltr'><strong>transigentes</strong></span> <span class='ocrx_word' id='word_1_316' title='bbox 919 4474 1096 4528; x_wconf 77' lang='lat' dir='ltr'><strong>videri.</strong></span> 
     </span>
    </p>
   </div>
   <div class='ocr_carea' id='block_1_45' title="bbox 332 4559 1856 4647">
    <p class='ocr_par' dir='ltr' id='par_1_45' title="bbox 332 4559 1856 4647">
     <span class='ocr_line' id='line_1_45' title="bbox 332 4559 1856 4647; baseline 0.016 -36"><span class='ocrx_word' id='word_1_317' title='bbox 332 4559 697 4641; x_wconf 87' lang='lat' dir='ltr'><strong>llomiliamin</strong></span> <span class='ocrx_word' id='word_1_318' title='bbox 729 4565 785 4619; x_wconf 91' lang='lat' dir='ltr'><strong>S.</strong></span> <span class='ocrx_word' id='word_1_319' title='bbox 820 4566 1083 4623; x_wconf 75' lang='lat' dir='ltr'><strong>lulianum</strong></span> <span class='ocrx_word' id='word_1_320' title='bbox 1116 4582 1403 4645; x_wconf 88' lang='lat' dir='ltr'><strong>martyrem</strong></span> <span class='ocrx_word' id='word_1_321' title='bbox 1430 4574 1649 4631; x_wconf 90' lang='lat' dir='ltr'><strong>Cilicem</strong></span> <span class='ocrx_word' id='word_1_322' title='bbox 1682 4579 1768 4647; x_wconf 91' lang='lat' dir='ltr'><strong>(T.</strong></span> <span class='ocrx_word' id='word_1_323' title='bbox 1799 4582 1856 4636; x_wconf 75' lang='lat'><strong>‘2.</strong></span> 
     </span>
    </p>
   </div>
   <div class='ocr_carea' id='block_1_46' title="bbox 278 4655 1861 4733">
    <p class='ocr_par' dir='ltr' id='par_1_46' title="bbox 278 4655 1861 4733">
     <span class='ocr_line' id='line_1_46' title="bbox 278 4655 1861 4733; baseline 0.015 -32"><span class='ocrx_word' id='word_1_324' title='bbox 278 4668 318 4708; x_wconf 70' lang='grc' dir='ltr'><em>τ.</em></span> <span class='ocrx_word' id='word_1_325' title='bbox 351 4656 473 4723; x_wconf 73' lang='grc' dir='ltr'><strong>ϋΰῖί)</strong></span> <span class='ocrx_word' id='word_1_326' title='bbox 504 4696 518 4718; x_wconf 85' lang='grc'><em>,</em></span> <span class='ocrx_word' id='word_1_327' title='bbox 564 4655 654 4723; x_wconf 89' lang='lat' dir='ltr'><strong>qui</strong></span> <span class='ocrx_word' id='word_1_328' title='bbox 703 4671 797 4724; x_wconf 86' lang='lat' dir='ltr'><strong>pro</strong></span> <span class='ocrx_word' id='word_1_329' title='bbox 843 4657 1056 4713; x_wconf 84' lang='lat' dir='ltr'><strong>Christo</strong></span> <span class='ocrx_word' id='word_1_330' title='bbox 1102 4664 1339 4718; x_wconf 86' lang='lat' dir='ltr'><strong>cervices</strong></span> <span class='ocrx_word' id='word_1_331' title='bbox 1382 4664 1622 4733; x_wconf 83' lang='lat' dir='ltr'><strong>dederat,</strong></span> <span class='ocrx_word' id='word_1_332' title='bbox 1675 4669 1861 4725; x_wconf 89' lang='lat' dir='ltr'><strong>habuit</strong></span> 
     </span>
    </p>
   </div>
   <div class='ocr_carea' id='block_1_47' title="bbox 266 4737 1857 4825">
    <p class='ocr_par' dir='ltr' id='par_1_47' title="bbox 266 4737 1857 4825">
     <span class='ocr_line' id='line_1_47' title="bbox 266 4737 1857 4825; baseline 0.019 -36"><span class='ocrx_word' id='word_1_333' title='bbox 266 4737 673 4811; x_wconf 83' lang='lat' dir='ltr'><strong>Chrysostomus</strong></span> <span class='ocrx_word' id='word_1_334' title='bbox 705 4749 1023 4815; x_wconf 69' lang='lat' dir='ltr'><strong>Antiochitu,</strong></span> <span class='ocrx_word' id='word_1_335' title='bbox 1054 4762 1109 4806; x_wconf 90' lang='lat' dir='ltr'><strong>ut</strong></span> <span class='ocrx_word' id='word_1_336' title='bbox 1139 4756 1476 4823; x_wconf 69' lang='lat' dir='ltr'><strong>exploratum</strong></span> <span class='ocrx_word' id='word_1_337' title='bbox 1503 4770 1603 4825; x_wconf 87' lang='lat' dir='ltr'><strong>est,</strong></span> <span class='ocrx_word' id='word_1_338' title='bbox 1638 4773 1748 4816; x_wconf 89' lang='lat' dir='ltr'><strong>tum</strong></span> <span class='ocrx_word' id='word_1_339' title='bbox 1791 4781 1857 4819; x_wconf 79' lang='lat' dir='ltr'><strong>ex</strong></span> 
     </span>
    </p>
   </div>
   <div class='ocr_carea' id='block_1_48' title="bbox 265 4826 1858 4916">
    <p class='ocr_par' dir='ltr' id='par_1_48' title="bbox 265 4826 1858 4916">
     <span class='ocr_line' id='line_1_48' title="bbox 265 4826 1858 4916; baseline 0.019 -36"><span class='ocrx_word' id='word_1_340' title='bbox 265 4826 323 4880; x_wconf 82' lang='lat' dir='ltr'><strong>iis</strong></span> <span class='ocrx_word' id='word_1_341' title='bbox 343 4848 455 4899; x_wconf 62' lang='lat' dir='ltr'><strong>quae</strong></span> <span class='ocrx_word' id='word_1_342' title='bbox 486 4834 557 4887; x_wconf 85' lang='lat' dir='ltr'><strong>de</strong></span> <span class='ocrx_word' id='word_1_343' title='bbox 588 4836 837 4904; x_wconf 85' lang='lat' dir='ltr'><strong>Daphnes</strong></span> <span class='ocrx_word' id='word_1_344' title='bbox 857 4841 1134 4909; x_wconf 86' lang='lat' dir='ltr'><strong>suburbio,</strong></span> <span class='ocrx_word' id='word_1_345' title='bbox 1175 4846 1349 4916; x_wconf 89' lang='lat' dir='ltr'><strong>deque</strong></span> <span class='ocrx_word' id='word_1_346' title='bbox 1375 4853 1858 4911; x_wconf 81' lang='lat' dir='ltr'><strong>comessationibus</strong></span> 
     </span>
    </p>
   </div>
   <div class='ocr_carea' id='block_1_49' title="bbox 266 4927 1851 5009">
    <p class='ocr_par' dir='ltr' id='par_1_49' title="bbox 266 4927 1851 5009">
     <span class='ocr_line' id='line_1_49' title="bbox 266 4927 1851 5009; baseline 0.019 -40"><span class='ocrx_word' id='word_1_347' title='bbox 266 4930 417 4991; x_wconf 83' lang='lat' dir='ltr'><strong>atque</strong></span> <span class='ocrx_word' id='word_1_348' title='bbox 460 4927 711 4995; x_wconf 87' lang='lat' dir='ltr'><strong>tripudiis</strong></span> <span class='ocrx_word' id='word_1_349' title='bbox 752 4930 948 4985; x_wconf 87' lang='lat' dir='ltr'><strong>ibidem</strong></span> <span class='ocrx_word' id='word_1_350' title='bbox 980 4933 1166 4989; x_wconf 82' lang='lat' dir='ltr'><strong>haberi</strong></span> <span class='ocrx_word' id='word_1_351' title='bbox 1208 4938 1384 4991; x_wconf 86' lang='lat' dir='ltr'><strong>solitis</strong></span> <span class='ocrx_word' id='word_1_352' title='bbox 1422 4955 1851 5009; x_wconf 85' lang='lat' dir='ltr'><strong>commemorat;</strong></span> 
     </span>
    </p>
   </div>
   <div class='ocr_carea' id='block_1_50' title="bbox 265 5020 1853 5101">
    <p class='ocr_par' dir='ltr' id='par_1_50' title="bbox 265 5020 1853 5101">
     <span class='ocr_line' id='line_1_50' title="bbox 265 5020 1853 5101; baseline 0.016 -36"><span class='ocrx_word' id='word_1_353' title='bbox 265 5021 367 5068; x_wconf 89' lang='lat' dir='ltr'><strong>tum</strong></span> <span class='ocrx_word' id='word_1_354' title='bbox 396 5020 557 5071; x_wconf 88' lang='lat' dir='ltr'><strong>etiam</strong></span> <span class='ocrx_word' id='word_1_355' title='bbox 586 5021 709 5088; x_wconf 89' lang='lat' dir='ltr'><strong>quia</strong></span> <span class='ocrx_word' id='word_1_356' title='bbox 748 5022 990 5091; x_wconf 87' lang='lat' dir='ltr'><strong>ejusdem</strong></span> <span class='ocrx_word' id='word_1_357' title='bbox 1022 5029 1189 5081; x_wconf 88' lang='lat' dir='ltr'><strong>sancti</strong></span> <span class='ocrx_word' id='word_1_358' title='bbox 1223 5029 1853 5101; x_wconf 50' lang='lat' dir='ltr'><strong>lteliquimﬁntiochiam</strong></span> 
     </span>
    </p>
   </div>
   <div class='ocr_carea' id='block_1_51' title="bbox 266 5110 1850 5193">
    <p class='ocr_par' dir='ltr' id='par_1_51' title="bbox 266 5110 1850 5193">
     <span class='ocr_line' id='line_1_51' title="bbox 266 5110 1850 5193; baseline 0.015 -35"><span class='ocrx_word' id='word_1_359' title='bbox 266 5110 528 5164; x_wconf 78' lang='lat' dir='ltr'><strong>translata:</strong></span> <span class='ocrx_word' id='word_1_360' title='bbox 571 5110 823 5168; x_wconf 78' lang='lat' dir='ltr'><strong>fuerant:</strong></span> <span class='ocrx_word' id='word_1_361' title='bbox 854 5126 1076 5187; x_wconf 88' lang='lat' dir='ltr'><strong>eratque</strong></span> <span class='ocrx_word' id='word_1_362' title='bbox 1106 5117 1378 5176; x_wconf 87' lang='lat' dir='ltr'><strong>eademin</strong></span> <span class='ocrx_word' id='word_1_363' title='bbox 1422 5122 1556 5179; x_wconf 87' lang='lat' dir='ltr'><strong>urbe</strong></span> <span class='ocrx_word' id='word_1_364' title='bbox 1602 5128 1850 5193; x_wconf 84' lang='lat' dir='ltr'><strong>ecclesia,</strong></span> 
     </span>
    </p>
   </div>
   <div class='ocr_carea' id='block_1_52' title="bbox 263 5197 1852 5285">
    <p class='ocr_par' dir='ltr' id='par_1_52' title="bbox 263 5197 1852 5285">
     <span class='ocr_line' id='line_1_52' title="bbox 263 5197 1852 5285; baseline 0.018 -38"><span class='ocrx_word' id='word_1_365' title='bbox 263 5197 489 5285; x_wconf 69' lang='lat' dir='ltr'><strong>t&#39;jttsdem</strong></span> <span class='ocrx_word' id='word_1_366' title='bbox 533 5206 706 5260; x_wconf 90' lang='lat' dir='ltr'><strong>sancti</strong></span> <span class='ocrx_word' id='word_1_367' title='bbox 736 5207 954 5263; x_wconf 82' lang='lat' dir='ltr'><strong>nomine</strong></span> <span class='ocrx_word' id='word_1_368' title='bbox 1000 5221 1334 5276; x_wconf 87' lang='lat' dir='ltr'><strong>consecrata,</strong></span> <span class='ocrx_word' id='word_1_369' title='bbox 1385 5230 1503 5285; x_wconf 67' lang='lat' dir='ltr'><strong>qute</strong></span> <span class='ocrx_word' id='word_1_370' title='bbox 1533 5216 1586 5272; x_wconf 90' lang='lat' dir='ltr'><strong>in</strong></span> <span class='ocrx_word' id='word_1_371' title='bbox 1628 5219 1852 5277; x_wconf 82' lang='lat' dir='ltr'><strong>historia</strong></span> 
     </span>
    </p>
   </div>
   <div class='ocr_carea' id='block_1_53' title="bbox 264 5284 1851 5371">
    <p class='ocr_par' dir='ltr' id='par_1_53' title="bbox 264 5284 1851 5371">
     <span class='ocr_line' id='line_1_53' title="bbox 264 5284 1851 5371; baseline 0.016 -29"><span class='ocrx_word' id='word_1_372' title='bbox 264 5284 629 5350; x_wconf 58' lang='lat' dir='ltr'><strong>licclcsiastica</strong></span> <span class='ocrx_word' id='word_1_373' title='bbox 664 5312 770 5359; x_wconf 85' lang='lat' dir='ltr'><strong>non</strong></span> <span class='ocrx_word' id='word_1_374' title='bbox 814 5299 1180 5371; x_wconf 81' lang='lat' dir='ltr'><strong>infrequenter</strong></span> <span class='ocrx_word' id='word_1_375' title='bbox 1220 5284 1572 5365; x_wconf 78' lang='lat' dir='ltr'><strong>memoratur.</strong></span> <span class='ocrx_word' id='word_1_376' title='bbox 1606 5310 1681 5365; x_wconf 89' lang='lat' dir='ltr'><strong>De</strong></span> <span class='ocrx_word' id='word_1_377' title='bbox 1708 5326 1851 5367; x_wconf 89' lang='lat' dir='ltr'><strong>anno</strong></span> 
     </span>
    </p>
   </div>
   <div class='ocr_carea' id='block_1_54' title="bbox 262 5386 1847 5474">
    <p class='ocr_par' dir='ltr' id='par_1_54' title="bbox 262 5386 1847 5474">
     <span class='ocr_line' id='line_1_54' title="bbox 262 5386 1847 5474; baseline 0.016 -41"><span class='ocrx_word' id='word_1_378' title='bbox 262 5391 428 5439; x_wconf 81' lang='lat' dir='ltr'><strong>autem</strong></span> <span class='ocrx_word' id='word_1_379' title='bbox 464 5403 573 5457; x_wconf 88' lang='lat' dir='ltr'><strong>quo</strong></span> <span class='ocrx_word' id='word_1_380' title='bbox 607 5386 745 5445; x_wconf 83' lang='lat' dir='ltr'><strong>hanc</strong></span> <span class='ocrx_word' id='word_1_381' title='bbox 772 5390 907 5447; x_wconf 83' lang='lat' dir='ltr'><strong>dixit</strong></span> <span class='ocrx_word' id='word_1_382' title='bbox 930 5395 1268 5462; x_wconf 87' lang='lat' dir='ltr'><strong>concionem,</strong></span> <span class='ocrx_word' id='word_1_383' title='bbox 1297 5397 1431 5452; x_wconf 88' lang='lat' dir='ltr'><strong>nihil</strong></span> <span class='ocrx_word' id='word_1_384' title='bbox 1456 5400 1720 5470; x_wconf 76' lang='lat' dir='ltr'><strong>expiscari</strong></span> <span class='ocrx_word' id='word_1_385' title='bbox 1750 5419 1847 5474; x_wconf 88' lang='lat' dir='ltr'><strong>po-</strong></span> 
     </span>
    </p>
   </div>
   <div class='ocr_carea' id='block_1_55' title="bbox 264 5475 472 5532">
    <p class='ocr_par' dir='ltr' id='par_1_55' title="bbox 264 5475 472 5532">
     <span class='ocr_line' id='line_1_55' title="bbox 264 5475 472 5532; baseline 0.034 -7"><span class='ocrx_word' id='word_1_386' title='bbox 264 5475 472 5532; x_wconf 82' lang='lat' dir='ltr'><strong>luimus.</strong></span> 
     </span>
    </p>
   </div>
   <div class='ocr_carea' id='block_1_56' title="bbox 325 5568 1849 5661">
    <p class='ocr_par' dir='ltr' id='par_1_56' title="bbox 325 5568 1849 5661">
     <span class='ocr_line' id='line_1_56' title="bbox 325 5568 1849 5661; baseline 0.015 -38"><span class='ocrx_word' id='word_1_387' title='bbox 325 5568 473 5625; x_wconf 88' lang='lat' dir='ltr'><strong>Circa</strong></span> <span class='ocrx_word' id='word_1_388' title='bbox 501 5572 782 5631; x_wconf 85' lang='lat' dir='ltr'><strong>llomiliam</strong></span> <span class='ocrx_word' id='word_1_389' title='bbox 826 5577 877 5631; x_wconf 94' lang='lat' dir='ltr'><strong>in</strong></span> <span class='ocrx_word' id='word_1_390' title='bbox 906 5590 1148 5637; x_wconf 92' lang='lat' dir='ltr'><strong>sanctum</strong></span> <span class='ocrx_word' id='word_1_391' title='bbox 1177 5582 1511 5640; x_wconf 85' lang='lat' dir='ltr'><strong>Barlaamum</strong></span> <span class='ocrx_word' id='word_1_392' title='bbox 1558 5598 1849 5661; x_wconf 80' lang='lat' dir='ltr'><strong>martyrem</strong></span> 
     </span>
    </p>
   </div>
   <div class='ocr_carea' id='block_1_57' title="bbox 262 5657 1851 5754">
    <p class='ocr_par' dir='ltr' id='par_1_57' title="bbox 262 5657 1851 5754">
     <span class='ocr_line' id='line_1_57' title="bbox 262 5657 1851 5754; baseline 0.016 -41"><span class='ocrx_word' id='word_1_393' title='bbox 262 5657 337 5723; x_wconf 76' lang='grc' dir='ltr'><strong>(Τ.</strong></span> <span class='ocrx_word' id='word_1_394' title='bbox 380 5661 434 5717; x_wconf 71' lang='lat'><strong>2.</strong></span> <span class='ocrx_word' id='word_1_395' title='bbox 477 5682 527 5721; x_wconf 86' lang='lat' dir='ltr'><strong>c.</strong></span> <span class='ocrx_word' id='word_1_396' title='bbox 557 5666 702 5741; x_wconf 79' lang='lat'><strong>675)</strong></span> <span class='ocrx_word' id='word_1_397' title='bbox 753 5680 902 5726; x_wconf 87' lang='lat' dir='ltr'><strong>notat</strong></span> <span class='ocrx_word' id='word_1_398' title='bbox 940 5672 1141 5730; x_wconf 86' lang='lat' dir='ltr'><strong>Fronto</strong></span> <span class='ocrx_word' id='word_1_399' title='bbox 1184 5677 1409 5733; x_wconf 70' lang='lat' dir='ltr'><strong>Ducmus</strong></span> <span class='ocrx_word' id='word_1_400' title='bbox 1454 5679 1504 5733; x_wconf 91' lang='lat' dir='ltr'><strong>in</strong></span> <span class='ocrx_word' id='word_1_401' title='bbox 1549 5657 1851 5754; x_wconf 31' lang='lat' dir='ltr'><strong>Meno&#39;logio</strong></span> 
     </span>
    </p>
   </div>
   <div class='ocr_carea' id='block_1_58' title="bbox 262 5756 1850 5840">
    <p class='ocr_par' dir='ltr' id='par_1_58' title="bbox 262 5756 1850 5840">
     <span class='ocr_line' id='line_1_58' title="bbox 262 5756 1850 5840; baseline 0.014 -33"><span class='ocrx_word' id='word_1_402' title='bbox 262 5756 476 5840; x_wconf 75' lang='lat' dir='ltr'><strong>ttllodam</strong></span> <span class='ocrx_word' id='word_1_403' title='bbox 508 5758 819 5818; x_wconf 59' lang='lat' dir='ltr'><strong>Grecorum</strong></span> <span class='ocrx_word' id='word_1_404' title='bbox 860 5769 1222 5840; x_wconf 88' lang='lat' dir='ltr'><strong>manuscripto</strong></span> <span class='ocrx_word' id='word_1_405' title='bbox 1251 5770 1317 5824; x_wconf 86' lang='lat' dir='ltr'><strong>ad</strong></span> <span class='ocrx_word' id='word_1_406' title='bbox 1356 5771 1496 5826; x_wconf 85' lang='lat' dir='ltr'><strong>diem</strong></span> <span class='ocrx_word' id='word_1_407' title='bbox 1527 5774 1593 5829; x_wconf 88' lang='lat' dir='ltr'><strong>l6</strong></span> <span class='ocrx_word' id='word_1_408' title='bbox 1620 5773 1850 5831; x_wconf 83' lang='lat' dir='ltr'><strong>Novem-</strong></span> 
     </span>
    </p>
   </div>
   <div class='ocr_carea' id='block_1_59' title="bbox 262 5839 1846 5935">
    <p class='ocr_par' dir='ltr' id='par_1_59' title="bbox 262 5839 1846 5935">
     <span class='ocr_line' id='line_1_59' title="bbox 262 5839 1846 5935; baseline 0.015 -36"><span class='ocrx_word' id='word_1_409' title='bbox 262 5839 358 5935; x_wconf 60' lang='lat' dir='ltr'><strong>bris</strong></span> <span class='ocrx_word' id='word_1_410' title='bbox 384 5852 686 5907; x_wconf 87' lang='lat' dir='ltr'><strong>ammntiari</strong></span> <span class='ocrx_word' id='word_1_411' title='bbox 734 5854 928 5913; x_wconf 79' lang='lat' dir='ltr'><strong>festum</strong></span> <span class='ocrx_word' id='word_1_412' title='bbox 961 5857 1018 5913; x_wconf 92' lang='lat' dir='ltr'><strong>S.</strong></span> <span class='ocrx_word' id='word_1_413' title='bbox 1052 5839 1312 5917; x_wconf 84' lang='lat' dir='ltr'><strong>Barlaami</strong></span> <span class='ocrx_word' id='word_1_414' title='bbox 1336 5865 1606 5935; x_wconf 74' lang='lat' dir='ltr'><strong>martyris,</strong></span> <span class='ocrx_word' id='word_1_415' title='bbox 1631 5877 1686 5920; x_wconf 90' lang='lat' dir='ltr'><strong>ut</strong></span> <span class='ocrx_word' id='word_1_416' title='bbox 1715 5876 1768 5921; x_wconf 87' lang='lat' dir='ltr'><strong>et</strong></span> <span class='ocrx_word' id='word_1_417' title='bbox 1795 5868 1846 5923; x_wconf 90' lang='lat' dir='ltr'><strong>in</strong></span> 
     </span>
    </p>
   </div>
   <div class='ocr_carea' id='block_1_60' title="bbox 262 5930 1845 6031">
    <p class='ocr_par' dir='ltr' id='par_1_60' title="bbox 262 5930 1845 6031">
     <span class='ocr_line' id='line_1_60' title="bbox 262 5930 1845 6031; baseline 0.008 -32"><span class='ocrx_word' id='word_1_418' title='bbox 262 5930 616 6013; x_wconf 59' lang='lat' dir='ltr'><strong>H-trlyrolngio</strong></span> <span class='ocrx_word' id='word_1_419' title='bbox 642 5944 900 6002; x_wconf 84' lang='lat' dir='ltr'><strong>Romano.</strong></span> <span class='ocrx_word' id='word_1_420' title='bbox 930 5950 1042 6005; x_wconf 72' lang='lat' dir='ltr'><strong>Alia</strong></span> <span class='ocrx_word' id='word_1_421' title='bbox 1081 5967 1204 6006; x_wconf 88' lang='lat' dir='ltr'><strong>vero</strong></span> <span class='ocrx_word' id='word_1_422' title='bbox 1221 5930 1527 6011; x_wconf 78' lang='lat' dir='ltr'><strong>Grrccoruiu</strong></span> <span class='ocrx_word' id='word_1_423' title='bbox 1553 5955 1845 6031; x_wconf 68' lang='lat' dir='ltr'><strong>Mrnologia</strong></span> 
     </span>
    </p>
   </div>
   <div class='ocr_carea' id='block_1_61' title="bbox 1483 468 2403 572">
    <p class='ocr_par' dir='ltr' id='par_1_61' title="bbox 1483 468 2403 572">
     <span class='ocr_line' id='line_1_61' title="bbox 1483 468 2403 572; baseline -0.007 0"><span class='ocrx_word' id='word_1_424' title='bbox 1483 514 1667 572; x_wconf 67' lang='lat' dir='ltr'><strong>nunc</strong></span> <span class='ocrx_word' id='word_1_425' title='bbox 1706 494 1968 570; x_wconf 73' lang='lat' dir='ltr'><strong>Punica</strong></span> <span class='ocrx_word' id='word_1_426' title='bbox 2012 468 2403 567; x_wconf 62' lang='lat' dir='ltr'><strong>monstri.</strong></span> 
     </span>
    </p>
   </div>
   <div class='ocr_carea' id='block_1_62' title="bbox 3488 509 3592 563">
    <p class='ocr_par' dir='ltr' id='par_1_62' title="bbox 3488 509 3592 563">
     <span class='ocr_line' id='line_1_62' title="bbox 3488 509 3592 563; baseline 0 0"><span class='ocrx_word' id='word_1_427' title='bbox 3488 509 3592 563; x_wconf 65' lang='grc'><strong>154</strong></span> 
     </span>
    </p>
   </div>
   <div class='ocr_carea' id='block_1_63' title="bbox 1998 614 3589 676">
    <p class='ocr_par' dir='ltr' id='par_1_63' title="bbox 1998 614 3589 676">
     <span class='ocr_line' id='line_1_63' title="bbox 1998 614 3589 676; baseline -0.004 -1"><span class='ocrx_word' id='word_1_428' title='bbox 1998 619 2102 675; x_wconf 85' lang='lat' dir='ltr'><strong>hoc</strong></span> <span class='ocrx_word' id='word_1_429' title='bbox 2132 620 2326 676; x_wconf 74' lang='lat' dir='ltr'><strong>festum</strong></span> <span class='ocrx_word' id='word_1_430' title='bbox 2360 619 2425 673; x_wconf 84' lang='lat' dir='ltr'><strong>ad</strong></span> <span class='ocrx_word' id='word_1_431' title='bbox 2453 618 2713 673; x_wconf 87' lang='lat' dir='ltr'><strong>decimam</strong></span> <span class='ocrx_word' id='word_1_432' title='bbox 2738 630 2938 670; x_wconf 83' lang='lat' dir='ltr'><strong>nonam</strong></span> <span class='ocrx_word' id='word_1_433' title='bbox 2976 614 3297 670; x_wconf 68' lang='lat' dir='ltr'><strong>hovembris</strong></span> <span class='ocrx_word' id='word_1_434' title='bbox 3333 615 3589 670; x_wconf 77' lang='lat' dir='ltr'><strong>referunt.</strong></span> 
     </span>
    </p>
   </div>
   <div class='ocr_carea' id='block_1_64' title="bbox 1990 708 3580 787">
    <p class='ocr_par' dir='ltr' id='par_1_64' title="bbox 1990 708 3580 787">
     <span class='ocr_line' id='line_1_64' title="bbox 1990 708 3580 787; baseline -0.008 -16"><span class='ocrx_word' id='word_1_435' title='bbox 1990 717 2095 771; x_wconf 90' lang='lat' dir='ltr'><strong>Sed</strong></span> <span class='ocrx_word' id='word_1_436' title='bbox 2122 718 2281 787; x_wconf 79' lang='lat' dir='ltr'><strong>longe</strong></span> <span class='ocrx_word' id='word_1_437' title='bbox 2309 717 2410 771; x_wconf 87' lang='lat' dir='ltr'><strong>alia</strong></span> <span class='ocrx_word' id='word_1_438' title='bbox 2438 716 2561 768; x_wconf 83' lang='lat' dir='ltr'><strong>anni</strong></span> <span class='ocrx_word' id='word_1_439' title='bbox 2591 722 2907 783; x_wconf 89' lang='lat' dir='ltr'><strong>tempestate</strong></span> <span class='ocrx_word' id='word_1_440' title='bbox 2934 727 2995 765; x_wconf 87' lang='lat' dir='ltr'><strong>ea</strong></span> <span class='ocrx_word' id='word_1_441' title='bbox 3024 708 3333 763; x_wconf 81' lang='lat' dir='ltr'><strong>soleinuitas</strong></span> <span class='ocrx_word' id='word_1_442' title='bbox 3353 710 3580 777; x_wconf 73' lang='lat' dir='ltr'><strong>Chrvso-</strong></span> 
     </span>
    </p>
   </div>
   <div class='ocr_carea' id='block_1_65' title="bbox 1989 797 3587 877">
    <p class='ocr_par' dir='ltr' id='par_1_65' title="bbox 1989 797 3587 877">
     <span class='ocr_line' id='line_1_65' title="bbox 1989 797 3587 877; baseline -0.006 -16"><span class='ocrx_word' id='word_1_443' title='bbox 1989 809 2147 861; x_wconf 89' lang='lat' dir='ltr'><strong>stomi</strong></span> <span class='ocrx_word' id='word_1_444' title='bbox 2169 820 2407 877; x_wconf 89' lang='lat' dir='ltr'><strong>tempore</strong></span> <span class='ocrx_word' id='word_1_445' title='bbox 2430 806 2819 859; x_wconf 87' lang='lat' dir='ltr'><strong>celebrabatur.</strong></span> <span class='ocrx_word' id='word_1_446' title='bbox 2844 801 2917 854; x_wconf 89' lang='lat' dir='ltr'><strong>Na</strong></span> <span class='ocrx_word' id='word_1_447' title='bbox 2928 818 2974 855; x_wconf 69' lang='lat' dir='ltr'><strong>nt</strong></span> <span class='ocrx_word' id='word_1_448' title='bbox 2986 798 3220 853; x_wconf 82' lang='lat' dir='ltr'><strong>Homilia</strong></span> <span class='ocrx_word' id='word_1_449' title='bbox 3234 799 3285 852; x_wconf 92' lang='lat' dir='ltr'><strong>in</strong></span> <span class='ocrx_word' id='word_1_450' title='bbox 3303 797 3430 853; x_wconf 89' lang='lat' dir='ltr'><strong>illud</strong></span> <span class='ocrx_word' id='word_1_451' title='bbox 3445 797 3483 849; x_wconf 83' lang='grc' dir='ltr'>Α</span> <span class='ocrx_word' id='word_1_452' title='bbox 3497 814 3587 867; x_wconf 85' lang='lat' dir='ltr'><strong>po-</strong></span> 
     </span>
    </p>
   </div>
   <div class='ocr_carea' id='block_1_66' title="bbox 1989 894 3587 971">
    <p class='ocr_par' dir='ltr' id='par_1_66' title="bbox 1989 894 3587 971">
     <span class='ocr_line' id='line_1_66' title="bbox 1989 894 3587 971; baseline -0.002 -19"><span class='ocrx_word' id='word_1_453' title='bbox 1989 900 2109 953; x_wconf 91' lang='lat' dir='ltr'><strong>stoli</strong></span> <span class='ocrx_word' id='word_1_454' title='bbox 2127 899 2324 953; x_wconf 89' lang='lat' dir='ltr'><strong>dictum</strong></span> <span class='ocrx_word' id='word_1_455' title='bbox 2346 897 2366 971; x_wconf 94' lang='lat'>(</span> <span class='ocrx_word' id='word_1_456' title='bbox 2388 896 2448 952; x_wconf 87' lang='grc' dir='ltr'><strong>Τ.</strong></span> <span class='ocrx_word' id='word_1_457' title='bbox 2469 900 2520 953; x_wconf 63' lang='grc'><strong>5⁷.</strong></span> <span class='ocrx_word' id='word_1_458' title='bbox 2558 913 2604 951; x_wconf 87' lang='lat' dir='ltr'><strong>c.</strong></span> <span class='ocrx_word' id='word_1_459' title='bbox 2626 895 2723 950; x_wconf 66' lang='grc'><strong>241</strong></span> <span class='ocrx_word' id='word_1_460' title='bbox 2746 894 2786 958; x_wconf 83' lang='grc'><strong>),</strong></span> <span class='ocrx_word' id='word_1_461' title='bbox 2816 894 2869 949; x_wconf 88' lang='grc' dir='ltr'><strong><em>Ν</em></strong></span> <span class='ocrx_word' id='word_1_462' title='bbox 2873 894 2956 949; x_wconf 90' lang='lat' dir='ltr'><strong>olo</strong></span> <span class='ocrx_word' id='word_1_463' title='bbox 2972 910 3058 948; x_wconf 79' lang='lat' dir='ltr'><strong>vos</strong></span> <span class='ocrx_word' id='word_1_464' title='bbox 3075 896 3312 965; x_wconf 86' lang='lat' dir='ltr'><strong>ignorare</strong></span> <span class='ocrx_word' id='word_1_465' title='bbox 3333 936 3349 960; x_wconf 92' lang='lat'><strong>,</strong></span> <span class='ocrx_word' id='word_1_466' title='bbox 3382 898 3587 965; x_wconf 71' lang='lat' dir='ltr'><strong>fratres,</strong></span> 
     </span>
    </p>
   </div>
   <div class='ocr_carea' id='block_1_67' title="bbox 1987 977 3588 1074">
    <p class='ocr_par' dir='ltr' id='par_1_67' title="bbox 1987 977 3588 1074">
     <span class='ocr_line' id='line_1_67' title="bbox 1987 977 3588 1074; baseline -0.004 -32"><span class='ocrx_word' id='word_1_467' title='bbox 1987 990 2122 1058; x_wconf 80' lang='lat' dir='ltr'><strong>quod</strong></span> <span class='ocrx_word' id='word_1_468' title='bbox 2133 998 2300 1074; x_wconf 58' lang='lat' dir='ltr'><strong>patres</strong></span> <span class='ocrx_word' id='word_1_469' title='bbox 2319 995 2480 1039; x_wconf 84' lang='lat' dir='ltr'><strong>nostri</strong></span> <span class='ocrx_word' id='word_1_470' title='bbox 2501 998 2672 1074; x_wconf 65' lang='lat' dir='ltr'><strong>omnes</strong></span> <span class='ocrx_word' id='word_1_471' title='bbox 2683 988 2773 1040; x_wconf 75' lang='lat' dir='ltr'><strong>sub</strong></span> <span class='ocrx_word' id='word_1_472' title='bbox 2789 986 2917 1040; x_wconf 87' lang='lat' dir='ltr'><strong>nube</strong></span> <span class='ocrx_word' id='word_1_473' title='bbox 2933 986 3136 1055; x_wconf 78' lang='lat' dir='ltr'><strong>fuerunt</strong></span> <span class='ocrx_word' id='word_1_474' title='bbox 3152 977 3234 1058; x_wconf 82' lang='grc' dir='ltr'><strong>(ι.</strong></span> <span class='ocrx_word' id='word_1_475' title='bbox 3256 985 3375 1040; x_wconf 88' lang='lat' dir='ltr'><strong>Cor.</strong></span> <span class='ocrx_word' id='word_1_476' title='bbox 3403 986 3489 1041; x_wconf 83' lang='lat' dir='ltr'><strong>l0.</strong></span> <span class='ocrx_word' id='word_1_477' title='bbox 3508 985 3527 1035; x_wconf 85' lang='lat' dir='ltr'><strong>l</strong></span> <span class='ocrx_word' id='word_1_478' title='bbox 3548 990 3588 1053; x_wconf 78' lang='lat'><strong>),</strong></span> 
     </span>
    </p>
   </div>
   <div class='ocr_carea' id='block_1_68' title="bbox 1987 1073 3585 1147">
    <p class='ocr_par' dir='ltr' id='par_1_68' title="bbox 1987 1073 3585 1147">
     <span class='ocr_line' id='line_1_68' title="bbox 1987 1073 3585 1147; baseline -0.003 -13"><span class='ocrx_word' id='word_1_479' title='bbox 1987 1090 2117 1135; x_wconf 86' lang='lat' dir='ltr'><strong>etc.:</strong></span> <span class='ocrx_word' id='word_1_480' title='bbox 2136 1097 2251 1147; x_wconf 75' lang='lat' dir='ltr'><strong>qua:</strong></span> <span class='ocrx_word' id='word_1_481' title='bbox 2267 1073 2484 1134; x_wconf 83' lang='lat' dir='ltr'><strong>bomilia</strong></span> <span class='ocrx_word' id='word_1_482' title='bbox 2500 1073 2587 1134; x_wconf 87' lang='lat' dir='ltr'><strong>die</strong></span> <span class='ocrx_word' id='word_1_483' title='bbox 2603 1078 2793 1134; x_wconf 85' lang='lat' dir='ltr'><strong>festum</strong></span> <span class='ocrx_word' id='word_1_484' title='bbox 2814 1078 2873 1133; x_wconf 90' lang='lat' dir='ltr'><strong>S.</strong></span> <span class='ocrx_word' id='word_1_485' title='bbox 2889 1078 3151 1132; x_wconf 88' lang='lat' dir='ltr'><strong>Barlaami</strong></span> <span class='ocrx_word' id='word_1_486' title='bbox 3168 1079 3481 1147; x_wconf 85' lang='lat' dir='ltr'><strong>insequente</strong></span> <span class='ocrx_word' id='word_1_487' title='bbox 3501 1078 3585 1130; x_wconf 72' lang='lat' dir='ltr'><strong>ba~</strong></span> 
     </span>
    </p>
   </div>
   <div class='ocr_carea' id='block_1_69' title="bbox 1992 1168 3593 1243">
    <p class='ocr_par' dir='ltr' id='par_1_69' title="bbox 1992 1168 3593 1243">
     <span class='ocr_line' id='line_1_69' title="bbox 1992 1168 3593 1243; baseline -0.001 -16"><span class='ocrx_word' id='word_1_488' title='bbox 1992 1175 2098 1227; x_wconf 85' lang='lat' dir='ltr'><strong>hita</strong></span> <span class='ocrx_word' id='word_1_489' title='bbox 2121 1182 2235 1239; x_wconf 85' lang='lat' dir='ltr'><strong>est,</strong></span> <span class='ocrx_word' id='word_1_490' title='bbox 2257 1182 2315 1226; x_wconf 92' lang='lat' dir='ltr'><strong>ut</strong></span> <span class='ocrx_word' id='word_1_491' title='bbox 2337 1172 2531 1227; x_wconf 86' lang='lat' dir='ltr'><strong>ibidem</strong></span> <span class='ocrx_word' id='word_1_492' title='bbox 2556 1173 2627 1225; x_wconf 92' lang='lat' dir='ltr'><strong>ait</strong></span> <span class='ocrx_word' id='word_1_493' title='bbox 2647 1172 3063 1243; x_wconf 88' lang='lat' dir='ltr'><strong>Cbrysostomus</strong></span> <span class='ocrx_word' id='word_1_494' title='bbox 3089 1190 3101 1224; x_wconf 90' lang='lat'>:</span> <span class='ocrx_word' id='word_1_495' title='bbox 3126 1168 3325 1226; x_wconf 82' lang='lat' dir='ltr'><strong>diserte</strong></span> <span class='ocrx_word' id='word_1_496' title='bbox 3349 1170 3479 1224; x_wconf 88' lang='lat' dir='ltr'><strong>dicit</strong></span> <span class='ocrx_word' id='word_1_497' title='bbox 3504 1170 3593 1225; x_wconf 81' lang='lat' dir='ltr'><strong>ille</strong></span> 
     </span>
    </p>
   </div>
   <div class='ocr_carea' id='block_1_70' title="bbox 1991 1262 3557 1334">
    <p class='ocr_par' dir='ltr' id='par_1_70' title="bbox 1991 1262 3557 1334">
     <span class='ocr_line' id='line_1_70' title="bbox 1991 1262 3557 1334; baseline -0.001 -16"><span class='ocrx_word' id='word_1_498' title='bbox 1991 1267 2217 1320; x_wconf 87' lang='lat' dir='ltr'><strong>hiemem</strong></span> <span class='ocrx_word' id='word_1_499' title='bbox 2239 1265 2351 1334; x_wconf 87' lang='lat' dir='ltr'><strong>jam</strong></span> <span class='ocrx_word' id='word_1_500' title='bbox 2375 1264 2677 1334; x_wconf 68' lang='lat' dir='ltr'><strong>praaterisse</strong></span> <span class='ocrx_word' id='word_1_501' title='bbox 2700 1273 3045 1332; x_wconf 78' lang='lat' dir='ltr'><strong>aestatemque</strong></span> <span class='ocrx_word' id='word_1_502' title='bbox 3067 1262 3348 1317; x_wconf 77' lang='lat' dir='ltr'><strong>advenisse</strong></span> <span class='ocrx_word' id='word_1_503' title='bbox 3385 1280 3397 1315; x_wconf 91' lang='lat'>:</span> <span class='ocrx_word' id='word_1_504' title='bbox 3436 1262 3557 1316; x_wconf 86' lang='lat' dir='ltr'><strong>Libe</strong></span> 
     </span>
    </p>
   </div>
   <div class='ocr_carea' id='block_1_71' title="bbox 1986 1340 3590 1429">
    <p class='ocr_par' dir='ltr' id='par_1_71' title="bbox 1986 1340 3590 1429">
     <span class='ocr_line' id='line_1_71' title="bbox 1986 1340 3590 1429; baseline -0.002 -18"><span class='ocrx_word' id='word_1_505' title='bbox 1986 1358 2322 1423; x_wconf 83' lang='lat' dir='ltr'><strong>rati,-inquit,</strong></span> <span class='ocrx_word' id='word_1_506' title='bbox 2354 1374 2527 1422; x_wconf 68' lang='lat' dir='ltr'><strong>sumus</strong></span> <span class='ocrx_word' id='word_1_507' title='bbox 2552 1358 2732 1421; x_wconf 84' lang='lat' dir='ltr'><strong>ln&#39;eme,</strong></span> <span class='ocrx_word' id='word_1_508' title='bbox 2758 1367 2805 1409; x_wconf 85' lang='lat' dir='ltr'><strong>et</strong></span> <span class='ocrx_word' id='word_1_509' title='bbox 2838 1366 3012 1410; x_wconf 77' lang='lat' dir='ltr'><strong>testate</strong></span> <span class='ocrx_word' id='word_1_510' title='bbox 3047 1340 3377 1425; x_wconf 53' lang='lat' dir='ltr'><strong>periraimnr,</strong></span> <span class='ocrx_word' id='word_1_511' title='bbox 3408 1356 3590 1429; x_wconf 76' lang='lat' dir='ltr'><strong>blande</strong></span> 
     </span>
    </p>
   </div>
   <div class='ocr_carea' id='block_1_72' title="bbox 1987 1440 3587 1520">
    <p class='ocr_par' dir='ltr' id='par_1_72' title="bbox 1987 1440 3587 1520">
     <span class='ocr_line' id='line_1_72' title="bbox 1987 1440 3587 1520; baseline -0.001 -20"><span class='ocrx_word' id='word_1_512' title='bbox 1987 1449 2194 1520; x_wconf 77' lang='lat' dir='ltr'><strong>uﬂlante</strong></span> <span class='ocrx_word' id='word_1_513' title='bbox 2240 1449 2480 1519; x_wconf 74' lang='lat' dir='ltr'><strong>zephyro.</strong></span> <span class='ocrx_word' id='word_1_514' title='bbox 2509 1449 2643 1502; x_wconf 88' lang='lat' dir='ltr'><strong>Hinc</strong></span> <span class='ocrx_word' id='word_1_515' title='bbox 2665 1464 2793 1501; x_wconf 88' lang='lat' dir='ltr'><strong>sane</strong></span> <span class='ocrx_word' id='word_1_516' title='bbox 2815 1447 3163 1517; x_wconf 80' lang='lat' dir='ltr'><strong>cmisequitnr</strong></span> <span class='ocrx_word' id='word_1_517' title='bbox 3192 1443 3347 1516; x_wconf 79' lang='lat' dir='ltr'><strong>longe</strong></span> <span class='ocrx_word' id='word_1_518' title='bbox 3376 1440 3587 1519; x_wconf 77' lang='lat' dir='ltr'><strong>diverso</strong></span> 
     </span>
    </p>
   </div>
   <div class='ocr_carea' id='block_1_73' title="bbox 1987 1522 3583 1609">
    <p class='ocr_par' dir='ltr' id='par_1_73' title="bbox 1987 1522 3583 1609">
     <span class='ocr_line' id='line_1_73' title="bbox 1987 1522 3583 1609; baseline -0.002 -17"><span class='ocrx_word' id='word_1_519' title='bbox 1987 1540 2111 1593; x_wconf 83' lang='lat' dir='ltr'><strong>anni</strong></span> <span class='ocrx_word' id='word_1_520' title='bbox 2170 1548 2409 1609; x_wconf 86' lang='lat' dir='ltr'><strong>tempore</strong></span> <span class='ocrx_word' id='word_1_521' title='bbox 2463 1550 2588 1593; x_wconf 91' lang='lat' dir='ltr'><strong>tunc</strong></span> <span class='ocrx_word' id='word_1_522' title='bbox 2629 1539 2957 1593; x_wconf 69' lang='lat' dir='ltr'><strong>celebratum</strong></span> <span class='ocrx_word' id='word_1_523' title='bbox 3006 1537 3170 1592; x_wconf 79' lang='lat' dir='ltr'><strong>fuisse</strong></span> <span class='ocrx_word' id='word_1_524' title='bbox 3218 1538 3277 1591; x_wconf 83' lang='lat' dir='ltr'><strong>S.</strong></span> <span class='ocrx_word' id='word_1_525' title='bbox 3322 1522 3583 1590; x_wconf 80' lang='lat' dir='ltr'><strong>Barlaami</strong></span> 
     </span>
    </p>
   </div>
   <div class='ocr_carea' id='block_1_74' title="bbox 1988 1628 3587 1701">
    <p class='ocr_par' dir='ltr' id='par_1_74' title="bbox 1988 1628 3587 1701">
     <span class='ocr_line' id='line_1_74' title="bbox 1988 1628 3587 1701; baseline -0.002 -17"><span class='ocrx_word' id='word_1_526' title='bbox 1988 1631 2239 1701; x_wconf 80' lang='lat' dir='ltr'><strong>martyris</strong></span> <span class='ocrx_word' id='word_1_527' title='bbox 2269 1633 2460 1684; x_wconf 83' lang='lat' dir='ltr'><strong>festum</strong></span> <span class='ocrx_word' id='word_1_528' title='bbox 2493 1649 2506 1684; x_wconf 90' lang='lat'><strong>:</strong></span> <span class='ocrx_word' id='word_1_529' title='bbox 2537 1646 2657 1684; x_wconf 87' lang='lat' dir='ltr'><strong>nam</strong></span> <span class='ocrx_word' id='word_1_530' title='bbox 2690 1646 2751 1683; x_wconf 90' lang='lat' dir='ltr'><strong>ea</strong></span> <span class='ocrx_word' id='word_1_531' title='bbox 2790 1632 2840 1683; x_wconf 88' lang='lat' dir='ltr'><strong>in</strong></span> <span class='ocrx_word' id='word_1_532' title='bbox 2880 1630 3010 1683; x_wconf 88' lang='lat' dir='ltr'><strong>urbe</strong></span> <span class='ocrx_word' id='word_1_533' title='bbox 3038 1631 3225 1683; x_wconf 88' lang='lat' dir='ltr'><strong>concio</strong></span> <span class='ocrx_word' id='word_1_534' title='bbox 3265 1628 3379 1683; x_wconf 78' lang='lat' dir='ltr'><strong>lure</strong></span> <span class='ocrx_word' id='word_1_535' title='bbox 3410 1629 3587 1683; x_wconf 74' lang='lat' dir='ltr'><strong>habita</strong></span> 
     </span>
    </p>
   </div>
   <div class='ocr_carea' id='block_1_75' title="bbox 1988 1721 3588 1795">
    <p class='ocr_par' dir='ltr' id='par_1_75' title="bbox 1988 1721 3588 1795">
     <span class='ocr_line' id='line_1_75' title="bbox 1988 1721 3588 1795; baseline -0.003 -18"><span class='ocrx_word' id='word_1_536' title='bbox 1988 1734 2094 1789; x_wconf 82' lang='lat' dir='ltr'><strong>est,</strong></span> <span class='ocrx_word' id='word_1_537' title='bbox 2127 1724 2177 1778; x_wconf 90' lang='lat' dir='ltr'><strong>in</strong></span> <span class='ocrx_word' id='word_1_538' title='bbox 2206 1725 2359 1793; x_wconf 85' lang='lat' dir='ltr'><strong>cujus</strong></span> <span class='ocrx_word' id='word_1_539' title='bbox 2382 1740 2533 1795; x_wconf 81' lang='lat' dir='ltr'><strong>agro,</strong></span> <span class='ocrx_word' id='word_1_540' title='bbox 2567 1734 2621 1777; x_wconf 91' lang='lat' dir='ltr'><strong>ut</strong></span> <span class='ocrx_word' id='word_1_541' title='bbox 2648 1723 2847 1777; x_wconf 91' lang='lat' dir='ltr'><strong>ibidem</strong></span> <span class='ocrx_word' id='word_1_542' title='bbox 2876 1724 3089 1787; x_wconf 89' lang='lat' dir='ltr'><strong>dicitur,</strong></span> <span class='ocrx_word' id='word_1_543' title='bbox 3122 1721 3421 1793; x_wconf 79' lang='lat' dir='ltr'><strong>frequentia</strong></span> <span class='ocrx_word' id='word_1_544' title='bbox 3447 1739 3588 1776; x_wconf 81' lang='lat' dir='ltr'><strong>mar-</strong></span> 
     </span>
    </p>
   </div>
   <div class='ocr_carea' id='block_1_76' title="bbox 1992 1814 3589 1887">
    <p class='ocr_par' dir='ltr' id='par_1_76' title="bbox 1992 1814 3589 1887">
     <span class='ocr_line' id='line_1_76' title="bbox 1992 1814 3589 1887; baseline 0.002 -20"><span class='ocrx_word' id='word_1_545' title='bbox 1992 1825 2168 1887; x_wconf 88' lang='lat' dir='ltr'><strong>tyrum</strong></span> <span class='ocrx_word' id='word_1_546' title='bbox 2221 1816 2463 1886; x_wconf 83' lang='lat' dir='ltr'><strong>sepulcra</strong></span> <span class='ocrx_word' id='word_1_547' title='bbox 2496 1815 2849 1879; x_wconf 82' lang='lat' dir='ltr'><strong>exsistebant,</strong></span> <span class='ocrx_word' id='word_1_548' title='bbox 2893 1830 2999 1884; x_wconf 89' lang='lat' dir='ltr'><strong>quo</strong></span> <span class='ocrx_word' id='word_1_549' title='bbox 3020 1814 3292 1869; x_wconf 85' lang='lat' dir='ltr'><strong>conﬂuere</strong></span> <span class='ocrx_word' id='word_1_550' title='bbox 3341 1814 3589 1869; x_wconf 87' lang='lat' dir='ltr'><strong>solebant</strong></span> 
     </span>
    </p>
   </div>
   <div class='ocr_carea' id='block_1_77' title="bbox 1989 1907 3583 1979">
    <p class='ocr_par' dir='ltr' id='par_1_77' title="bbox 1989 1907 3583 1979">
     <span class='ocr_line' id='line_1_77' title="bbox 1989 1907 3583 1979; baseline -0.001 -18"><span class='ocrx_word' id='word_1_551' title='bbox 1989 1917 2250 1978; x_wconf 85' lang='lat' dir='ltr'><strong>quotquot</strong></span> <span class='ocrx_word' id='word_1_552' title='bbox 2274 1924 2340 1962; x_wconf 80' lang='lat' dir='ltr'><strong>ex</strong></span> <span class='ocrx_word' id='word_1_553' title='bbox 2370 1908 2574 1963; x_wconf 77' lang='lat' dir='ltr'><strong>civibus</strong></span> <span class='ocrx_word' id='word_1_554' title='bbox 2601 1907 2912 1963; x_wconf 88' lang='lat' dir='ltr'><strong>corumdem</strong></span> <span class='ocrx_word' id='word_1_555' title='bbox 2947 1916 3241 1979; x_wconf 85' lang='lat' dir='ltr'><strong>martyrum</strong></span> <span class='ocrx_word' id='word_1_556' title='bbox 3272 1907 3583 1961; x_wconf 72' lang='lat' dir='ltr'><strong>memoriam</strong></span> 
     </span>
    </p>
   </div>
   <div class='ocr_carea' id='block_1_78' title="bbox 1985 1996 3582 2069">
    <p class='ocr_par' dir='ltr' id='par_1_78' title="bbox 1985 1996 3582 2069">
     <span class='ocr_line' id='line_1_78' title="bbox 1985 1996 3582 2069; baseline -0.001 -18"><span class='ocrx_word' id='word_1_557' title='bbox 1985 2000 2247 2062; x_wconf 85' lang='lat' dir='ltr'><strong>recolere,</strong></span> <span class='ocrx_word' id='word_1_558' title='bbox 2300 1998 2644 2069; x_wconf 88' lang='lat' dir='ltr'><strong>ipsorumque</strong></span> <span class='ocrx_word' id='word_1_559' title='bbox 2688 1996 2924 2067; x_wconf 53' lang='lat' dir='ltr'><strong>praesidii</strong></span> <span class='ocrx_word' id='word_1_560' title='bbox 2961 2008 3240 2052; x_wconf 87' lang='lat' dir='ltr'><strong>consortes</strong></span> <span class='ocrx_word' id='word_1_561' title='bbox 3285 2011 3405 2051; x_wconf 88' lang='lat' dir='ltr'><strong>esse</strong></span> <span class='ocrx_word' id='word_1_562' title='bbox 3436 1998 3582 2049; x_wconf 83' lang='lat' dir='ltr'><strong>vole-</strong></span> 
     </span>
    </p>
   </div>
   <div class='ocr_carea' id='block_1_79' title="bbox 1985 2089 3586 2159">
    <p class='ocr_par' dir='ltr' id='par_1_79' title="bbox 1985 2089 3586 2159">
     <span class='ocr_line' id='line_1_79' title="bbox 1985 2089 3586 2159; baseline -0.001 -18"><span class='ocrx_word' id='word_1_563' title='bbox 1985 2089 2114 2143; x_wconf 86' lang='lat' dir='ltr'><strong>bant</strong></span> <span class='ocrx_word' id='word_1_564' title='bbox 2140 2108 2151 2141; x_wconf 94' lang='lat'>:</span> <span class='ocrx_word' id='word_1_565' title='bbox 2184 2090 2324 2159; x_wconf 89' lang='lat' dir='ltr'><strong>quod</strong></span> <span class='ocrx_word' id='word_1_566' title='bbox 2353 2104 2484 2144; x_wconf 86' lang='lat' dir='ltr'><strong>sane</strong></span> <span class='ocrx_word' id='word_1_567' title='bbox 2510 2089 2810 2143; x_wconf 60' lang='lat' dir='ltr'><strong>Antiocbite</strong></span> <span class='ocrx_word' id='word_1_568' title='bbox 2836 2097 3145 2156; x_wconf 85' lang='lat' dir='ltr'><strong>competere</strong></span> <span class='ocrx_word' id='word_1_569' title='bbox 3173 2104 3332 2141; x_wconf 87' lang='lat' dir='ltr'><strong>nemo</strong></span> <span class='ocrx_word' id='word_1_570' title='bbox 3365 2104 3586 2156; x_wconf 68' lang='lat' dir='ltr'><strong>negave-</strong></span> 
     </span>
    </p>
   </div>
   <div class='ocr_carea' id='block_1_80' title="bbox 1984 2179 3589 2249">
    <p class='ocr_par' dir='ltr' id='par_1_80' title="bbox 1984 2179 3589 2249">
     <span class='ocr_line' id='line_1_80' title="bbox 1984 2179 3589 2249; baseline -0.006 -12"><span class='ocrx_word' id='word_1_571' title='bbox 1984 2183 2073 2237; x_wconf 88' lang='lat' dir='ltr'><strong>rit.</strong></span> <span class='ocrx_word' id='word_1_572' title='bbox 2109 2183 2185 2237; x_wconf 76' lang='lat' dir='ltr'><strong>Ad</strong></span> <span class='ocrx_word' id='word_1_573' title='bbox 2230 2183 2343 2237; x_wconf 64' lang='lat' dir='ltr'><strong>hinc</strong></span> <span class='ocrx_word' id='word_1_574' title='bbox 2372 2186 2538 2249; x_wconf 81' lang='lat' dir='ltr'><strong>vero,</strong></span> <span class='ocrx_word' id='word_1_575' title='bbox 2592 2182 2692 2235; x_wconf 85' lang='lat' dir='ltr'><strong>sub</strong></span> <span class='ocrx_word' id='word_1_576' title='bbox 2720 2180 2882 2235; x_wconf 83' lang='lat' dir='ltr'><strong>linem</strong></span> <span class='ocrx_word' id='word_1_577' title='bbox 2914 2179 3153 2249; x_wconf 80' lang='lat' dir='ltr'><strong>ejusdem</strong></span> <span class='ocrx_word' id='word_1_578' title='bbox 3196 2194 3354 2249; x_wconf 89' lang='lat' dir='ltr'><strong>supra</strong></span> <span class='ocrx_word' id='word_1_579' title='bbox 3386 2195 3589 2233; x_wconf 78' lang='lat' dir='ltr'><strong>utcmo-</strong></span> 
     </span>
    </p>
   </div>
   <div class='ocr_carea' id='block_1_81' title="bbox 1984 2271 3587 2344">
    <p class='ocr_par' dir='ltr' id='par_1_81' title="bbox 1984 2271 3587 2344">
     <span class='ocr_line' id='line_1_81' title="bbox 1984 2271 3587 2344; baseline -0.002 -15"><span class='ocrx_word' id='word_1_580' title='bbox 1984 2285 2115 2329; x_wconf 73' lang='lat' dir='ltr'><strong>rata:</strong></span> <span class='ocrx_word' id='word_1_581' title='bbox 2146 2274 2399 2338; x_wconf 84' lang='lat' dir='ltr'><strong>bomiliae,</strong></span> <span class='ocrx_word' id='word_1_582' title='bbox 2435 2274 2727 2344; x_wconf 82' lang='lat' dir='ltr'><strong>praesulum</strong></span> <span class='ocrx_word' id='word_1_583' title='bbox 2758 2273 2997 2328; x_wconf 90' lang='lat' dir='ltr'><strong>omnium</strong></span> <span class='ocrx_word' id='word_1_584' title='bbox 3032 2286 3217 2341; x_wconf 81' lang='lat' dir='ltr'><strong>preces</strong></span> <span class='ocrx_word' id='word_1_585' title='bbox 3240 2271 3487 2341; x_wconf 86' lang='lat' dir='ltr'><strong>postulat.</strong></span> <span class='ocrx_word' id='word_1_586' title='bbox 3522 2277 3587 2325; x_wconf 73' lang='lat' dir='ltr'><strong>At</strong></span> 
     </span>
    </p>
   </div>
   <div class='ocr_carea' id='block_1_82' title="bbox 1980 2356 3585 2437">
    <p class='ocr_par' dir='ltr' id='par_1_82' title="bbox 1980 2356 3585 2437">
     <span class='ocr_line' id='line_1_82' title="bbox 1980 2356 3585 2437; baseline -0.006 -16"><span class='ocrx_word' id='word_1_587' title='bbox 1980 2367 2441 2437; x_wconf 60' lang='lat' dir='ltr'><strong>Constantinopoli</strong></span> <span class='ocrx_word' id='word_1_588' title='bbox 2476 2356 2771 2436; x_wconf 66' lang='lat' dir='ltr'><strong>praesulem</strong></span> <span class='ocrx_word' id='word_1_589' title='bbox 2805 2365 3009 2419; x_wconf 84' lang='lat' dir='ltr'><strong>nullout</strong></span> <span class='ocrx_word' id='word_1_590' title='bbox 3039 2364 3453 2436; x_wconf 79' lang='lat' dir='ltr'><strong>Chrysostornns</strong></span> <span class='ocrx_word' id='word_1_591' title='bbox 3481 2379 3585 2417; x_wconf 67' lang='grc' dir='ltr'><strong>ηιμ</strong></span> 
     </span>
    </p>
   </div>
   <div class='ocr_carea' id='block_1_83' title="bbox 1982 2438 3586 2529">
    <p class='ocr_par' dir='ltr' id='par_1_83' title="bbox 1982 2454 3586 2529">
     <span class='ocr_line' id='line_1_83' title="bbox 1982 2454 3586 2529; baseline -0.004 -19"><span class='ocrx_word' id='word_1_592' title='bbox 1982 2469 2150 2523; x_wconf 87' lang='lat' dir='ltr'><strong>verat,</strong></span> <span class='ocrx_word' id='word_1_593' title='bbox 2179 2461 2290 2528; x_wconf 86' lang='lat' dir='ltr'><strong>ipse</strong></span> <span class='ocrx_word' id='word_1_594' title='bbox 2308 2464 2595 2529; x_wconf 86' lang='lat' dir='ltr'><strong>supremus</strong></span> <span class='ocrx_word' id='word_1_595' title='bbox 2621 2458 2858 2511; x_wconf 88' lang='lat' dir='ltr'><strong>omnium</strong></span> <span class='ocrx_word' id='word_1_596' title='bbox 2884 2454 3077 2525; x_wconf 73' lang='lat' dir='ltr'><strong>prmsul</strong></span> <span class='ocrx_word' id='word_1_597' title='bbox 3102 2472 3114 2508; x_wconf 92' lang='lat'>:</span> <span class='ocrx_word' id='word_1_598' title='bbox 3141 2454 3435 2508; x_wconf 76' lang='lat' dir='ltr'><strong>Antiochizc</strong></span> <span class='ocrx_word' id='word_1_599' title='bbox 3459 2470 3586 2507; x_wconf 81' lang='lat' dir='ltr'><strong>vero</strong></span> 
     </span>
    </p>
   </div>
   <div class='ocr_carea' id='block_1_84' title="bbox 1984 2544 3582 2621">
    <p class='ocr_par' dir='ltr' id='par_1_84' title="bbox 1984 2544 3582 2621">
     <span class='ocr_line' id='line_1_84' title="bbox 1984 2544 3582 2621; baseline -0.004 -18"><span class='ocrx_word' id='word_1_600' title='bbox 1984 2551 2239 2621; x_wconf 60' lang='lat' dir='ltr'><strong>praisules</strong></span> <span class='ocrx_word' id='word_1_601' title='bbox 2288 2550 2445 2603; x_wconf 75' lang='lat' dir='ltr'><strong>vii-ini</strong></span> <span class='ocrx_word' id='word_1_602' title='bbox 2504 2547 2870 2619; x_wconf 84' lang='lat' dir='ltr'><strong>Cbrysostomi</strong></span> <span class='ocrx_word' id='word_1_603' title='bbox 2913 2545 3259 2600; x_wconf 80' lang='lat' dir='ltr'><strong>eonciouibns</strong></span> <span class='ocrx_word' id='word_1_604' title='bbox 3313 2544 3582 2599; x_wconf 84' lang='lat' dir='ltr'><strong>interdum</strong></span> 
     </span>
    </p>
   </div>
   <div class='ocr_carea' id='block_1_85' title="bbox 1982 2635 3582 2704">
    <p class='ocr_par' dir='ltr' id='par_1_85' title="bbox 1982 2635 3582 2704">
     <span class='ocr_line' id='line_1_85' title="bbox 1982 2635 3582 2704; baseline -0.002 -12"><span class='ocrx_word' id='word_1_605' title='bbox 1982 2643 2224 2700; x_wconf 83' lang='lat' dir='ltr'><strong>aderant.</strong></span> <span class='ocrx_word' id='word_1_606' title='bbox 2260 2649 2319 2693; x_wconf 89' lang='lat' dir='ltr'><strong>ut</strong></span> <span class='ocrx_word' id='word_1_607' title='bbox 2364 2640 2614 2692; x_wconf 85' lang='lat' dir='ltr'><strong>vidimus.</strong></span> <span class='ocrx_word' id='word_1_608' title='bbox 2666 2640 2878 2692; x_wconf 79' lang='lat' dir='ltr'><strong>Annum</strong></span> <span class='ocrx_word' id='word_1_609' title='bbox 2927 2652 3075 2700; x_wconf 86' lang='lat' dir='ltr'><strong>vero,</strong></span> <span class='ocrx_word' id='word_1_610' title='bbox 3110 2652 3215 2704; x_wconf 91' lang='lat' dir='ltr'><strong>quo</strong></span> <span class='ocrx_word' id='word_1_611' title='bbox 3262 2635 3356 2688; x_wconf 83' lang='lat' dir='ltr'><strong>has</strong></span> <span class='ocrx_word' id='word_1_612' title='bbox 3400 2635 3582 2689; x_wconf 83' lang='lat' dir='ltr'><strong>habuit</strong></span> 
     </span>
    </p>
   </div>
   <div class='ocr_carea' id='block_1_86' title="bbox 1984 2728 3527 2799">
    <p class='ocr_par' dir='ltr' id='par_1_86' title="bbox 1984 2728 3527 2799">
     <span class='ocr_line' id='line_1_86' title="bbox 1984 2728 3527 2799; baseline -0.003 -15"><span class='ocrx_word' id='word_1_613' title='bbox 1984 2728 2256 2794; x_wconf 85' lang='lat' dir='ltr'><strong>homilias,</strong></span> <span class='ocrx_word' id='word_1_614' title='bbox 2290 2747 2355 2784; x_wconf 91' lang='lat' dir='ltr'><strong>ne</strong></span> <span class='ocrx_word' id='word_1_615' title='bbox 2387 2730 2693 2799; x_wconf 77' lang='lat' dir='ltr'><strong>conjectura</strong></span> <span class='ocrx_word' id='word_1_616' title='bbox 2727 2728 2941 2799; x_wconf 83' lang='lat' dir='ltr'><strong>quidem</strong></span> <span class='ocrx_word' id='word_1_617' title='bbox 2976 2743 3267 2796; x_wconf 83' lang='lat' dir='ltr'><strong>possumus</strong></span> <span class='ocrx_word' id='word_1_618' title='bbox 3292 2729 3527 2795; x_wconf 85' lang='lat' dir='ltr'><strong>assequi.</strong></span> 
     </span>
    </p>
   </div>
   <div class='ocr_carea' id='block_1_87' title="bbox 2053 2818 3581 2890">
    <p class='ocr_par' dir='ltr' id='par_1_87' title="bbox 2053 2818 3581 2890">
     <span class='ocr_line' id='line_1_87' title="bbox 2053 2818 3581 2890; baseline -0.004 -14"><span class='ocrx_word' id='word_1_619' title='bbox 2053 2822 2107 2876; x_wconf 89' lang='lat' dir='ltr'><strong>ln</strong></span> <span class='ocrx_word' id='word_1_620' title='bbox 2140 2824 2357 2877; x_wconf 86' lang='lat' dir='ltr'><strong>homilia</strong></span> <span class='ocrx_word' id='word_1_621' title='bbox 2390 2838 2518 2877; x_wconf 88' lang='lat' dir='ltr'><strong>vero</strong></span> <span class='ocrx_word' id='word_1_622' title='bbox 2558 2822 2799 2890; x_wconf 88' lang='lat' dir='ltr'><strong>sequenti</strong></span> <span class='ocrx_word' id='word_1_623' title='bbox 2833 2820 2921 2874; x_wconf 87' lang='lat' dir='ltr'><strong>die</strong></span> <span class='ocrx_word' id='word_1_624' title='bbox 2965 2818 3142 2873; x_wconf 88' lang='lat' dir='ltr'><strong>habita</strong></span> <span class='ocrx_word' id='word_1_625' title='bbox 3192 2820 3242 2872; x_wconf 89' lang='lat' dir='ltr'><strong>in</strong></span> <span class='ocrx_word' id='word_1_626' title='bbox 3275 2820 3401 2872; x_wconf 86' lang='lat' dir='ltr'><strong>illud</strong></span> <span class='ocrx_word' id='word_1_627' title='bbox 3439 2823 3581 2887; x_wconf 64' lang='lat' dir='ltr'><strong>Apo-</strong></span> 
     </span>
    </p>
   </div>
   <div class='ocr_carea' id='block_1_88' title="bbox 1980 2912 3578 2989">
    <p class='ocr_par' dir='ltr' id='par_1_88' title="bbox 1980 2912 3578 2989">
     <span class='ocr_line' id='line_1_88' title="bbox 1980 2912 3578 2989; baseline -0.003 -22"><span class='ocrx_word' id='word_1_628' title='bbox 1980 2916 2100 2969; x_wconf 87' lang='lat' dir='ltr'><strong>stoli</strong></span> <span class='ocrx_word' id='word_1_629' title='bbox 2126 2915 2215 2989; x_wconf 81' lang='grc' dir='ltr'><strong>(Τ.</strong></span> <span class='ocrx_word' id='word_1_630' title='bbox 2248 2917 2301 2970; x_wconf 79' lang='lat'><strong>5.</strong></span> <span class='ocrx_word' id='word_1_631' title='bbox 2338 2931 2385 2966; x_wconf 87' lang='lat' dir='ltr'><strong>c.</strong></span> <span class='ocrx_word' id='word_1_632' title='bbox 2416 2914 2573 2985; x_wconf 68' lang='lat' dir='ltr'><strong>2-H),</strong></span> <span class='ocrx_word' id='word_1_633' title='bbox 2610 2912 2747 2967; x_wconf 74' lang='lat' dir='ltr'><strong>Nolo</strong></span> <span class='ocrx_word' id='word_1_634' title='bbox 2793 2930 2876 2965; x_wconf 78' lang='lat' dir='ltr'><strong>ros</strong></span> <span class='ocrx_word' id='word_1_635' title='bbox 2904 2913 3157 2983; x_wconf 78' lang='lat' dir='ltr'><strong>ignorare,</strong></span> <span class='ocrx_word' id='word_1_636' title='bbox 3199 2916 3401 2983; x_wconf 71' lang='lat' dir='ltr'><strong>fratres,</strong></span> <span class='ocrx_word' id='word_1_637' title='bbox 3444 2915 3578 2980; x_wconf 74' lang='lat' dir='ltr'><strong>quod</strong></span> 
     </span>
    </p>
   </div>
   <div class='ocr_carea' id='block_1_89' title="bbox 1981 3006 3580 3076">
    <p class='ocr_par' dir='ltr' id='par_1_89' title="bbox 1981 3006 3580 3076">
     <span class='ocr_line' id='line_1_89' title="bbox 1981 3006 3580 3076; baseline 0 -20"><span class='ocrx_word' id='word_1_638' title='bbox 1981 3017 2149 3076; x_wconf 80' lang='lat' dir='ltr'><strong>patres</strong></span> <span class='ocrx_word' id='word_1_639' title='bbox 2176 3008 2333 3060; x_wconf 79' lang='lat' dir='ltr'><strong>nostri</strong></span> <span class='ocrx_word' id='word_1_640' title='bbox 2364 3023 2536 3058; x_wconf 76' lang='lat' dir='ltr'><strong>omnes</strong></span> <span class='ocrx_word' id='word_1_641' title='bbox 2557 3006 2646 3059; x_wconf 81' lang='lat' dir='ltr'><strong>sub</strong></span> <span class='ocrx_word' id='word_1_642' title='bbox 2674 3006 2804 3058; x_wconf 83' lang='lat' dir='ltr'><strong>nube</strong></span> <span class='ocrx_word' id='word_1_643' title='bbox 2826 3008 3047 3075; x_wconf 80' lang='lat' dir='ltr'><strong>fuerunt,</strong></span> <span class='ocrx_word' id='word_1_644' title='bbox 3072 3013 3117 3057; x_wconf 83' lang='lat' dir='ltr'><strong>et</strong></span> <span class='ocrx_word' id='word_1_645' title='bbox 3138 3021 3309 3057; x_wconf 82' lang='lat' dir='ltr'><strong>omnes</strong></span> <span class='ocrx_word' id='word_1_646' title='bbox 3333 3022 3422 3073; x_wconf 84' lang='lat' dir='ltr'><strong>pcr</strong></span> <span class='ocrx_word' id='word_1_647' title='bbox 3442 3022 3580 3056; x_wconf 82' lang='lat' dir='ltr'><strong>mare</strong></span> 
     </span>
    </p>
   </div>
   <div class='ocr_carea' id='block_1_90' title="bbox 1980 3094 3582 3168">
    <p class='ocr_par' dir='ltr' id='par_1_90' title="bbox 1980 3094 3582 3168">
     <span class='ocr_line' id='line_1_90' title="bbox 1980 3094 3582 3168; baseline -0.002 -19"><span class='ocrx_word' id='word_1_648' title='bbox 1980 3098 2308 3164; x_wconf 86' lang='lat' dir='ltr'><strong>transierunt,</strong></span> <span class='ocrx_word' id='word_1_649' title='bbox 2333 3096 2699 3168; x_wconf 88' lang='lat' dir='ltr'><strong>Chrysostomi</strong></span> <span class='ocrx_word' id='word_1_650' title='bbox 2732 3110 2925 3165; x_wconf 63' lang='lat' dir='ltr'><strong>scirpos</strong></span> <span class='ocrx_word' id='word_1_651' title='bbox 2953 3103 3036 3149; x_wconf 88' lang='lat' dir='ltr'><strong>cst</strong></span> <span class='ocrx_word' id='word_1_652' title='bbox 3063 3094 3455 3158; x_wconf 84' lang='lat' dir='ltr'><strong>demonstrare,</strong></span> <span class='ocrx_word' id='word_1_653' title='bbox 3495 3111 3582 3146; x_wconf 70' lang='lat' dir='ltr'><strong>res</strong></span> 
     </span>
    </p>
   </div>
   <div class='ocr_carea' id='block_1_91' title="bbox 1982 3187 3580 3258">
    <p class='ocr_par' dir='ltr' id='par_1_91' title="bbox 1982 3187 3580 3258">
     <span class='ocr_line' id='line_1_91' title="bbox 1982 3187 3580 3258; baseline -0.001 -15"><span class='ocrx_word' id='word_1_654' title='bbox 1982 3190 2033 3243; x_wconf 93' lang='lat' dir='ltr'><strong>in</strong></span> <span class='ocrx_word' id='word_1_655' title='bbox 2066 3190 2227 3243; x_wconf 82' lang='lat' dir='ltr'><strong>veteri</strong></span> <span class='ocrx_word' id='word_1_656' title='bbox 2257 3190 2371 3258; x_wconf 78' lang='lat' dir='ltr'><strong>lege</strong></span> <span class='ocrx_word' id='word_1_657' title='bbox 2394 3198 2559 3250; x_wconf 87' lang='lat' dir='ltr'><strong>actas,</strong></span> <span class='ocrx_word' id='word_1_658' title='bbox 2595 3188 2785 3242; x_wconf 79' lang='lat' dir='ltr'><strong>futuris</strong></span> <span class='ocrx_word' id='word_1_659' title='bbox 2817 3189 2975 3241; x_wconf 88' lang='lat' dir='ltr'><strong>rebus</strong></span> <span class='ocrx_word' id='word_1_660' title='bbox 3006 3189 3162 3241; x_wconf 85' lang='lat' dir='ltr'><strong>tidem</strong></span> <span class='ocrx_word' id='word_1_661' title='bbox 3202 3187 3396 3251; x_wconf 79' lang='lat' dir='ltr'><strong>lacere,</strong></span> <span class='ocrx_word' id='word_1_662' title='bbox 3432 3204 3580 3241; x_wconf 78' lang='lat' dir='ltr'><strong>csse-</strong></span> 
     </span>
    </p>
   </div>
   <div class='ocr_carea' id='block_1_92' title="bbox 1980 3278 3579 3348">
    <p class='ocr_par' dir='ltr' id='par_1_92' title="bbox 1980 3278 3579 3348">
     <span class='ocr_line' id='line_1_92' title="bbox 1980 3278 3579 3348; baseline 0.002 -17"><span class='ocrx_word' id='word_1_663' title='bbox 1980 3296 2083 3348; x_wconf 83' lang='lat' dir='ltr'><strong>qne</strong></span> <span class='ocrx_word' id='word_1_664' title='bbox 2131 3280 2247 3333; x_wconf 85' lang='lat' dir='ltr'><strong>illas</strong></span> <span class='ocrx_word' id='word_1_665' title='bbox 2275 3296 2452 3333; x_wconf 76' lang='lat' dir='ltr'><strong>rerum</strong></span> <span class='ocrx_word' id='word_1_666' title='bbox 2498 3279 2619 3332; x_wconf 85' lang='lat' dir='ltr'><strong>novi</strong></span> <span class='ocrx_word' id='word_1_667' title='bbox 2648 3278 2976 3332; x_wconf 71' lang='lat' dir='ltr'><strong>&#39;l&#39;cstamcnli</strong></span> <span class='ocrx_word' id='word_1_668' title='bbox 3015 3288 3196 3348; x_wconf 87' lang='lat' dir='ltr'><strong>typum</strong></span> <span class='ocrx_word' id='word_1_669' title='bbox 3228 3288 3283 3332; x_wconf 88' lang='lat' dir='ltr'><strong>ct</strong></span> <span class='ocrx_word' id='word_1_670' title='bbox 3309 3278 3579 3334; x_wconf 69' lang='lat' dir='ltr'><strong>umbram.</strong></span> 
     </span>
    </p>
   </div>
   <div class='ocr_carea' id='block_1_93' title="bbox 1978 3369 3574 3437">
    <p class='ocr_par' dir='ltr' id='par_1_93' title="bbox 1978 3369 3574 3437">
     <span class='ocr_line' id='line_1_93' title="bbox 1978 3369 3574 3437; baseline -0.002 -11"><span class='ocrx_word' id='word_1_671' title='bbox 1978 3372 2341 3437; x_wconf 84' lang='lat' dir='ltr'><strong>Marcionem,</strong></span> <span class='ocrx_word' id='word_1_672' title='bbox 2394 3370 2745 3424; x_wconf 80' lang='lat' dir='ltr'><strong>Manielncum</strong></span> <span class='ocrx_word' id='word_1_673' title='bbox 2788 3380 2841 3424; x_wconf 89' lang='lat' dir='ltr'><strong>et</strong></span> <span class='ocrx_word' id='word_1_674' title='bbox 2890 3369 3113 3425; x_wconf 76' lang='lat' dir='ltr'><strong>Paulum</strong></span> <span class='ocrx_word' id='word_1_675' title='bbox 3166 3370 3574 3425; x_wconf 83' lang='lat' dir='ltr'><strong>Samosatennm</strong></span> 
     </span>
    </p>
   </div>
   <div class='ocr_carea' id='block_1_94' title="bbox 1977 3461 3577 3533">
    <p class='ocr_par' dir='ltr' id='par_1_94' title="bbox 1977 3461 3577 3533">
     <span class='ocr_line' id='line_1_94' title="bbox 1977 3461 3577 3533; baseline 0.001 -18"><span class='ocrx_word' id='word_1_676' title='bbox 1977 3464 2161 3518; x_wconf 81' lang='lat' dir='ltr'><strong>obiter</strong></span> <span class='ocrx_word' id='word_1_677' title='bbox 2179 3462 2505 3532; x_wconf 81' lang='lat' dir='ltr'><strong>perstringit,</strong></span> <span class='ocrx_word' id='word_1_678' title='bbox 2535 3470 2591 3516; x_wconf 87' lang='lat' dir='ltr'><strong>et</strong></span> <span class='ocrx_word' id='word_1_679' title='bbox 2613 3461 2890 3533; x_wconf 76' lang='lat' dir='ltr'><strong>postulatis</strong></span> <span class='ocrx_word' id='word_1_680' title='bbox 2918 3463 2971 3516; x_wconf 89' lang='lat' dir='ltr'><strong>in</strong></span> <span class='ocrx_word' id='word_1_681' title='bbox 2996 3464 3098 3517; x_wconf 88' lang='lat' dir='ltr'><strong>line</strong></span> <span class='ocrx_word' id='word_1_682' title='bbox 3124 3473 3427 3518; x_wconf 89' lang='lat' dir='ltr'><strong>sanctorum</strong></span> <span class='ocrx_word' id='word_1_683' title='bbox 3453 3478 3577 3533; x_wconf 87' lang='lat' dir='ltr'><strong>prc-</strong></span> 
     </span>
    </p>
   </div>
   <div class='ocr_carea' id='block_1_95' title="bbox 1976 3554 3575 3625">
    <p class='ocr_par' dir='ltr' id='par_1_95' title="bbox 1976 3554 3575 3625">
     <span class='ocr_line' id='line_1_95' title="bbox 1976 3554 3575 3625; baseline -0.001 -16"><span class='ocrx_word' id='word_1_684' title='bbox 1976 3555 2148 3615; x_wconf 85' lang='lat' dir='ltr'><strong>cibus.</strong></span> <span class='ocrx_word' id='word_1_685' title='bbox 2176 3555 2449 3609; x_wconf 86' lang='lat' dir='ltr'><strong>homiliam</strong></span> <span class='ocrx_word' id='word_1_686' title='bbox 2478 3554 2699 3609; x_wconf 89' lang='lat' dir='ltr'><strong>claudit.</strong></span> <span class='ocrx_word' id='word_1_687' title='bbox 2738 3554 2909 3609; x_wconf 77' lang='lat' dir='ltr'><strong>Notes</strong></span> <span class='ocrx_word' id='word_1_688' title='bbox 2932 3554 3093 3609; x_wconf 89' lang='lat' dir='ltr'><strong>velim</strong></span> <span class='ocrx_word' id='word_1_689' title='bbox 3124 3560 3330 3609; x_wconf 88' lang='lat' dir='ltr'><strong>certum</strong></span> <span class='ocrx_word' id='word_1_690' title='bbox 3361 3556 3575 3625; x_wconf 89' lang='lat' dir='ltr'><strong>quidem</strong></span> 
     </span>
    </p>
   </div>
   <div class='ocr_carea' id='block_1_96' title="bbox 1975 3645 3575 3702">
    <p class='ocr_par' dir='ltr' id='par_1_96' title="bbox 1975 3645 3575 3702">
     <span class='ocr_line' id='line_1_96' title="bbox 1975 3645 3575 3702; baseline 0.003 -5"><span class='ocrx_word' id='word_1_691' title='bbox 1975 3662 2095 3700; x_wconf 84' lang='lat' dir='ltr'><strong>esse</strong></span> <span class='ocrx_word' id='word_1_692' title='bbox 2140 3646 2279 3701; x_wconf 88' lang='lat' dir='ltr'><strong>hanc</strong></span> <span class='ocrx_word' id='word_1_693' title='bbox 2319 3648 2634 3701; x_wconf 89' lang='lat' dir='ltr'><strong>concionem</strong></span> <span class='ocrx_word' id='word_1_694' title='bbox 2685 3645 2923 3700; x_wconf 87' lang='lat' dir='ltr'><strong>habitam</strong></span> <span class='ocrx_word' id='word_1_695' title='bbox 2969 3646 3132 3702; x_wconf 78' lang='lat' dir='ltr'><strong>fuisse</strong></span> <span class='ocrx_word' id='word_1_696' title='bbox 3177 3647 3263 3701; x_wconf 89' lang='lat' dir='ltr'><strong>die</strong></span> <span class='ocrx_word' id='word_1_697' title='bbox 3290 3646 3480 3701; x_wconf 83' lang='lat' dir='ltr'><strong>festum</strong></span> <span class='ocrx_word' id='word_1_698' title='bbox 3515 3648 3575 3701; x_wconf 84' lang='lat' dir='ltr'><strong>S.</strong></span> 
     </span>
    </p>
   </div>
   <div class='ocr_carea' id='block_1_97' title="bbox 1974 3739 3575 3810">
    <p class='ocr_par' dir='ltr' id='par_1_97' title="bbox 1974 3739 3575 3810">
     <span class='ocr_line' id='line_1_97' title="bbox 1974 3739 3575 3810; baseline 0.001 -17"><span class='ocrx_word' id='word_1_699' title='bbox 1974 3739 2236 3794; x_wconf 70' lang='lat' dir='ltr'><strong>Barlaami</strong></span> <span class='ocrx_word' id='word_1_700' title='bbox 2267 3741 2597 3810; x_wconf 87' lang='lat' dir='ltr'><strong>insequente,</strong></span> <span class='ocrx_word' id='word_1_701' title='bbox 2625 3747 2679 3793; x_wconf 91' lang='lat' dir='ltr'><strong>at</strong></span> <span class='ocrx_word' id='word_1_702' title='bbox 2704 3755 2808 3793; x_wconf 90' lang='lat' dir='ltr'><strong>non</strong></span> <span class='ocrx_word' id='word_1_703' title='bbox 2840 3739 3062 3809; x_wconf 86' lang='lat' dir='ltr'><strong>perinde</strong></span> <span class='ocrx_word' id='word_1_704' title='bbox 3088 3740 3423 3809; x_wconf 81' lang='lat' dir='ltr'><strong>exploratum</strong></span> <span class='ocrx_word' id='word_1_705' title='bbox 3455 3756 3575 3794; x_wconf 77' lang='lat' dir='ltr'><strong>esse</strong></span> 
     </span>
    </p>
   </div>
   <div class='ocr_carea' id='block_1_98' title="bbox 1972 3832 3573 3905">
    <p class='ocr_par' dir='ltr' id='par_1_98' title="bbox 1972 3832 3573 3905">
     <span class='ocr_line' id='line_1_98' title="bbox 1972 3832 3573 3905; baseline 0 -20"><span class='ocrx_word' id='word_1_706' title='bbox 1972 3848 2041 3885; x_wconf 88' lang='lat' dir='ltr'><strong>an</strong></span> <span class='ocrx_word' id='word_1_707' title='bbox 2071 3849 2138 3887; x_wconf 90' lang='lat' dir='ltr'><strong>eo</strong></span> <span class='ocrx_word' id='word_1_708' title='bbox 2167 3849 2309 3888; x_wconf 90' lang='lat' dir='ltr'><strong>anno</strong></span> <span class='ocrx_word' id='word_1_709' title='bbox 2343 3848 2451 3905; x_wconf 90' lang='lat' dir='ltr'><strong>quo</strong></span> <span class='ocrx_word' id='word_1_710' title='bbox 2480 3834 2754 3889; x_wconf 88' lang='lat' dir='ltr'><strong>homiliam</strong></span> <span class='ocrx_word' id='word_1_711' title='bbox 2782 3834 2939 3889; x_wconf 82' lang='lat' dir='ltr'><strong>istam</strong></span> <span class='ocrx_word' id='word_1_712' title='bbox 2974 3834 3043 3890; x_wconf 90' lang='lat' dir='ltr'><strong>de</strong></span> <span class='ocrx_word' id='word_1_713' title='bbox 3071 3834 3129 3890; x_wconf 89' lang='lat' dir='ltr'><strong>S.</strong></span> <span class='ocrx_word' id='word_1_714' title='bbox 3163 3834 3445 3889; x_wconf 87' lang='lat' dir='ltr'><strong>Barlaamo</strong></span> <span class='ocrx_word' id='word_1_715' title='bbox 3474 3832 3573 3886; x_wconf 53' lang='lat' dir='ltr'><strong>ha.</strong></span> 
     </span>
    </p>
   </div>
   <div class='ocr_carea' id='block_1_99' title="bbox 1972 3925 2360 3990">
    <p class='ocr_par' dir='ltr' id='par_1_99' title="bbox 1972 3925 2360 3990">
     <span class='ocr_line' id='line_1_99' title="bbox 1972 3925 2360 3990; baseline 0.005 -12"><span class='ocrx_word' id='word_1_716' title='bbox 1972 3925 2106 3990; x_wconf 86' lang='lat' dir='ltr'><strong>buit,</strong></span> <span class='ocrx_word' id='word_1_717' title='bbox 2136 3942 2204 3979; x_wconf 91' lang='lat' dir='ltr'><strong>an</strong></span> <span class='ocrx_word' id='word_1_718' title='bbox 2231 3927 2360 3981; x_wconf 85' lang='lat' dir='ltr'><strong>alio.</strong></span> 
     </span>
    </p>
   </div>
   <div class='ocr_carea' id='block_1_100' title="bbox 2042 4014 3566 4090">
    <p class='ocr_par' dir='ltr' id='par_1_100' title="bbox 2042 4014 3566 4090">
     <span class='ocr_line' id='line_1_100' title="bbox 2042 4014 3566 4090; baseline 0 -21"><span class='ocrx_word' id='word_1_719' title='bbox 2042 4014 2367 4071; x_wconf 87' lang='lat' dir='ltr'><strong>Concionem</strong></span> <span class='ocrx_word' id='word_1_720' title='bbox 2391 4032 2517 4071; x_wconf 86' lang='lat' dir='ltr'><strong>vero</strong></span> <span class='ocrx_word' id='word_1_721' title='bbox 2552 4017 2619 4072; x_wconf 90' lang='lat' dir='ltr'><strong>de</strong></span> <span class='ocrx_word' id='word_1_722' title='bbox 2646 4027 2828 4073; x_wconf 84' lang='lat' dir='ltr'><strong>sancta</strong></span> <span class='ocrx_word' id='word_1_723' title='bbox 2860 4016 3083 4073; x_wconf 87' lang='lat' dir='ltr'><strong>Droside</strong></span> <span class='ocrx_word' id='word_1_724' title='bbox 3120 4026 3356 4090; x_wconf 85' lang='lat' dir='ltr'><strong>martyre</strong></span> <span class='ocrx_word' id='word_1_725' title='bbox 3387 4017 3476 4085; x_wconf 90' lang='lat' dir='ltr'><strong>(T.</strong></span> <span class='ocrx_word' id='word_1_726' title='bbox 3508 4017 3566 4070; x_wconf 73' lang='lat'><strong>2.</strong></span> 
     </span>
    </p>
   </div>
   <div class='ocr_carea' id='block_1_101' title="bbox 1986 4096 3568 4182">
    <p class='ocr_par' dir='ltr' id='par_1_101' title="bbox 1986 4096 3568 4182">
     <span class='ocr_line' id='line_1_101' title="bbox 1986 4096 3568 4182; baseline 0.008 -32"><span class='ocrx_word' id='word_1_727' title='bbox 1986 4104 2195 4179; x_wconf 74' lang='lat' dir='ltr'><strong>c.083)</strong></span> <span class='ocrx_word' id='word_1_728' title='bbox 2246 4108 2297 4161; x_wconf 89' lang='lat' dir='ltr'><strong>in</strong></span> <span class='ocrx_word' id='word_1_729' title='bbox 2344 4124 2472 4177; x_wconf 83' lang='lat' dir='ltr'><strong>agro</strong></span> <span class='ocrx_word' id='word_1_730' title='bbox 2510 4096 2851 4163; x_wconf 77' lang='lat' dir='ltr'><strong>Antiocheno</strong></span> <span class='ocrx_word' id='word_1_731' title='bbox 2896 4109 3082 4163; x_wconf 90' lang='lat' dir='ltr'><strong>habuit</strong></span> <span class='ocrx_word' id='word_1_732' title='bbox 3129 4111 3568 4182; x_wconf 81' lang='lat' dir='ltr'><strong>Chrysostomos.</strong></span> 
     </span>
    </p>
   </div>
   <div class='ocr_carea' id='block_1_102' title="bbox 1968 4202 3570 4273">
    <p class='ocr_par' dir='ltr' id='par_1_102' title="bbox 1968 4202 3570 4273">
     <span class='ocr_line' id='line_1_102' title="bbox 1968 4202 3570 4273; baseline 0.001 -19"><span class='ocrx_word' id='word_1_733' title='bbox 1968 4213 2092 4255; x_wconf 87' lang='lat' dir='ltr'><strong>cum</strong></span> <span class='ocrx_word' id='word_1_734' title='bbox 2116 4210 2330 4271; x_wconf 87' lang='lat' dir='ltr'><strong>arrepta</strong></span> <span class='ocrx_word' id='word_1_735' title='bbox 2361 4216 2566 4256; x_wconf 82' lang='lat' dir='ltr'><strong>serena:</strong></span> <span class='ocrx_word' id='word_1_736' title='bbox 2594 4202 2699 4257; x_wconf 88' lang='lat' dir='ltr'><strong>diei</strong></span> <span class='ocrx_word' id='word_1_737' title='bbox 2740 4202 3046 4267; x_wconf 84' lang='lat' dir='ltr'><strong>occasione,</strong></span> <span class='ocrx_word' id='word_1_738' title='bbox 3093 4204 3349 4273; x_wconf 88' lang='lat' dir='ltr'><strong>populum</strong></span> <span class='ocrx_word' id='word_1_739' title='bbox 3376 4204 3570 4258; x_wconf 80' lang='lat' dir='ltr'><strong>Antio-</strong></span> 
     </span>
    </p>
   </div>
   <div class='ocr_carea' id='block_1_103' title="bbox 1968 4294 3571 4365">
    <p class='ocr_par' dir='ltr' id='par_1_103' title="bbox 1968 4294 3571 4365">
     <span class='ocr_line' id='line_1_103' title="bbox 1968 4294 3571 4365; baseline 0 -16"><span class='ocrx_word' id='word_1_740' title='bbox 1968 4294 2200 4349; x_wconf 90' lang='lat' dir='ltr'><strong>chenum</strong></span> <span class='ocrx_word' id='word_1_741' title='bbox 2228 4310 2296 4350; x_wconf 93' lang='lat' dir='ltr'><strong>eo</strong></span> <span class='ocrx_word' id='word_1_742' title='bbox 2320 4295 2541 4349; x_wconf 83' lang='lat' dir='ltr'><strong>deduxit</strong></span> <span class='ocrx_word' id='word_1_743' title='bbox 2578 4295 2862 4349; x_wconf 87' lang='lat' dir='ltr'><strong>Flavianus</strong></span> <span class='ocrx_word' id='word_1_744' title='bbox 2890 4296 3194 4365; x_wconf 84' lang='lat' dir='ltr'><strong>episc0pus.</strong></span> <span class='ocrx_word' id='word_1_745' title='bbox 3228 4306 3287 4350; x_wconf 91' lang='lat' dir='ltr'><strong>ut</strong></span> <span class='ocrx_word' id='word_1_746' title='bbox 3323 4307 3571 4349; x_wconf 88' lang='lat' dir='ltr'><strong>narratur</strong></span> 
     </span>
    </p>
   </div>
   <div class='ocr_carea' id='block_1_104' title="bbox 1968 4385 3569 4457">
    <p class='ocr_par' dir='ltr' id='par_1_104' title="bbox 1968 4385 3569 4457">
     <span class='ocr_line' id='line_1_104' title="bbox 1968 4385 3569 4457; baseline 0.001 -18"><span class='ocrx_word' id='word_1_747' title='bbox 1968 4402 2117 4439; x_wconf 80' lang='lat' dir='ltr'><strong>ntim.</strong></span> <span class='ocrx_word' id='word_1_748' title='bbox 2145 4386 2199 4439; x_wconf 76' lang='grc'><strong>2.</strong></span> <span class='ocrx_word' id='word_1_749' title='bbox 2231 4385 2397 4454; x_wconf 90' lang='lat' dir='ltr'><strong>llujus</strong></span> <span class='ocrx_word' id='word_1_750' title='bbox 2419 4400 2579 4455; x_wconf 90' lang='lat' dir='ltr'><strong>porro</strong></span> <span class='ocrx_word' id='word_1_751' title='bbox 2598 4396 2797 4440; x_wconf 70' lang='lat' dir='ltr'><strong>sancta:</strong></span> <span class='ocrx_word' id='word_1_752' title='bbox 2819 4387 3069 4457; x_wconf 88' lang='lat' dir='ltr'><strong>martyris</strong></span> <span class='ocrx_word' id='word_1_753' title='bbox 3090 4401 3257 4455; x_wconf 86' lang='lat' dir='ltr'><strong>pauca</strong></span> <span class='ocrx_word' id='word_1_754' title='bbox 3280 4397 3569 4456; x_wconf 87' lang='lat' dir='ltr'><strong>supersunt</strong></span> 
     </span>
    </p>
   </div>
   <div class='ocr_carea' id='block_1_105' title="bbox 1968 4476 3563 4549">
    <p class='ocr_par' dir='ltr' id='par_1_105' title="bbox 1968 4476 3563 4549">
     <span class='ocr_line' id='line_1_105' title="bbox 1968 4476 3563 4549; baseline 0.001 -19"><span class='ocrx_word' id='word_1_755' title='bbox 1968 4483 2311 4530; x_wconf 79' lang='lat' dir='ltr'><strong>monumenta</strong></span> <span class='ocrx_word' id='word_1_756' title='bbox 2336 4494 2350 4531; x_wconf 87' lang='lat'><strong>:</strong></span> <span class='ocrx_word' id='word_1_757' title='bbox 2379 4478 2571 4546; x_wconf 79' lang='lat' dir='ltr'><strong>vixque</strong></span> <span class='ocrx_word' id='word_1_758' title='bbox 2599 4477 2741 4531; x_wconf 86' lang='lat' dir='ltr'><strong>aliud</strong></span> <span class='ocrx_word' id='word_1_759' title='bbox 2770 4476 3043 4547; x_wconf 87' lang='lat' dir='ltr'><strong>quidpiam</strong></span> <span class='ocrx_word' id='word_1_760' title='bbox 3068 4478 3215 4532; x_wconf 90' lang='lat' dir='ltr'><strong>circa</strong></span> <span class='ocrx_word' id='word_1_761' title='bbox 3246 4478 3563 4549; x_wconf 86' lang='lat' dir='ltr'><strong>martyrium</strong></span> 
     </span>
    </p>
   </div>
   <div class='ocr_carea' id='block_1_106' title="bbox 1966 4569 3568 4639">
    <p class='ocr_par' dir='ltr' id='par_1_106' title="bbox 1966 4569 3568 4639">
     <span class='ocr_line' id='line_1_106' title="bbox 1966 4569 3568 4639; baseline 0 -16"><span class='ocrx_word' id='word_1_762' title='bbox 1966 4570 2369 4639; x_wconf 84' lang='lat' dir='ltr'><strong>certaminaque</strong></span> <span class='ocrx_word' id='word_1_763' title='bbox 2398 4569 2513 4639; x_wconf 90' lang='lat' dir='ltr'><strong>ejus</strong></span> <span class='ocrx_word' id='word_1_764' title='bbox 2534 4571 2798 4635; x_wconf 76' lang='lat' dir='ltr'><strong>novimus,</strong></span> <span class='ocrx_word' id='word_1_765' title='bbox 2818 4586 2976 4639; x_wconf 88' lang='lat' dir='ltr'><strong>quam</strong></span> <span class='ocrx_word' id='word_1_766' title='bbox 3001 4569 3143 4638; x_wconf 91' lang='lat' dir='ltr'><strong>quod</strong></span> <span class='ocrx_word' id='word_1_767' title='bbox 3173 4570 3249 4623; x_wconf 88' lang='lat' dir='ltr'><strong>ait</strong></span> <span class='ocrx_word' id='word_1_768' title='bbox 3268 4570 3324 4624; x_wconf 89' lang='lat' dir='ltr'><strong>S.</strong></span> <span class='ocrx_word' id='word_1_769' title='bbox 3352 4569 3568 4633; x_wconf 87' lang='lat' dir='ltr'><strong>doctor,</strong></span> 
     </span>
    </p>
   </div>
   <div class='ocr_carea' id='block_1_107' title="bbox 1966 4660 3572 4732">
    <p class='ocr_par' dir='ltr' id='par_1_107' title="bbox 1966 4660 3572 4732">
     <span class='ocr_line' id='line_1_107' title="bbox 1966 4660 3572 4732; baseline -0.001 -15"><span class='ocrx_word' id='word_1_770' title='bbox 1966 4677 2084 4717; x_wconf 88' lang='lat' dir='ltr'><strong>cam</strong></span> <span class='ocrx_word' id='word_1_771' title='bbox 2114 4662 2165 4716; x_wconf 92' lang='lat' dir='ltr'><strong>in</strong></span> <span class='ocrx_word' id='word_1_772' title='bbox 2213 4678 2399 4731; x_wconf 74' lang='lat' dir='ltr'><strong>rogum</strong></span> <span class='ocrx_word' id='word_1_773' title='bbox 2445 4662 2745 4731; x_wconf 78' lang='lat' dir='ltr'><strong>conjectum</strong></span> <span class='ocrx_word' id='word_1_774' title='bbox 2786 4660 2969 4715; x_wconf 83' lang='lat' dir='ltr'><strong>fuisse.</strong></span> <span class='ocrx_word' id='word_1_775' title='bbox 3008 4660 3194 4732; x_wconf 80' lang='lat' dir='ltr'><strong>Neque</strong></span> <span class='ocrx_word' id='word_1_776' title='bbox 3232 4660 3406 4715; x_wconf 89' lang='lat' dir='ltr'><strong>solum</strong></span> <span class='ocrx_word' id='word_1_777' title='bbox 3446 4675 3572 4715; x_wconf 73' lang='lat' dir='ltr'><strong>san-</strong></span> 
     </span>
    </p>
   </div>
   <div class='ocr_carea' id='block_1_108' title="bbox 1965 4755 3566 4828">
    <p class='ocr_par' dir='ltr' id='par_1_108' title="bbox 1965 4755 3566 4828">
     <span class='ocr_line' id='line_1_108' title="bbox 1965 4755 3566 4828; baseline -0.002 -18"><span class='ocrx_word' id='word_1_778' title='bbox 1965 4767 2105 4810; x_wconf 88' lang='lat' dir='ltr'><strong>ctam</strong></span> <span class='ocrx_word' id='word_1_779' title='bbox 2133 4756 2432 4820; x_wconf 73' lang='lat' dir='ltr'><strong>Drosiilem,</strong></span> <span class='ocrx_word' id='word_1_780' title='bbox 2459 4755 2553 4810; x_wconf 90' lang='lat' dir='ltr'><strong>sed</strong></span> <span class='ocrx_word' id='word_1_781' title='bbox 2578 4755 2785 4810; x_wconf 88' lang='lat' dir='ltr'><strong>etalios</strong></span> <span class='ocrx_word' id='word_1_782' title='bbox 2816 4755 2976 4809; x_wconf 89' lang='lat' dir='ltr'><strong>etiam</strong></span> <span class='ocrx_word' id='word_1_783' title='bbox 3004 4756 3260 4824; x_wconf 89' lang='lat' dir='ltr'><strong>plurimos</strong></span> <span class='ocrx_word' id='word_1_784' title='bbox 3281 4765 3566 4828; x_wconf 77' lang='lat' dir='ltr'><strong>martyres,</strong></span> 
     </span>
    </p>
   </div>
   <div class='ocr_carea' id='block_1_109' title="bbox 1964 4847 3569 4917">
    <p class='ocr_par' dir='ltr' id='par_1_109' title="bbox 1964 4847 3569 4917">
     <span class='ocr_line' id='line_1_109' title="bbox 1964 4847 3569 4917; baseline 0 -18"><span class='ocrx_word' id='word_1_785' title='bbox 1964 4862 2191 4917; x_wconf 89' lang='lat' dir='ltr'><strong>quorum</strong></span> <span class='ocrx_word' id='word_1_786' title='bbox 2235 4863 2358 4902; x_wconf 85' lang='lat' dir='ltr'><strong>ossa</strong></span> <span class='ocrx_word' id='word_1_787' title='bbox 2404 4848 2595 4903; x_wconf 90' lang='lat' dir='ltr'><strong>eodem</strong></span> <span class='ocrx_word' id='word_1_788' title='bbox 2639 4848 2759 4901; x_wconf 90' lang='lat' dir='ltr'><strong>loco</strong></span> <span class='ocrx_word' id='word_1_789' title='bbox 2808 4847 3056 4917; x_wconf 83' lang='lat' dir='ltr'><strong>deposita</strong></span> <span class='ocrx_word' id='word_1_790' title='bbox 3094 4859 3268 4915; x_wconf 90' lang='lat' dir='ltr'><strong>erant,</strong></span> <span class='ocrx_word' id='word_1_791' title='bbox 3321 4849 3569 4904; x_wconf 75' lang='lat' dir='ltr'><strong>laudihm</strong></span> 
     </span>
    </p>
   </div>
   <div class='ocr_carea' id='block_1_110' title="bbox 1963 4940 3569 5013">
    <p class='ocr_par' dir='ltr' id='par_1_110' title="bbox 1963 4940 3569 5013">
     <span class='ocr_line' id='line_1_110' title="bbox 1963 4940 3569 5013; baseline 0 -18"><span class='ocrx_word' id='word_1_792' title='bbox 1963 4942 2307 4997; x_wconf 89' lang='lat' dir='ltr'><strong>commendat</strong></span> <span class='ocrx_word' id='word_1_793' title='bbox 2344 4940 2782 5013; x_wconf 80' lang='lat' dir='ltr'><strong>Chrysostomus,</strong></span> <span class='ocrx_word' id='word_1_794' title='bbox 2811 4955 3105 5011; x_wconf 89' lang='lat' dir='ltr'><strong>eorumque</strong></span> <span class='ocrx_word' id='word_1_795' title='bbox 3132 4941 3183 4995; x_wconf 92' lang='lat' dir='ltr'><strong>in</strong></span> <span class='ocrx_word' id='word_1_796' title='bbox 3212 4942 3489 4996; x_wconf 80' lang='lat' dir='ltr'><strong>da-mooas</strong></span> <span class='ocrx_word' id='word_1_797' title='bbox 3515 4953 3569 4996; x_wconf 84' lang='lat' dir='ltr'><strong>et</strong></span> 
     </span>
    </p>
   </div>
   <div class='ocr_carea' id='block_1_111' title="bbox 1956 5034 3567 5106">
    <p class='ocr_par' dir='ltr' id='par_1_111' title="bbox 1956 5034 3567 5106">
     <span class='ocr_line' id='line_1_111' title="bbox 1956 5034 3567 5106; baseline -0.001 -17"><span class='ocrx_word' id='word_1_798' title='bbox 1956 5036 2015 5089; x_wconf 88' lang='lat' dir='ltr'><strong>in</strong></span> <span class='ocrx_word' id='word_1_799' title='bbox 2048 5036 2265 5089; x_wconf 90' lang='lat' dir='ltr'><strong>morbos</strong></span> <span class='ocrx_word' id='word_1_800' title='bbox 2290 5036 2556 5105; x_wconf 89' lang='lat' dir='ltr'><strong>quoslibet</strong></span> <span class='ocrx_word' id='word_1_801' title='bbox 2587 5041 2906 5103; x_wconf 86' lang='lat' dir='ltr'><strong>potestatem</strong></span> <span class='ocrx_word' id='word_1_802' title='bbox 2929 5034 3277 5105; x_wconf 63' lang='lat' dir='ltr'><strong>deprzedicat,</strong></span> <span class='ocrx_word' id='word_1_803' title='bbox 3307 5051 3372 5091; x_wconf 88' lang='lat' dir='ltr'><strong>ac</strong></span> <span class='ocrx_word' id='word_1_804' title='bbox 3394 5051 3567 5106; x_wconf 68' lang='lat' dir='ltr'><strong>quam</strong></span> 
     </span>
    </p>
   </div>
   <div class='ocr_carea' id='block_1_112' title="bbox 1963 5126 3570 5197">
    <p class='ocr_par' dir='ltr' id='par_1_112' title="bbox 1963 5126 3570 5197">
     <span class='ocr_line' id='line_1_112' title="bbox 1963 5126 3570 5197; baseline -0.001 -18"><span class='ocrx_word' id='word_1_805' title='bbox 1963 5135 2069 5180; x_wconf 90' lang='lat' dir='ltr'><strong>tam</strong></span> <span class='ocrx_word' id='word_1_806' title='bbox 2097 5143 2163 5181; x_wconf 86' lang='lat' dir='ltr'><strong>ex</strong></span> <span class='ocrx_word' id='word_1_807' title='bbox 2187 5142 2373 5182; x_wconf 91' lang='lat' dir='ltr'><strong>eorum</strong></span> <span class='ocrx_word' id='word_1_808' title='bbox 2417 5126 2567 5181; x_wconf 88' lang='lat' dir='ltr'><strong>aditu</strong></span> <span class='ocrx_word' id='word_1_809' title='bbox 2605 5126 2887 5182; x_wconf 91' lang='lat' dir='ltr'><strong>utilitatem</strong></span> <span class='ocrx_word' id='word_1_810' title='bbox 2918 5126 3211 5197; x_wconf 88' lang='lat' dir='ltr'><strong>decerpere</strong></span> <span class='ocrx_word' id='word_1_811' title='bbox 3236 5126 3417 5190; x_wconf 85' lang='lat' dir='ltr'><strong>liceat.</strong></span> <span class='ocrx_word' id='word_1_812' title='bbox 3449 5129 3570 5195; x_wconf 80' lang='lat' dir='ltr'><strong>plu.</strong></span> 
     </span>
    </p>
   </div>
   <div class='ocr_carea' id='block_1_113' title="bbox 1961 5219 3569 5291">
    <p class='ocr_par' dir='ltr' id='par_1_113' title="bbox 1961 5219 3569 5291">
     <span class='ocr_line' id='line_1_113' title="bbox 1961 5219 3569 5291; baseline -0.001 -18"><span class='ocrx_word' id='word_1_813' title='bbox 1961 5220 2110 5274; x_wconf 87' lang='lat' dir='ltr'><strong>ribus</strong></span> <span class='ocrx_word' id='word_1_814' title='bbox 2138 5221 2379 5289; x_wconf 79' lang='lat' dir='ltr'><strong>exponit.</strong></span> <span class='ocrx_word' id='word_1_815' title='bbox 2415 5220 2492 5275; x_wconf 90' lang='lat' dir='ltr'><strong>De</strong></span> <span class='ocrx_word' id='word_1_816' title='bbox 2527 5235 2690 5285; x_wconf 90' lang='lat' dir='ltr'><strong>anno,</strong></span> <span class='ocrx_word' id='word_1_817' title='bbox 2718 5235 2824 5290; x_wconf 89' lang='lat' dir='ltr'><strong>quo</strong></span> <span class='ocrx_word' id='word_1_818' title='bbox 2858 5219 2975 5275; x_wconf 78' lang='lat' dir='ltr'><strong>[nec</strong></span> <span class='ocrx_word' id='word_1_819' title='bbox 3007 5224 3347 5291; x_wconf 83' lang='lat' dir='ltr'><strong>pronuntiata</strong></span> <span class='ocrx_word' id='word_1_820' title='bbox 3375 5219 3569 5275; x_wconf 62' lang='grc' dir='ltr'><strong>σομε-ὴ»</strong></span> 
     </span>
    </p>
   </div>
   <div class='ocr_carea' id='block_1_114' title="bbox 1950 5310 2803 5384">
    <p class='ocr_par' dir='ltr' id='par_1_114' title="bbox 1950 5310 2803 5384">
     <span class='ocr_line' id='line_1_114' title="bbox 1950 5310 2803 5384; baseline 0.002 -20"><span class='ocrx_word' id='word_1_821' title='bbox 1950 5312 2080 5383; x_wconf 2' lang='lat' dir='ltr'><strong>ptuit,</strong></span> <span class='ocrx_word' id='word_1_822' title='bbox 2118 5311 2249 5366; x_wconf 92' lang='lat' dir='ltr'><strong>nihil</strong></span> <span class='ocrx_word' id='word_1_823' title='bbox 2278 5326 2500 5384; x_wconf 89' lang='lat' dir='ltr'><strong>prorsus</strong></span> <span class='ocrx_word' id='word_1_824' title='bbox 2522 5310 2803 5366; x_wconf 85' lang='lat' dir='ltr'><strong>habemus.</strong></span> 
     </span>
    </p>
   </div>
   <div class='ocr_carea' id='block_1_115' title="bbox 2033 5402 3563 5461">
    <p class='ocr_par' dir='ltr' id='par_1_115' title="bbox 2033 5402 3563 5461">
     <span class='ocr_line' id='line_1_115' title="bbox 2033 5402 3563 5461; baseline 0 -4"><span class='ocrx_word' id='word_1_825' title='bbox 2033 5402 2277 5458; x_wconf 79' lang='lat' dir='ltr'><strong>Ilomilire</strong></span> <span class='ocrx_word' id='word_1_826' title='bbox 2306 5403 2445 5459; x_wconf 65' lang='lat' dir='ltr'><strong>alia.</strong></span> <span class='ocrx_word' id='word_1_827' title='bbox 2482 5433 2555 5445; x_wconf 92' lang='lat'>—-</span> <span class='ocrx_word' id='word_1_828' title='bbox 2584 5402 2867 5458; x_wconf 85' lang='lat' dir='ltr'><strong>llontiliam</strong></span> <span class='ocrx_word' id='word_1_829' title='bbox 2898 5404 2949 5459; x_wconf 89' lang='lat' dir='ltr'><strong>in</strong></span> <span class='ocrx_word' id='word_1_830' title='bbox 2982 5414 3138 5461; x_wconf 82' lang='lat' dir='ltr'><strong>teme</strong></span> <span class='ocrx_word' id='word_1_831' title='bbox 3165 5415 3369 5460; x_wconf 88' lang='lat' dir='ltr'><strong>motum</strong></span> <span class='ocrx_word' id='word_1_832' title='bbox 3400 5405 3563 5459; x_wconf 85' lang='lat' dir='ltr'><strong>etiam</strong></span> 
     </span>
    </p>
   </div>
   <div class='ocr_carea' id='block_1_116' title="bbox 1958 5496 3557 5567">
    <p class='ocr_par' dir='ltr' id='par_1_116' title="bbox 1958 5496 3557 5567">
     <span class='ocr_line' id='line_1_116' title="bbox 1958 5496 3557 5567; baseline -0.003 -14"><span class='ocrx_word' id='word_1_833' title='bbox 1958 5497 2229 5553; x_wconf 85' lang='lat' dir='ltr'><strong>edidimus</strong></span> <span class='ocrx_word' id='word_1_834' title='bbox 2254 5498 2393 5553; x_wconf 87' lang='lat' dir='ltr'><strong>inter</strong></span> <span class='ocrx_word' id='word_1_835' title='bbox 2425 5496 2729 5553; x_wconf 88' lang='lat' dir='ltr'><strong>Conciones</strong></span> <span class='ocrx_word' id='word_1_836' title='bbox 2765 5497 2835 5553; x_wconf 85' lang='lat' dir='ltr'><strong>de</strong></span> <span class='ocrx_word' id='word_1_837' title='bbox 2864 5498 3070 5554; x_wconf 84' lang='lat' dir='ltr'><strong>Lazaro</strong></span> <span class='ocrx_word' id='word_1_838' title='bbox 3098 5496 3188 5567; x_wconf 86' lang='lat' dir='ltr'><strong>(T.</strong></span> <span class='ocrx_word' id='word_1_839' title='bbox 3216 5498 3272 5551; x_wconf 71' lang='grc'><strong>2.</strong></span> <span class='ocrx_word' id='word_1_840' title='bbox 3323 5513 3370 5551; x_wconf 88' lang='lat' dir='ltr'><strong>c.</strong></span> <span class='ocrx_word' id='word_1_841' title='bbox 3402 5497 3494 5552; x_wconf 75' lang='grc' dir='ltr'>τιι</span> <span class='ocrx_word' id='word_1_842' title='bbox 3518 5499 3557 5564; x_wconf 79' lang='grc'><strong>).</strong></span> 
     </span>
    </p>
   </div>
   <div class='ocr_carea' id='block_1_117' title="bbox 1959 5588 3565 5661">
    <p class='ocr_par' dir='ltr' id='par_1_117' title="bbox 1959 5588 3565 5661">
     <span class='ocr_line' id='line_1_117' title="bbox 1959 5588 3565 5661; baseline -0.004 -16"><span class='ocrx_word' id='word_1_843' title='bbox 1959 5591 2047 5645; x_wconf 89' lang='lat' dir='ltr'><strong>ubi</strong></span> <span class='ocrx_word' id='word_1_844' title='bbox 2080 5590 2262 5645; x_wconf 82' lang='lat' dir='ltr'><strong>multis</strong></span> <span class='ocrx_word' id='word_1_845' title='bbox 2292 5599 2402 5645; x_wconf 90' lang='lat' dir='ltr'><strong>tum</strong></span> <span class='ocrx_word' id='word_1_846' title='bbox 2423 5588 2821 5661; x_wconf 87' lang='lat' dir='ltr'><strong>Chrysostomi,</strong></span> <span class='ocrx_word' id='word_1_847' title='bbox 2850 5601 2959 5646; x_wconf 88' lang='lat' dir='ltr'><strong>tum</strong></span> <span class='ocrx_word' id='word_1_848' title='bbox 2989 5592 3216 5646; x_wconf 90' lang='lat' dir='ltr'><strong>aliorum</strong></span> <span class='ocrx_word' id='word_1_849' title='bbox 3246 5590 3565 5646; x_wconf 53' lang='lat' dir='ltr'><strong>testimoniis</strong></span> 
     </span>
    </p>
   </div>
   <div class='ocr_carea' id='block_1_118' title="bbox 1959 5683 3573 5756">
    <p class='ocr_par' dir='ltr' id='par_1_118' title="bbox 1959 5683 3573 5756">
     <span class='ocr_line' id='line_1_118' title="bbox 1959 5683 3573 5756; baseline -0.001 -18"><span class='ocrx_word' id='word_1_850' title='bbox 1959 5683 2307 5753; x_wconf 80' lang='lat' dir='ltr'><strong>probavimus</strong></span> <span class='ocrx_word' id='word_1_851' title='bbox 2352 5684 2694 5739; x_wconf 87' lang='lat' dir='ltr'><strong>Antiochiam</strong></span> <span class='ocrx_word' id='word_1_852' title='bbox 2724 5684 3098 5756; x_wconf 71' lang='lat' dir='ltr'><strong>frequentibus</strong></span> <span class='ocrx_word' id='word_1_853' title='bbox 3127 5694 3284 5739; x_wconf 65' lang='lat' dir='ltr'><strong>terra:</strong></span> <span class='ocrx_word' id='word_1_854' title='bbox 3328 5686 3573 5738; x_wconf 79' lang='lat' dir='ltr'><strong>motian</strong></span> 
     </span>
    </p>
   </div>
   <div class='ocr_carea' id='block_1_119' title="bbox 1958 5774 3561 5849">
    <p class='ocr_par' dir='ltr' id='par_1_119' title="bbox 1958 5774 3561 5849">
     <span class='ocr_line' id='line_1_119' title="bbox 1958 5774 3561 5849; baseline -0.002 -21"><span class='ocrx_word' id='word_1_855' title='bbox 1958 5790 2268 5830; x_wconf 84' lang='lat' dir='ltr'><strong>succussam</strong></span> <span class='ocrx_word' id='word_1_856' title='bbox 2310 5774 2493 5841; x_wconf 79' lang='lat' dir='ltr'><strong>fuisse,</strong></span> <span class='ocrx_word' id='word_1_857' title='bbox 2542 5776 2884 5847; x_wconf 82' lang='lat' dir='ltr'><strong>maximeque</strong></span> <span class='ocrx_word' id='word_1_858' title='bbox 2913 5775 3287 5849; x_wconf 85' lang='lat' dir='ltr'><strong>Cbrysostomi</strong></span> <span class='ocrx_word' id='word_1_859' title='bbox 3330 5791 3467 5829; x_wconf 60' lang='grc' dir='ltr'><strong>τρι-ο.</strong></span> <span class='ocrx_word' id='word_1_860' title='bbox 3518 5778 3561 5826; x_wconf 62' lang='grc' dir='ltr'><strong>ις</strong></span> 
     </span>
    </p>
   </div>
   <div class='ocr_carea' id='block_1_120' title="bbox 1957 5872 3563 5945">
    <p class='ocr_par' dir='ltr' id='par_1_120' title="bbox 1957 5872 3563 5945">
     <span class='ocr_line' id='line_1_120' title="bbox 1957 5872 3563 5945; baseline 0.002 -21"><span class='ocrx_word' id='word_1_861' title='bbox 1957 5880 2135 5925; x_wconf 85' lang='lat' dir='ltr'><strong>autem</strong></span> <span class='ocrx_word' id='word_1_862' title='bbox 2171 5880 2330 5927; x_wconf 68' lang='lat' dir='ltr'><strong>terra:</strong></span> <span class='ocrx_word' id='word_1_863' title='bbox 2362 5881 2558 5937; x_wconf 87' lang='lat' dir='ltr'><strong>motus,</strong></span> <span class='ocrx_word' id='word_1_864' title='bbox 2591 5872 2660 5927; x_wconf 81' lang='lat' dir='ltr'><strong>de</strong></span> <span class='ocrx_word' id='word_1_865' title='bbox 2694 5888 2800 5945; x_wconf 88' lang='lat' dir='ltr'><strong>quo</strong></span> <span class='ocrx_word' id='word_1_866' title='bbox 2823 5888 2963 5929; x_wconf 91' lang='lat' dir='ltr'><strong>nunc</strong></span> <span class='ocrx_word' id='word_1_867' title='bbox 2988 5874 3183 5943; x_wconf 78' lang='lat' dir='ltr'><strong>agitur.</strong></span> <span class='ocrx_word' id='word_1_868' title='bbox 3218 5882 3344 5927; x_wconf 74' lang='lat' dir='ltr'><strong>tune</strong></span> <span class='ocrx_word' id='word_1_869' title='bbox 3370 5874 3563 5928; x_wconf 67' lang='lat' dir='ltr'><strong>areii&#39;it</strong></span> 
     </span>
    </p>
   </div>
   <div class='ocr_carea' id='block_1_121' title="bbox 1958 5964 3561 6039">
    <p class='ocr_par' dir='ltr' id='par_1_121' title="bbox 1958 5964 3561 6039">
     <span class='ocr_line' id='line_1_121' title="bbox 1958 5964 3561 6039; baseline 0.002 -22"><span class='ocrx_word' id='word_1_870' title='bbox 1958 5979 2081 6019; x_wconf 77' lang='lat' dir='ltr'><strong>cum</strong></span> <span class='ocrx_word' id='word_1_871' title='bbox 2115 5964 2532 6037; x_wconf 68' lang='lat' dir='ltr'><strong>(IlirySOstomus</strong></span> <span class='ocrx_word' id='word_1_872' title='bbox 2559 5983 2699 6039; x_wconf 63' lang='grc' dir='ltr'>περι</span> <span class='ocrx_word' id='word_1_873' title='bbox 2727 5968 2777 6025; x_wconf 92' lang='lat' dir='ltr'><strong>in</strong></span> <span class='ocrx_word' id='word_1_874' title='bbox 2803 5968 2944 6026; x_wconf 82' lang='lat' dir='ltr'><strong>lecto</strong></span> <span class='ocrx_word' id='word_1_875' title='bbox 2975 5967 3320 6024; x_wconf 82' lang='lat' dir='ltr'><strong>decumberet</strong></span> <span class='ocrx_word' id='word_1_876' title='bbox 3350 5986 3359 6018; x_wconf 85' lang='lat'>:</span> <span class='ocrx_word' id='word_1_877' title='bbox 3396 5972 3484 6038; x_wconf 73' lang='lat' dir='ltr'><strong>qui</strong></span> <span class='ocrx_word' id='word_1_878' title='bbox 3511 5976 3561 6019; x_wconf 88' lang='lat' dir='ltr'><strong>ut</strong></span> 
     </span>
    </p>
   </div>
  </div>
