4264 6306
697 394 814 451 «938

710 510 902 563 ardens
925 518 1039 566 erat
1068 510 1244 569 studio
1282 515 1615 572 instituenda:
1644 515 1834 590 plebis,
1868 530 2112 577 mmstam
2139 520 2278 576 illam

711 603 1052 687 cernetis'ob
1080 605 1407 674 ingruentem
1449 608 1826 677 calamitatem,
1871 612 2019 665 nullo
2060 611 2282 668 allectus

713 692 883 768 morbi
911 707 1091 762 sensu,
1124 698 1186 751 ad
1213 714 1423 769 gregem
1451 701 1717 758 advolavit
1745 721 1760 758 :
1790 704 1927 774 quod
1955 706 2167 775 quidem
2199 707 2287 761 ille

710 780 887 836 innuit
919 799 1039 838 cum
1069 788 1141 841 ait
1172 787 1371 844 [γενὺὶ
1401 792 1633 846 doctrina
1661 795 2009 864 aspritudinem
2044 812 2206 849 meam
2235 797 2286 851 in

717 872 895 926 bonam
926 877 1254 937 valetudinem
1293 885 1521 938 mutarit.
1550 885 1676 941 "me
1716 902 1876 957 porro
1913 889 2100 942 concio
2138 898 2285 942 extra

716 960 899 1017 urbem
931 967 980 1019 in
1007 968 1181 1036 aliqua
1213 974 1588 1041 ecclesiarum,
1616 992 1747 1046 quas
1770 978 1948 1046 populi
1971 980 2287 1033 Antiocheni

720 1050 911 1119 pietate
939 1054 1078 1110 dneti
1112 1057 1534 1131 frequentabant,
1568 1065 1796 1121 habitam
1840 1066 2021 1131 fuisse.
2065 1068 2286 1123 suadent

721 1154 822 1194 non
866 1158 1026 1211 pauca
1058 1147 1422 1220 Chrysostomi
1450 1156 1631 1221 verba,
1662 1157 1748 1225 qui
1785 1158 2034 1226 populum
2068 1176 2172 1213 non
2200 1176 2289 1215 sc-

721 1229 825 1285 mel
851 1232 1033 1289 laudat
1059 1237 1128 1291 ob
1157 1248 1465 1311 susceptum
1486 1245 1734 1299 audiendi
1775 1262 1932 1302 causa
1973 1247 2174 1303 itineris
2213 1251 2289 1303 la-

721 1320 903 1379 berem
942 1329 1162 1381 multum
1193 1340 1349 1401 atque
1374 1335 1643 1390 Sudorem.
1691 1336 1745 1391 In
1788 1340 1934 1397 hunc
1974 1356 2098 1394 vero
2137 1351 2290 1396 terra:

719 1427 922 1471 motum
948 1434 1006 1475 se
1040 1424 1198 1477 etiam
1228 1427 1399 1497 pridie
1424 1432 1794 1487 concinnatum
1832 1451 1949 1489 esse
1980 1437 2292 1492 testiﬁcatur

717 1504 1129 1576 Chrysostomus
1172 1517 1225 1571 in
1254 1518 1439 1573 eadem
1485 1524 1762 1578 concione.
1797 1527 2026 1593 Annum,
2067 1544 2170 1597 quo
2208 1528 2293 1583 hic

723 1606 877 1652 terra:
903 1611 1077 1657 motus
1103 1608 1317 1675 accidit,
1357 1626 1422 1665 ne
1455 1615 1755 1681 conjectura
1784 1618 1993 1686 quidem
2024 1621 2293 1688 assignare

720 1698 1037 1752 possumus:
1071 1708 1135 1748 ex
1166 1698 1476 1765 :rgritudine
1519 1718 1745 1771 namque
1772 1706 2136 1777 Cbrysostomi
2176 1712 2294 1764 nul-

724 1777 827 1831 lam
851 1782 1036 1835 calculi
1065 1788 1290 1852 ponendi
1334 1806 1517 1850 ansam
1555 1797 1789 1863 arripere
1820 1798 1938 1852 licet
1965 1817 1976 1852 :
2004 1816 2120 1853 nam
2151 1801 2296 1854 vale-

726 1870 920 1923 tudinis
942 1886 1048 1926 non
1074 1885 1155 1927 sat
1189 1876 1356 1933 liruue
1376 1882 1473 1943 vir,
1498 1898 1639 1953 smpe
1665 1902 1782 1939 cum
1808 1889 2003 1942 morbis
2022 1890 2291 1945 conﬂicta-

722 1954 897 2013 batur.
1650 2028 1651 2031 η

795 2051 1071 2109 llomiliam
1119 2059 1201 2112 cui
1230 2061 1405 2117 titulus
1437 2073 1518 2123 est
1554 2082 1567 2119 :
1612 2068 1662 2119 in
1701 2069 1828 2121 illud
1856 2068 1942 2135 (T.
1979 2070 2031 2125 5.
2080 2086 2125 2122 c.
2157 2072 2217 2126 3|
2250 2071 2290 2142 >,

724 2138 901 2209 Pater,
944 2149 984 2199 si
1016 2152 1263 2217 possibile
1288 2164 1387 2220 est,
1415 2166 1645 2212 transeat
1683 2177 1711 2213 a
1741 2158 1831 2216 me
1852 2163 1983 2217 calix
2034 2164 2172 2219 iste:
2203 2178 2292 2219 re.

726 2245 1019 2291 runuamcn
1053 2257 1155 2295 non
1185 2245 1321 2299 sicut
1342 2263 1439 2316 ego
1464 2251 1601 2311 volo,
1632 2253 1723 2305 sed
1759 2255 1895 2307 sicut
1932 2264 1983 2308 tu
2012 2274 2021 2307 :
2056 2266 2099 2308 et
2126 2265 2297 2309 contra

727 2323 1083 2384 Marcionistas
1108 2343 1155 2385 et
1186 2334 1514 2404 blame/ures,
1547 2350 1592 2391 ct
1622 2342 1755 2409 quod
1780 2345 2002 2413 ingerere
2022 2361 2072 2397 se
2101 2347 2296 2413 perieu-

722 2412 788 2466 lis
831 2433 927 2469 non
971 2433 1216 2487 oporteat,
1252 2428 1341 2479 sed
1381 2430 1515 2482 omni
1560 2433 1823 2495 voluntati,
1874 2434 1969 2487 Dei
1998 2436 2296 2490 voluntatem

724 2510 974 2575 anteferre
1000 2526 1018 2562 :
1058 2510 1218 2580 hanc,
1249 2517 1483 2585 inquam,
1536 2537 1600 2574 an
1644 2523 1779 2577 inter
1824 2525 2199 2592 Antiochenas,
2232 2545 2296 2582 an

728 2593 866 2649 inter
885 2598 1495 2672 Constantinopolitauas
1516 2626 1798 2668 accensere
1820 2627 2075 2683 Oporteat,
2100 2636 2201 2671 non
2229 2621 2298 2673 ita

724 2683 878 2740 facile
916 2699 997 2743 est
1024 2697 1268 2761 augurari
1296 2714 1308 2761 ;
1355 2700 1551 2766 aliquid
1586 2712 1759 2757 tamen
1790 2706 1921 2760 lucis
1950 2723 2013 2760 ex
2064 2710 2145 2772 iis,
2179 2726 2296 2779 qua:

730 2788 844 2845 post
867 2780 1179 2850 principimu
1204 2787 1470 2854 dietmtnr,
1491 2806 1586 2845 nos
1609 2795 1833 2847 mutuari
1858 2810 2007 2863 posse
2032 2806 2295 2866 putamus.

727 2867 803 2922 De
835 2874 1099 2939 proposita
1142 2876 1367 2932 lectione
1410 2896 1570 2949 agens
1611 2882 2041 2954 Chrysostumus,
2086 2903 2293 2955 nempe,

725 2959 901 3030 Pater,
935 2966 979 3017 si
1002 2969 1234 3052 possibile
1254 2981 1343 3035 est,
1375 2983 1593 3028 transeat
1614 2992 1644 3027 a
1673 2992 1751 3030 me
1773 2976 1910 3030 calix
1944 2979 2069 3031 iste:
2096 2996 2296 3033 rerum-

727 3063 893 3107 tamen
945 3073 1042 3110 non
1066 3060 1192 3112 sicut
1228 3077 1317 3130 ego
1344 3066 1484 3125 volo,
1521 3065 1609 3117 sed
1627 3067 1749 3119 sicut
1781 3077 1853 3131 tu,
1902 3070 1971 3122 ita
2013 3070 2242 3138 loquitur
2282 3088 2294 3123 :

726 3142 867 3196 Nam
892 3156 938 3199 et
960 3150 1141 3202 multos
1164 3168 1386 3218 quaerere
1404 3154 1619 3209 arbitror
1638 3173 1733 3224 qua
1756 3157 1818 3209 de
1842 3174 1996 3211 causa
2022 3159 2127 3211 hinc
2164 3161 2299 3213 dicta

726 3237 824 3289 sint
866 3255 896 3289 a
924 3238 1140 3302 Christo,
1176 3259 1234 3295 ac
1263 3245 1529 3299 verisimile
1555 3257 1623 3300 est
1651 3265 1753 3314 eos,
1782 3250 1866 3317 qui
1906 3251 2110 3315 adsunt,
2143 3252 2303 3304 lucrm

727 3329 848 3383 ticos
893 3330 998 3383 ha-‘c
1024 3336 1169 3385 verba
1211 3338 1455 3405 arripere.
1503 3340 1778 3406 multosque
1820 3359 1882 3394 ea:
1918 3345 2301 3411 sinqdiriorfbus

727 3420 966 3486 fratribus
1010 3425 1357 3491 supplantare.
1425 3426 1573 3482 Unde
1627 3431 1791 3499 liquet
1836 3432 2111 3487 lizci‘cticos
2158 3435 2296 3499 illos,

726 3510 812 3577 qui
843 3510 1032 3565 Filium
1074 3514 1226 3570 Patre
1267 3518 1521 3572 minorem
1555 3521 1758 3590 ipsique
1803 3523 2108 3577 ιιὶεδὶῐηὶιυηι
2157 3526 2301 3581 dice~

731 3599 888 3661 liant,
940 3616 1131 3671 nempe
1180 3606 1500 3672 Anomoeos,
1552 3612 1911 3680 (ILrysoetoaii
1956 3615 2303 3669 conciouibus

732 3691 1051 3746 interfuisse.
1101 3694 1226 3749 illud
1273 3710 1447 3751 autem
1481 3701 1781 3768 frequenter
1827 3705 2120 3757 Antiochia:
2165 3708 2303 3759 aeci~

728 3781 889 3848 disse,
924 3784 992 3837 ita
1024 3794 1078 3838 nt
1108 3799 1395 3854 pra‘scutes
1430 3792 1705 3847 lui-reticos
1735 3796 2147 3865 Clirysostomus
2170 3814 2301 3851 eon-

731 3873 943 3936 l'ntaret,
996 3877 1109 3945 ipse
1148 3877 1345 3934 diserte
1387 3883 1460 3935 ait
1486 3883 1655 3938 Tomo
1696 3887 1865 3953 primo
1894 3888 1959 3941 de
2000 3887 2305 3959 lucompre-

732 3965 973 4021 hensibili
1004 3978 1185 4021 eontra
1214 3971 1501 4026 Anommos
1532 3990 1577 4025 c.
1602 3973 1730 4028 707:
1759 3966 2091 4047 idipsumque
2123 3992 2305 4051 postea

730 4054 1027 4109 snbindicat
1066 4073 1112 4110 ρ.
1150 4056 1279 4123 779,
1326 4072 1377 4114 et
1428 4074 1575 4125 seqq.
1603 4103 1616 4122 ,
1666 4066 1716 4117 in
1762 4064 1877 4121 hzec
1925 4072 2107 4135 verba,
2152 4076 2305 4142 queis

728 4144 972 4199 Christus
999 4146 1213 4202 Petrum
1243 4151 1454 4219 repulit,
1512 4152 1647 4207 Vade
1685 4167 1795 4224 post
1824 4175 1917 4222 me,
1942 4161 2167 4228 Satana,
2196 4177 2300 4221 etc.

732 4235 934 4292 Eadem
960 4254 1093 4308 pene
1118 4240 1251 4309 ipsa,
1280 4258 1396 4311 qua:
1423 4243 1532 4309 hic,
1556 4248 1710 4315 paulo
1738 4259 1856 4317 post
1885 4251 2086 4306 initium
2118 4256 2300 4321 habes,

732 4327 1027 4399 iisdemque
1086 4332 1194 4386 fere
1254 4334 1428 4388 verbis
1492 4350 1892 4394 commemorat.
1949 4340 2301 4409 Quamobrem

736 4425 1028 4487 putarerim
1076 4423 1212 4478 hanc
1250 4426 1519 4480 homiliam
1551 4430 1845 4486 Antiochia:
1893 4434 2123 4490 habitam
2171 4437 2306 4494 fuis-

736 4525 833 4576 se,
888 4528 989 4567 nec
1046 4514 1270 4569 fortasse
1318 4516 1406 4571 diu
1460 4528 1582 4589 post
1620 4521 1735 4575 illas
1785 4533 1969 4578 contra
2016 4528 2305 4585 Anomceos

730 4603 1014 4659 conciones
1062 4624 1075 4657 :
1123 4607 1263 4675 quod
1292 4621 1467 4664 tamen
1512 4626 1576 4665 ex
1603 4613 1907 4681 conjectura
1939 4627 2140 4674 tantum
2168 4622 2303 4677 diei-

730 4709 870 4748 IllllS.

785 4786 1075 4879 conciones
1090 4786 2006 4870 illasduas’nhuncPaulilocum(T.
2024 4802 2132 4858 3.c.
2158 4805 2300 4879 185).

734 4875 968 4932 Salutate
996 4878 1286 4935 Priscillam
1306 4883 1491 4953 (Rom.
1521 4888 1609 4941 16.
1636 4888 1703 4955 5)
1723 4931 1736 4951 ,
1776 4899 1878 4945 etc.
1904 4931 1917 4956 ,
1939 4907 2002 4948 ex
2033 4875 2304 4950 verisimili

733 4971 1035 5039 conjectura
1062 4976 1357 5030 Antiochia:
1388 4978 1590 5033 habitas
1621 4981 1780 5035 fuisse
1804 4990 2064 5049 putamus.
2096 4986 2303 5041 Etenim

740 5063 880 5117 illum
912 5066 1083 5122 adhuc
1114 5069 1163 5121 in
1192 5070 1696 5139 presbyteriordine
1726 5072 1885 5130 fuisse
1905 5078 2110 5131 videtur
2130 5095 2191 5133 ex
2220 5080 2303 5143 iis,

731 5169 851 5223 qua:
877 5156 943 5211 de
962 5161 1323 5215 sacerdotibus
1352 5162 1520 5227 istius,
1549 5163 1600 5217 in
1629 5179 1729 5233 qua
1756 5164 2010 5234 degebat,
2039 5168 2186 5223 urbis
2212 5171 2310 5221 ali-

731 5257 864 5327 quot
890 5248 953 5319 in
984 5250 1111 5303 locis
1139 5252 1243 5318 ait,
1291 5255 1517 5307 maxime
1543 5270 1668 5308 vero
1698 5256 1749 5309 in
1793 5259 2021 5312 secunda
2064 5276 2205 5312 mnu.
2237 5261 2306 5315 5:

734 5338 822 5392 ubi
848 5339 1115 5395 auditores
1137 5358 1379 5411 carpens,
1411 5348 1547 5413 quod
1570 5346 1780 5414 quidam
1802 5362 1985 5401 eorum
2007 5351 2309 5405 sacerdotes

737 5431 946 5497 probris
972 5442 1025 5484 et
1048 5435 1299 5488 conviciis
1326 5446 1639 5502 onerarent,
1668 5437 1755 5491 alii
1797 5455 1922 5492 \‘Cl‘u
1951 5440 2061 5495 hrec
2089 5442 2307 5495 audiun-

737 5531 838 5583 tes,
872 5522 1158 5577 maledicos
1205 5525 1325 5579 illos
1369 5542 1471 5580 non
1498 5540 1926 5596 eutnpescerent,
1964 5533 2080 5584 ta?ia
2130 5531 2307 5586 fatur:

735 5610 876 5673 Quid
914 5611 1015 5662 illis
1057 5614 1211 5680 fuerit
1245 5614 1460 5678 beatius,
1504 5616 1623 5682 quid
1666 5628 1830 5671 autem
1860 5619 1997 5673 nobis
2046 5620 2313 5675 miserius?

735 5701 1154 5767 Quandoquidem
1184 5705 1261 5759 illi
1286 5708 1577 5777 sanguinem
1607 5720 1651 5762 et
1676 5713 1896 5765 animam
1927 5732 2015 5778 pro
2044 5726 2316 5783 pra'repto-

734 5793 873 5845 ribus
904 5794 1276 5863 profundebum
1340 5815 1430 5853 nos
1459 5809 1617 5854 autent
1647 5819 1802 5871 neque
1832 5810 2027 5858 verbum
2055 5823 2145 5876 pro
2173 5823 2311 5859 com-

1792 406 1849 462 S.
1888 408 2165 463 JOANNIS
2201 409 2666 466 CllRYSOSTt).\ll
2711 413 2885 478 ViT.\,
3280 442 3289 453 ι
3872 414 3963 466 156

2391 527 2617 593 munibus
2648 528 2871 581 patribus
2897 526 3113 579 emittere
3138 528 3379 579 audemus
3399 568 3412 591 ,
3440 534 3523 579 sed
3551 542 3661 577 cum
3700 525 3967 577 atnlic'uus

2390 620 2459 670 eis
2498 618 2744 681 maledici,
2778 630 2822 671 et
2843 618 3074 671 conuiciis
3096 634 3177 671 eos
3208 618 3524 671 dehonestari
3558 628 3605 671 et
3642 634 3672 670 a
3708 619 3814 672 suis
3835 627 3880 669 et
3910 616 3968 671 ab

2390 710 2587 769 alienis,
2621 710 2888 763 maledicos
2918 728 3071 781 neque
3098 710 3453 776 compescimus
3475 752 3489 773 ,
3520 726 3673 775 neque
3700 709 3961 777 reprehen-

2391 800 2574 862 dimus,
2608 817 2760 867 neque
2786 802 3118 869 prohibemus.
3151 802 3272 854 llzrc
3293 811 3431 854 certe
3457 817 3558 853 nun
3589 801 3833 854 rideatur
3853 813 3971 853 esse

2391 890 2528 943 (li-:ta
2559 890 2917 960 Chrysostomi
2944 891 3052 961 jam
3086 891 3317 960 episeopi
3346 909 3357 943 :
3392 905 3562 956 neque
3606 892 3745 942 enim
3780 891 3896 947 ille.
3929 890 3969 942 Si

2393 986 2672 1053 episcopus
2702 984 2917 1047 fuisset,
2960 985 3294 1045 sacerdotes,
3334 987 3419 1053 qui
3463 986 3713 1036 (‘Othlt'iiS
3754 986 3969 1053 impete-

2395 1076 2604 1139 huutur,
2637 1090 2945 1131 Communes
2981 1086 3155 1144 patres
3184 1078 3518 1144 appellasset.
3555 1076 3607 1129 lu
3639 1076 3783 1128 hisee
3821 1092 3974 1141 porro

2393 1165 2598 1219 duabus
2629 1167 2857 1220 homiliis
2884 1168 2933 1221 id
2973 1168 3337 1236 demonstrare
3368 1168 3569 1228 nititur,
3601 1167 3740 1235 quod
3773 1176 3824 1220 et
3850 1155 3975 1218 alibi

2396 1254 2717 1325 frequenter,
2749 1258 2994 1312 nimirum
3040 1258 3440 1325 inscriptiones,
3484 1260 3694 1310 nomina
3727 1258 3973 1323 pt'tiprin‘,

2397 1346 2763 1408 salutationes,
2791 1347 3024 1417 aliasque
3051 1332 3389 1417 quantumvis
3420 1348 3660 1400 minimas
3686 1347 3977 1411 Seriptnraa

2397 1450 2562 1488 sacrae
2588 1436 2895 1503 particulas,
2947 1454 3049 1489 non
3093 1450 3509 1503 supervacaneas
3529 1477 3543 1496 ,
3572 1435 3664 1488 sed
3695 1434 3979 1502 diligenter

2397 1528 2738 1581 excutiendas
2767 1544 2906 1583 esse.
2936 1528 3068 1583 Cum
3112 1544 3237 1582 vero
3278 1529 3643 1596 inscriptiones
3672 1535 3724 1577 et
3764 1526 3977 1578 nomina

2399 1619 2605 1687 propria
2628 1629 3014 1675 commemorat
3045 1622 3192 1673 initio
3218 1620 3461 1675 secundae
3487 1620 3665 1672 dicens
3690 1636 3705 1675 :
3740 1618 3878 1670 Num
3898 1617 3980 1672 di-

2397 1711 2587 1763 dicistis
2612 1712 2958 1779 inscriptiones
2987 1723 3034 1767 et
3063 1713 3265 1764 nomina
3289 1722 3333 1765 et
3354 1713 3603 1780 simplices
3629 1714 3976 1775 salutationes,

2397 1802 2657 1869 diligenter
2702 1805 2753 1855 in
2801 1802 3077 1873 Scripturis
3123 1804 3483 1857 excutiendas?
3528 1818 3681 1862 cum,
3729 1802 3977 1870 inquam,

2400 1891 2769 1959 inscriptiones
2799 1902 2850 1945 et
2873 1895 3084 1948 mimina
3104 1936 3115 1956 ,
3154 1894 3200 1945 id
3228 1904 3307 1945 est
3334 1893 3543 1945 nomina
3565 1893 3795 1961 propria,
3828 1907 3979 1944 eum-

2392 1993 2683 2045 mcmorat,
2717 1984 3053 2037 subiudieare
3085 1999 3299 2053 prorsus
3330 1983 3535 2035 videtur
3566 1983 3809 2033 homilias
3847 1995 3980 2051 quas

2397 2074 2463 2129 de
2494 2076 2836 2144 inaeriptionc
2864 2078 3135 2137 Actorum,
3164 2074 3334 2141 deque
3360 2074 3476 2127 aliis
3500 2074 3784 2141 Scriptum:
3814 2087 3981 2125 sacra:

2398 2163 2851 2233 inseriptionilms,
2889 2180 3092 2218 necnon
3124 2174 3349 2232 quatuor
3372 2164 3522 2225 alias,
3550 2178 3683 2230 quas
3710 2162 3777 2215 de
3803 2163 3980 2215 nomi-

2399 2254 2557 2308 nibus
2584 2255 2668 2308 τρι
2697 2254 2763 2309 de
2808 2256 3097 2308 mutatione
3131 2255 3401 2307 nominum
3440 2253 3736 2305 Antiochiae
3782 2251 3981 2305 habue-

2401 2355 2481 2399 rat
2505 2364 2517 2398 :
2547 2345 2686 2397 unde
2710 2346 2868 2399 etiam
2893 2347 3095 2399 eruitur
3121 2345 3279 2399 hasce
3309 2343 3549 2398 homilias
3570 2342 3865 2399 Autiochim
3890 2342 3982 2396 ha-

2400 2436 2533 2489 bitas
2561 2437 2740 2491 fuisse.

2471 2527 2555 2581 Ju.
2586 2525 2994 2597 Chrysuslomus
3021 2527 3109 2597 (T.
3138 2529 3190 2582 3.
3234 2542 3278 2579 c.
3300 2524 3469 2597 9.61),
3514 2527 3601 2595 qui
3635 2541 3737 2579 non
3770 2540 3984 2594 semper

2400 2618 2784 2684 extemporales
2806 2618 2989 2671 habuit
3008 2620 3310 2680 conciones,
3335 2618 3612 2671 llomiliam
3640 2617 3704 2670 de
3731 2616 3984 2670 Eleemo-

2403 2723 2530 2779 syua
2556 2709 2705 2771 dixit,
2734 2710 3013 2763 occasione
3042 2709 3400 2762 meudicorum
3427 2718 3479 2762 et
3509 2722 3817 2775 egenorum,
3849 2721 3985 2774 quos

2404 2800 2593 2854 hiemis
2620 2809 2858 2869 tempore
2883 2800 3148 2869 jaeeutes,
3183 2815 3303 2853 cum
3336 2815 3428 2868 per
3454 2798 3626 2852 lorum
3654 2807 3704 2849 et
3730 2798 3984 2863 angipor-

2403 2903 2484 2945 tus
2526 2893 2590 2945 ad
2629 2893 2906 2946 ecclesiam
2940 2903 3212 2962 pergeret,
3255 2900 3543 2959 repererat.
3576 2889 3726 2943 llunc.
3755 2888 3819 2941 ad
3852 2903 3986 2941 con-

2401 2983 2718 3037 cinnandum
2748 2993 3053 3051 apparatum
3075 3025 3090 3049 ,
3125 2981 3249 3035 dum
3290 2983 3388 3035 iter
3415 2980 3639 3042 faceret,
3668 2978 3984 3039 adornavit,

2402 3086 2454 3128 et
2481 3075 2614 3128 hanc
2641 3074 2709 3128 de
2734 3075 3066 3143 elecmosyna
3096 3072 3402 3127 concionem
3429 3070 3779 3140 iinprorisator
3805 3079 3988 3121 orator

2405 3165 2775 3231 pronuntiavit.
2805 3164 3096 3217 Autiuehize
3121 3172 3295 3216 autem
3322 3162 3553 3215 habitam
3577 3160 3737 3214 fuisse
3765 3160 3986 3224 Ῐιι‹Ιὶ‹·;ιΙ,

2404 3273 2506 3309 non
2541 3256 2697 3311 modo
2724 3272 2843 3311 cum
2869 3258 2960 3312 ait.
2990 3271 3048 3309 se
3080 3271 3171 3324 per
3202 3254 3367 3308 lorum
3396 3264 3449 3308 et
3476 3254 3781 3322 augiportus
3805 3254 3987 3306 eccle-

2404 3349 2534 3399 siam
2566 3350 2797 3418 petiisse,
2825 3347 2915 3400 sed
2938 3348 3114 3410 etiam,
3139 3355 3191 3398 el.
3213 3347 3365 3413 lange
3391 3344 3606 3408 clarius,
3630 3343 3715 3395 ubi
3738 3342 3808 3393 ait
3834 3358 3986 3394 num.

2406 3440 2458 3502 ὕ,
2488 3453 2607 3490 cum
2644 3438 2810 3490 fames
2838 3436 3017 3489 urbem
3049 3436 3294 3488 invasnra
3324 3444 3483 3497 csset,
3514 3434 3663 3487 istam
3692 3432 3986 3494 civittem,

2406 3542 2596 3595 nempe
2623 3526 2992 3592 Antiochiam,
3040 3541 3129 3595 per
3159 3525 3450 3579 Barnabatn
3492 3534 3543 3577 et
3572 3524 3785 3578 Saulnm
3830 3538 3991 3591 pecn-

2407 3619 2520 3670 nias
2551 3617 2936 3688 Jerosolymam
2986 3602 3214 3669 misisse.
3264 3615 3337 3669 De
3384 3628 3525 3668 anno
3562 3626 3740 3667 autem
3790 3612 3989 3667 habita

2407 3710 2677 3763 concionis
2704 3709 2829 3763 nihil
2857 3688 3138 3762 dicendum
3163 3707 3413 3776 suppetit.

2480 3801 2734 3854 llemilias
2757 3810 2863 3853 tres
2890 3813 3111 3853 numero
3138 3798 3320 3851 habuit
3345 3797 3754 3868 Cltrysostomus
3778 3796 3828 3847 in
3858 3795 3989 3847 illurl

2408 3893 2647 3960 Apostoli
2676 3891 2765 3961 (T.
2797 3894 2849 3946 5.
2875 3909 2922 3946 c.
2950 3892 3045 3944 9.71
3075 3890 3092 3959 )
3140 3911 3152 3944 :
3189 3889 3441 3944 [labentes
3484 3890 3711 3943 eumdem
3752 3890 3987 3955 spiritum

2411 3984 2485 4053 (2.
2514 3983 2629 4037 Cor.
2660 3983 2713 4036 4.
2756 3982 2874 4050 15),
2904 3990 3008 4035 etc.
3042 3980 3335 4034 Antiochia:
3364 3994 3491 4033 vero
3532 3979 3735 4032 habitas
3788 3980 3987 4043 fuisse.

2409 4074 2629 4129 suadent
2658 4089 2720 4127 ea
2757 4088 2874 4143 qua:
2899 4073 3024 4126 dicit
3052 4073 3119 4126 de
3147 4069 3420 4125 monachis
3446 4071 3696 4125 verticem
3728 4069 3988 4123 montium

2412 4166 2818 4235 occupantibus,
2862 4176 3209 4231 asperumque
3235 4162 3353 4215 vine
3384 4162 3642 4215 rationem
3670 4162 3949 4229 agentibus
3971 4203 3986 4224 ,

2409 4272 2541 4327 quos
2566 4271 2691 4310 sane
2717 4255 3005 4309 monachos
3028 4253 3079 4306 in
3111 4251 3449 4306 Antiochenis
3470 4244 3810 4306 concioaibus
3834 4264 3990 4304 com-

2411 4362 2708 4401 memorare
2737 4347 2903 4409 solet,
2956 4359 3109 4399 secus
3159 4345 3208 4396 in
3255 4344 3872 4411 Constantinopolitanis.
3909 4344 3989 4396 An

2410 4437 2774 4507 Chrysoslomi
2818 4450 2942 4489 vere
2984 4435 3089 4488 sint
3131 4432 3212 4485 har
3244 4434 3504 4498 lioniilim,
3543 4443 3811 4487 aususest
3838 4432 3991 4501 quis-

2410 4527 2549 4597 piam
2574 4526 2834 4592 dubitare,
2857 4539 2975 4578 cum
3000 4532 3174 4577 tamen
3196 4522 3383 4594 stylus,
3407 4522 3586 4584 dictio,
3612 4531 3791 4589 tropus
3819 4521 3991 4591 Chry-

2412 4627 2701 4671 sostomum
2734 4617 3032 4685 loquentem
3065 4613 3311 4683 prodant.
3346 4612 3626 4667 Dubitandi
3668 4626 3843 4665 causze
3874 4612 3992 4664 viro

2412 4709 2643 4775 alioquin
2692 4708 2848 4759 docto
2897 4705 3194 4773 hujnSuiodi
3246 4706 3438 4758 fuere:
3482 4703 3620 4772 quod
3664 4718 3855 4770 nempe
3904 4701 3991 4756 hic

2411 4800 2751 4853 conciouator
2778 4796 2923 4851 hom.
2956 4799 3003 4858 l,
3039 4811 3091 4847 η.
3123 4796 3178 4859 5,
3224 4792 3662 4862 Semipelagiauis
3703 4791 3881 4847 favere
3908 4793 3990 4847 vi-

2411 4893 2615 4957 deatur,
2644 4905 2765 4942 cum
2787 4888 2915 4942 dicit
2940 4887 3006 4941 de
3031 4888 3180 4941 initio
3202 4887 3321 4940 lidei
3353 4885 3612 4955 loquens:
3648 4883 3826 4954 Neque
3857 4887 3988 4940 enim

2412 4983 2548 5037 Deus
2566 5023 2581 5045 ,
2610 4998 2768 5053 neque
2802 4982 3026 5049 Spiritus
3050 4980 3213 5050 gratia
3248 4987 3471 5031 nostrum
3500 4978 3733 5048 prtevenit
3755 4980 3985 5046 proposi-

2414 5086 2552 5137 tum;
2597 5076 2682 5127 sed
2709 5073 2903 5126 etiamsi
2943 5082 3111 5137 vocet,
3156 5078 3408 5138 exspectat
3436 5078 3601 5121 tanien
3630 5078 3684 5121 ut
3724 5080 3903 5137 sponte
3945 5078 3985 5125 et

2415 5166 2621 5235 propria
2650 5165 2904 5217 voluntate
2933 5162 3271 5227 accedamus;
3293 5179 3350 5215 ac
3376 5172 3479 5213 tum
3509 5162 3736 5225 demum,
3769 5177 3884 5213 cum
3910 5177 3989 5213 ac.

2413 5258 2731 5321 cesserimus,
2776 5256 2916 5310 nobis
2948 5272 3097 5309 suum
3137 5264 3294 5308 totum
3333 5253 3527 5307 exhibet
3570 5252 3842 5305 auxilium.
3886 5252 3990 5305 Sed

2417 5344 2937 5401 auunzulverteudum
2965 5356 3065 5409 est,
3098 5344 3239 5414 quod
3263 5359 3381 5397 cum
3411 5358 3497 5409 ea,
3530 5358 3650 5411 quae
3676 5342 3740 5395 ad
3770 5342 3995 5410 gratiam

2418 5441 2742 5510 Spectabunt.
2768 5438 2999 5493 nondum
3024 5438 3074 5489 in
3096 5436 3513 5489 enutroversiam
3541 5442 3721 5487 vocata
3747 5431 3993 5499 inissent,

2418 5548 2523 5585 non
2575 5540 2725 5584 erant
2771 5546 2833 5583 ea
2872 5529 3030 5595 certis
3063 5541 3247 5580 vocum
3274 5525 3527 5579 limitibus
3559 5523 3995 5589 circumscripta;

2422 5638 2591 5690 neque
2636 5623 2827 5674 mirum
2853 5661 2868 5685 ,
2922 5619 2966 5674 si
3007 5626 3451 5685 extemporaneus
3493 5625 3692 5677 orator,
3740 5613 3809 5667 ad
3859 5613 3993 5667 bona

2424 5712 2718 5782 peragenda
2748 5711 3015 5765 concitare
3046 5709 3247 5771 volens,
3279 5707 3398 5760 talia
3433 5704 3711 5775 proferret,
3740 5718 3861 5772 qua:
3890 5718 3997 5757 non

2425 5806 2488 5859 ad
2522 5807 2768 5858 trutinam
2802 5812 2920 5854 ante
2948 5800 3359 5854 cxaminaverat.
3392 5796 3445 5849 In
3476 5796 3558 5849 his
3595 5794 3752 5849 etiam
3778 5793 3999 5847 concio-
