  <div class='ocr_page' id='page_1' title='image "/cluster/home/n/w/nwhite01/storage/ocr_20150623/47/pst.000005712441/176.png"; bbox 0 0 4264 6306; ppageno 0'>
   <div class='ocr_carea' id='block_1_1' title="bbox 285 333 378 385">
    <p class='ocr_par' dir='ltr' id='par_1_1' title="bbox 285 333 378 385">
     <span class='ocr_line' id='line_1_1' title="bbox 285 333 378 385; baseline -0.032 1"><span class='ocrx_word' id='word_1_1' title='bbox 285 333 378 385; x_wconf 67' lang='grc'><strong>157</strong></span> 
     </span>
    </p>
   </div>
   <div class='ocr_carea' id='block_1_2' title="bbox 283 448 1873 521">
    <p class='ocr_par' dir='ltr' id='par_1_2' title="bbox 283 448 1873 521">
     <span class='ocr_line' id='line_1_2' title="bbox 283 448 1873 521; baseline -0.002 -19"><span class='ocrx_word' id='word_1_2' title='bbox 283 450 468 514; x_wconf 61' lang='lat' dir='ltr'><strong>uibus,</strong></span> <span class='ocrx_word' id='word_1_3' title='bbox 518 449 571 503; x_wconf 90' lang='lat' dir='ltr'><strong>in</strong></span> <span class='ocrx_word' id='word_1_4' title='bbox 622 451 849 521; x_wconf 85' lang='lat' dir='ltr'><strong>aliisque</strong></span> <span class='ocrx_word' id='word_1_5' title='bbox 878 452 1126 521; x_wconf 68' lang='lat' dir='ltr'><strong>operibus</strong></span> <span class='ocrx_word' id='word_1_6' title='bbox 1157 469 1261 506; x_wconf 88' lang='lat' dir='ltr'><strong>non</strong></span> <span class='ocrx_word' id='word_1_7' title='bbox 1314 465 1474 519; x_wconf 84' lang='lat' dir='ltr'><strong>pauca</strong></span> <span class='ocrx_word' id='word_1_8' title='bbox 1518 451 1677 510; x_wconf 84' lang='lat' dir='ltr'><strong>dicit,</strong></span> <span class='ocrx_word' id='word_1_9' title='bbox 1722 448 1873 516; x_wconf 72' lang='lat' dir='ltr'><strong>queis</strong></span> 
     </span>
    </p>
   </div>
   <div class='ocr_carea' id='block_1_3' title="bbox 284 542 1870 611">
    <p class='ocr_par' dir='ltr' id='par_1_3' title="bbox 284 542 1870 611">
     <span class='ocr_line' id='line_1_3' title="bbox 284 542 1870 611; baseline 0.001 -19"><span class='ocrx_word' id='word_1_10' title='bbox 284 542 539 609; x_wconf 84' lang='lat' dir='ltr'><strong>probatur</strong></span> <span class='ocrx_word' id='word_1_11' title='bbox 570 544 747 611; x_wconf 89' lang='lat' dir='ltr'><strong>ipsum</strong></span> <span class='ocrx_word' id='word_1_12' title='bbox 778 546 1048 598; x_wconf 83' lang='lat' dir='ltr'><strong>censuisse</strong></span> <span class='ocrx_word' id='word_1_13' title='bbox 1075 544 1143 597; x_wconf 91' lang='lat' dir='ltr'><strong>ad</strong></span> <span class='ocrx_word' id='word_1_14' title='bbox 1183 543 1389 603; x_wconf 83' lang='lat' dir='ltr'><strong>initium</strong></span> <span class='ocrx_word' id='word_1_15' title='bbox 1438 542 1589 605; x_wconf 78' lang='lat' dir='ltr'><strong>fidei,</strong></span> <span class='ocrx_word' id='word_1_16' title='bbox 1620 542 1870 595; x_wconf 80' lang='lat' dir='ltr'><strong>auxilium</strong></span> 
     </span>
    </p>
   </div>
   <div class='ocr_carea' id='block_1_4' title="bbox 285 632 1923 703">
    <p class='ocr_par' dir='ltr' id='par_1_4' title="bbox 285 632 1923 703">
     <span class='ocr_line' id='line_1_4' title="bbox 285 632 1923 703; baseline 0.004 -20"><span class='ocrx_word' id='word_1_17' title='bbox 285 632 374 687; x_wconf 77' lang='lat' dir='ltr'><strong>ltei</strong></span> <span class='ocrx_word' id='word_1_18' title='bbox 416 647 540 686; x_wconf 88' lang='lat' dir='ltr'><strong>esse</strong></span> <span class='ocrx_word' id='word_1_19' title='bbox 587 634 969 688; x_wconf 86' lang='lat' dir='ltr'><strong>necessarium.</strong></span> <span class='ocrx_word' id='word_1_20' title='bbox 1006 634 1198 689; x_wconf 74' lang='lat' dir='ltr'><strong>Verum</strong></span> <span class='ocrx_word' id='word_1_21' title='bbox 1227 635 1363 690; x_wconf 87' lang='lat' dir='ltr'><strong>alius</strong></span> <span class='ocrx_word' id='word_1_22' title='bbox 1386 635 1452 689; x_wconf 90' lang='lat' dir='ltr'><strong>ad</strong></span> <span class='ocrx_word' id='word_1_23' title='bbox 1483 634 1597 689; x_wconf 69' lang='lat' dir='ltr'><strong>haec</strong></span> <span class='ocrx_word' id='word_1_24' title='bbox 1638 634 1876 703; x_wconf 80' lang='lat' dir='ltr'><strong>pluribus</strong></span> <span class='ocrx_word' id='word_1_25' title='bbox 1912 692 1923 697; x_wconf 89' lang='lat'>_</span> 
     </span>
    </p>
   </div>
   <div class='ocr_carea' id='block_1_5' title="bbox 284 727 1870 788">
    <p class='ocr_par' dir='ltr' id='par_1_5' title="bbox 284 727 1870 788">
     <span class='ocr_line' id='line_1_5' title="bbox 284 727 1870 788; baseline 0.003 -9"><span class='ocrx_word' id='word_1_26' title='bbox 284 727 558 781; x_wconf 86' lang='lat' dir='ltr'><strong>tractanda</strong></span> <span class='ocrx_word' id='word_1_27' title='bbox 587 728 739 782; x_wconf 87' lang='lat' dir='ltr'><strong>nobis</strong></span> <span class='ocrx_word' id='word_1_28' title='bbox 760 739 841 783; x_wconf 89' lang='lat' dir='ltr'><strong>est</strong></span> <span class='ocrx_word' id='word_1_29' title='bbox 869 729 1189 783; x_wconf 80' lang='lat' dir='ltr'><strong>constitutus</strong></span> <span class='ocrx_word' id='word_1_30' title='bbox 1211 729 1381 783; x_wconf 89' lang='lat' dir='ltr'><strong>locus.</strong></span> <span class='ocrx_word' id='word_1_31' title='bbox 1407 729 1576 782; x_wconf 80' lang='lat' dir='ltr'><strong>Aliam</strong></span> <span class='ocrx_word' id='word_1_32' title='bbox 1602 727 1870 788; x_wconf 57' lang='lat' dir='ltr'><strong>dubitandi</strong></span> 
     </span>
    </p>
   </div>
   <div class='ocr_carea' id='block_1_6' title="bbox 286 816 1880 889">
    <p class='ocr_par' dir='ltr' id='par_1_6' title="bbox 286 816 1880 889">
     <span class='ocr_line' id='line_1_6' title="bbox 286 816 1880 889; baseline -0.003 -18"><span class='ocrx_word' id='word_1_33' title='bbox 286 830 501 871; x_wconf 83' lang='lat' dir='ltr'><strong>causam</strong></span> <span class='ocrx_word' id='word_1_34' title='bbox 534 816 690 872; x_wconf 74' lang='lat' dir='ltr'><strong>eﬂ‘ert</strong></span> <span class='ocrx_word' id='word_1_35' title='bbox 735 819 782 871; x_wconf 84' lang='lat' dir='ltr'><strong>is</strong></span> <span class='ocrx_word' id='word_1_36' title='bbox 811 820 955 888; x_wconf 88' lang='lat' dir='ltr'><strong>ipse,</strong></span> <span class='ocrx_word' id='word_1_37' title='bbox 987 821 1074 888; x_wconf 89' lang='lat' dir='ltr'><strong>qui</strong></span> <span class='ocrx_word' id='word_1_38' title='bbox 1109 820 1336 889; x_wconf 88' lang='lat' dir='ltr'><strong>priorem</strong></span> <span class='ocrx_word' id='word_1_39' title='bbox 1371 820 1589 889; x_wconf 72' lang='lat' dir='ltr'><strong>protulit</strong></span> <span class='ocrx_word' id='word_1_40' title='bbox 1627 836 1638 869; x_wconf 90' lang='lat'><strong>:</strong></span> <span class='ocrx_word' id='word_1_41' title='bbox 1670 819 1768 873; x_wconf 88' lang='lat' dir='ltr'><strong>Sub</strong></span> <span class='ocrx_word' id='word_1_42' title='bbox 1798 818 1880 872; x_wconf 80' lang='lat' dir='ltr'><strong>ir-</strong></span> 
     </span>
    </p>
   </div>
   <div class='ocr_carea' id='block_1_7' title="bbox 284 909 1878 987">
    <p class='ocr_par' dir='ltr' id='par_1_7' title="bbox 284 909 1878 987">
     <span class='ocr_line' id='line_1_7' title="bbox 284 909 1878 987; baseline 0.001 -25"><span class='ocrx_word' id='word_1_43' title='bbox 284 909 435 962; x_wconf 77' lang='lat' dir='ltr'><strong>ltltllll</strong></span> <span class='ocrx_word' id='word_1_44' title='bbox 464 909 697 987; x_wconf 74' lang='lat' dir='ltr'><strong>homilia:</strong></span> <span class='ocrx_word' id='word_1_45' title='bbox 725 912 893 965; x_wconf 74' lang='lat' dir='ltr'><strong>tertia:</strong></span> <span class='ocrx_word' id='word_1_46' title='bbox 922 912 1117 966; x_wconf 89' lang='lat' dir='ltr'><strong>dicitur</strong></span> <span class='ocrx_word' id='word_1_47' title='bbox 1140 929 1169 963; x_wconf 88' lang='lat' dir='ltr'><strong>a</strong></span> <span class='ocrx_word' id='word_1_48' title='bbox 1191 911 1336 965; x_wconf 80' lang='lat' dir='ltr'><strong>Pauli</strong></span> <span class='ocrx_word' id='word_1_49' title='bbox 1368 921 1607 980; x_wconf 88' lang='lat' dir='ltr'><strong>tempore</strong></span> <span class='ocrx_word' id='word_1_50' title='bbox 1624 911 1878 980; x_wconf 83' lang='lat' dir='ltr'><strong>quingen-</strong></span> 
     </span>
    </p>
   </div>
   <div class='ocr_carea' id='block_1_8' title="bbox 285 1001 1878 1080">
    <p class='ocr_par' dir='ltr' id='par_1_8' title="bbox 285 1001 1878 1080">
     <span class='ocr_line' id='line_1_8' title="bbox 285 1001 1878 1080; baseline 0 -26"><span class='ocrx_word' id='word_1_51' title='bbox 285 1011 365 1054; x_wconf 81' lang='lat' dir='ltr'><strong>tos</strong></span> <span class='ocrx_word' id='word_1_52' title='bbox 394 1016 569 1080; x_wconf 74' lang='lat' dir='ltr'><strong>anuos</strong></span> <span class='ocrx_word' id='word_1_53' title='bbox 596 1002 805 1071; x_wconf 88' lang='lat' dir='ltr'><strong>elapsos</strong></span> <span class='ocrx_word' id='word_1_54' title='bbox 833 1018 975 1070; x_wconf 82' lang='lat' dir='ltr'><strong>esse,</strong></span> <span class='ocrx_word' id='word_1_55' title='bbox 1002 1018 1119 1072; x_wconf 82' lang='lat' dir='ltr'><strong>qua:</strong></span> <span class='ocrx_word' id='word_1_56' title='bbox 1146 1004 1303 1073; x_wconf 75' lang='lat' dir='ltr'><strong>longe</strong></span> <span class='ocrx_word' id='word_1_57' title='bbox 1327 1003 1679 1057; x_wconf 90' lang='lat' dir='ltr'><strong>recentiorem</strong></span> <span class='ocrx_word' id='word_1_58' title='bbox 1706 1001 1878 1074; x_wconf 81' lang='lat' dir='ltr'><strong>Chry-</strong></span> 
     </span>
    </p>
   </div>
   <div class='ocr_carea' id='block_1_9' title="bbox 286 1091 1879 1163">
    <p class='ocr_par' dir='ltr' id='par_1_9' title="bbox 286 1091 1879 1163">
     <span class='ocr_line' id='line_1_9' title="bbox 286 1091 1879 1163; baseline 0 -18"><span class='ocrx_word' id='word_1_59' title='bbox 286 1100 532 1145; x_wconf 76' lang='lat' dir='ltr'><strong>sostomo</strong></span> <span class='ocrx_word' id='word_1_60' title='bbox 555 1100 829 1148; x_wconf 75' lang='lat' dir='ltr'><strong>auctorem</strong></span> <span class='ocrx_word' id='word_1_61' title='bbox 860 1103 1101 1163; x_wconf 77' lang='lat' dir='ltr'><strong>arguant.</strong></span> <span class='ocrx_word' id='word_1_62' title='bbox 1154 1092 1288 1147; x_wconf 83' lang='lat' dir='ltr'><strong>lline</strong></span> <span class='ocrx_word' id='word_1_63' title='bbox 1315 1107 1442 1147; x_wconf 86' lang='lat' dir='ltr'><strong>vero</strong></span> <span class='ocrx_word' id='word_1_64' title='bbox 1471 1093 1667 1147; x_wconf 91' lang='lat' dir='ltr'><strong>nullam</strong></span> <span class='ocrx_word' id='word_1_65' title='bbox 1703 1091 1879 1146; x_wconf 80' lang='lat' dir='ltr'><strong>achrri</strong></span> 
     </span>
    </p>
   </div>
   <div class='ocr_carea' id='block_1_10' title="bbox 286 1180 1879 1257">
    <p class='ocr_par' dir='ltr' id='par_1_10' title="bbox 286 1180 1879 1257">
     <span class='ocr_line' id='line_1_10' title="bbox 286 1180 1879 1257; baseline 0.001 -23"><span class='ocrx_word' id='word_1_66' title='bbox 286 1180 567 1237; x_wconf 74' lang='lat' dir='ltr'><strong>dubitandi</strong></span> <span class='ocrx_word' id='word_1_67' title='bbox 610 1197 825 1238; x_wconf 84' lang='lat' dir='ltr'><strong>causam</strong></span> <span class='ocrx_word' id='word_1_68' title='bbox 869 1184 1047 1238; x_wconf 87' lang='lat' dir='ltr'><strong>statim</strong></span> <span class='ocrx_word' id='word_1_69' title='bbox 1091 1183 1333 1257; x_wconf 83' lang='lat' dir='ltr'><strong>advertet</strong></span> <span class='ocrx_word' id='word_1_70' title='bbox 1378 1184 1616 1253; x_wconf 84' lang='lat' dir='ltr'><strong>quisquis</strong></span> <span class='ocrx_word' id='word_1_71' title='bbox 1668 1181 1879 1237; x_wconf 88' lang='lat' dir='ltr'><strong>lectioni</strong></span> 
     </span>
    </p>
   </div>
   <div class='ocr_carea' id='block_1_11' title="bbox 287 1273 1880 1346">
    <p class='ocr_par' dir='ltr' id='par_1_11' title="bbox 287 1273 1880 1346">
     <span class='ocr_line' id='line_1_11' title="bbox 287 1273 1880 1346; baseline 0.001 -21"><span class='ocrx_word' id='word_1_72' title='bbox 287 1273 663 1346; x_wconf 74' lang='lat' dir='ltr'><strong>Chrysostomi</strong></span> <span class='ocrx_word' id='word_1_73' title='bbox 705 1284 952 1332; x_wconf 87' lang='lat' dir='ltr'><strong>assuetus</strong></span> <span class='ocrx_word' id='word_1_74' title='bbox 997 1288 1312 1346; x_wconf 87' lang='lat' dir='ltr'><strong>perpetuam</strong></span> <span class='ocrx_word' id='word_1_75' title='bbox 1360 1275 1479 1345; x_wconf 82' lang='lat' dir='ltr'><strong>ejus</strong></span> <span class='ocrx_word' id='word_1_76' title='bbox 1519 1276 1571 1330; x_wconf 92' lang='lat' dir='ltr'><strong>in</strong></span> <span class='ocrx_word' id='word_1_77' title='bbox 1619 1290 1880 1329; x_wconf 87' lang='lat' dir='ltr'><strong>annorum</strong></span> 
     </span>
    </p>
   </div>
   <div class='ocr_carea' id='block_1_12' title="bbox 288 1366 1885 1438">
    <p class='ocr_par' dir='ltr' id='par_1_12' title="bbox 288 1366 1885 1438">
     <span class='ocr_line' id='line_1_12' title="bbox 288 1366 1885 1438; baseline 0.001 -18"><span class='ocrx_word' id='word_1_78' title='bbox 288 1367 513 1422; x_wconf 84' lang='lat' dir='ltr'><strong>calculis</strong></span> <span class='ocrx_word' id='word_1_79' title='bbox 542 1367 919 1438; x_wconf 79' lang='lat' dir='ltr'><strong>negligentiam</strong></span> <span class='ocrx_word' id='word_1_80' title='bbox 948 1368 1333 1423; x_wconf 89' lang='lat' dir='ltr'><strong>observaverit.</strong></span> <span class='ocrx_word' id='word_1_81' title='bbox 1360 1367 1449 1423; x_wconf 86' lang='lat' dir='ltr'><strong>Sic</strong></span> <span class='ocrx_word' id='word_1_82' title='bbox 1477 1382 1580 1421; x_wconf 90' lang='lat' dir='ltr'><strong>non</strong></span> <span class='ocrx_word' id='word_1_83' title='bbox 1603 1368 1764 1421; x_wconf 85' lang='lat' dir='ltr'><strong>semel</strong></span> <span class='ocrx_word' id='word_1_84' title='bbox 1795 1366 1885 1421; x_wconf 78' lang='lat' dir='ltr'><strong>ille</strong></span> 
     </span>
    </p>
   </div>
   <div class='ocr_carea' id='block_1_13' title="bbox 291 1458 1886 1529">
    <p class='ocr_par' dir='ltr' id='par_1_13' title="bbox 291 1458 1886 1529">
     <span class='ocr_line' id='line_1_13' title="bbox 291 1458 1886 1529; baseline -0.001 -19"><span class='ocrx_word' id='word_1_85' title='bbox 291 1472 461 1513; x_wconf 89' lang='lat' dir='ltr'><strong>annos</strong></span> <span class='ocrx_word' id='word_1_86' title='bbox 492 1458 819 1529; x_wconf 77' lang='lat' dir='ltr'><strong>quingentos</strong></span> <span class='ocrx_word' id='word_1_87' title='bbox 858 1470 1137 1514; x_wconf 86' lang='lat' dir='ltr'><strong>enumerat</strong></span> <span class='ocrx_word' id='word_1_88' title='bbox 1162 1474 1191 1513; x_wconf 88' lang='lat' dir='ltr'><strong>a</strong></span> <span class='ocrx_word' id='word_1_89' title='bbox 1221 1470 1488 1529; x_wconf 82' lang='lat' dir='ltr'><strong>pestrcma</strong></span> <span class='ocrx_word' id='word_1_90' title='bbox 1523 1459 1703 1525; x_wconf 79' lang='lat' dir='ltr'><strong>templi</strong></span> <span class='ocrx_word' id='word_1_91' title='bbox 1732 1458 1886 1511; x_wconf 83' lang='lat' dir='ltr'><strong>Jero-</strong></span> 
     </span>
    </p>
   </div>
   <div class='ocr_carea' id='block_1_14' title="bbox 290 1548 1880 1619">
    <p class='ocr_par' dir='ltr' id='par_1_14' title="bbox 290 1548 1880 1619">
     <span class='ocr_line' id='line_1_14' title="bbox 290 1548 1880 1619; baseline -0.001 -17"><span class='ocrx_word' id='word_1_92' title='bbox 290 1548 600 1619; x_wconf 75' lang='lat' dir='ltr'><strong>solyntitani</strong></span> <span class='ocrx_word' id='word_1_93' title='bbox 642 1550 1034 1615; x_wconf 78' lang='lat' dir='ltr'><strong>destructione,</strong></span> <span class='ocrx_word' id='word_1_94' title='bbox 1076 1566 1195 1619; x_wconf 77' lang='lat' dir='ltr'><strong>qua:</strong></span> <span class='ocrx_word' id='word_1_95' title='bbox 1237 1549 1438 1618; x_wconf 79' lang='lat' dir='ltr'><strong>aliquot</strong></span> <span class='ocrx_word' id='word_1_96' title='bbox 1465 1548 1620 1602; x_wconf 87' lang='lat' dir='ltr'><strong>annis</strong></span> <span class='ocrx_word' id='word_1_97' title='bbox 1656 1559 1880 1601; x_wconf 88' lang='lat' dir='ltr'><strong>mortem</strong></span> 
     </span>
    </p>
   </div>
   <div class='ocr_carea' id='block_1_15' title="bbox 291 1621 1880 1710">
    <p class='ocr_par' dir='ltr' id='par_1_15' title="bbox 291 1621 1880 1710">
     <span class='ocr_line' id='line_1_15' title="bbox 291 1621 1880 1710; baseline -0.003 -17"><span class='ocrx_word' id='word_1_98' title='bbox 291 1640 440 1693; x_wconf 79' lang='lat' dir='ltr'><strong>l’auli</strong></span> <span class='ocrx_word' id='word_1_99' title='bbox 464 1641 788 1710; x_wconf 86' lang='lat' dir='ltr'><strong>subseqnuta</strong></span> <span class='ocrx_word' id='word_1_100' title='bbox 812 1651 911 1695; x_wconf 88' lang='lat' dir='ltr'><strong>cst.</strong></span> <span class='ocrx_word' id='word_1_101' title='bbox 939 1640 1027 1695; x_wconf 88' lang='lat' dir='ltr'><strong>Sic</strong></span> <span class='ocrx_word' id='word_1_102' title='bbox 1049 1621 1244 1695; x_wconf 68' lang='lat' dir='ltr'><strong>etalibi</strong></span> <span class='ocrx_word' id='word_1_103' title='bbox 1270 1639 1464 1708; x_wconf 90' lang='lat' dir='ltr'><strong>passim</strong></span> <span class='ocrx_word' id='word_1_104' title='bbox 1484 1640 1880 1704; x_wconf 67' lang='lat' dir='ltr'><strong>auachronismt,</strong></span> 
     </span>
    </p>
   </div>
   <div class='ocr_carea' id='block_1_16' title="bbox 278 1729 1884 1801">
    <p class='ocr_par' dir='ltr' id='par_1_16' title="bbox 278 1729 1884 1801">
     <span class='ocr_line' id='line_1_16' title="bbox 278 1729 1884 1801; baseline 0.002 -19"><span class='ocrx_word' id='word_1_105' title='bbox 278 1729 344 1784; x_wconf 84' lang='lat' dir='ltr'><strong>in</strong></span> <span class='ocrx_word' id='word_1_106' title='bbox 365 1730 630 1799; x_wconf 85' lang='lat' dir='ltr'><strong>scriptore</strong></span> <span class='ocrx_word' id='word_1_107' title='bbox 651 1746 845 1800; x_wconf 84' lang='lat' dir='ltr'><strong>nempe</strong></span> <span class='ocrx_word' id='word_1_108' title='bbox 860 1740 1155 1801; x_wconf 75' lang='lat' dir='ltr'><strong>temporum</strong></span> <span class='ocrx_word' id='word_1_109' title='bbox 1178 1731 1437 1786; x_wconf 90' lang='lat' dir='ltr'><strong>rationem</strong></span> <span class='ocrx_word' id='word_1_110' title='bbox 1462 1745 1643 1800; x_wconf 90' lang='lat' dir='ltr'><strong>parum</strong></span> <span class='ocrx_word' id='word_1_111' title='bbox 1664 1740 1884 1785; x_wconf 51' lang='lat' dir='ltr'><strong>curante.</strong></span> 
     </span>
    </p>
   </div>
   <div class='ocr_carea' id='block_1_17' title="bbox 291 1819 794 1890">
    <p class='ocr_par' dir='ltr' id='par_1_17' title="bbox 291 1819 794 1890">
     <span class='ocr_line' id='line_1_17' title="bbox 291 1819 794 1890; baseline 0.004 -19"><span class='ocrx_word' id='word_1_112' title='bbox 291 1819 794 1890; x_wconf 77' lang='lat' dir='ltr'><strong>deprehenduntur.</strong></span> 
     </span>
    </p>
   </div>
   <div class='ocr_carea' id='block_1_18' title="bbox 362 1908 1879 1981">
    <p class='ocr_par' dir='ltr' id='par_1_18' title="bbox 362 1908 1879 1981">
     <span class='ocr_line' id='line_1_18' title="bbox 362 1908 1879 1981; baseline -0.003 -16"><span class='ocrx_word' id='word_1_113' title='bbox 362 1911 831 1981; x_wconf 75' lang='lat' dir='ltr'><strong>Elegantissitnam</strong></span> <span class='ocrx_word' id='word_1_114' title='bbox 859 1912 1170 1968; x_wconf 85' lang='lat' dir='ltr'><strong>concionem</strong></span> <span class='ocrx_word' id='word_1_115' title='bbox 1206 1909 1291 1980; x_wconf 83' lang='lat' dir='ltr'><strong>(T.</strong></span> <span class='ocrx_word' id='word_1_116' title='bbox 1325 1911 1379 1966; x_wconf 81' lang='grc'><strong>5.</strong></span> <span class='ocrx_word' id='word_1_117' title='bbox 1419 1924 1469 1964; x_wconf 85' lang='lat' dir='ltr'><strong>c.</strong></span> <span class='ocrx_word' id='word_1_118' title='bbox 1498 1910 1647 1975; x_wconf 74' lang='grc'><strong>547),</strong></span> <span class='ocrx_word' id='word_1_119' title='bbox 1680 1912 1741 1963; x_wconf 85' lang='lat' dir='ltr'><strong>de</strong></span> <span class='ocrx_word' id='word_1_120' title='bbox 1771 1908 1879 1961; x_wconf 83' lang='lat' dir='ltr'><strong>Fu-</strong></span> 
     </span>
    </p>
   </div>
   <div class='ocr_carea' id='block_1_19' title="bbox 293 2001 1886 2073">
    <p class='ocr_par' dir='ltr' id='par_1_19' title="bbox 293 2001 1886 2073">
     <span class='ocr_line' id='line_1_19' title="bbox 293 2001 1886 2073; baseline 0.003 -21"><span class='ocrx_word' id='word_1_121' title='bbox 293 2012 525 2054; x_wconf 86' lang='lat' dir='ltr'><strong>turorum</strong></span> <span class='ocrx_word' id='word_1_122' title='bbox 567 2001 779 2065; x_wconf 75' lang='lat' dir='ltr'><strong>deliciis,</strong></span> <span class='ocrx_word' id='word_1_123' title='bbox 826 2011 932 2072; x_wconf 72' lang='lat' dir='ltr'><strong>etc.</strong></span> <span class='ocrx_word' id='word_1_124' title='bbox 956 2044 971 2067; x_wconf 90' lang='lat'><strong>,</strong></span> <span class='ocrx_word' id='word_1_125' title='bbox 1022 2002 1205 2057; x_wconf 86' lang='lat' dir='ltr'><strong>habuit</strong></span> <span class='ocrx_word' id='word_1_126' title='bbox 1246 2001 1660 2073; x_wconf 81' lang='lat' dir='ltr'><strong>Chrysostontns</strong></span> <span class='ocrx_word' id='word_1_127' title='bbox 1700 2002 1886 2056; x_wconf 80' lang='lat' dir='ltr'><strong>Antio-</strong></span> 
     </span>
    </p>
   </div>
   <div class='ocr_carea' id='block_1_20' title="bbox 290 2076 1881 2163">
    <p class='ocr_par' dir='ltr' id='par_1_20' title="bbox 290 2076 1881 2163">
     <span class='ocr_line' id='line_1_20' title="bbox 290 2076 1881 2163; baseline 0.003 -21"><span class='ocrx_word' id='word_1_128' title='bbox 290 2093 425 2146; x_wconf 67' lang='lat' dir='ltr'><strong>t‘ltiu:</strong></span> <span class='ocrx_word' id='word_1_129' title='bbox 446 2135 461 2157; x_wconf 90' lang='lat'><strong>,</strong></span> <span class='ocrx_word' id='word_1_130' title='bbox 492 2103 550 2147; x_wconf 91' lang='lat' dir='ltr'><strong>ut</strong></span> <span class='ocrx_word' id='word_1_131' title='bbox 577 2076 820 2163; x_wconf 76' lang='lat' dir='ltr'><strong>arguitur</strong></span> <span class='ocrx_word' id='word_1_132' title='bbox 844 2110 906 2147; x_wconf 74' lang='lat' dir='ltr'><strong>es</strong></span> <span class='ocrx_word' id='word_1_133' title='bbox 938 2094 1003 2148; x_wconf 87' lang='lat' dir='ltr'><strong>iis</strong></span> <span class='ocrx_word' id='word_1_134' title='bbox 1025 2135 1041 2160; x_wconf 91' lang='lat'><strong>,</strong></span> <span class='ocrx_word' id='word_1_135' title='bbox 1066 2110 1185 2162; x_wconf 78' lang='lat' dir='ltr'><strong>qua:</strong></span> <span class='ocrx_word' id='word_1_136' title='bbox 1226 2094 1327 2148; x_wconf 90' lang='lat' dir='ltr'><strong>sub</strong></span> <span class='ocrx_word' id='word_1_137' title='bbox 1352 2094 1558 2147; x_wconf 83' lang='lat' dir='ltr'><strong>initium</strong></span> <span class='ocrx_word' id='word_1_138' title='bbox 1607 2094 1881 2157; x_wconf 84' lang='lat' dir='ltr'><strong>dicuntur,</strong></span> 
     </span>
    </p>
   </div>
   <div class='ocr_carea' id='block_1_21' title="bbox 292 2165 1883 2256">
    <p class='ocr_par' dir='ltr' id='par_1_21' title="bbox 292 2165 1883 2256">
     <span class='ocr_line' id='line_1_21' title="bbox 292 2165 1883 2256; baseline 0.001 -22"><span class='ocrx_word' id='word_1_139' title='bbox 292 2198 485 2253; x_wconf 89' lang='lat' dir='ltr'><strong>netnpe</strong></span> <span class='ocrx_word' id='word_1_140' title='bbox 507 2184 572 2236; x_wconf 89' lang='lat' dir='ltr'><strong>ad</strong></span> <span class='ocrx_word' id='word_1_141' title='bbox 605 2185 745 2237; x_wconf 90' lang='lat' dir='ltr'><strong>hunc</strong></span> <span class='ocrx_word' id='word_1_142' title='bbox 773 2197 1070 2256; x_wconf 81' lang='lat' dir='ltr'><strong>martyrum</strong></span> <span class='ocrx_word' id='word_1_143' title='bbox 1095 2184 1266 2238; x_wconf 79' lang='lat' dir='ltr'><strong>locum</strong></span> <span class='ocrx_word' id='word_1_144' title='bbox 1296 2184 1545 2255; x_wconf 83' lang='lat' dir='ltr'><strong>pepulum</strong></span> <span class='ocrx_word' id='word_1_145' title='bbox 1574 2165 1883 2237; x_wconf 70' lang='lat' dir='ltr'><strong>veittétasse.</strong></span> 
     </span>
    </p>
   </div>
   <div class='ocr_carea' id='block_1_22' title="bbox 292 2275 1884 2347">
    <p class='ocr_par' dir='ltr' id='par_1_22' title="bbox 292 2275 1884 2347">
     <span class='ocr_line' id='line_1_22' title="bbox 292 2275 1884 2347; baseline -0.002 -17"><span class='ocrx_word' id='word_1_146' title='bbox 292 2276 457 2331; x_wconf 76' lang='lat' dir='ltr'><strong>Extra</strong></span> <span class='ocrx_word' id='word_1_147' title='bbox 486 2275 672 2331; x_wconf 86' lang='lat' dir='ltr'><strong>urbem</strong></span> <span class='ocrx_word' id='word_1_148' title='bbox 717 2292 913 2347; x_wconf 83' lang='lat' dir='ltr'><strong>nempe</strong></span> <span class='ocrx_word' id='word_1_149' title='bbox 937 2287 1053 2342; x_wconf 80' lang='lat' dir='ltr'><strong>erat</strong></span> <span class='ocrx_word' id='word_1_150' title='bbox 1078 2277 1303 2332; x_wconf 88' lang='lat' dir='ltr'><strong>ecclesia</strong></span> <span class='ocrx_word' id='word_1_151' title='bbox 1349 2286 1566 2346; x_wconf 80' lang='lat' dir='ltr'><strong>propter</strong></span> <span class='ocrx_word' id='word_1_152' title='bbox 1593 2286 1884 2345; x_wconf 76' lang='lat' dir='ltr'><strong>martyrum</strong></span> 
     </span>
    </p>
   </div>
   <div class='ocr_carea' id='block_1_23' title="bbox 291 2368 1886 2441">
    <p class='ocr_par' dir='ltr' id='par_1_23' title="bbox 291 2368 1886 2441">
     <span class='ocr_line' id='line_1_23' title="bbox 291 2368 1886 2441; baseline -0.001 -19"><span class='ocrx_word' id='word_1_153' title='bbox 291 2368 566 2441; x_wconf 70' lang='lat' dir='ltr'><strong>Reliquias</strong></span> <span class='ocrx_word' id='word_1_154' title='bbox 605 2368 971 2439; x_wconf 76' lang='lat' dir='ltr'><strong>frequentata,</strong></span> <span class='ocrx_word' id='word_1_155' title='bbox 1005 2384 1109 2440; x_wconf 89' lang='lat' dir='ltr'><strong>quo</strong></span> <span class='ocrx_word' id='word_1_156' title='bbox 1138 2369 1425 2439; x_wconf 78' lang='lat' dir='ltr'><strong>pergebant</strong></span> <span class='ocrx_word' id='word_1_157' title='bbox 1469 2369 1645 2438; x_wconf 79' lang='lat' dir='ltr'><strong>populi</strong></span> <span class='ocrx_word' id='word_1_158' title='bbox 1678 2369 1886 2436; x_wconf 81' lang='lat' dir='ltr'><strong>pietatis</strong></span> 
     </span>
    </p>
   </div>
   <div class='ocr_carea' id='block_1_24' title="bbox 290 2450 1885 2532">
    <p class='ocr_par' dir='ltr' id='par_1_24' title="bbox 290 2450 1885 2532">
     <span class='ocr_line' id='line_1_24' title="bbox 290 2450 1885 2532; baseline -0.001 -18"><span class='ocrx_word' id='word_1_159' title='bbox 290 2476 474 2523; x_wconf 85' lang='lat' dir='ltr'><strong>causa,</strong></span> <span class='ocrx_word' id='word_1_160' title='bbox 502 2471 557 2516; x_wconf 90' lang='lat' dir='ltr'><strong>et</strong></span> <span class='ocrx_word' id='word_1_161' title='bbox 579 2462 667 2515; x_wconf 86' lang='lat' dir='ltr'><strong>ubi</strong></span> <span class='ocrx_word' id='word_1_162' title='bbox 694 2460 1000 2532; x_wconf 80' lang='lat' dir='ltr'><strong>frequenter</strong></span> <span class='ocrx_word' id='word_1_163' title='bbox 1018 2461 1305 2516; x_wconf 82' lang='lat' dir='ltr'><strong>conciones</strong></span> <span class='ocrx_word' id='word_1_164' title='bbox 1326 2450 1677 2524; x_wconf 87' lang='lat' dir='ltr'><strong>habebantur,</strong></span> <span class='ocrx_word' id='word_1_165' title='bbox 1705 2469 1759 2513; x_wconf 90' lang='lat' dir='ltr'><strong>ut</strong></span> <span class='ocrx_word' id='word_1_166' title='bbox 1776 2460 1885 2527; x_wconf 78' lang='lat' dir='ltr'><strong>jam</strong></span> 
     </span>
    </p>
   </div>
   <div class='ocr_carea' id='block_1_25' title="bbox 290 2550 1885 2620">
    <p class='ocr_par' dir='ltr' id='par_1_25' title="bbox 290 2550 1885 2620">
     <span class='ocr_line' id='line_1_25' title="bbox 290 2550 1885 2620; baseline -0.001 -15"><span class='ocrx_word' id='word_1_167' title='bbox 290 2568 397 2605; x_wconf 91' lang='lat' dir='ltr'><strong>non</strong></span> <span class='ocrx_word' id='word_1_168' title='bbox 444 2552 615 2608; x_wconf 79' lang='lat' dir='ltr'><strong>semel</strong></span> <span class='ocrx_word' id='word_1_169' title='bbox 657 2553 907 2607; x_wconf 87' lang='lat' dir='ltr'><strong>vidimus.</strong></span> <span class='ocrx_word' id='word_1_170' title='bbox 939 2552 1057 2620; x_wconf 82' lang='lat' dir='ltr'><strong>Quo</strong></span> <span class='ocrx_word' id='word_1_171' title='bbox 1108 2559 1287 2606; x_wconf 81' lang='lat' dir='ltr'><strong>autem</strong></span> <span class='ocrx_word' id='word_1_172' title='bbox 1334 2566 1478 2605; x_wconf 89' lang='lat' dir='ltr'><strong>anno</strong></span> <span class='ocrx_word' id='word_1_173' title='bbox 1524 2550 1662 2606; x_wconf 81' lang='lat' dir='ltr'><strong>dicta</strong></span> <span class='ocrx_word' id='word_1_174' title='bbox 1710 2552 1780 2603; x_wconf 88' lang='lat' dir='ltr'><strong>sit</strong></span> <span class='ocrx_word' id='word_1_175' title='bbox 1819 2566 1885 2603; x_wconf 82' lang='lat' dir='ltr'><strong>ex</strong></span> 
     </span>
    </p>
   </div>
   <div class='ocr_carea' id='block_1_26' title="bbox 289 2644 1164 2713">
    <p class='ocr_par' dir='ltr' id='par_1_26' title="bbox 289 2644 1164 2713">
     <span class='ocr_line' id='line_1_26' title="bbox 289 2644 1164 2713; baseline -0.002 -16"><span class='ocrx_word' id='word_1_176' title='bbox 289 2644 435 2698; x_wconf 80' lang='lat' dir='ltr'><strong>nulla</strong></span> <span class='ocrx_word' id='word_1_177' title='bbox 466 2652 592 2697; x_wconf 87' lang='lat' dir='ltr'><strong>nota</strong></span> <span class='ocrx_word' id='word_1_178' title='bbox 618 2644 829 2713; x_wconf 76' lang='lat' dir='ltr'><strong>assequi</strong></span> <span class='ocrx_word' id='word_1_179' title='bbox 861 2657 1164 2712; x_wconf 85' lang='lat' dir='ltr'><strong>possumus.</strong></span> 
     </span>
    </p>
   </div>
   <div class='ocr_carea' id='block_1_27' title="bbox 360 2729 1886 2805">
    <p class='ocr_par' dir='ltr' id='par_1_27' title="bbox 360 2729 1886 2805">
     <span class='ocr_line' id='line_1_27' title="bbox 360 2729 1886 2805; baseline -0.004 -16"><span class='ocrx_word' id='word_1_180' title='bbox 360 2735 824 2789; x_wconf 77' lang='lat' dir='ltr'><strong>Commentariunt</strong></span> <span class='ocrx_word' id='word_1_181' title='bbox 878 2732 980 2803; x_wconf 85' lang='lat' dir='ltr'><strong>(T.</strong></span> <span class='ocrx_word' id='word_1_182' title='bbox 1028 2736 1103 2805; x_wconf 84' lang='lat'><strong>5)</strong></span> <span class='ocrx_word' id='word_1_183' title='bbox 1151 2732 1505 2802; x_wconf 88' lang='lat' dir='ltr'><strong>homiliasque</strong></span> <span class='ocrx_word' id='word_1_184' title='bbox 1550 2732 1602 2786; x_wconf 92' lang='lat' dir='ltr'><strong>in</strong></span> <span class='ocrx_word' id='word_1_185' title='bbox 1646 2729 1886 2785; x_wconf 80' lang='lat' dir='ltr'><strong>Psalmos</strong></span> 
     </span>
    </p>
   </div>
   <div class='ocr_carea' id='block_1_28' title="bbox 290 2813 1883 2906">
    <p class='ocr_par' dir='ltr' id='par_1_28' title="bbox 290 2813 1883 2906">
     <span class='ocr_line' id='line_1_28' title="bbox 290 2813 1883 2906; baseline -0.003 -24"><span class='ocrx_word' id='word_1_186' title='bbox 290 2824 595 2882; x_wconf 75' lang='lat' dir='ltr'><strong>Antiochia:</strong></span> <span class='ocrx_word' id='word_1_187' title='bbox 633 2813 878 2885; x_wconf 71' lang='lat' dir='ltr'><strong>wtisisse</strong></span> <span class='ocrx_word' id='word_1_188' title='bbox 916 2825 1356 2906; x_wconf 79' lang='lat' dir='ltr'><strong>Chrysostomum</strong></span> <span class='ocrx_word' id='word_1_189' title='bbox 1402 2832 1606 2879; x_wconf 88' lang='lat' dir='ltr'><strong>certum</strong></span> <span class='ocrx_word' id='word_1_190' title='bbox 1639 2823 1883 2877; x_wconf 88' lang='lat' dir='ltr'><strong>videtur:</strong></span> 
     </span>
    </p>
   </div>
   <div class='ocr_carea' id='block_1_29' title="bbox 289 2906 1885 2989">
    <p class='ocr_par' dir='ltr' id='par_1_29' title="bbox 289 2906 1885 2989">
     <span class='ocr_line' id='line_1_29' title="bbox 289 2906 1885 2989; baseline -0.003 -17"><span class='ocrx_word' id='word_1_191' title='bbox 289 2934 426 2988; x_wconf 71' lang='lat' dir='ltr'><strong>opus</strong></span> <span class='ocrx_word' id='word_1_192' title='bbox 471 2919 745 2989; x_wconf 75' lang='lat' dir='ltr'><strong>egregium</strong></span> <span class='ocrx_word' id='word_1_193' title='bbox 796 2928 853 2973; x_wconf 89' lang='lat' dir='ltr'><strong>et</strong></span> <span class='ocrx_word' id='word_1_194' title='bbox 898 2918 1040 2971; x_wconf 87' lang='lat' dir='ltr'><strong>inter</strong></span> <span class='ocrx_word' id='word_1_195' title='bbox 1086 2906 1525 2987; x_wconf 65' lang='lat' dir='ltr'><strong>pratstatitisima</strong></span> <span class='ocrx_word' id='word_1_196' title='bbox 1566 2914 1682 2985; x_wconf 87' lang='lat' dir='ltr'><strong>ejus</strong></span> <span class='ocrx_word' id='word_1_197' title='bbox 1725 2929 1885 2983; x_wconf 65' lang='lat' dir='ltr'><strong>opera</strong></span> 
     </span>
    </p>
   </div>
   <div class='ocr_carea' id='block_1_30' title="bbox 290 3005 1889 3079">
    <p class='ocr_par' dir='ltr' id='par_1_30' title="bbox 290 3005 1889 3079">
     <span class='ocr_line' id='line_1_30' title="bbox 290 3005 1889 3079; baseline -0.004 -16"><span class='ocrx_word' id='word_1_198' title='bbox 290 3011 740 3079; x_wconf 84' lang='lat' dir='ltr'><strong>computandum,</strong></span> <span class='ocrx_word' id='word_1_199' title='bbox 770 3019 827 3063; x_wconf 91' lang='lat' dir='ltr'><strong>ut</strong></span> <span class='ocrx_word' id='word_1_200' title='bbox 854 3010 1026 3064; x_wconf 87' lang='lat' dir='ltr'><strong>cuivis</strong></span> <span class='ocrx_word' id='word_1_201' title='bbox 1053 3009 1246 3077; x_wconf 81' lang='lat' dir='ltr'><strong>legenti</strong></span> <span class='ocrx_word' id='word_1_202' title='bbox 1275 3010 1447 3078; x_wconf 87' lang='lat' dir='ltr'><strong>palam</strong></span> <span class='ocrx_word' id='word_1_203' title='bbox 1474 3007 1597 3061; x_wconf 89' lang='lat' dir='ltr'><strong>erit.</strong></span> <span class='ocrx_word' id='word_1_204' title='bbox 1628 3005 1889 3073; x_wconf 87' lang='lat' dir='ltr'><strong>Opinatur</strong></span> 
     </span>
    </p>
   </div>
   <div class='ocr_carea' id='block_1_31' title="bbox 289 3095 1888 3167">
    <p class='ocr_par' dir='ltr' id='par_1_31' title="bbox 289 3095 1888 3167">
     <span class='ocr_line' id='line_1_31' title="bbox 289 3095 1888 3167; baseline -0.004 -10"><span class='ocrx_word' id='word_1_205' title='bbox 289 3101 697 3167; x_wconf 84' lang='lat' dir='ltr'><strong>Titlemontius,</strong></span> <span class='ocrx_word' id='word_1_206' title='bbox 754 3100 852 3155; x_wconf 89' lang='lat' dir='ltr'><strong>hos</strong></span> <span class='ocrx_word' id='word_1_207' title='bbox 894 3101 946 3154; x_wconf 93' lang='lat' dir='ltr'><strong>in</strong></span> <span class='ocrx_word' id='word_1_208' title='bbox 994 3099 1233 3155; x_wconf 80' lang='lat' dir='ltr'><strong>Psalmos</strong></span> <span class='ocrx_word' id='word_1_209' title='bbox 1280 3112 1560 3153; x_wconf 82' lang='lat' dir='ltr'><strong>sermones</strong></span> <span class='ocrx_word' id='word_1_210' title='bbox 1606 3095 1888 3165; x_wconf 55' lang='lat' dir='ltr'><strong>scripsisse</strong></span> 
     </span>
    </p>
   </div>
   <div class='ocr_carea' id='block_1_32' title="bbox 289 3179 1886 3263">
    <p class='ocr_par' dir='ltr' id='par_1_32' title="bbox 289 3179 1886 3263">
     <span class='ocr_line' id='line_1_32' title="bbox 289 3179 1886 3263; baseline -0.006 -16"><span class='ocrx_word' id='word_1_211' title='bbox 289 3192 768 3263; x_wconf 74' lang='lat' dir='ltr'><strong>Chrysostomum,</strong></span> <span class='ocrx_word' id='word_1_212' title='bbox 821 3205 919 3245; x_wconf 87' lang='lat' dir='ltr'><strong>nec</strong></span> <span class='ocrx_word' id='word_1_213' title='bbox 953 3179 1372 3245; x_wconf 81' lang='lat' dir='ltr'><strong>etmcionantcm</strong></span> <span class='ocrx_word' id='word_1_214' title='bbox 1422 3189 1476 3242; x_wconf 89' lang='lat' dir='ltr'><strong>in</strong></span> <span class='ocrx_word' id='word_1_215' title='bbox 1523 3196 1664 3242; x_wconf 64' lang='lat' dir='ltr'><strong>cortu</strong></span> <span class='ocrx_word' id='word_1_216' title='bbox 1706 3185 1886 3255; x_wconf 81' lang='lat' dir='ltr'><strong>populi</strong></span> 
     </span>
    </p>
   </div>
   <div class='ocr_carea' id='block_1_33' title="bbox 290 3276 1883 3358">
    <p class='ocr_par' dir='ltr' id='par_1_33' title="bbox 290 3276 1883 3358">
     <span class='ocr_line' id='line_1_33' title="bbox 290 3276 1883 3358; baseline -0.003 -24"><span class='ocrx_word' id='word_1_217' title='bbox 290 3283 597 3353; x_wconf 86' lang='lat' dir='ltr'><strong>protulisse.</strong></span> <span class='ocrx_word' id='word_1_218' title='bbox 632 3280 689 3336; x_wconf 86' lang='lat' dir='ltr'><strong>td</strong></span> <span class='ocrx_word' id='word_1_219' title='bbox 717 3296 873 3343; x_wconf 86' lang='lat' dir='ltr'><strong>vero,</strong></span> <span class='ocrx_word' id='word_1_220' title='bbox 902 3289 960 3334; x_wconf 94' lang='lat' dir='ltr'><strong>ut</strong></span> <span class='ocrx_word' id='word_1_221' title='bbox 985 3288 1069 3335; x_wconf 83' lang='lat' dir='ltr'><strong>est</strong></span> <span class='ocrx_word' id='word_1_222' title='bbox 1096 3281 1148 3333; x_wconf 93' lang='lat' dir='ltr'><strong>in</strong></span> <span class='ocrx_word' id='word_1_223' title='bbox 1181 3278 1383 3348; x_wconf 84' lang='lat' dir='ltr'><strong>judicio</strong></span> <span class='ocrx_word' id='word_1_224' title='bbox 1412 3276 1636 3358; x_wconf 80' lang='lat' dir='ltr'><strong>terendo</strong></span> <span class='ocrx_word' id='word_1_225' title='bbox 1660 3286 1847 3330; x_wconf 84' lang='lat' dir='ltr'><strong>cautus</strong></span> <span class='ocrx_word' id='word_1_226' title='bbox 1867 3316 1883 3340; x_wconf 89' lang='lat'><strong>,</strong></span> 
     </span>
    </p>
   </div>
   <div class='ocr_carea' id='block_1_34' title="bbox 288 3369 1883 3430">
    <p class='ocr_par' dir='ltr' id='par_1_34' title="bbox 288 3369 1883 3430">
     <span class='ocr_line' id='line_1_34' title="bbox 288 3369 1883 3430; baseline -0.006 -1"><span class='ocrx_word' id='word_1_227' title='bbox 288 3374 874 3430; x_wconf 65' lang='lat' dir='ltr'><strong>subdubitansuntum</strong></span> <span class='ocrx_word' id='word_1_228' title='bbox 917 3370 1180 3426; x_wconf 88' lang='lat' dir='ltr'><strong>enuntiat.</strong></span> <span class='ocrx_word' id='word_1_229' title='bbox 1210 3369 1335 3425; x_wconf 82' lang='lat' dir='ltr'><strong>Mihi</strong></span> <span class='ocrx_word' id='word_1_230' title='bbox 1375 3371 1501 3425; x_wconf 90' lang='lat' dir='ltr'><strong>vero</strong></span> <span class='ocrx_word' id='word_1_231' title='bbox 1529 3382 1684 3423; x_wconf 87' lang='lat' dir='ltr'><strong>secus</strong></span> <span class='ocrx_word' id='word_1_232' title='bbox 1713 3369 1883 3421; x_wconf 87' lang='lat' dir='ltr'><strong>visum</strong></span> 
     </span>
    </p>
   </div>
   <div class='ocr_carea' id='block_1_35' title="bbox 287 3458 1888 3533">
    <p class='ocr_par' dir='ltr' id='par_1_35' title="bbox 287 3458 1888 3533">
     <span class='ocr_line' id='line_1_35' title="bbox 287 3458 1888 3533; baseline -0.007 -13"><span class='ocrx_word' id='word_1_233' title='bbox 287 3476 388 3520; x_wconf 82' lang='lat' dir='ltr'><strong>est.</strong></span> <span class='ocrx_word' id='word_1_234' title='bbox 421 3465 479 3521; x_wconf 86' lang='lat' dir='ltr'><strong>In</strong></span> <span class='ocrx_word' id='word_1_235' title='bbox 508 3464 593 3528; x_wconf 74' lang='lat' dir='ltr'><strong>itis</strong></span> <span class='ocrx_word' id='word_1_236' title='bbox 622 3464 765 3518; x_wconf 87' lang='lat' dir='ltr'><strong>enim</strong></span> <span class='ocrx_word' id='word_1_237' title='bbox 794 3462 1131 3518; x_wconf 81' lang='lat' dir='ltr'><strong>sermonibus</strong></span> <span class='ocrx_word' id='word_1_238' title='bbox 1158 3462 1352 3533; x_wconf 81' lang='lat' dir='ltr'><strong>paSsint</strong></span> <span class='ocrx_word' id='word_1_239' title='bbox 1383 3461 1633 3530; x_wconf 88' lang='lat' dir='ltr'><strong>populum</strong></span> <span class='ocrx_word' id='word_1_240' title='bbox 1663 3458 1888 3528; x_wconf 87' lang='lat' dir='ltr'><strong>alloqui—</strong></span> 
     </span>
    </p>
   </div>
   <div class='ocr_carea' id='block_1_36' title="bbox 290 3554 1885 3628">
    <p class='ocr_par' dir='ltr' id='par_1_36' title="bbox 290 3554 1885 3628">
     <span class='ocr_line' id='line_1_36' title="bbox 290 3554 1885 3628; baseline -0.005 -16"><span class='ocrx_word' id='word_1_241' title='bbox 290 3570 395 3624; x_wconf 91' lang='lat' dir='ltr'><strong>tur,</strong></span> <span class='ocrx_word' id='word_1_242' title='bbox 426 3558 659 3628; x_wconf 87' lang='lat' dir='ltr'><strong>taliaque</strong></span> <span class='ocrx_word' id='word_1_243' title='bbox 684 3558 923 3612; x_wconf 88' lang='lat' dir='ltr'><strong>enuntiat</strong></span> <span class='ocrx_word' id='word_1_244' title='bbox 942 3597 959 3623; x_wconf 92' lang='lat'><strong>,</strong></span> <span class='ocrx_word' id='word_1_245' title='bbox 999 3571 1118 3627; x_wconf 83' lang='lat' dir='ltr'><strong>qua:</strong></span> <span class='ocrx_word' id='word_1_246' title='bbox 1141 3554 1476 3610; x_wconf 84' lang='lat' dir='ltr'><strong>eoncionanti</strong></span> <span class='ocrx_word' id='word_1_247' title='bbox 1508 3560 1711 3607; x_wconf 89' lang='lat' dir='ltr'><strong>tantum</strong></span> <span class='ocrx_word' id='word_1_248' title='bbox 1730 3566 1885 3605; x_wconf 85' lang='lat' dir='ltr'><strong>.eom-</strong></span> 
     </span>
    </p>
   </div>
   <div class='ocr_carea' id='block_1_37' title="bbox 288 3642 1883 3721">
    <p class='ocr_par' dir='ltr' id='par_1_37' title="bbox 288 3642 1883 3721">
     <span class='ocr_line' id='line_1_37' title="bbox 288 3642 1883 3721; baseline -0.008 -15"><span class='ocrx_word' id='word_1_249' title='bbox 288 3660 475 3721; x_wconf 81' lang='lat' dir='ltr'><strong>petere</strong></span> <span class='ocrx_word' id='word_1_250' title='bbox 501 3648 742 3719; x_wconf 83' lang='lat' dir='ltr'><strong>possint,</strong></span> <span class='ocrx_word' id='word_1_251' title='bbox 794 3657 851 3702; x_wconf 91' lang='lat' dir='ltr'><strong>ut</strong></span> <span class='ocrx_word' id='word_1_252' title='bbox 881 3646 1068 3719; x_wconf 51' lang='lat' dir='ltr'><strong>,videas</strong></span> <span class='ocrx_word' id='word_1_253' title='bbox 1108 3646 1161 3701; x_wconf 92' lang='lat' dir='ltr'><strong>in</strong></span> <span class='ocrx_word' id='word_1_254' title='bbox 1208 3645 1524 3708; x_wconf 66' lang='grc' dir='ltr'><strong>ΡΓεΙέΓίΙιίΟΙΙΒ</strong></span> <span class='ocrx_word' id='word_1_255' title='bbox 1551 3643 1619 3697; x_wconf 88' lang='lat' dir='ltr'><strong>ad</strong></span> <span class='ocrx_word' id='word_1_256' title='bbox 1658 3642 1883 3697; x_wconf 83' lang='lat' dir='ltr'><strong>Tomum</strong></span> 
     </span>
    </p>
   </div>
   <div class='ocr_carea' id='block_1_38' title="bbox 289 3731 1884 3815">
    <p class='ocr_par' dir='ltr' id='par_1_38' title="bbox 289 3731 1884 3815">
     <span class='ocr_line' id='line_1_38' title="bbox 289 3731 1884 3815; baseline -0.005 -18"><span class='ocrx_word' id='word_1_257' title='bbox 289 3745 559 3815; x_wconf 85' lang='lat' dir='ltr'><strong>quintum.</strong></span> <span class='ocrx_word' id='word_1_258' title='bbox 588 3742 668 3796; x_wconf 83' lang='lat' dir='ltr'><strong>Ad</strong></span> <span class='ocrx_word' id='word_1_259' title='bbox 696 3756 906 3797; x_wconf 87' lang='lat' dir='ltr'><strong>morum</strong></span> <span class='ocrx_word' id='word_1_260' title='bbox 936 3731 1272 3809; x_wconf 83' lang='lat' dir='ltr'><strong>disciplinam</strong></span> <span class='ocrx_word' id='word_1_261' title='bbox 1299 3738 1353 3792; x_wconf 89' lang='lat' dir='ltr'><strong>hi</strong></span> <span class='ocrx_word' id='word_1_262' title='bbox 1381 3735 1752 3791; x_wconf 89' lang='lat' dir='ltr'><strong>commentarii</strong></span> <span class='ocrx_word' id='word_1_263' title='bbox 1784 3734 1884 3789; x_wconf 82' lang='lat' dir='ltr'><strong>ad-</strong></span> 
     </span>
    </p>
   </div>
   <div class='ocr_carea' id='block_1_39' title="bbox 289 3827 1885 3903">
    <p class='ocr_par' dir='ltr' id='par_1_39' title="bbox 289 3827 1885 3903">
     <span class='ocr_line' id='line_1_39' title="bbox 289 3827 1885 3903; baseline -0.006 -14"><span class='ocrx_word' id='word_1_264' title='bbox 289 3836 509 3889; x_wconf 84' lang='lat' dir='ltr'><strong>modum</strong></span> <span class='ocrx_word' id='word_1_265' title='bbox 535 3832 825 3903; x_wconf 86' lang='lat' dir='ltr'><strong>opportuni</strong></span> <span class='ocrx_word' id='word_1_266' title='bbox 869 3829 1033 3886; x_wconf 81' lang='lat' dir='ltr'><strong>sunt:</strong></span> <span class='ocrx_word' id='word_1_267' title='bbox 1065 3830 1270 3885; x_wconf 88' lang='lat' dir='ltr'><strong>nullum</strong></span> <span class='ocrx_word' id='word_1_268' title='bbox 1320 3827 1526 3883; x_wconf 82' lang='lat' dir='ltr'><strong>etltices</strong></span> <span class='ocrx_word' id='word_1_269' title='bbox 1558 3838 1885 3897; x_wconf 71' lang='lat' dir='ltr'><strong>prazceptum</strong></span> 
     </span>
    </p>
   </div>
   <div class='ocr_carea' id='block_1_40' title="bbox 290 3917 1883 3991">
    <p class='ocr_par' dir='ltr' id='par_1_40' title="bbox 290 3917 1883 3991">
     <span class='ocr_line' id='line_1_40' title="bbox 290 3917 1883 3991; baseline -0.006 -10"><span class='ocrx_word' id='word_1_270' title='bbox 290 3927 373 3983; x_wconf 82' lang='lat' dir='ltr'><strong>hic</strong></span> <span class='ocrx_word' id='word_1_271' title='bbox 418 3941 529 3981; x_wconf 90' lang='lat' dir='ltr'><strong>non</strong></span> <span class='ocrx_word' id='word_1_272' title='bbox 583 3923 845 3980; x_wconf 73' lang='lat' dir='ltr'><strong>oﬁ‘endas.</strong></span> <span class='ocrx_word' id='word_1_273' title='bbox 878 3922 1174 3978; x_wconf 83' lang='lat' dir='ltr'><strong>Occasione</strong></span> <span class='ocrx_word' id='word_1_274' title='bbox 1202 3928 1412 3991; x_wconf 86' lang='lat' dir='ltr'><strong>sumpta</strong></span> <span class='ocrx_word' id='word_1_275' title='bbox 1455 3934 1519 3973; x_wconf 76' lang='lat' dir='ltr'><strong>ex</strong></span> <span class='ocrx_word' id='word_1_276' title='bbox 1549 3917 1883 3973; x_wconf 80' lang='lat' dir='ltr'><strong>Psaltnorum</strong></span> 
     </span>
    </p>
   </div>
   <div class='ocr_carea' id='block_1_41' title="bbox 288 4008 1877 4089">
    <p class='ocr_par' dir='ltr' id='par_1_41' title="bbox 288 4008 1877 4089">
     <span class='ocr_line' id='line_1_41' title="bbox 288 4008 1877 4089; baseline -0.006 -17"><span class='ocrx_word' id='word_1_277' title='bbox 288 4017 621 4089; x_wconf 78' lang='lat' dir='ltr'><strong>argumentis</strong></span> <span class='ocrx_word' id='word_1_278' title='bbox 641 4058 657 4083; x_wconf 92' lang='lat'><strong>,</strong></span> <span class='ocrx_word' id='word_1_279' title='bbox 684 4030 845 4073; x_wconf 87' lang='lat' dir='ltr'><strong>omne</strong></span> <span class='ocrx_word' id='word_1_280' title='bbox 864 4016 1117 4070; x_wconf 87' lang='lat' dir='ltr'><strong>virtutum</strong></span> <span class='ocrx_word' id='word_1_281' title='bbox 1146 4027 1313 4084; x_wconf 77' lang='lat' dir='ltr'><strong>genus</strong></span> <span class='ocrx_word' id='word_1_282' title='bbox 1340 4011 1426 4065; x_wconf 93' lang='lat' dir='ltr'><strong>hic</strong></span> <span class='ocrx_word' id='word_1_283' title='bbox 1454 4008 1877 4076; x_wconf 86' lang='lat' dir='ltr'><strong>commendatur,</strong></span> 
     </span>
    </p>
   </div>
   <div class='ocr_carea' id='block_1_42' title="bbox 290 4101 1883 4178">
    <p class='ocr_par' dir='ltr' id='par_1_42' title="bbox 290 4101 1883 4178">
     <span class='ocr_line' id='line_1_42' title="bbox 290 4101 1883 4178; baseline -0.003 -17"><span class='ocrx_word' id='word_1_284' title='bbox 290 4114 408 4167; x_wconf 83' lang='lat' dir='ltr'><strong>vitia</strong></span> <span class='ocrx_word' id='word_1_285' title='bbox 430 4110 615 4166; x_wconf 84' lang='lat' dir='ltr'><strong>omnia</strong></span> <span class='ocrx_word' id='word_1_286' title='bbox 636 4111 1006 4178; x_wconf 72' lang='lat' dir='ltr'><strong>exagitantur:</strong></span> <span class='ocrx_word' id='word_1_287' title='bbox 1035 4105 1293 4177; x_wconf 83' lang='lat' dir='ltr'><strong>exemplis</strong></span> <span class='ocrx_word' id='word_1_288' title='bbox 1314 4103 1699 4174; x_wconf 76' lang='lat' dir='ltr'><strong>frequentibus,</strong></span> <span class='ocrx_word' id='word_1_289' title='bbox 1723 4101 1883 4156; x_wconf 88' lang='lat' dir='ltr'><strong>modo</strong></span> 
     </span>
    </p>
   </div>
   <div class='ocr_carea' id='block_1_43' title="bbox 296 4186 1881 4273">
    <p class='ocr_par' dir='ltr' id='par_1_43' title="bbox 296 4186 1881 4273">
     <span class='ocr_line' id='line_1_43' title="bbox 296 4186 1881 4273; baseline -0.006 -18"><span class='ocrx_word' id='word_1_290' title='bbox 296 4203 595 4273; x_wconf 76' lang='lat' dir='ltr'><strong>lngiendum</strong></span> <span class='ocrx_word' id='word_1_291' title='bbox 638 4209 947 4272; x_wconf 87' lang='lat' dir='ltr'><strong>peccatum,</strong></span> <span class='ocrx_word' id='word_1_292' title='bbox 986 4186 1145 4253; x_wconf 87' lang='lat' dir='ltr'><strong>modo</strong></span> <span class='ocrx_word' id='word_1_293' title='bbox 1174 4195 1598 4267; x_wconf 77' lang='lat' dir='ltr'><strong>amplectendam</strong></span> <span class='ocrx_word' id='word_1_294' title='bbox 1630 4195 1881 4249; x_wconf 83' lang='lat' dir='ltr'><strong>virtutem</strong></span> 
     </span>
    </p>
   </div>
   <div class='ocr_carea' id='block_1_44' title="bbox 292 4295 710 4351">
    <p class='ocr_par' dir='ltr' id='par_1_44' title="bbox 292 4295 710 4351">
     <span class='ocr_line' id='line_1_44' title="bbox 292 4295 710 4351; baseline -0.005 -2"><span class='ocrx_word' id='word_1_295' title='bbox 292 4310 405 4351; x_wconf 69' lang='lat' dir='ltr'><strong>esse</strong></span> <span class='ocrx_word' id='word_1_296' title='bbox 431 4295 710 4348; x_wconf 83' lang='lat' dir='ltr'><strong>suadetur.</strong></span> 
     </span>
    </p>
   </div>
   <div class='ocr_carea' id='block_1_45' title="bbox 357 4376 1879 4453">
    <p class='ocr_par' dir='ltr' id='par_1_45' title="bbox 357 4376 1879 4453">
     <span class='ocr_line' id='line_1_45' title="bbox 357 4376 1879 4453; baseline -0.009 -12"><span class='ocrx_word' id='word_1_297' title='bbox 357 4384 657 4441; x_wconf 72' lang='lat' dir='ltr'><strong>Antiochia:</strong></span> <span class='ocrx_word' id='word_1_298' title='bbox 685 4384 881 4439; x_wconf 89' lang='lat' dir='ltr'><strong>dictam</strong></span> <span class='ocrx_word' id='word_1_299' title='bbox 914 4380 1265 4453; x_wconf 86' lang='lat' dir='ltr'><strong>probabiliter</strong></span> <span class='ocrx_word' id='word_1_300' title='bbox 1314 4388 1559 4449; x_wconf 86' lang='lat' dir='ltr'><strong>putamus</strong></span> <span class='ocrx_word' id='word_1_301' title='bbox 1606 4376 1879 4430; x_wconf 88' lang='lat' dir='ltr'><strong>homiliam</strong></span> 
     </span>
    </p>
   </div>
   <div class='ocr_carea' id='block_1_46' title="bbox 286 4468 1881 4547">
    <p class='ocr_par' dir='ltr' id='par_1_46' title="bbox 286 4468 1881 4547">
     <span class='ocr_line' id='line_1_46' title="bbox 286 4468 1881 4547; baseline -0.009 -14"><span class='ocrx_word' id='word_1_302' title='bbox 286 4480 369 4533; x_wconf 89' lang='lat' dir='ltr'><strong>cui</strong></span> <span class='ocrx_word' id='word_1_303' title='bbox 399 4479 588 4533; x_wconf 85' lang='lat' dir='ltr'><strong>titulus</strong></span> <span class='ocrx_word' id='word_1_304' title='bbox 616 4474 701 4547; x_wconf 86' lang='lat' dir='ltr'><strong>(T.</strong></span> <span class='ocrx_word' id='word_1_305' title='bbox 734 4476 788 4531; x_wconf 85' lang='lat'><strong>5.</strong></span> <span class='ocrx_word' id='word_1_306' title='bbox 816 4492 857 4527; x_wconf 80' lang='grc' dir='ltr'><strong>ι’.</strong></span> <span class='ocrx_word' id='word_1_307' title='bbox 887 4473 1023 4539; x_wconf 78' lang='grc'><strong>519)</strong></span> <span class='ocrx_word' id='word_1_308' title='bbox 1050 4492 1063 4526; x_wconf 89' lang='lat'><strong>:</strong></span> <span class='ocrx_word' id='word_1_309' title='bbox 1102 4470 1325 4525; x_wconf 76' lang='lat' dir='ltr'><strong>Homilia</strong></span> <span class='ocrx_word' id='word_1_310' title='bbox 1366 4468 1535 4521; x_wconf 80' lang='lat' dir='ltr'><strong>habita</strong></span> <span class='ocrx_word' id='word_1_311' title='bbox 1563 4468 1615 4520; x_wconf 88' lang='lat' dir='ltr'><strong>in</strong></span> <span class='ocrx_word' id='word_1_312' title='bbox 1644 4482 1881 4537; x_wconf 85' lang='lat' dir='ltr'><strong>magnam</strong></span> 
     </span>
    </p>
   </div>
   <div class='ocr_carea' id='block_1_47' title="bbox 290 4557 1893 4636">
    <p class='ocr_par' dir='ltr' id='par_1_47' title="bbox 290 4557 1893 4636">
     <span class='ocr_line' id='line_1_47' title="bbox 290 4557 1893 4636; baseline -0.009 -12"><span class='ocrx_word' id='word_1_313' title='bbox 290 4568 697 4635; x_wconf 80' lang='lat' dir='ltr'><strong>llebdomadam,</strong></span> <span class='ocrx_word' id='word_1_314' title='bbox 729 4569 781 4621; x_wconf 88' lang='lat' dir='ltr'><strong>in</strong></span> <span class='ocrx_word' id='word_1_315' title='bbox 806 4582 904 4636; x_wconf 81' lang='lat' dir='ltr'><strong>qua</strong></span> <span class='ocrx_word' id='word_1_316' title='bbox 927 4565 1134 4618; x_wconf 85' lang='lat' dir='ltr'><strong>docetur</strong></span> <span class='ocrx_word' id='word_1_317' title='bbox 1153 4579 1244 4616; x_wconf 85' lang='lat' dir='ltr'><strong>cur</strong></span> <span class='ocrx_word' id='word_1_318' title='bbox 1262 4578 1322 4615; x_wconf 89' lang='lat' dir='ltr'><strong>ea</strong></span> <span class='ocrx_word' id='word_1_319' title='bbox 1342 4576 1525 4632; x_wconf 87' lang='lat' dir='ltr'><strong>magna</strong></span> <span class='ocrx_word' id='word_1_320' title='bbox 1550 4557 1893 4619; x_wconf 21' lang='lat' dir='ltr'><strong>&quot;ebdomada,</strong></span> 
     </span>
    </p>
   </div>
   <div class='ocr_carea' id='block_1_48' title="bbox 282 4651 1877 4732">
    <p class='ocr_par' dir='ltr' id='par_1_48' title="bbox 282 4651 1877 4732">
     <span class='ocr_line' id='line_1_48' title="bbox 282 4651 1877 4732; baseline -0.007 -19"><span class='ocrx_word' id='word_1_321' title='bbox 282 4664 593 4732; x_wconf 76' lang='lat' dir='ltr'><strong>appelletur,</strong></span> <span class='ocrx_word' id='word_1_322' title='bbox 632 4668 681 4713; x_wconf 85' lang='lat' dir='ltr'><strong>et</strong></span> <span class='ocrx_word' id='word_1_323' title='bbox 708 4660 760 4712; x_wconf 87' lang='lat' dir='ltr'><strong>in</strong></span> <span class='ocrx_word' id='word_1_324' title='bbox 797 4658 961 4719; x_wconf 85' lang='lat' dir='ltr'><strong>illud,</strong></span> <span class='ocrx_word' id='word_1_325' title='bbox 993 4654 1173 4710; x_wconf 84' lang='lat' dir='ltr'><strong>Lauda</strong></span> <span class='ocrx_word' id='word_1_326' title='bbox 1204 4655 1378 4708; x_wconf 86' lang='lat' dir='ltr'><strong>anima</strong></span> <span class='ocrx_word' id='word_1_327' title='bbox 1408 4668 1525 4706; x_wconf 87' lang='lat' dir='ltr'><strong>mea</strong></span> <span class='ocrx_word' id='word_1_328' title='bbox 1558 4651 1877 4717; x_wconf 87' lang='lat' dir='ltr'><strong>Dominum,</strong></span> 
     </span>
    </p>
   </div>
   <div class='ocr_carea' id='block_1_49' title="bbox 281 4746 1164 4807">
    <p class='ocr_par' dir='ltr' id='par_1_49' title="bbox 281 4746 1164 4807">
     <span class='ocr_line' id='line_1_49' title="bbox 281 4746 1164 4807; baseline -0.01 0"><span class='ocrx_word' id='word_1_329' title='bbox 281 4770 341 4807; x_wconf 81' lang='lat' dir='ltr'><strong>ac</strong></span> <span class='ocrx_word' id='word_1_330' title='bbox 366 4754 432 4807; x_wconf 71' lang='lat' dir='ltr'><strong>de</strong></span> <span class='ocrx_word' id='word_1_331' title='bbox 456 4752 665 4806; x_wconf 75' lang='lat' dir='ltr'><strong>custode</strong></span> <span class='ocrx_word' id='word_1_332' title='bbox 692 4748 906 4803; x_wconf 86' lang='lat' dir='ltr'><strong>carceris</strong></span> <span class='ocrx_word' id='word_1_333' title='bbox 932 4748 985 4801; x_wconf 90' lang='lat' dir='ltr'><strong>in</strong></span> <span class='ocrx_word' id='word_1_334' title='bbox 1005 4746 1164 4800; x_wconf 79' lang='lat' dir='ltr'><strong>Actis.</strong></span> 
     </span>
    </p>
   </div>
   <div class='ocr_carea' id='block_1_50' title="bbox 355 4833 1881 4914">
    <p class='ocr_par' dir='ltr' id='par_1_50' title="bbox 355 4833 1881 4914">
     <span class='ocr_line' id='line_1_50' title="bbox 355 4833 1881 4914; baseline -0.009 -13"><span class='ocrx_word' id='word_1_335' title='bbox 355 4843 862 4914; x_wconf 67' lang='lat' dir='ltr'><strong>[interpretationem</strong></span> <span class='ocrx_word' id='word_1_336' title='bbox 890 4840 941 4895; x_wconf 92' lang='lat' dir='ltr'><strong>in</strong></span> <span class='ocrx_word' id='word_1_337' title='bbox 972 4839 1157 4892; x_wconf 82' lang='lat' dir='ltr'><strong>Isaiam</strong></span> <span class='ocrx_word' id='word_1_338' title='bbox 1182 4835 1266 4909; x_wconf 90' lang='lat' dir='ltr'><strong>(T.</strong></span> <span class='ocrx_word' id='word_1_339' title='bbox 1287 4835 1340 4891; x_wconf 76' lang='lat' dir='ltr'><strong>ti.</strong></span> <span class='ocrx_word' id='word_1_340' title='bbox 1360 4833 1547 4904; x_wconf 86' lang='lat' dir='ltr'><strong>initio),</strong></span> <span class='ocrx_word' id='word_1_341' title='bbox 1566 4843 1794 4902; x_wconf 72' lang='lat' dir='ltr'><strong>emptam</strong></span> <span class='ocrx_word' id='word_1_342' title='bbox 1825 4843 1881 4888; x_wconf 88' lang='lat' dir='ltr'><strong>et</strong></span> 
     </span>
    </p>
   </div>
   <div class='ocr_carea' id='block_1_51' title="bbox 284 4925 1882 5008">
    <p class='ocr_par' dir='ltr' id='par_1_51' title="bbox 284 4925 1882 5008">
     <span class='ocr_line' id='line_1_51' title="bbox 284 4925 1882 5008; baseline -0.007 -20"><span class='ocrx_word' id='word_1_343' title='bbox 284 4952 453 5008; x_wconf 86' lang='lat' dir='ltr'><strong>usque</strong></span> <span class='ocrx_word' id='word_1_344' title='bbox 495 4934 561 4989; x_wconf 88' lang='lat' dir='ltr'><strong>ad</strong></span> <span class='ocrx_word' id='word_1_345' title='bbox 590 4932 866 4987; x_wconf 88' lang='lat' dir='ltr'><strong>dimidium</strong></span> <span class='ocrx_word' id='word_1_346' title='bbox 910 4931 1099 4999; x_wconf 87' lang='lat' dir='ltr'><strong>capitis</strong></span> <span class='ocrx_word' id='word_1_347' title='bbox 1124 4927 1297 4982; x_wconf 88' lang='lat' dir='ltr'><strong>octavi</strong></span> <span class='ocrx_word' id='word_1_348' title='bbox 1333 4925 1616 4981; x_wconf 90' lang='lat' dir='ltr'><strong>deductam</strong></span> <span class='ocrx_word' id='word_1_349' title='bbox 1646 4925 1882 4978; x_wconf 88' lang='lat' dir='ltr'><strong>creditur</strong></span> 
     </span>
    </p>
   </div>
   <div class='ocr_carea' id='block_1_52' title="bbox 280 5016 1880 5099">
    <p class='ocr_par' dir='ltr' id='par_1_52' title="bbox 280 5016 1880 5099">
     <span class='ocr_line' id='line_1_52' title="bbox 280 5016 1880 5099; baseline -0.009 -15"><span class='ocrx_word' id='word_1_350' title='bbox 280 5028 702 5099; x_wconf 67' lang='lat' dir='ltr'><strong>Chrysostotnus</strong></span> <span class='ocrx_word' id='word_1_351' title='bbox 726 5023 1074 5078; x_wconf 85' lang='lat' dir='ltr'><strong>adornavisse</strong></span> <span class='ocrx_word' id='word_1_352' title='bbox 1101 5016 1419 5083; x_wconf 67' lang='lat' dir='ltr'><strong>Antiocltim,</strong></span> <span class='ocrx_word' id='word_1_353' title='bbox 1447 5025 1732 5085; x_wconf 87' lang='lat' dir='ltr'><strong>antequam</strong></span> <span class='ocrx_word' id='word_1_354' title='bbox 1761 5031 1880 5085; x_wconf 82' lang='lat' dir='ltr'><strong>pre-</strong></span> 
     </span>
    </p>
   </div>
   <div class='ocr_carea' id='block_1_53' title="bbox 282 5107 1877 5196">
    <p class='ocr_par' dir='ltr' id='par_1_53' title="bbox 282 5107 1877 5193">
     <span class='ocr_line' id='line_1_53' title="bbox 282 5107 1877 5193; baseline -0.01 -19"><span class='ocrx_word' id='word_1_355' title='bbox 282 5124 467 5191; x_wconf 78' lang='lat' dir='ltr'><strong>sbyter</strong></span> <span class='ocrx_word' id='word_1_356' title='bbox 496 5128 637 5172; x_wconf 84' lang='lat' dir='ltr'><strong>esset</strong></span> <span class='ocrx_word' id='word_1_357' title='bbox 666 5133 680 5169; x_wconf 91' lang='lat'><strong>:</strong></span> <span class='ocrx_word' id='word_1_358' title='bbox 711 5129 886 5185; x_wconf 89' lang='lat' dir='ltr'><strong>neque</strong></span> <span class='ocrx_word' id='word_1_359' title='bbox 910 5113 1054 5168; x_wconf 89' lang='lat' dir='ltr'><strong>enim</strong></span> <span class='ocrx_word' id='word_1_360' title='bbox 1085 5112 1134 5164; x_wconf 93' lang='lat' dir='ltr'><strong>in</strong></span> <span class='ocrx_word' id='word_1_361' title='bbox 1157 5109 1445 5165; x_wconf 88' lang='lat' dir='ltr'><strong>conciones</strong></span> <span class='ocrx_word' id='word_1_362' title='bbox 1472 5107 1756 5193; x_wconf 84' lang='lat' dir='ltr'><strong>distributa</strong></span> <span class='ocrx_word' id='word_1_363' title='bbox 1775 5114 1877 5171; x_wconf 89' lang='lat' dir='ltr'><strong>est,</strong></span> 
     </span>
    </p>
   </div>
   <div class='ocr_carea' id='block_1_54' title="bbox 282 5199 1880 5267">
    <p class='ocr_par' dir='ltr' id='par_1_54' title="bbox 282 5199 1880 5267">
     <span class='ocr_line' id='line_1_54' title="bbox 282 5199 1880 5267; baseline -0.011 0"><span class='ocrx_word' id='word_1_364' title='bbox 282 5223 338 5267; x_wconf 78' lang='lat' dir='ltr'><strong>ut</strong></span> <span class='ocrx_word' id='word_1_365' title='bbox 384 5207 631 5265; x_wconf 70' lang='lat' dir='ltr'><strong>Homiliae</strong></span> <span class='ocrx_word' id='word_1_366' title='bbox 662 5207 714 5260; x_wconf 88' lang='lat' dir='ltr'><strong>in</strong></span> <span class='ocrx_word' id='word_1_367' title='bbox 742 5205 990 5261; x_wconf 86' lang='lat' dir='ltr'><strong>Genesim</strong></span> <span class='ocrx_word' id='word_1_368' title='bbox 1023 5203 1156 5259; x_wconf 88' lang='lat' dir='ltr'><strong>etin</strong></span> <span class='ocrx_word' id='word_1_369' title='bbox 1191 5202 1448 5256; x_wconf 85' lang='lat' dir='ltr'><strong>Psalmos.</strong></span> <span class='ocrx_word' id='word_1_370' title='bbox 1489 5199 1641 5254; x_wconf 83' lang='lat' dir='ltr'><strong>Circa</strong></span> <span class='ocrx_word' id='word_1_371' title='bbox 1671 5208 1880 5267; x_wconf 86' lang='lat' dir='ltr'><strong>tempus</strong></span> 
     </span>
    </p>
   </div>
   <div class='ocr_carea' id='block_1_55' title="bbox 283 5294 1881 5369">
    <p class='ocr_par' dir='ltr' id='par_1_55' title="bbox 283 5294 1881 5369">
     <span class='ocr_line' id='line_1_55' title="bbox 283 5294 1881 5369; baseline -0.006 -13"><span class='ocrx_word' id='word_1_372' title='bbox 283 5315 333 5357; x_wconf 88' lang='lat' dir='ltr'><strong>et</strong></span> <span class='ocrx_word' id='word_1_373' title='bbox 376 5303 590 5368; x_wconf 89' lang='lat' dir='ltr'><strong>locum,</strong></span> <span class='ocrx_word' id='word_1_374' title='bbox 632 5300 786 5369; x_wconf 87' lang='lat' dir='ltr'><strong>queis</strong></span> <span class='ocrx_word' id='word_1_375' title='bbox 831 5297 933 5351; x_wconf 86' lang='lat' dir='ltr'><strong>hoc</strong></span> <span class='ocrx_word' id='word_1_376' title='bbox 974 5311 1109 5365; x_wconf 89' lang='lat' dir='ltr'><strong>opus</strong></span> <span class='ocrx_word' id='word_1_377' title='bbox 1145 5294 1561 5363; x_wconf 78' lang='lat' dir='ltr'><strong>Chrysostontns</strong></span> <span class='ocrx_word' id='word_1_378' title='bbox 1598 5305 1881 5360; x_wconf 77' lang='lat' dir='ltr'><strong>aggressus</strong></span> 
     </span>
    </p>
   </div>
   <div class='ocr_carea' id='block_1_56' title="bbox 282 5385 1877 5459">
    <p class='ocr_par' dir='ltr' id='par_1_56' title="bbox 282 5385 1877 5459">
     <span class='ocr_line' id='line_1_56' title="bbox 282 5385 1877 5459; baseline -0.007 -10"><span class='ocrx_word' id='word_1_379' title='bbox 282 5404 405 5459; x_wconf 73' lang='lat' dir='ltr'><strong>est,</strong></span> <span class='ocrx_word' id='word_1_380' title='bbox 453 5404 754 5459; x_wconf 68' lang='lat' dir='ltr'><strong>cwtctaque</strong></span> <span class='ocrx_word' id='word_1_381' title='bbox 798 5389 864 5445; x_wconf 88' lang='lat' dir='ltr'><strong>ad</strong></span> <span class='ocrx_word' id='word_1_382' title='bbox 910 5389 1137 5459; x_wconf 80' lang='lat' dir='ltr'><strong>idipsnm</strong></span> <span class='ocrx_word' id='word_1_383' title='bbox 1180 5387 1509 5455; x_wconf 57' lang='lat' dir='ltr'><strong>spectantia,</strong></span> <span class='ocrx_word' id='word_1_384' title='bbox 1552 5385 1877 5439; x_wconf 78' lang='lat' dir='ltr'><strong>Tilletnontii</strong></span> 
     </span>
    </p>
   </div>
   <div class='ocr_carea' id='block_1_57' title="bbox 282 5475 1879 5551">
    <p class='ocr_par' dir='ltr' id='par_1_57' title="bbox 282 5475 1879 5551">
     <span class='ocr_line' id='line_1_57' title="bbox 282 5475 1879 5551; baseline -0.008 -9"><span class='ocrx_word' id='word_1_385' title='bbox 282 5486 602 5542; x_wconf 80' lang='lat' dir='ltr'><strong>sententiam</strong></span> <span class='ocrx_word' id='word_1_386' title='bbox 628 5484 857 5538; x_wconf 87' lang='lat' dir='ltr'><strong>libenter</strong></span> <span class='ocrx_word' id='word_1_387' title='bbox 884 5482 1255 5551; x_wconf 82' lang='lat' dir='ltr'><strong>amplectimur</strong></span> <span class='ocrx_word' id='word_1_388' title='bbox 1285 5477 1511 5548; x_wconf 77' lang='lat' dir='ltr'><strong>(Tillem.</strong></span> <span class='ocrx_word' id='word_1_389' title='bbox 1532 5495 1584 5546; x_wconf 80' lang='grc' dir='ltr'><strong>ρ.</strong></span> <span class='ocrx_word' id='word_1_390' title='bbox 1614 5476 1731 5546; x_wconf 81' lang='lat'><strong>90).</strong></span> <span class='ocrx_word' id='word_1_391' title='bbox 1767 5475 1879 5530; x_wconf 80' lang='lat' dir='ltr'><strong>Hoc</strong></span> 
     </span>
    </p>
   </div>
   <div class='ocr_carea' id='block_1_58' title="bbox 285 5570 1877 5647">
    <p class='ocr_par' dir='ltr' id='par_1_58' title="bbox 285 5570 1877 5647">
     <span class='ocr_line' id='line_1_58' title="bbox 285 5570 1877 5647; baseline -0.008 -14"><span class='ocrx_word' id='word_1_392' title='bbox 285 5595 433 5647; x_wconf 54' lang='lat' dir='ltr'><strong>cinis,</strong></span> <span class='ocrx_word' id='word_1_393' title='bbox 457 5579 631 5647; x_wconf 80' lang='lat' dir='ltr'><strong>inquit</strong></span> <span class='ocrx_word' id='word_1_394' title='bbox 655 5577 766 5641; x_wconf 89' lang='lat' dir='ltr'><strong>ille,</strong></span> <span class='ocrx_word' id='word_1_395' title='bbox 794 5574 1136 5645; x_wconf 79' lang='lat' dir='ltr'><strong>Cltrysostomi</strong></span> <span class='ocrx_word' id='word_1_396' title='bbox 1162 5588 1267 5625; x_wconf 83' lang='lat' dir='ltr'><strong>csse</strong></span> <span class='ocrx_word' id='word_1_397' title='bbox 1291 5587 1436 5624; x_wconf 83' lang='lat' dir='ltr'><strong>nemo</strong></span> <span class='ocrx_word' id='word_1_398' title='bbox 1464 5586 1563 5622; x_wconf 86' lang='lat' dir='ltr'><strong>non</strong></span> <span class='ocrx_word' id='word_1_399' title='bbox 1585 5570 1832 5622; x_wconf 70' lang='lat' dir='ltr'><strong>existimet</strong></span> <span class='ocrx_word' id='word_1_400' title='bbox 1860 5584 1877 5621; x_wconf 90' lang='lat'><strong>:</strong></span> 
     </span>
    </p>
   </div>
   <div class='ocr_carea' id='block_1_59' title="bbox 284 5659 1879 5739">
    <p class='ocr_par' dir='ltr' id='par_1_59' title="bbox 284 5659 1879 5739">
     <span class='ocr_line' id='line_1_59' title="bbox 284 5659 1879 5739; baseline -0.005 -16"><span class='ocrx_word' id='word_1_401' title='bbox 284 5672 432 5738; x_wconf 77' lang='lat' dir='ltr'><strong>idque</strong></span> <span class='ocrx_word' id='word_1_402' title='bbox 455 5668 721 5739; x_wconf 77' lang='lat' dir='ltr'><strong>elegantia:</strong></span> <span class='ocrx_word' id='word_1_403' title='bbox 745 5666 1019 5736; x_wconf 79' lang='lat' dir='ltr'><strong>spccimina</strong></span> <span class='ocrx_word' id='word_1_404' title='bbox 1047 5680 1152 5732; x_wconf 76' lang='lat' dir='ltr'><strong>pra:</strong></span> <span class='ocrx_word' id='word_1_405' title='bbox 1185 5680 1238 5717; x_wconf 83' lang='lat' dir='ltr'><strong>se</strong></span> <span class='ocrx_word' id='word_1_406' title='bbox 1259 5666 1354 5732; x_wconf 79' lang='lat' dir='ltr'><strong>fert</strong></span> <span class='ocrx_word' id='word_1_407' title='bbox 1391 5678 1489 5715; x_wconf 84' lang='lat' dir='ltr'><strong>non</strong></span> <span class='ocrx_word' id='word_1_408' title='bbox 1520 5661 1769 5732; x_wconf 82' lang='lat' dir='ltr'><strong>vulgaria.</strong></span> <span class='ocrx_word' id='word_1_409' title='bbox 1804 5659 1879 5715; x_wconf 73' lang='lat' dir='ltr'><strong>De</strong></span> 
     </span>
    </p>
   </div>
   <div class='ocr_carea' id='block_1_60' title="bbox 288 5752 1876 5831">
    <p class='ocr_par' dir='ltr' id='par_1_60' title="bbox 288 5752 1876 5831">
     <span class='ocr_line' id='line_1_60' title="bbox 288 5752 1876 5831; baseline -0.006 -17"><span class='ocrx_word' id='word_1_410' title='bbox 288 5762 492 5831; x_wconf 69' lang='lat' dir='ltr'><strong>hupm&#39;o</strong></span> <span class='ocrx_word' id='word_1_411' title='bbox 527 5760 757 5816; x_wconf 78' lang='lat' dir='ltr'><strong>ltomauo</strong></span> <span class='ocrx_word' id='word_1_412' title='bbox 785 5756 1018 5827; x_wconf 62' lang='lat' dir='ltr'><strong>quadam</strong></span> <span class='ocrx_word' id='word_1_413' title='bbox 1055 5755 1134 5810; x_wconf 75' lang='lat' dir='ltr'><strong>hic</strong></span> <span class='ocrx_word' id='word_1_414' title='bbox 1165 5754 1413 5809; x_wconf 76' lang='lat' dir='ltr'><strong>habentur</strong></span> <span class='ocrx_word' id='word_1_415' title='bbox 1443 5772 1498 5821; x_wconf 78' lang='grc' dir='ltr'><strong>ρ.</strong></span> <span class='ocrx_word' id='word_1_416' title='bbox 1526 5753 1593 5807; x_wconf 66' lang='lat'><strong>‘24</strong></span> <span class='ocrx_word' id='word_1_417' title='bbox 1622 5752 1777 5824; x_wconf 82' lang='lat' dir='ltr'><strong>(quod</strong></span> <span class='ocrx_word' id='word_1_418' title='bbox 1801 5754 1876 5806; x_wconf 79' lang='lat' dir='ltr'><strong>ri-</strong></span> 
     </span>
    </p>
   </div>
   <div class='ocr_carea' id='block_1_61' title="bbox 1457 330 2366 391">
    <p class='ocr_par' dir='ltr' id='par_1_61' title="bbox 1457 330 2366 391">
     <span class='ocr_line' id='line_1_61' title="bbox 1457 330 2366 391; baseline -0.01 0"><span class='ocrx_word' id='word_1_419' title='bbox 1457 334 1636 391; x_wconf 59' lang='lat' dir='ltr'><strong>NUNC</strong></span> <span class='ocrx_word' id='word_1_420' title='bbox 1681 331 1937 388; x_wconf 61' lang='lat' dir='ltr'><strong>PRIMUM</strong></span> <span class='ocrx_word' id='word_1_421' title='bbox 1979 332 2019 384; x_wconf 79' lang='grc' dir='ltr'><strong>Α</strong></span> <span class='ocrx_word' id='word_1_422' title='bbox 2032 330 2366 389; x_wconf 58' lang='grc' dir='ltr'><strong>υυῆδλτλ.</strong></span> 
     </span>
    </p>
   </div>
   <div class='ocr_carea' id='block_1_62' title="bbox 3467 346 3567 394">
    <p class='ocr_par' dir='ltr' id='par_1_62' title="bbox 3467 346 3567 394">
     <span class='ocr_line' id='line_1_62' title="bbox 3467 346 3567 394; baseline 0 0"><span class='ocrx_word' id='word_1_423' title='bbox 3467 346 3567 394; x_wconf 62' lang='lat'><strong>1&#39;16</strong></span> 
     </span>
    </p>
   </div>
   <div class='ocr_carea' id='block_1_63' title="bbox 1983 444 3569 518">
    <p class='ocr_par' dir='ltr' id='par_1_63' title="bbox 1983 444 3569 518">
     <span class='ocr_line' id='line_1_63' title="bbox 1983 444 3569 518; baseline 0.007 -24"><span class='ocrx_word' id='word_1_424' title='bbox 1983 444 2156 495; x_wconf 73' lang='lat' dir='ltr'><strong>delicat</strong></span> <span class='ocrx_word' id='word_1_425' title='bbox 2187 458 2380 494; x_wconf 83' lang='lat' dir='ltr'><strong>summa</strong></span> <span class='ocrx_word' id='word_1_426' title='bbox 2415 457 2537 511; x_wconf 75' lang='lat' dir='ltr'><strong>pace</strong></span> <span class='ocrx_word' id='word_1_427' title='bbox 2561 454 2676 518; x_wconf 78' lang='lat' dir='ltr'><strong>tunc</strong></span> <span class='ocrx_word' id='word_1_428' title='bbox 2705 445 2997 513; x_wconf 66' lang='lat' dir='ltr'><strong>frueretur),</strong></span> <span class='ocrx_word' id='word_1_429' title='bbox 3028 447 3134 512; x_wconf 71' lang='lat' dir='ltr'><strong>ejus</strong></span> <span class='ocrx_word' id='word_1_430' title='bbox 3164 460 3314 500; x_wconf 76' lang='lat' dir='ltr'><strong>statui</strong></span> <span class='ocrx_word' id='word_1_431' title='bbox 3345 462 3569 518; x_wconf 68' lang='grc' dir='ltr'><strong>τριηροη</strong></span> 
     </span>
    </p>
   </div>
   <div class='ocr_carea' id='block_1_64' title="bbox 1979 517 3567 604">
    <p class='ocr_par' dir='ltr' id='par_1_64' title="bbox 1979 517 3567 604">
     <span class='ocr_line' id='line_1_64' title="bbox 1979 517 3567 604; baseline 0.006 -16"><span class='ocrx_word' id='word_1_432' title='bbox 1979 533 2325 603; x_wconf 83' lang='lat' dir='ltr'><strong>Chrysostomi</strong></span> <span class='ocrx_word' id='word_1_433' title='bbox 2351 517 2710 603; x_wconf 68' lang='lat' dir='ltr'><strong>congrucniia,</strong></span> <span class='ocrx_word' id='word_1_434' title='bbox 2756 535 2972 588; x_wconf 75' lang='lat' dir='ltr'><strong>maxime</strong></span> <span class='ocrx_word' id='word_1_435' title='bbox 3013 551 3128 589; x_wconf 79' lang='lat' dir='ltr'><strong>vero</strong></span> <span class='ocrx_word' id='word_1_436' title='bbox 3148 579 3163 603; x_wconf 92' lang='lat'><strong>,</strong></span> <span class='ocrx_word' id='word_1_437' title='bbox 3210 540 3254 592; x_wconf 88' lang='lat' dir='ltr'><strong>si</strong></span> <span class='ocrx_word' id='word_1_438' title='bbox 3287 554 3477 604; x_wconf 70' lang='lat' dir='ltr'><strong>spectes</strong></span> <span class='ocrx_word' id='word_1_439' title='bbox 3506 560 3567 598; x_wconf 82' lang='lat' dir='ltr'><strong>ea</strong></span> 
     </span>
    </p>
   </div>
   <div class='ocr_carea' id='block_1_65' title="bbox 1979 628 3567 717">
    <p class='ocr_par' dir='ltr' id='par_1_65' title="bbox 1979 628 3567 717">
     <span class='ocr_line' id='line_1_65' title="bbox 1979 628 3567 717; baseline 0.006 -36"><span class='ocrx_word' id='word_1_440' title='bbox 1979 643 2103 717; x_wconf 45' lang='lat' dir='ltr'><strong>quat.</strong></span> <span class='ocrx_word' id='word_1_441' title='bbox 2122 644 2311 681; x_wconf 83' lang='lat' dir='ltr'><strong>annum</strong></span> <span class='ocrx_word' id='word_1_442' title='bbox 2335 628 2437 684; x_wconf 79' lang='grc'><strong>577</strong></span> <span class='ocrx_word' id='word_1_443' title='bbox 2476 638 2855 698; x_wconf 78' lang='lat' dir='ltr'><strong>prwcesserunt.</strong></span> <span class='ocrx_word' id='word_1_444' title='bbox 2885 629 2910 683; x_wconf 84' lang='grc' dir='ltr'><strong><em>Ι</em></strong></span> <span class='ocrx_word' id='word_1_445' title='bbox 2920 628 3029 684; x_wconf 84' lang='lat' dir='ltr'><strong>llud</strong></span> <span class='ocrx_word' id='word_1_446' title='bbox 3065 647 3179 685; x_wconf 76' lang='lat' dir='ltr'><strong>vero</strong></span> <span class='ocrx_word' id='word_1_447' title='bbox 3203 632 3369 703; x_wconf 76' lang='lat' dir='ltr'><strong>operis</strong></span> <span class='ocrx_word' id='word_1_448' title='bbox 3408 635 3485 687; x_wconf 76' lang='lat' dir='ltr'><strong>uel</strong></span> <span class='ocrx_word' id='word_1_449' title='bbox 3515 635 3567 691; x_wconf 77' lang='lat' dir='ltr'><strong>in</strong></span> 
     </span>
    </p>
   </div>
   <div class='ocr_carea' id='block_1_66' title="bbox 1978 718 3569 793">
    <p class='ocr_par' dir='ltr' id='par_1_66' title="bbox 1978 718 3569 793">
     <span class='ocr_line' id='line_1_66' title="bbox 1978 718 3569 793; baseline 0.003 -20"><span class='ocrx_word' id='word_1_450' title='bbox 1978 718 2285 784; x_wconf 75' lang='lat' dir='ltr'><strong>solitudine,</strong></span> <span class='ocrx_word' id='word_1_451' title='bbox 2315 719 2391 772; x_wconf 83' lang='lat' dir='ltr'><strong>vel</strong></span> <span class='ocrx_word' id='word_1_452' title='bbox 2428 735 2540 771; x_wconf 86' lang='lat' dir='ltr'><strong>cum</strong></span> <span class='ocrx_word' id='word_1_453' title='bbox 2577 718 2819 773; x_wconf 80' lang='lat' dir='ltr'><strong>diaconus</strong></span> <span class='ocrx_word' id='word_1_454' title='bbox 2862 730 3022 786; x_wconf 88' lang='lat' dir='ltr'><strong>esset,</strong></span> <span class='ocrx_word' id='word_1_455' title='bbox 3071 724 3284 793; x_wconf 77' lang='lat' dir='ltr'><strong>fortasse</strong></span> <span class='ocrx_word' id='word_1_456' title='bbox 3324 724 3569 779; x_wconf 78' lang='lat' dir='ltr'><strong>emiserit.</strong></span> 
     </span>
    </p>
   </div>
   <div class='ocr_carea' id='block_1_67' title="bbox 1985 806 3569 881">
    <p class='ocr_par' dir='ltr' id='par_1_67' title="bbox 1985 806 3569 881">
     <span class='ocr_line' id='line_1_67' title="bbox 1985 806 3569 881; baseline 0.004 -20"><span class='ocrx_word' id='word_1_457' title='bbox 1985 806 2123 861; x_wconf 90' lang='lat' dir='ltr'><strong>Nam</strong></span> <span class='ocrx_word' id='word_1_458' title='bbox 2153 824 2215 863; x_wconf 77' lang='lat' dir='ltr'><strong>ea:</strong></span> <span class='ocrx_word' id='word_1_459' title='bbox 2235 825 2332 877; x_wconf 80' lang='lat' dir='ltr'><strong>quo</strong></span> <span class='ocrx_word' id='word_1_460' title='bbox 2358 819 2578 877; x_wconf 85' lang='lat' dir='ltr'><strong>tempore</strong></span> <span class='ocrx_word' id='word_1_461' title='bbox 2605 809 2861 880; x_wconf 79' lang='lat' dir='ltr'><strong>presbyter</strong></span> <span class='ocrx_word' id='word_1_462' title='bbox 2889 814 2916 881; x_wconf 73' lang='grc' dir='ltr'><strong><em>ί</em></strong></span> <span class='ocrx_word' id='word_1_463' title='bbox 2916 811 3006 876; x_wconf 89' lang='lat' dir='ltr'><strong>uit,</strong></span> <span class='ocrx_word' id='word_1_464' title='bbox 3035 828 3135 866; x_wconf 81' lang='lat' dir='ltr'><strong>non</strong></span> <span class='ocrx_word' id='word_1_465' title='bbox 3166 815 3359 868; x_wconf 75' lang='lat' dir='ltr'><strong>ridetur</strong></span> <span class='ocrx_word' id='word_1_466' title='bbox 3380 826 3459 869; x_wconf 87' lang='lat' dir='ltr'><strong>sat</strong></span> <span class='ocrx_word' id='word_1_467' title='bbox 3474 815 3569 867; x_wconf 84' lang='lat' dir='ltr'><strong>otii</strong></span> 
     </span>
    </p>
   </div>
   <div class='ocr_carea' id='block_1_68' title="bbox 1982 898 3571 974">
    <p class='ocr_par' dir='ltr' id='par_1_68' title="bbox 1982 898 3571 974">
     <span class='ocr_line' id='line_1_68' title="bbox 1982 898 3571 974; baseline 0.006 -23"><span class='ocrx_word' id='word_1_468' title='bbox 1982 909 2029 951; x_wconf 90' lang='lat' dir='ltr'><strong>et</strong></span> <span class='ocrx_word' id='word_1_469' title='bbox 2065 899 2216 967; x_wconf 82' lang='lat' dir='ltr'><strong>spatii</strong></span> <span class='ocrx_word' id='word_1_470' title='bbox 2257 898 2518 966; x_wconf 78' lang='lat' dir='ltr'><strong>habuisse,</strong></span> <span class='ocrx_word' id='word_1_471' title='bbox 2562 910 2614 953; x_wconf 87' lang='lat' dir='ltr'><strong>ut</strong></span> <span class='ocrx_word' id='word_1_472' title='bbox 2653 909 2792 954; x_wconf 89' lang='lat' dir='ltr'><strong>tanto</strong></span> <span class='ocrx_word' id='word_1_473' title='bbox 2829 901 3024 955; x_wconf 72' lang='lat' dir='ltr'><strong>edendo</strong></span> <span class='ocrx_word' id='word_1_474' title='bbox 3050 907 3191 974; x_wconf 80' lang='lat' dir='ltr'><strong>operi</strong></span> <span class='ocrx_word' id='word_1_475' title='bbox 3223 900 3427 959; x_wconf 80' lang='lat' dir='ltr'><strong>manum</strong></span> <span class='ocrx_word' id='word_1_476' title='bbox 3468 908 3571 959; x_wconf 80' lang='lat' dir='ltr'><strong>ad-</strong></span> 
     </span>
    </p>
   </div>
   <div class='ocr_carea' id='block_1_69' title="bbox 1985 999 2221 1042">
    <p class='ocr_par' dir='ltr' id='par_1_69' title="bbox 1985 999 2221 1042">
     <span class='ocr_line' id='line_1_69' title="bbox 1985 999 2221 1042; baseline 0.004 -1"><span class='ocrx_word' id='word_1_477' title='bbox 1985 999 2200 1042; x_wconf 72' lang='lat' dir='ltr'><strong>moveret</strong></span> <span class='ocrx_word' id='word_1_478' title='bbox 2208 1027 2221 1042; x_wconf 76' lang='grc' dir='ltr'><strong><em>ο</em></strong></span> 
     </span>
    </p>
   </div>
   <div class='ocr_carea' id='block_1_70' title="bbox 2057 1081 3572 1160">
    <p class='ocr_par' dir='ltr' id='par_1_70' title="bbox 2057 1081 3572 1160">
     <span class='ocr_line' id='line_1_70' title="bbox 2057 1081 3572 1160; baseline 0.008 -25"><span class='ocrx_word' id='word_1_479' title='bbox 2057 1081 2516 1151; x_wconf 68' lang='lat' dir='ltr'><strong>Elegantissimam</strong></span> <span class='ocrx_word' id='word_1_480' title='bbox 2564 1081 2978 1155; x_wconf 78' lang='lat' dir='ltr'><strong>houniliam_(1’.</strong></span> <span class='ocrx_word' id='word_1_481' title='bbox 3017 1088 3070 1141; x_wconf 84' lang='grc'><strong>6.</strong></span> <span class='ocrx_word' id='word_1_482' title='bbox 3108 1104 3155 1142; x_wconf 90' lang='lat' dir='ltr'><strong>c.</strong></span> <span class='ocrx_word' id='word_1_483' title='bbox 3182 1088 3284 1144; x_wconf 71' lang='grc'><strong>247</strong></span> <span class='ocrx_word' id='word_1_484' title='bbox 3320 1089 3339 1160; x_wconf 91' lang='grc'>)</span> <span class='ocrx_word' id='word_1_485' title='bbox 3390 1089 3572 1147; x_wconf 87' lang='lat' dir='ltr'><strong>halmit</strong></span> 
     </span>
    </p>
   </div>
   <div class='ocr_carea' id='block_1_71' title="bbox 1986 1166 3573 1249">
    <p class='ocr_par' dir='ltr' id='par_1_71' title="bbox 1986 1166 3573 1249">
     <span class='ocr_line' id='line_1_71' title="bbox 1986 1166 3573 1249; baseline 0.005 -23"><span class='ocrx_word' id='word_1_486' title='bbox 1986 1171 2285 1226; x_wconf 81' lang='lat' dir='ltr'><strong>Antiochia:</strong></span> <span class='ocrx_word' id='word_1_487' title='bbox 2331 1174 2382 1226; x_wconf 91' lang='lat' dir='ltr'><strong>in</strong></span> <span class='ocrx_word' id='word_1_488' title='bbox 2441 1191 2626 1242; x_wconf 72' lang='lat' dir='ltr'><strong>magna</strong></span> <span class='ocrx_word' id='word_1_489' title='bbox 2674 1178 2896 1230; x_wconf 82' lang='lat' dir='ltr'><strong>ecclesia</strong></span> <span class='ocrx_word' id='word_1_490' title='bbox 2942 1192 3066 1232; x_wconf 84' lang='lat' dir='ltr'><strong>cum</strong></span> <span class='ocrx_word' id='word_1_491' title='bbox 3110 1166 3273 1248; x_wconf 83' lang='lat' dir='ltr'><strong>pauca</strong></span> <span class='ocrx_word' id='word_1_492' title='bbox 3323 1182 3573 1249; x_wconf 69' lang='lat' dir='ltr'><strong>praatatus</strong></span> 
     </span>
    </p>
   </div>
   <div class='ocr_carea' id='block_1_72' title="bbox 1986 1261 3573 1337">
    <p class='ocr_par' dir='ltr' id='par_1_72' title="bbox 1986 1261 3573 1337">
     <span class='ocr_line' id='line_1_72' title="bbox 1986 1261 3573 1337; baseline 0.006 -23"><span class='ocrx_word' id='word_1_493' title='bbox 1986 1272 2126 1314; x_wconf 85' lang='lat' dir='ltr'><strong>esset</strong></span> <span class='ocrx_word' id='word_1_494' title='bbox 2155 1263 2435 1330; x_wconf 80' lang='lat' dir='ltr'><strong>episcopus</strong></span> <span class='ocrx_word' id='word_1_495' title='bbox 2480 1261 2779 1330; x_wconf 83' lang='lat' dir='ltr'><strong>Flavianus,</strong></span> <span class='ocrx_word' id='word_1_496' title='bbox 2819 1267 2870 1321; x_wconf 89' lang='lat' dir='ltr'><strong>in</strong></span> <span class='ocrx_word' id='word_1_497' title='bbox 2912 1266 3037 1319; x_wconf 86' lang='lat' dir='ltr'><strong>illud</strong></span> <span class='ocrx_word' id='word_1_498' title='bbox 3086 1268 3371 1337; x_wconf 76' lang='lat' dir='ltr'><strong>Evangelii,</strong></span> <span class='ocrx_word' id='word_1_499' title='bbox 3408 1268 3573 1324; x_wconf 75' lang='lat' dir='ltr'><strong>Filius</strong></span> 
     </span>
    </p>
   </div>
   <div class='ocr_carea' id='block_1_73' title="bbox 1987 1352 3571 1429">
    <p class='ocr_par' dir='ltr' id='par_1_73' title="bbox 1987 1352 3571 1429">
     <span class='ocr_line' id='line_1_73' title="bbox 1987 1352 3571 1429; baseline 0.006 -25"><span class='ocrx_word' id='word_1_500' title='bbox 1987 1354 2049 1404; x_wconf 74' lang='lat' dir='ltr'><strong>ea:</strong></span> <span class='ocrx_word' id='word_1_501' title='bbox 2094 1352 2258 1422; x_wconf 80' lang='lat' dir='ltr'><strong>seipse</strong></span> <span class='ocrx_word' id='word_1_502' title='bbox 2311 1353 2455 1406; x_wconf 82' lang='lat' dir='ltr'><strong>nihil</strong></span> <span class='ocrx_word' id='word_1_503' title='bbox 2492 1356 2646 1423; x_wconf 77' lang='lat' dir='ltr'><strong>facit,</strong></span> <span class='ocrx_word' id='word_1_504' title='bbox 2686 1355 2782 1409; x_wconf 89' lang='lat' dir='ltr'><strong>nisi</strong></span> <span class='ocrx_word' id='word_1_505' title='bbox 2826 1359 2957 1426; x_wconf 80' lang='lat' dir='ltr'><strong>quod</strong></span> <span class='ocrx_word' id='word_1_506' title='bbox 3009 1358 3186 1411; x_wconf 70' lang='lat' dir='ltr'><strong>viderit</strong></span> <span class='ocrx_word' id='word_1_507' title='bbox 3237 1358 3442 1413; x_wconf 80' lang='lat' dir='ltr'><strong>Patrem</strong></span> <span class='ocrx_word' id='word_1_508' title='bbox 3486 1362 3571 1429; x_wconf 61' lang='lat' dir='ltr'><strong>[ac</strong></span> 
     </span>
    </p>
   </div>
   <div class='ocr_carea' id='block_1_74' title="bbox 1987 1444 3577 1520">
    <p class='ocr_par' dir='ltr' id='par_1_74' title="bbox 1987 1444 3577 1520">
     <span class='ocr_line' id='line_1_74' title="bbox 1987 1444 3577 1520; baseline 0.007 -23"><span class='ocrx_word' id='word_1_509' title='bbox 1987 1445 2218 1498; x_wconf 78' lang='lat' dir='ltr'><strong>cientem.</strong></span> <span class='ocrx_word' id='word_1_510' title='bbox 2250 1444 2415 1515; x_wconf 81' lang='lat' dir='ltr'><strong>llujus</strong></span> <span class='ocrx_word' id='word_1_511' title='bbox 2472 1456 2647 1500; x_wconf 90' lang='lat' dir='ltr'><strong>autem</strong></span> <span class='ocrx_word' id='word_1_512' title='bbox 2697 1449 3128 1514; x_wconf 54' lang='lat' dir='ltr'><strong>concionis,‘seu</strong></span> <span class='ocrx_word' id='word_1_513' title='bbox 3177 1450 3354 1520; x_wconf 91' lang='lat' dir='ltr'><strong>potius</strong></span> <span class='ocrx_word' id='word_1_514' title='bbox 3401 1452 3577 1508; x_wconf 80' lang='lat' dir='ltr'><strong>disce-</strong></span> 
     </span>
    </p>
   </div>
   <div class='ocr_carea' id='block_1_75' title="bbox 1989 1535 3575 1614">
    <p class='ocr_par' dir='ltr' id='par_1_75' title="bbox 1989 1535 3575 1614">
     <span class='ocr_line' id='line_1_75' title="bbox 1989 1535 3575 1614; baseline 0.007 -28"><span class='ocrx_word' id='word_1_515' title='bbox 1989 1535 2242 1604; x_wconf 84' lang='lat' dir='ltr'><strong>ptationis</strong></span> <span class='ocrx_word' id='word_1_516' title='bbox 2292 1535 2455 1608; x_wconf 84' lang='lat' dir='ltr'><strong>(nam</strong></span> <span class='ocrx_word' id='word_1_517' title='bbox 2505 1546 2611 1590; x_wconf 89' lang='lat' dir='ltr'><strong>tota</strong></span> <span class='ocrx_word' id='word_1_518' title='bbox 2666 1538 2717 1591; x_wconf 92' lang='lat' dir='ltr'><strong>in</strong></span> <span class='ocrx_word' id='word_1_519' title='bbox 2764 1554 2958 1609; x_wconf 77' lang='lat' dir='ltr'><strong>genere</strong></span> <span class='ocrx_word' id='word_1_520' title='bbox 3000 1542 3244 1609; x_wconf 77' lang='lat' dir='ltr'><strong>polemico</strong></span> <span class='ocrx_word' id='word_1_521' title='bbox 3296 1542 3575 1614; x_wconf 84' lang='lat' dir='ltr'><strong>versatur)</strong></span> 
     </span>
    </p>
   </div>
   <div class='ocr_carea' id='block_1_76' title="bbox 1990 1624 3574 1700">
    <p class='ocr_par' dir='ltr' id='par_1_76' title="bbox 1990 1624 3574 1700">
     <span class='ocr_line' id='line_1_76' title="bbox 1990 1624 3574 1700; baseline 0.007 -22"><span class='ocrx_word' id='word_1_522' title='bbox 1990 1624 2202 1679; x_wconf 82' lang='lat' dir='ltr'><strong>occasio</strong></span> <span class='ocrx_word' id='word_1_523' title='bbox 2260 1627 2356 1679; x_wconf 77' lang='lat' dir='ltr'><strong>fuit</strong></span> <span class='ocrx_word' id='word_1_524' title='bbox 2412 1629 2795 1683; x_wconf 67' lang='lat' dir='ltr'><strong>Anontoeorunt</strong></span> <span class='ocrx_word' id='word_1_525' title='bbox 2849 1630 3089 1698; x_wconf 51' lang='lat' dir='ltr'><strong>quoniam</strong></span> <span class='ocrx_word' id='word_1_526' title='bbox 3148 1632 3397 1700; x_wconf 88' lang='lat' dir='ltr'><strong>objectio.</strong></span> <span class='ocrx_word' id='word_1_527' title='bbox 3441 1633 3574 1689; x_wconf 80' lang='lat' dir='ltr'><strong>Cum</strong></span> 
     </span>
    </p>
   </div>
   <div class='ocr_carea' id='block_1_77' title="bbox 1989 1715 3578 1788">
    <p class='ocr_par' dir='ltr' id='par_1_77' title="bbox 1989 1715 3578 1788">
     <span class='ocr_line' id='line_1_77' title="bbox 1989 1715 3578 1788; baseline 0.006 -18"><span class='ocrx_word' id='word_1_528' title='bbox 1989 1715 2132 1770; x_wconf 88' lang='lat' dir='ltr'><strong>enim</strong></span> <span class='ocrx_word' id='word_1_529' title='bbox 2190 1715 2603 1788; x_wconf 63' lang='lat' dir='ltr'><strong>Cbrysmtomus</strong></span> <span class='ocrx_word' id='word_1_530' title='bbox 2654 1719 2707 1772; x_wconf 89' lang='lat' dir='ltr'><strong>in</strong></span> <span class='ocrx_word' id='word_1_531' title='bbox 2764 1720 3087 1788; x_wconf 75' lang='lat' dir='ltr'><strong>prmeedenti</strong></span> <span class='ocrx_word' id='word_1_532' title='bbox 3149 1723 3410 1777; x_wconf 86' lang='lat' dir='ltr'><strong>concione</strong></span> <span class='ocrx_word' id='word_1_533' title='bbox 3477 1723 3578 1780; x_wconf 87' lang='lat' dir='ltr'><strong>hoc</strong></span> 
     </span>
    </p>
   </div>
   <div class='ocr_carea' id='block_1_78' title="bbox 1990 1805 3579 1877">
    <p class='ocr_par' dir='ltr' id='par_1_78' title="bbox 1990 1805 3579 1877">
     <span class='ocr_line' id='line_1_78' title="bbox 1990 1805 3579 1877; baseline 0.005 -18"><span class='ocrx_word' id='word_1_534' title='bbox 1990 1805 2135 1860; x_wconf 84' lang='lat' dir='ltr'><strong>dicto</strong></span> <span class='ocrx_word' id='word_1_535' title='bbox 2177 1805 2485 1875; x_wconf 78' lang='lat' dir='ltr'><strong>evattgelico</strong></span> <span class='ocrx_word' id='word_1_536' title='bbox 2527 1808 2580 1861; x_wconf 87' lang='lat' dir='ltr'><strong>in</strong></span> <span class='ocrx_word' id='word_1_537' title='bbox 2629 1807 2864 1863; x_wconf 81' lang='lat' dir='ltr'><strong>medium</strong></span> <span class='ocrx_word' id='word_1_538' title='bbox 2912 1810 3177 1877; x_wconf 88' lang='lat' dir='ltr'><strong>adducto,</strong></span> <span class='ocrx_word' id='word_1_539' title='bbox 3228 1809 3387 1865; x_wconf 78' lang='lat' dir='ltr'><strong>Pater</strong></span> <span class='ocrx_word' id='word_1_540' title='bbox 3440 1829 3579 1867; x_wconf 82' lang='lat' dir='ltr'><strong>meus</strong></span> 
     </span>
    </p>
   </div>
   <div class='ocr_carea' id='block_1_79' title="bbox 1990 1900 3585 1972">
    <p class='ocr_par' dir='ltr' id='par_1_79' title="bbox 1990 1900 3585 1972">
     <span class='ocr_line' id='line_1_79' title="bbox 1990 1900 3585 1972; baseline 0.003 -22"><span class='ocrx_word' id='word_1_541' title='bbox 1990 1913 2146 1969; x_wconf 85' lang='lat' dir='ltr'><strong>usque</strong></span> <span class='ocrx_word' id='word_1_542' title='bbox 2186 1900 2335 1952; x_wconf 86' lang='lat' dir='ltr'><strong>modo</strong></span> <span class='ocrx_word' id='word_1_543' title='bbox 2370 1912 2629 1969; x_wconf 82' lang='lat' dir='ltr'><strong>operatur,</strong></span> <span class='ocrx_word' id='word_1_544' title='bbox 2666 1910 2714 1955; x_wconf 87' lang='lat' dir='ltr'><strong>et</strong></span> <span class='ocrx_word' id='word_1_545' title='bbox 2754 1918 2842 1972; x_wconf 78' lang='lat' dir='ltr'><strong>ego</strong></span> <span class='ocrx_word' id='word_1_546' title='bbox 2873 1919 3084 1972; x_wconf 78' lang='lat' dir='ltr'><strong>operor,</strong></span> <span class='ocrx_word' id='word_1_547' title='bbox 3110 1905 3433 1959; x_wconf 86' lang='lat' dir='ltr'><strong>ostendisset</strong></span> <span class='ocrx_word' id='word_1_548' title='bbox 3461 1905 3585 1960; x_wconf 65' lang='lat' dir='ltr'><strong>Filii,</strong></span> 
     </span>
    </p>
   </div>
   <div class='ocr_carea' id='block_1_80' title="bbox 1990 1988 3582 2065">
    <p class='ocr_par' dir='ltr' id='par_1_80' title="bbox 1990 1988 3582 2065">
     <span class='ocr_line' id='line_1_80' title="bbox 1990 1988 3582 2065; baseline 0.005 -22"><span class='ocrx_word' id='word_1_549' title='bbox 1990 2004 2111 2043; x_wconf 88' lang='lat' dir='ltr'><strong>cmn</strong></span> <span class='ocrx_word' id='word_1_550' title='bbox 2142 1988 2301 2044; x_wconf 84' lang='lat' dir='ltr'><strong>Patre</strong></span> <span class='ocrx_word' id='word_1_551' title='bbox 2324 1992 2703 2060; x_wconf 69' lang='lat' dir='ltr'><strong>mqualitatent,</strong></span> <span class='ocrx_word' id='word_1_552' title='bbox 2729 2008 2886 2062; x_wconf 84' lang='lat' dir='ltr'><strong>quam</strong></span> <span class='ocrx_word' id='word_1_553' title='bbox 2911 1994 3093 2057; x_wconf 87' lang='lat' dir='ltr'><strong>etiam,</strong></span> <span class='ocrx_word' id='word_1_554' title='bbox 3127 1994 3318 2065; x_wconf 89' lang='lat' dir='ltr'><strong>inquit,</strong></span> <span class='ocrx_word' id='word_1_555' title='bbox 3347 1996 3582 2051; x_wconf 76' lang='lat' dir='ltr'><strong>declarat</strong></span> 
     </span>
    </p>
   </div>
   <div class='ocr_carea' id='block_1_81' title="bbox 1990 2082 3582 2158">
    <p class='ocr_par' dir='ltr' id='par_1_81' title="bbox 1990 2082 3582 2158">
     <span class='ocr_line' id='line_1_81' title="bbox 1990 2082 3582 2158; baseline 0.003 -22"><span class='ocrx_word' id='word_1_556' title='bbox 1990 2082 2315 2152; x_wconf 78' lang='lat' dir='ltr'><strong>evangelista</strong></span> <span class='ocrx_word' id='word_1_557' title='bbox 2345 2083 2429 2137; x_wconf 81' lang='lat' dir='ltr'><strong>his</strong></span> <span class='ocrx_word' id='word_1_558' title='bbox 2452 2084 2646 2149; x_wconf 79' lang='lat' dir='ltr'><strong>verbis,</strong></span> <span class='ocrx_word' id='word_1_559' title='bbox 2676 2083 2951 2155; x_wconf 78' lang='lat' dir='ltr'><strong>Propterea</strong></span> <span class='ocrx_word' id='word_1_560' title='bbox 2975 2086 3135 2157; x_wconf 80' lang='lat' dir='ltr'><strong>magis</strong></span> <span class='ocrx_word' id='word_1_561' title='bbox 3160 2089 3582 2158; x_wconf 82' lang='lat' dir='ltr'><strong>persequebantur</strong></span> 
     </span>
    </p>
   </div>
   <div class='ocr_carea' id='block_1_82' title="bbox 1990 2174 3581 2245">
    <p class='ocr_par' dir='ltr' id='par_1_82' title="bbox 1990 2174 3581 2245">
     <span class='ocr_line' id='line_1_82' title="bbox 1990 2174 3581 2245; baseline 0.005 -18"><span class='ocrx_word' id='word_1_562' title='bbox 1990 2189 2123 2237; x_wconf 84' lang='lat' dir='ltr'><strong>eum,</strong></span> <span class='ocrx_word' id='word_1_563' title='bbox 2156 2189 2260 2227; x_wconf 84' lang='lat' dir='ltr'><strong>non</strong></span> <span class='ocrx_word' id='word_1_564' title='bbox 2284 2174 2447 2227; x_wconf 86' lang='lat' dir='ltr'><strong>solum</strong></span> <span class='ocrx_word' id='word_1_565' title='bbox 2475 2176 2593 2245; x_wconf 82' lang='lat' dir='ltr'><strong>quia</strong></span> <span class='ocrx_word' id='word_1_566' title='bbox 2619 2176 2837 2230; x_wconf 78' lang='lat' dir='ltr'><strong>solvebat</strong></span> <span class='ocrx_word' id='word_1_567' title='bbox 2860 2177 3155 2241; x_wconf 85' lang='lat' dir='ltr'><strong>sabbatum,</strong></span> <span class='ocrx_word' id='word_1_568' title='bbox 3184 2178 3274 2232; x_wconf 79' lang='lat' dir='ltr'><strong>sed</strong></span> <span class='ocrx_word' id='word_1_569' title='bbox 3300 2188 3343 2232; x_wconf 87' lang='lat' dir='ltr'><strong>et</strong></span> <span class='ocrx_word' id='word_1_570' title='bbox 3376 2178 3581 2236; x_wconf 75' lang='lat' dir='ltr'><strong>Patrem</strong></span> 
     </span>
    </p>
   </div>
   <div class='ocr_carea' id='block_1_83' title="bbox 1990 2263 3576 2339">
    <p class='ocr_par' dir='ltr' id='par_1_83' title="bbox 1990 2263 3576 2339">
     <span class='ocr_line' id='line_1_83' title="bbox 1990 2263 3576 2339; baseline 0.009 -25"><span class='ocrx_word' id='word_1_571' title='bbox 1990 2280 2140 2317; x_wconf 89' lang='lat' dir='ltr'><strong>suum</strong></span> <span class='ocrx_word' id='word_1_572' title='bbox 2180 2264 2373 2333; x_wconf 81' lang='lat' dir='ltr'><strong>diccbat</strong></span> <span class='ocrx_word' id='word_1_573' title='bbox 2400 2263 2566 2319; x_wconf 82' lang='lat' dir='ltr'><strong>Deum</strong></span> <span class='ocrx_word' id='word_1_574' title='bbox 2586 2308 2599 2332; x_wconf 91' lang='lat'><strong>,</strong></span> <span class='ocrx_word' id='word_1_575' title='bbox 2640 2268 2886 2332; x_wconf 71' lang='lat' dir='ltr'><strong>(aqualem</strong></span> <span class='ocrx_word' id='word_1_576' title='bbox 2911 2285 2964 2322; x_wconf 88' lang='lat' dir='ltr'><strong>se</strong></span> <span class='ocrx_word' id='word_1_577' title='bbox 2990 2268 3183 2339; x_wconf 77' lang='lat' dir='ltr'><strong>faciens</strong></span> <span class='ocrx_word' id='word_1_578' title='bbox 3209 2269 3355 2336; x_wconf 79' lang='lat' dir='ltr'><strong>Deo;</strong></span> <span class='ocrx_word' id='word_1_579' title='bbox 3383 2272 3449 2326; x_wconf 89' lang='lat' dir='ltr'><strong>ita</strong></span> <span class='ocrx_word' id='word_1_580' title='bbox 3479 2288 3576 2328; x_wconf 71' lang='lat' dir='ltr'><strong>seu</strong></span> 
     </span>
    </p>
   </div>
   <div class='ocr_carea' id='block_1_84' title="bbox 1990 2355 3576 2432">
    <p class='ocr_par' dir='ltr' id='par_1_84' title="bbox 1990 2355 3576 2432">
     <span class='ocr_line' id='line_1_84' title="bbox 1990 2355 3576 2432; baseline 0.006 -26"><span class='ocrx_word' id='word_1_581' title='bbox 1990 2368 2205 2408; x_wconf 83' lang='lat' dir='ltr'><strong>monent</strong></span> <span class='ocrx_word' id='word_1_582' title='bbox 2232 2357 2442 2409; x_wconf 78' lang='lat' dir='ltr'><strong>clausit.</strong></span> <span class='ocrx_word' id='word_1_583' title='bbox 2491 2355 2737 2411; x_wconf 66' lang='lat' dir='ltr'><strong>llwretici</strong></span> <span class='ocrx_word' id='word_1_584' title='bbox 2776 2367 2953 2412; x_wconf 87' lang='lat' dir='ltr'><strong>autem</strong></span> <span class='ocrx_word' id='word_1_585' title='bbox 2999 2361 3245 2415; x_wconf 72' lang='lat' dir='ltr'><strong>Anommi</strong></span> <span class='ocrx_word' id='word_1_586' title='bbox 3277 2361 3402 2416; x_wconf 88' lang='lat' dir='ltr'><strong>huic</strong></span> <span class='ocrx_word' id='word_1_587' title='bbox 3430 2379 3576 2432; x_wconf 80' lang='lat' dir='ltr'><strong>argu-</strong></span> 
     </span>
    </p>
   </div>
   <div class='ocr_carea' id='block_1_85' title="bbox 1993 2443 3574 2521">
    <p class='ocr_par' dir='ltr' id='par_1_85' title="bbox 1993 2443 3574 2521">
     <span class='ocr_line' id='line_1_85' title="bbox 1993 2443 3574 2521; baseline 0.003 -24"><span class='ocrx_word' id='word_1_588' title='bbox 1993 2454 2175 2499; x_wconf 90' lang='lat' dir='ltr'><strong>mento</strong></span> <span class='ocrx_word' id='word_1_589' title='bbox 2200 2461 2264 2498; x_wconf 77' lang='lat' dir='ltr'><strong>ex</strong></span> <span class='ocrx_word' id='word_1_590' title='bbox 2295 2443 2502 2500; x_wconf 88' lang='lat' dir='ltr'><strong>Joanne</strong></span> <span class='ocrx_word' id='word_1_591' title='bbox 2527 2448 2850 2517; x_wconf 77' lang='lat' dir='ltr'><strong>evangelista</strong></span> <span class='ocrx_word' id='word_1_592' title='bbox 2877 2448 3371 2517; x_wconf 88' lang='lat' dir='ltr'><strong>desumpto,&#39;alinm</strong></span> <span class='ocrx_word' id='word_1_593' title='bbox 3414 2468 3574 2521; x_wconf 68' lang='lat' dir='ltr'><strong>Oppm</strong></span> 
     </span>
    </p>
   </div>
   <div class='ocr_carea' id='block_1_86' title="bbox 1992 2536 3578 2609">
    <p class='ocr_par' dir='ltr' id='par_1_86' title="bbox 1992 2536 3578 2609">
     <span class='ocr_line' id='line_1_86' title="bbox 1992 2536 3578 2609; baseline 0.006 -20"><span class='ocrx_word' id='word_1_594' title='bbox 1992 2552 2149 2590; x_wconf 84' lang='lat' dir='ltr'><strong>suere</strong></span> <span class='ocrx_word' id='word_1_595' title='bbox 2192 2536 2410 2592; x_wconf 82' lang='lat' dir='ltr'><strong>Joannis</strong></span> <span class='ocrx_word' id='word_1_596' title='bbox 2454 2540 2661 2603; x_wconf 86' lang='lat' dir='ltr'><strong>locum,</strong></span> <span class='ocrx_word' id='word_1_597' title='bbox 2710 2556 2902 2607; x_wconf 91' lang='lat' dir='ltr'><strong>nempe</strong></span> <span class='ocrx_word' id='word_1_598' title='bbox 2946 2540 3073 2594; x_wconf 90' lang='lat' dir='ltr'><strong>illud</strong></span> <span class='ocrx_word' id='word_1_599' title='bbox 3112 2542 3334 2596; x_wconf 80' lang='lat' dir='ltr'><strong>Joannis</strong></span> <span class='ocrx_word' id='word_1_600' title='bbox 3382 2544 3447 2609; x_wconf 83' lang='grc'><strong>5,</strong></span> <span class='ocrx_word' id='word_1_601' title='bbox 3480 2544 3578 2600; x_wconf 75' lang='lat' dir='ltr'><strong>t9:</strong></span> 
     </span>
    </p>
   </div>
   <div class='ocr_carea' id='block_1_87' title="bbox 1994 2626 3582 2706">
    <p class='ocr_par' dir='ltr' id='par_1_87' title="bbox 1994 2626 3582 2706">
     <span class='ocr_line' id='line_1_87' title="bbox 1994 2626 3582 2706; baseline 0.005 -25"><span class='ocrx_word' id='word_1_602' title='bbox 1994 2626 2147 2681; x_wconf 69' lang='lat' dir='ltr'><strong>t‘t’ihil</strong></span> <span class='ocrx_word' id='word_1_603' title='bbox 2172 2637 2330 2697; x_wconf 85' lang='lat' dir='ltr'><strong>potest</strong></span> <span class='ocrx_word' id='word_1_604' title='bbox 2355 2631 2523 2699; x_wconf 78' lang='lat' dir='ltr'><strong>facere</strong></span> <span class='ocrx_word' id='word_1_605' title='bbox 2564 2629 2614 2685; x_wconf 83' lang='lat' dir='ltr'><em>F</em></span> <span class='ocrx_word' id='word_1_606' title='bbox 2615 2631 2734 2685; x_wconf 86' lang='lat' dir='ltr'><strong>ilius</strong></span> <span class='ocrx_word' id='word_1_607' title='bbox 2753 2673 2768 2697; x_wconf 94' lang='lat'><strong>,</strong></span> <span class='ocrx_word' id='word_1_608' title='bbox 2801 2634 2897 2686; x_wconf 84' lang='lat' dir='ltr'><strong>nisi</strong></span> <span class='ocrx_word' id='word_1_609' title='bbox 2940 2634 3114 2687; x_wconf 80' lang='lat' dir='ltr'><strong>uiderit</strong></span> <span class='ocrx_word' id='word_1_610' title='bbox 3142 2632 3353 2688; x_wconf 84' lang='lat' dir='ltr'><strong>Patrem</strong></span> <span class='ocrx_word' id='word_1_611' title='bbox 3396 2637 3582 2706; x_wconf 76' lang='lat' dir='ltr'><strong>facien-</strong></span> 
     </span>
    </p>
   </div>
   <div class='ocr_carea' id='block_1_88' title="bbox 1991 2719 3587 2794">
    <p class='ocr_par' dir='ltr' id='par_1_88' title="bbox 1991 2719 3587 2794">
     <span class='ocr_line' id='line_1_88' title="bbox 1991 2719 3587 2794; baseline 0.008 -23"><span class='ocrx_word' id='word_1_612' title='bbox 1991 2726 2109 2772; x_wconf 85' lang='lat' dir='ltr'><strong>tem.</strong></span> <span class='ocrx_word' id='word_1_613' title='bbox 2138 2719 2377 2791; x_wconf 83' lang='lat' dir='ltr'><strong>Cumque</strong></span> <span class='ocrx_word' id='word_1_614' title='bbox 2407 2723 2525 2776; x_wconf 77' lang='lat' dir='ltr'><strong>talis</strong></span> <span class='ocrx_word' id='word_1_615' title='bbox 2545 2735 2689 2778; x_wconf 86' lang='lat' dir='ltr'><strong>esset</strong></span> <span class='ocrx_word' id='word_1_616' title='bbox 2714 2721 2946 2793; x_wconf 86' lang='lat' dir='ltr'><strong>objectio</strong></span> <span class='ocrx_word' id='word_1_617' title='bbox 2968 2740 3087 2794; x_wconf 78' lang='lat' dir='ltr'><strong>qua:</strong></span> <span class='ocrx_word' id='word_1_618' title='bbox 3116 2735 3294 2793; x_wconf 89' lang='lat' dir='ltr'><strong>posset</strong></span> <span class='ocrx_word' id='word_1_619' title='bbox 3316 2726 3587 2785; x_wconf 79' lang='lat' dir='ltr'><strong>auditores</strong></span> 
     </span>
    </p>
   </div>
   <div class='ocr_carea' id='block_1_89' title="bbox 1993 2814 3589 2885">
    <p class='ocr_par' dir='ltr' id='par_1_89' title="bbox 1993 2814 3589 2885">
     <span class='ocr_line' id='line_1_89' title="bbox 1993 2814 3589 2885; baseline 0.004 -18"><span class='ocrx_word' id='word_1_620' title='bbox 1993 2814 2210 2868; x_wconf 85' lang='lat' dir='ltr'><strong>turbare</strong></span> <span class='ocrx_word' id='word_1_621' title='bbox 2238 2826 2397 2884; x_wconf 83' lang='lat' dir='ltr'><strong>atque</strong></span> <span class='ocrx_word' id='word_1_622' title='bbox 2424 2815 2748 2885; x_wconf 85' lang='lat' dir='ltr'><strong>percellere,</strong></span> <span class='ocrx_word' id='word_1_623' title='bbox 2790 2833 2924 2884; x_wconf 89' lang='lat' dir='ltr'><strong>opus</strong></span> <span class='ocrx_word' id='word_1_624' title='bbox 2949 2825 3065 2871; x_wconf 82' lang='lat' dir='ltr'><strong>erat</strong></span> <span class='ocrx_word' id='word_1_625' title='bbox 3107 2815 3268 2872; x_wconf 89' lang='lat' dir='ltr'><strong>hasce</strong></span> <span class='ocrx_word' id='word_1_626' title='bbox 3294 2821 3589 2874; x_wconf 80' lang='lat' dir='ltr'><strong>Anetan-</strong></span> 
     </span>
    </p>
   </div>
   <div class='ocr_carea' id='block_1_90' title="bbox 1990 2903 3588 2980">
    <p class='ocr_par' dir='ltr' id='par_1_90' title="bbox 1990 2903 3588 2980">
     <span class='ocr_line' id='line_1_90' title="bbox 1990 2903 3588 2980; baseline 0.004 -22"><span class='ocrx_word' id='word_1_627' title='bbox 1990 2918 2109 2958; x_wconf 89' lang='lat' dir='ltr'><strong>rum</strong></span> <span class='ocrx_word' id='word_1_628' title='bbox 2140 2903 2376 2975; x_wconf 79' lang='lat' dir='ltr'><strong>argutias</strong></span> <span class='ocrx_word' id='word_1_629' title='bbox 2412 2907 2707 2961; x_wconf 74' lang='lat' dir='ltr'><strong>confutare.</strong></span> <span class='ocrx_word' id='word_1_630' title='bbox 2744 2906 3101 2972; x_wconf 76' lang='lat' dir='ltr'><strong>Quamobrem</strong></span> <span class='ocrx_word' id='word_1_631' title='bbox 3145 2906 3433 2964; x_wconf 86' lang='lat' dir='ltr'><strong>Flavianus</strong></span> <span class='ocrx_word' id='word_1_632' title='bbox 3467 2911 3588 2980; x_wconf 83' lang='lat' dir='ltr'><strong>epi-</strong></span> 
     </span>
    </p>
   </div>
   <div class='ocr_carea' id='block_1_91' title="bbox 1991 2998 3586 3069">
    <p class='ocr_par' dir='ltr' id='par_1_91' title="bbox 1991 2998 3586 3069">
     <span class='ocr_line' id='line_1_91' title="bbox 1991 2998 3586 3069; baseline 0.004 -21"><span class='ocrx_word' id='word_1_633' title='bbox 1991 3010 2185 3063; x_wconf 83' lang='lat' dir='ltr'><strong>scopos</strong></span> <span class='ocrx_word' id='word_1_634' title='bbox 2211 3011 2374 3063; x_wconf 81' lang='lat' dir='ltr'><strong>pauca</strong></span> <span class='ocrx_word' id='word_1_635' title='bbox 2402 2998 2680 3064; x_wconf 71' lang='lat' dir='ltr'><strong>praelatus,</strong></span> <span class='ocrx_word' id='word_1_636' title='bbox 2725 3013 2848 3050; x_wconf 87' lang='lat' dir='ltr'><strong>cum</strong></span> <span class='ocrx_word' id='word_1_637' title='bbox 2873 2998 3035 3051; x_wconf 88' lang='lat' dir='ltr'><strong>sciret</strong></span> <span class='ocrx_word' id='word_1_638' title='bbox 3062 2999 3310 3069; x_wconf 84' lang='lat' dir='ltr'><strong>p0puluut</strong></span> <span class='ocrx_word' id='word_1_639' title='bbox 3336 3000 3586 3055; x_wconf 75' lang='lat' dir='ltr'><strong>audiendi</strong></span> 
     </span>
    </p>
   </div>
   <div class='ocr_carea' id='block_1_92' title="bbox 1992 3086 3586 3157">
    <p class='ocr_par' dir='ltr' id='par_1_92' title="bbox 1992 3086 3586 3157">
     <span class='ocr_line' id='line_1_92' title="bbox 1992 3086 3586 3157; baseline 0.006 -20"><span class='ocrx_word' id='word_1_640' title='bbox 1992 3100 2056 3138; x_wconf 91' lang='lat' dir='ltr'><strong>ca</strong></span> <span class='ocrx_word' id='word_1_641' title='bbox 2096 3086 2163 3139; x_wconf 90' lang='lat' dir='ltr'><strong>de</strong></span> <span class='ocrx_word' id='word_1_642' title='bbox 2195 3101 2252 3140; x_wconf 89' lang='lat' dir='ltr'><strong>re</strong></span> <span class='ocrx_word' id='word_1_643' title='bbox 2283 3086 2649 3157; x_wconf 70' lang='lat' dir='ltr'><strong>Cbrycostomi</strong></span> <span class='ocrx_word' id='word_1_644' title='bbox 2680 3090 2930 3157; x_wconf 88' lang='lat' dir='ltr'><strong>cupidum</strong></span> <span class='ocrx_word' id='word_1_645' title='bbox 2977 3105 3097 3143; x_wconf 87' lang='lat' dir='ltr'><strong>esse</strong></span> <span class='ocrx_word' id='word_1_646' title='bbox 3121 3131 3134 3155; x_wconf 93' lang='lat'><strong>,</strong></span> <span class='ocrx_word' id='word_1_647' title='bbox 3175 3092 3285 3145; x_wconf 89' lang='lat' dir='ltr'><strong>cito</strong></span> <span class='ocrx_word' id='word_1_648' title='bbox 3330 3093 3488 3145; x_wconf 89' lang='lat' dir='ltr'><strong>tinem</strong></span> <span class='ocrx_word' id='word_1_649' title='bbox 3515 3093 3586 3146; x_wconf 73' lang='lat' dir='ltr'><strong>dio</strong></span> 
     </span>
    </p>
   </div>
   <div class='ocr_carea' id='block_1_93' title="bbox 1991 3174 3587 3247">
    <p class='ocr_par' dir='ltr' id='par_1_93' title="bbox 1991 3174 3587 3247">
     <span class='ocr_line' id='line_1_93' title="bbox 1991 3174 3587 3247; baseline 0.006 -19"><span class='ocrx_word' id='word_1_650' title='bbox 1991 3175 2144 3228; x_wconf 89' lang='lat' dir='ltr'><strong>cendi</strong></span> <span class='ocrx_word' id='word_1_651' title='bbox 2174 3174 2319 3239; x_wconf 77' lang='lat' dir='ltr'><strong>fecit,</strong></span> <span class='ocrx_word' id='word_1_652' title='bbox 2347 3186 2401 3231; x_wconf 87' lang='lat' dir='ltr'><strong>et</strong></span> <span class='ocrx_word' id='word_1_653' title='bbox 2429 3175 2813 3247; x_wconf 83' lang='lat' dir='ltr'><strong>Chrysostotno</strong></span> <span class='ocrx_word' id='word_1_654' title='bbox 2837 3176 3122 3233; x_wconf 68' lang='lat' dir='ltr'><strong>hwreticos</strong></span> <span class='ocrx_word' id='word_1_655' title='bbox 3148 3180 3457 3234; x_wconf 81' lang='lat' dir='ltr'><strong>confutaudi</strong></span> <span class='ocrx_word' id='word_1_656' title='bbox 3487 3196 3587 3237; x_wconf 56' lang='lat' dir='ltr'><strong>cu-</strong></span> 
     </span>
    </p>
   </div>
   <div class='ocr_carea' id='block_1_94' title="bbox 1991 3267 3601 3345">
    <p class='ocr_par' dir='ltr' id='par_1_94' title="bbox 1991 3267 3601 3345">
     <span class='ocr_line' id='line_1_94' title="bbox 1991 3267 3601 3345; baseline 0.006 -26"><span class='ocrx_word' id='word_1_657' title='bbox 1991 3282 2104 3321; x_wconf 78' lang='lat' dir='ltr'><strong>rum</strong></span> <span class='ocrx_word' id='word_1_658' title='bbox 2132 3267 2474 3323; x_wconf 78' lang='lat' dir='ltr'><strong>demandavit</strong></span> <span class='ocrx_word' id='word_1_659' title='bbox 2499 3287 2513 3325; x_wconf 92' lang='lat'><strong>:</strong></span> <span class='ocrx_word' id='word_1_660' title='bbox 2543 3280 2770 3325; x_wconf 88' lang='lat' dir='ltr'><strong>noverat</strong></span> <span class='ocrx_word' id='word_1_661' title='bbox 2807 3272 2951 3326; x_wconf 90' lang='lat' dir='ltr'><strong>enim</strong></span> <span class='ocrx_word' id='word_1_662' title='bbox 2979 3273 3247 3327; x_wconf 89' lang='lat' dir='ltr'><strong>neminem</strong></span> <span class='ocrx_word' id='word_1_663' title='bbox 3292 3290 3448 3345; x_wconf 87' lang='lat' dir='ltr'><strong>posse</strong></span> <span class='ocrx_word' id='word_1_664' title='bbox 3479 3285 3601 3344; x_wconf 69' lang='lat' dir='ltr'><strong>tam~</strong></span> 
     </span>
    </p>
   </div>
   <div class='ocr_carea' id='block_1_95' title="bbox 1993 3360 3584 3435">
    <p class='ocr_par' dir='ltr' id='par_1_95' title="bbox 1993 3360 3584 3435">
     <span class='ocr_line' id='line_1_95' title="bbox 1993 3360 3584 3435; baseline 0.007 -23"><span class='ocrx_word' id='word_1_665' title='bbox 1993 3360 2203 3415; x_wconf 82' lang='lat' dir='ltr'><strong>fortiter</strong></span> <span class='ocrx_word' id='word_1_666' title='bbox 2227 3360 2485 3432; x_wconf 79' lang='lat' dir='ltr'><strong>lucifugas</strong></span> <span class='ocrx_word' id='word_1_667' title='bbox 2511 3362 2633 3417; x_wconf 90' lang='lat' dir='ltr'><strong>illos</strong></span> <span class='ocrx_word' id='word_1_668' title='bbox 2658 3362 2974 3434; x_wconf 80' lang='lat' dir='ltr'><strong>proﬂigare,</strong></span> <span class='ocrx_word' id='word_1_669' title='bbox 3011 3380 3169 3435; x_wconf 89' lang='lat' dir='ltr'><strong>quam</strong></span> <span class='ocrx_word' id='word_1_670' title='bbox 3196 3365 3431 3422; x_wconf 83' lang='lat' dir='ltr'><strong>Joannes</strong></span> <span class='ocrx_word' id='word_1_671' title='bbox 3462 3368 3547 3423; x_wconf 89' lang='lat' dir='ltr'><strong>hic</strong></span> <span class='ocrx_word' id='word_1_672' title='bbox 3567 3410 3584 3434; x_wconf 88' lang='lat'><strong>,</strong></span> 
     </span>
    </p>
   </div>
   <div class='ocr_carea' id='block_1_96' title="bbox 1989 3452 3583 3528">
    <p class='ocr_par' dir='ltr' id='par_1_96' title="bbox 1989 3452 3583 3528">
     <span class='ocr_line' id='line_1_96' title="bbox 1989 3452 3583 3528; baseline 0.005 -22"><span class='ocrx_word' id='word_1_673' title='bbox 1989 3452 2143 3522; x_wconf 82' lang='lat' dir='ltr'><strong>cujus</strong></span> <span class='ocrx_word' id='word_1_674' title='bbox 2167 3452 2548 3522; x_wconf 73' lang='lat' dir='ltr'><strong>eIOquentiam,</strong></span> <span class='ocrx_word' id='word_1_675' title='bbox 2572 3469 2795 3510; x_wconf 87' lang='lat' dir='ltr'><strong>acumen</strong></span> <span class='ocrx_word' id='word_1_676' title='bbox 2821 3456 3034 3525; x_wconf 78' lang='lat' dir='ltr'><strong>ingenii,</strong></span> <span class='ocrx_word' id='word_1_677' title='bbox 3062 3466 3222 3528; x_wconf 89' lang='lat' dir='ltr'><strong>atque</strong></span> <span class='ocrx_word' id='word_1_678' title='bbox 3244 3457 3583 3527; x_wconf 71' lang='lat' dir='ltr'><strong>dialecticam,</strong></span> 
     </span>
    </p>
   </div>
   <div class='ocr_carea' id='block_1_97' title="bbox 1989 3534 3586 3619">
    <p class='ocr_par' dir='ltr' id='par_1_97' title="bbox 1989 3534 3586 3619">
     <span class='ocr_line' id='line_1_97' title="bbox 1989 3534 3586 3619; baseline 0.006 -21"><span class='ocrx_word' id='word_1_679' title='bbox 1989 3545 2196 3614; x_wconf 76' lang='lat' dir='ltr'><strong>experti</strong></span> <span class='ocrx_word' id='word_1_680' title='bbox 2242 3561 2389 3615; x_wconf 69' lang='lat' dir='ltr'><strong>Saepe</strong></span> <span class='ocrx_word' id='word_1_681' title='bbox 2432 3545 2662 3600; x_wconf 80' lang='lat' dir='ltr'><strong>fuerant.</strong></span> <span class='ocrx_word' id='word_1_682' title='bbox 2712 3548 3132 3619; x_wconf 72' lang='lat' dir='ltr'><strong>(lltrysostotnus</strong></span> <span class='ocrx_word' id='word_1_683' title='bbox 3173 3534 3338 3616; x_wconf 63' lang='lat' dir='ltr'><strong>vero,</strong></span> <span class='ocrx_word' id='word_1_684' title='bbox 3376 3558 3441 3605; x_wconf 87' lang='lat' dir='ltr'><strong>ut</strong></span> <span class='ocrx_word' id='word_1_685' title='bbox 3470 3564 3586 3607; x_wconf 86' lang='lat' dir='ltr'><strong>erat</strong></span> 
     </span>
    </p>
   </div>
   <div class='ocr_carea' id='block_1_98' title="bbox 1992 3638 3581 3711">
    <p class='ocr_par' dir='ltr' id='par_1_98' title="bbox 1992 3638 3581 3711">
     <span class='ocr_line' id='line_1_98' title="bbox 1992 3638 3581 3711; baseline 0.004 -22"><span class='ocrx_word' id='word_1_686' title='bbox 1992 3638 2320 3711; x_wconf 82' lang='lat' dir='ltr'><strong>moderatus,</strong></span> <span class='ocrx_word' id='word_1_687' title='bbox 2346 3638 2499 3693; x_wconf 89' lang='lat' dir='ltr'><strong>initio</strong></span> <span class='ocrx_word' id='word_1_688' title='bbox 2524 3639 2771 3709; x_wconf 88' lang='lat' dir='ltr'><strong>queritur</strong></span> <span class='ocrx_word' id='word_1_689' title='bbox 2791 3641 2889 3695; x_wconf 89' lang='lat' dir='ltr'><strong>sibi</strong></span> <span class='ocrx_word' id='word_1_690' title='bbox 2917 3639 3152 3695; x_wconf 90' lang='lat' dir='ltr'><strong>delatum</strong></span> <span class='ocrx_word' id='word_1_691' title='bbox 3183 3658 3377 3697; x_wconf 89' lang='lat' dir='ltr'><strong>munus</strong></span> <span class='ocrx_word' id='word_1_692' title='bbox 3406 3657 3527 3698; x_wconf 90' lang='lat' dir='ltr'><strong>esse</strong></span> <span class='ocrx_word' id='word_1_693' title='bbox 3551 3661 3581 3697; x_wconf 87' lang='lat' dir='ltr'><strong>a</strong></span> 
     </span>
    </p>
   </div>
   <div class='ocr_carea' id='block_1_99' title="bbox 1989 3727 3584 3799">
    <p class='ocr_par' dir='ltr' id='par_1_99' title="bbox 1989 3727 3584 3799">
     <span class='ocr_line' id='line_1_99' title="bbox 1989 3727 3584 3799; baseline 0.006 -18"><span class='ocrx_word' id='word_1_694' title='bbox 1989 3727 2210 3783; x_wconf 89' lang='lat' dir='ltr'><strong>doctore</strong></span> <span class='ocrx_word' id='word_1_695' title='bbox 2237 3743 2367 3792; x_wconf 88' lang='lat' dir='ltr'><strong>suo,</strong></span> <span class='ocrx_word' id='word_1_696' title='bbox 2406 3730 2495 3799; x_wconf 88' lang='lat' dir='ltr'><strong>qui</strong></span> <span class='ocrx_word' id='word_1_697' title='bbox 2532 3745 2657 3785; x_wconf 83' lang='lat' dir='ltr'><strong>vero</strong></span> <span class='ocrx_word' id='word_1_698' title='bbox 2693 3729 2813 3785; x_wconf 80' lang='lat' dir='ltr'><strong>fons</strong></span> <span class='ocrx_word' id='word_1_699' title='bbox 2848 3731 3107 3786; x_wconf 75' lang='lat' dir='ltr'><strong>doctrina:</strong></span> <span class='ocrx_word' id='word_1_700' title='bbox 3142 3743 3314 3799; x_wconf 87' lang='lat' dir='ltr'><strong>esset,</strong></span> <span class='ocrx_word' id='word_1_701' title='bbox 3345 3742 3400 3788; x_wconf 90' lang='lat' dir='ltr'><strong>et</strong></span> <span class='ocrx_word' id='word_1_702' title='bbox 3438 3734 3584 3790; x_wconf 84' lang='lat' dir='ltr'><strong>hanc</strong></span> 
     </span>
    </p>
   </div>
   <div class='ocr_carea' id='block_1_100' title="bbox 1990 3820 3584 3891">
    <p class='ocr_par' dir='ltr' id='par_1_100' title="bbox 1990 3820 3584 3891">
     <span class='ocr_line' id='line_1_100' title="bbox 1990 3820 3584 3891; baseline 0.004 -19"><span class='ocrx_word' id='word_1_703' title='bbox 1990 3820 2315 3889; x_wconf 82' lang='lat' dir='ltr'><strong>provinciam</strong></span> <span class='ocrx_word' id='word_1_704' title='bbox 2348 3823 2513 3890; x_wconf 83' lang='lat' dir='ltr'><strong>probe</strong></span> <span class='ocrx_word' id='word_1_705' title='bbox 2548 3822 2825 3891; x_wconf 86' lang='lat' dir='ltr'><strong>suscipere</strong></span> <span class='ocrx_word' id='word_1_706' title='bbox 2854 3834 3071 3891; x_wconf 88' lang='lat' dir='ltr'><strong>posset:</strong></span> <span class='ocrx_word' id='word_1_707' title='bbox 3106 3823 3301 3877; x_wconf 88' lang='lat' dir='ltr'><strong>deinde</strong></span> <span class='ocrx_word' id='word_1_708' title='bbox 3338 3840 3468 3879; x_wconf 85' lang='lat' dir='ltr'><strong>vero</strong></span> <span class='ocrx_word' id='word_1_709' title='bbox 3496 3842 3584 3879; x_wconf 86' lang='lat' dir='ltr'><strong>ar-</strong></span> 
     </span>
    </p>
   </div>
   <div class='ocr_carea' id='block_1_101' title="bbox 1987 3914 3584 3987">
    <p class='ocr_par' dir='ltr' id='par_1_101' title="bbox 1987 3914 3584 3987">
     <span class='ocr_line' id='line_1_101' title="bbox 1987 3914 3584 3987; baseline 0.008 -25"><span class='ocrx_word' id='word_1_710' title='bbox 1987 3922 2298 3981; x_wconf 76' lang='lat' dir='ltr'><strong>gumentum</strong></span> <span class='ocrx_word' id='word_1_711' title='bbox 2324 3914 2751 3968; x_wconf 85' lang='lat' dir='ltr'><strong>adversariorum</strong></span> <span class='ocrx_word' id='word_1_712' title='bbox 2780 3924 2887 3969; x_wconf 85' lang='lat' dir='ltr'><strong>tant</strong></span> <span class='ocrx_word' id='word_1_713' title='bbox 2926 3918 3089 3984; x_wconf 85' lang='lat' dir='ltr'><strong>probe</strong></span> <span class='ocrx_word' id='word_1_714' title='bbox 3114 3916 3367 3987; x_wconf 86' lang='lat' dir='ltr'><strong>depellit,</strong></span> <span class='ocrx_word' id='word_1_715' title='bbox 3397 3928 3454 3973; x_wconf 89' lang='lat' dir='ltr'><strong>ut</strong></span> <span class='ocrx_word' id='word_1_716' title='bbox 3488 3936 3584 3976; x_wconf 88' lang='lat' dir='ltr'><strong>ne-</strong></span> 
     </span>
    </p>
   </div>
   <div class='ocr_carea' id='block_1_102' title="bbox 1988 4006 3583 4086">
    <p class='ocr_par' dir='ltr' id='par_1_102' title="bbox 1988 4006 3583 4086">
     <span class='ocr_line' id='line_1_102' title="bbox 1988 4006 3583 4086; baseline 0.005 -28"><span class='ocrx_word' id='word_1_717' title='bbox 1988 4006 2128 4058; x_wconf 82' lang='lat' dir='ltr'><strong>scias</strong></span> <span class='ocrx_word' id='word_1_718' title='bbox 2151 4015 2325 4060; x_wconf 88' lang='lat' dir='ltr'><strong>utrum</strong></span> <span class='ocrx_word' id='word_1_719' title='bbox 2352 4006 2519 4075; x_wconf 78' lang='lat' dir='ltr'><strong>magis</strong></span> <span class='ocrx_word' id='word_1_720' title='bbox 2540 4006 3177 4086; x_wconf 66' lang='lat' dir='ltr'><strong>mireris,eloquentiam,</strong></span> <span class='ocrx_word' id='word_1_721' title='bbox 3200 4025 3269 4062; x_wconf 90' lang='lat' dir='ltr'><strong>an</strong></span> <span class='ocrx_word' id='word_1_722' title='bbox 3291 4008 3583 4066; x_wconf 80' lang='lat' dir='ltr'><strong>dialectica:</strong></span> 
     </span>
    </p>
   </div>
   <div class='ocr_carea' id='block_1_103' title="bbox 1988 4098 3583 4169">
    <p class='ocr_par' dir='ltr' id='par_1_103' title="bbox 1988 4098 3583 4169">
     <span class='ocr_line' id='line_1_103' title="bbox 1988 4098 3583 4169; baseline 0.004 -18"><span class='ocrx_word' id='word_1_723' title='bbox 1988 4100 2116 4152; x_wconf 83' lang='lat' dir='ltr'><strong>vim.</strong></span> <span class='ocrx_word' id='word_1_724' title='bbox 2164 4098 2289 4153; x_wconf 75' lang='lat' dir='ltr'><strong>[huc</strong></span> <span class='ocrx_word' id='word_1_725' title='bbox 2317 4115 2445 4154; x_wconf 87' lang='lat' dir='ltr'><strong>vero</strong></span> <span class='ocrx_word' id='word_1_726' title='bbox 2473 4100 2662 4153; x_wconf 89' lang='lat' dir='ltr'><strong>concio</strong></span> <span class='ocrx_word' id='word_1_727' title='bbox 2707 4100 2888 4154; x_wconf 86' lang='lat' dir='ltr'><strong>multis</strong></span> <span class='ocrx_word' id='word_1_728' title='bbox 2928 4101 3084 4155; x_wconf 90' lang='lat' dir='ltr'><strong>annis</strong></span> <span class='ocrx_word' id='word_1_729' title='bbox 3124 4110 3246 4169; x_wconf 88' lang='lat' dir='ltr'><strong>post</strong></span> <span class='ocrx_word' id='word_1_730' title='bbox 3291 4107 3583 4160; x_wconf 84' lang='lat' dir='ltr'><strong>conciones</strong></span> 
     </span>
    </p>
   </div>
   <div class='ocr_carea' id='block_1_104' title="bbox 1989 4190 3581 4260">
    <p class='ocr_par' dir='ltr' id='par_1_104' title="bbox 1989 4190 3581 4260">
     <span class='ocr_line' id='line_1_104' title="bbox 1989 4190 3581 4260; baseline 0.004 -16"><span class='ocrx_word' id='word_1_731' title='bbox 1989 4190 2106 4244; x_wconf 79' lang='lat' dir='ltr'><strong>illas</strong></span> <span class='ocrx_word' id='word_1_732' title='bbox 2146 4190 2279 4244; x_wconf 88' lang='lat' dir='ltr'><strong>alias</strong></span> <span class='ocrx_word' id='word_1_733' title='bbox 2318 4200 2503 4244; x_wconf 91' lang='lat' dir='ltr'><strong>contra</strong></span> <span class='ocrx_word' id='word_1_734' title='bbox 2542 4192 2838 4255; x_wconf 77' lang='lat' dir='ltr'><strong>Anomceos</strong></span> <span class='ocrx_word' id='word_1_735' title='bbox 2874 4192 3069 4245; x_wconf 82' lang='lat' dir='ltr'><strong>emissa</strong></span> <span class='ocrx_word' id='word_1_736' title='bbox 3102 4192 3334 4260; x_wconf 74' lang='lat' dir='ltr'><strong>videtur,</strong></span> <span class='ocrx_word' id='word_1_737' title='bbox 3363 4210 3487 4249; x_wconf 91' lang='lat' dir='ltr'><strong>cum</strong></span> <span class='ocrx_word' id='word_1_738' title='bbox 3516 4213 3581 4251; x_wconf 79' lang='lat' dir='ltr'><strong>ex</strong></span> 
     </span>
    </p>
   </div>
   <div class='ocr_carea' id='block_1_105' title="bbox 1987 4280 3582 4353">
    <p class='ocr_par' dir='ltr' id='par_1_105' title="bbox 1987 4280 3582 4353">
     <span class='ocr_line' id='line_1_105' title="bbox 1987 4280 3582 4353; baseline 0.004 -19"><span class='ocrx_word' id='word_1_739' title='bbox 1987 4280 2205 4334; x_wconf 81' lang='lat' dir='ltr'><strong>assiduo</strong></span> <span class='ocrx_word' id='word_1_740' title='bbox 2221 4280 2573 4335; x_wconf 89' lang='lat' dir='ltr'><strong>concionandi</strong></span> <span class='ocrx_word' id='word_1_741' title='bbox 2596 4281 2772 4353; x_wconf 76' lang='lat' dir='ltr'><strong>officio</strong></span> <span class='ocrx_word' id='word_1_742' title='bbox 2796 4298 3043 4353; x_wconf 77' lang='lat' dir='ltr'><strong>magnum</strong></span> <span class='ocrx_word' id='word_1_743' title='bbox 3060 4282 3157 4337; x_wconf 90' lang='lat' dir='ltr'><strong>sibi</strong></span> <span class='ocrx_word' id='word_1_744' title='bbox 3176 4285 3476 4340; x_wconf 66' lang='lat' dir='ltr'><strong>Antiochia)</strong></span> <span class='ocrx_word' id='word_1_745' title='bbox 3494 4303 3582 4341; x_wconf 88' lang='lat' dir='ltr'><strong>no-</strong></span> 
     </span>
    </p>
   </div>
   <div class='ocr_carea' id='block_1_106' title="bbox 1989 4374 3577 4445">
    <p class='ocr_par' dir='ltr' id='par_1_106' title="bbox 1989 4374 3577 4445">
     <span class='ocr_line' id='line_1_106' title="bbox 1989 4374 3577 4445; baseline 0.006 -20"><span class='ocrx_word' id='word_1_746' title='bbox 1989 4389 2109 4426; x_wconf 88' lang='lat' dir='ltr'><strong>men</strong></span> <span class='ocrx_word' id='word_1_747' title='bbox 2144 4375 2438 4442; x_wconf 82' lang='lat' dir='ltr'><strong>peperisset</strong></span> <span class='ocrx_word' id='word_1_748' title='bbox 2466 4374 2899 4445; x_wconf 85' lang='lat' dir='ltr'><strong>Cltrysostomns.</strong></span> <span class='ocrx_word' id='word_1_749' title='bbox 2928 4374 3055 4429; x_wconf 59' lang='lat' dir='ltr'><strong>Hmc</strong></span> <span class='ocrx_word' id='word_1_750' title='bbox 3092 4376 3307 4431; x_wconf 86' lang='lat' dir='ltr'><strong>homilia</strong></span> <span class='ocrx_word' id='word_1_751' title='bbox 3339 4386 3471 4433; x_wconf 81' lang='lat' dir='ltr'><strong>utet</strong></span> <span class='ocrx_word' id='word_1_752' title='bbox 3499 4395 3577 4434; x_wconf 82' lang='lat' dir='ltr'><strong>se-</strong></span> 
     </span>
    </p>
   </div>
   <div class='ocr_carea' id='block_1_107' title="bbox 1988 4464 3228 4535">
    <p class='ocr_par' dir='ltr' id='par_1_107' title="bbox 1988 4464 3228 4535">
     <span class='ocr_line' id='line_1_107' title="bbox 1988 4464 3228 4535; baseline 0.002 -18"><span class='ocrx_word' id='word_1_753' title='bbox 1988 4473 2212 4535; x_wconf 87' lang='lat' dir='ltr'><strong>quentes</strong></span> <span class='ocrx_word' id='word_1_754' title='bbox 2245 4480 2416 4533; x_wconf 90' lang='lat' dir='ltr'><strong>nuper</strong></span> <span class='ocrx_word' id='word_1_755' title='bbox 2442 4480 2505 4518; x_wconf 80' lang='lat' dir='ltr'><strong>ex</strong></span> <span class='ocrx_word' id='word_1_756' title='bbox 2539 4464 2773 4519; x_wconf 86' lang='lat' dir='ltr'><strong>tenebris</strong></span> <span class='ocrx_word' id='word_1_757' title='bbox 2801 4475 2969 4519; x_wconf 77' lang='lat' dir='ltr'><strong>eruta:</strong></span> <span class='ocrx_word' id='word_1_758' title='bbox 2998 4465 3228 4521; x_wconf 86' lang='lat' dir='ltr'><strong>luerunt.</strong></span> 
     </span>
    </p>
   </div>
   <div class='ocr_carea' id='block_1_108' title="bbox 2061 4552 3571 4631">
    <p class='ocr_par' dir='ltr' id='par_1_108' title="bbox 2061 4552 3571 4631">
     <span class='ocr_line' id='line_1_108' title="bbox 2061 4552 3571 4631; baseline 0.003 -23"><span class='ocrx_word' id='word_1_759' title='bbox 2061 4555 2285 4619; x_wconf 86' lang='lat' dir='ltr'><strong>Eodem,</strong></span> <span class='ocrx_word' id='word_1_760' title='bbox 2304 4566 2362 4610; x_wconf 91' lang='lat' dir='ltr'><strong>ut</strong></span> <span class='ocrx_word' id='word_1_761' title='bbox 2385 4552 2635 4625; x_wconf 84' lang='lat' dir='ltr'><strong>putatur(</strong></span> <span class='ocrx_word' id='word_1_762' title='bbox 2664 4553 2725 4609; x_wconf 89' lang='grc' dir='ltr'><strong>Τ.</strong></span> <span class='ocrx_word' id='word_1_763' title='bbox 2757 4559 2811 4628; x_wconf 75' lang='lat' dir='ltr'><strong>ti.</strong></span> <span class='ocrx_word' id='word_1_764' title='bbox 2849 4574 2897 4611; x_wconf 85' lang='lat' dir='ltr'><strong>c.</strong></span> <span class='ocrx_word' id='word_1_765' title='bbox 2937 4556 3043 4613; x_wconf 74' lang='lat'><strong>257</strong></span> <span class='ocrx_word' id='word_1_766' title='bbox 3070 4554 3112 4629; x_wconf 86' lang='lat'><strong>).</strong></span> <span class='ocrx_word' id='word_1_767' title='bbox 3136 4558 3348 4613; x_wconf 86' lang='lat' dir='ltr'><strong>circiter</strong></span> <span class='ocrx_word' id='word_1_768' title='bbox 3370 4569 3571 4631; x_wconf 88' lang='lat' dir='ltr'><strong>tempo-</strong></span> 
     </span>
    </p>
   </div>
   <div class='ocr_carea' id='block_1_109' title="bbox 1989 4644 3571 4719">
    <p class='ocr_par' dir='ltr' id='par_1_109' title="bbox 1989 4644 3571 4719">
     <span class='ocr_line' id='line_1_109' title="bbox 1989 4644 3571 4719; baseline 0.004 -21"><span class='ocrx_word' id='word_1_769' title='bbox 1989 4662 2045 4698; x_wconf 89' lang='lat' dir='ltr'><strong>re</strong></span> <span class='ocrx_word' id='word_1_770' title='bbox 2071 4644 2352 4699; x_wconf 88' lang='lat' dir='ltr'><strong>llotniliam</strong></span> <span class='ocrx_word' id='word_1_771' title='bbox 2377 4647 2443 4699; x_wconf 90' lang='lat' dir='ltr'><strong>de</strong></span> <span class='ocrx_word' id='word_1_772' title='bbox 2462 4644 2853 4700; x_wconf 77' lang='lat' dir='ltr'><strong>Melchisedeco</strong></span> <span class='ocrx_word' id='word_1_773' title='bbox 2870 4646 3070 4699; x_wconf 88' lang='lat' dir='ltr'><strong>habuit.</strong></span> <span class='ocrx_word' id='word_1_774' title='bbox 3092 4648 3184 4701; x_wconf 76' lang='lat' dir='ltr'><strong>Est</strong></span> <span class='ocrx_word' id='word_1_775' title='bbox 3205 4658 3404 4713; x_wconf 89' lang='lat' dir='ltr'><strong>autem,</strong></span> <span class='ocrx_word' id='word_1_776' title='bbox 3434 4653 3571 4719; x_wconf 78' lang='lat' dir='ltr'><strong>quod</strong></span> 
     </span>
    </p>
   </div>
   <div class='ocr_carea' id='block_1_110' title="bbox 1989 4736 3572 4807">
    <p class='ocr_par' dir='ltr' id='par_1_110' title="bbox 1989 4736 3572 4807">
     <span class='ocr_line' id='line_1_110' title="bbox 1989 4736 3572 4807; baseline 0.003 -17"><span class='ocrx_word' id='word_1_777' title='bbox 1989 4736 2335 4805; x_wconf 80' lang='lat' dir='ltr'><strong>Spectatcjus</strong></span> <span class='ocrx_word' id='word_1_778' title='bbox 2371 4744 2581 4807; x_wconf 82' lang='lat' dir='ltr'><strong>partem</strong></span> <span class='ocrx_word' id='word_1_779' title='bbox 2623 4751 2732 4789; x_wconf 91' lang='lat' dir='ltr'><strong>non</strong></span> <span class='ocrx_word' id='word_1_780' title='bbox 2771 4736 3068 4803; x_wconf 87' lang='lat' dir='ltr'><strong>minimam,</strong></span> <span class='ocrx_word' id='word_1_781' title='bbox 3119 4738 3444 4806; x_wconf 81' lang='lat' dir='ltr'><strong>pra-cedenti</strong></span> <span class='ocrx_word' id='word_1_782' title='bbox 3471 4755 3572 4795; x_wconf 90' lang='lat' dir='ltr'><strong>non</strong></span> 
     </span>
    </p>
   </div>
   <div class='ocr_carea' id='block_1_111' title="bbox 1988 4810 3577 4894">
    <p class='ocr_par' dir='ltr' id='par_1_111' title="bbox 1988 4810 3577 4894">
     <span class='ocr_line' id='line_1_111' title="bbox 1988 4810 3577 4894; baseline 0.003 -14"><span class='ocrx_word' id='word_1_783' title='bbox 1988 4826 2283 4881; x_wconf 83' lang='lat' dir='ltr'><strong>dissimilis.</strong></span> <span class='ocrx_word' id='word_1_784' title='bbox 2306 4826 2451 4880; x_wconf 88' lang='lat' dir='ltr'><strong>Licet</strong></span> <span class='ocrx_word' id='word_1_785' title='bbox 2476 4828 2619 4881; x_wconf 82' lang='lat' dir='ltr'><strong>enim</strong></span> <span class='ocrx_word' id='word_1_786' title='bbox 2635 4827 2701 4881; x_wconf 89' lang='lat' dir='ltr'><strong>de</strong></span> <span class='ocrx_word' id='word_1_787' title='bbox 2731 4810 3141 4894; x_wconf 80' lang='lat' dir='ltr'><strong>Melchisedeco,</strong></span> <span class='ocrx_word' id='word_1_788' title='bbox 3174 4840 3231 4882; x_wconf 90' lang='lat' dir='ltr'><strong>ut</strong></span> <span class='ocrx_word' id='word_1_789' title='bbox 3259 4828 3363 4883; x_wconf 82' lang='lat' dir='ltr'><strong>fert</strong></span> <span class='ocrx_word' id='word_1_790' title='bbox 3386 4830 3577 4884; x_wconf 81' lang='lat' dir='ltr'><strong>inscri-</strong></span> 
     </span>
    </p>
   </div>
   <div class='ocr_carea' id='block_1_112' title="bbox 1988 4917 3578 4990">
    <p class='ocr_par' dir='ltr' id='par_1_112' title="bbox 1988 4917 3578 4990">
     <span class='ocr_line' id='line_1_112' title="bbox 1988 4917 3578 4990; baseline 0.004 -20"><span class='ocrx_word' id='word_1_791' title='bbox 1988 4917 2119 4987; x_wconf 88' lang='lat' dir='ltr'><strong>ptio,</strong></span> <span class='ocrx_word' id='word_1_792' title='bbox 2147 4927 2351 4987; x_wconf 79' lang='lat' dir='ltr'><strong>agatur,</strong></span> <span class='ocrx_word' id='word_1_793' title='bbox 2384 4933 2489 4971; x_wconf 92' lang='lat' dir='ltr'><strong>non</strong></span> <span class='ocrx_word' id='word_1_794' title='bbox 2512 4919 2731 4972; x_wconf 86' lang='lat' dir='ltr'><strong>minima</strong></span> <span class='ocrx_word' id='word_1_795' title='bbox 2759 4927 2933 4973; x_wconf 87' lang='lat' dir='ltr'><strong>tamen</strong></span> <span class='ocrx_word' id='word_1_796' title='bbox 2983 4935 3104 4990; x_wconf 91' lang='lat' dir='ltr'><strong>pars</strong></span> <span class='ocrx_word' id='word_1_797' title='bbox 3148 4920 3578 4987; x_wconf 77' lang='lat' dir='ltr'><strong>concioniscon-</strong></span> 
     </span>
    </p>
   </div>
   <div class='ocr_carea' id='block_1_113' title="bbox 1990 5008 3601 5087">
    <p class='ocr_par' dir='ltr' id='par_1_113' title="bbox 1990 5008 3601 5087">
     <span class='ocr_line' id='line_1_113' title="bbox 1990 5008 3601 5087; baseline 0.005 -25"><span class='ocrx_word' id='word_1_798' title='bbox 1990 5019 2070 5063; x_wconf 84' lang='lat' dir='ltr'><strong>tra</strong></span> <span class='ocrx_word' id='word_1_799' title='bbox 2097 5011 2388 5062; x_wconf 75' lang='lat' dir='ltr'><strong>Anomceos</strong></span> <span class='ocrx_word' id='word_1_800' title='bbox 2408 5018 2511 5063; x_wconf 90' lang='lat' dir='ltr'><strong>est.</strong></span> <span class='ocrx_word' id='word_1_801' title='bbox 2539 5008 2739 5063; x_wconf 83' lang='lat' dir='ltr'><strong>Deinde</strong></span> <span class='ocrx_word' id='word_1_802' title='bbox 2764 5024 2891 5064; x_wconf 87' lang='lat' dir='ltr'><strong>vero</strong></span> <span class='ocrx_word' id='word_1_803' title='bbox 2914 5020 3098 5065; x_wconf 84' lang='lat' dir='ltr'><strong>contra</strong></span> <span class='ocrx_word' id='word_1_804' title='bbox 3125 5011 3601 5087; x_wconf 38' lang='lat' dir='ltr'><strong>Melcltisedecitas.</strong></span> 
     </span>
    </p>
   </div>
   <div class='ocr_carea' id='block_1_114' title="bbox 1987 5099 3577 5170">
    <p class='ocr_par' dir='ltr' id='par_1_114' title="bbox 1987 5099 3577 5170">
     <span class='ocr_line' id='line_1_114' title="bbox 1987 5099 3577 5170; baseline 0.004 -16"><span class='ocrx_word' id='word_1_805' title='bbox 1987 5102 2309 5169; x_wconf 83' lang='lat' dir='ltr'><strong>diSputatur,</strong></span> <span class='ocrx_word' id='word_1_806' title='bbox 2338 5099 2427 5170; x_wconf 93' lang='lat' dir='ltr'><strong>qui</strong></span> <span class='ocrx_word' id='word_1_807' title='bbox 2474 5102 2725 5155; x_wconf 85' lang='lat' dir='ltr'><strong>dicebant</strong></span> <span class='ocrx_word' id='word_1_808' title='bbox 2770 5099 3216 5157; x_wconf 84' lang='lat' dir='ltr'><strong>Melchisedecum</strong></span> <span class='ocrx_word' id='word_1_809' title='bbox 3254 5118 3376 5162; x_wconf 87' lang='lat' dir='ltr'><strong>esse</strong></span> <span class='ocrx_word' id='word_1_810' title='bbox 3420 5105 3577 5161; x_wconf 83' lang='lat' dir='ltr'><strong>Chri-</strong></span> 
     </span>
    </p>
   </div>
   <div class='ocr_carea' id='block_1_115' title="bbox 1988 5191 3580 5266">
    <p class='ocr_par' dir='ltr' id='par_1_115' title="bbox 1988 5191 3580 5266">
     <span class='ocr_line' id='line_1_115' title="bbox 1988 5191 3580 5266; baseline 0.003 -19"><span class='ocrx_word' id='word_1_811' title='bbox 1988 5202 2070 5248; x_wconf 89' lang='lat' dir='ltr'><strong>sto</strong></span> <span class='ocrx_word' id='word_1_812' title='bbox 2097 5191 2225 5246; x_wconf 86' lang='lat' dir='ltr'><strong>Filio</strong></span> <span class='ocrx_word' id='word_1_813' title='bbox 2237 5193 2515 5261; x_wconf 85' lang='lat' dir='ltr'><strong>majorem:</strong></span> <span class='ocrx_word' id='word_1_814' title='bbox 2532 5193 2619 5249; x_wconf 85' lang='lat' dir='ltr'><strong>alii</strong></span> <span class='ocrx_word' id='word_1_815' title='bbox 2642 5193 3023 5261; x_wconf 85' lang='lat' dir='ltr'><strong>putabantesse</strong></span> <span class='ocrx_word' id='word_1_816' title='bbox 3035 5194 3286 5263; x_wconf 89' lang='lat' dir='ltr'><strong>Spiritunt</strong></span> <span class='ocrx_word' id='word_1_817' title='bbox 3313 5206 3580 5266; x_wconf 88' lang='lat' dir='ltr'><strong>sanctum,</strong></span> 
     </span>
    </p>
   </div>
   <div class='ocr_carea' id='block_1_116' title="bbox 1989 5284 3583 5359">
    <p class='ocr_par' dir='ltr' id='par_1_116' title="bbox 1989 5284 3583 5359">
     <span class='ocr_line' id='line_1_116' title="bbox 1989 5284 3583 5359; baseline 0.004 -20"><span class='ocrx_word' id='word_1_818' title='bbox 1989 5298 2046 5339; x_wconf 92' lang='lat' dir='ltr'><strong>ut</strong></span> <span class='ocrx_word' id='word_1_819' title='bbox 2088 5287 2244 5339; x_wconf 90' lang='lat' dir='ltr'><strong>docet</strong></span> <span class='ocrx_word' id='word_1_820' title='bbox 2274 5287 2432 5340; x_wconf 86' lang='lat' dir='ltr'><strong>etiam</strong></span> <span class='ocrx_word' id='word_1_821' title='bbox 2462 5286 2789 5355; x_wconf 77' lang='lat' dir='ltr'><strong>Epiphanius</strong></span> <span class='ocrx_word' id='word_1_822' title='bbox 2834 5284 3025 5340; x_wconf 81' lang='lat' dir='ltr'><strong>haeresi</strong></span> <span class='ocrx_word' id='word_1_823' title='bbox 3054 5287 3150 5359; x_wconf 69' lang='lat'><strong>46,</strong></span> <span class='ocrx_word' id='word_1_824' title='bbox 3189 5289 3259 5341; x_wconf 88' lang='lat' dir='ltr'><strong>al.</strong></span> <span class='ocrx_word' id='word_1_825' title='bbox 3293 5289 3385 5343; x_wconf 81' lang='lat'><strong>55.</strong></span> <span class='ocrx_word' id='word_1_826' title='bbox 3415 5289 3500 5344; x_wconf 71' lang='lat' dir='ltr'><strong>Ex</strong></span> <span class='ocrx_word' id='word_1_827' title='bbox 3514 5288 3583 5345; x_wconf 86' lang='lat' dir='ltr'><strong>iis</strong></span> 
     </span>
    </p>
   </div>
   <div class='ocr_carea' id='block_1_117' title="bbox 1987 5380 3576 5451">
    <p class='ocr_par' dir='ltr' id='par_1_117' title="bbox 1987 5380 3576 5451">
     <span class='ocr_line' id='line_1_117' title="bbox 1987 5380 3576 5451; baseline 0.004 -19"><span class='ocrx_word' id='word_1_828' title='bbox 1987 5396 2105 5448; x_wconf 72' lang='lat' dir='ltr'><strong>«pne</strong></span> <span class='ocrx_word' id='word_1_829' title='bbox 2145 5388 2328 5431; x_wconf 85' lang='lat' dir='ltr'><strong>contra</strong></span> <span class='ocrx_word' id='word_1_830' title='bbox 2381 5381 2673 5434; x_wconf 64' lang='lat' dir='ltr'><strong>Anoumos</strong></span> <span class='ocrx_word' id='word_1_831' title='bbox 2708 5380 2976 5445; x_wconf 65' lang='lat' dir='ltr'><strong>dicuntur;</strong></span> <span class='ocrx_word' id='word_1_832' title='bbox 3020 5382 3327 5451; x_wconf 87' lang='lat' dir='ltr'><strong>conjectura</strong></span> <span class='ocrx_word' id='word_1_833' title='bbox 3368 5383 3576 5439; x_wconf 87' lang='lat' dir='ltr'><strong>ducitur</strong></span> 
     </span>
    </p>
   </div>
   <div class='ocr_carea' id='block_1_118' title="bbox 1988 5469 2912 5524">
    <p class='ocr_par' dir='ltr' id='par_1_118' title="bbox 1988 5469 2912 5524">
     <span class='ocr_line' id='line_1_118' title="bbox 1988 5469 2912 5524; baseline 0.002 -2"><span class='ocrx_word' id='word_1_834' title='bbox 1988 5472 2217 5523; x_wconf 82' lang='lat' dir='ltr'><strong>habitant</strong></span> <span class='ocrx_word' id='word_1_835' title='bbox 2240 5471 2378 5522; x_wconf 84' lang='lat' dir='ltr'><strong>illam</strong></span> <span class='ocrx_word' id='word_1_836' title='bbox 2410 5469 2574 5524; x_wconf 80' lang='lat' dir='ltr'><strong>fuisse</strong></span> <span class='ocrx_word' id='word_1_837' title='bbox 2596 5471 2912 5524; x_wconf 72' lang='lat' dir='ltr'><strong>Antiochize.</strong></span> 
     </span>
    </p>
   </div>
   <div class='ocr_carea' id='block_1_119' title="bbox 2060 5562 3578 5637">
    <p class='ocr_par' dir='ltr' id='par_1_119' title="bbox 2060 5562 3578 5637">
     <span class='ocr_line' id='line_1_119' title="bbox 2060 5562 3578 5637; baseline 0.002 -20"><span class='ocrx_word' id='word_1_838' title='bbox 2060 5562 2284 5617; x_wconf 86' lang='lat' dir='ltr'><strong>llotntlia</strong></span> <span class='ocrx_word' id='word_1_839' title='bbox 2309 5563 2359 5615; x_wconf 91' lang='lat' dir='ltr'><strong>in</strong></span> <span class='ocrx_word' id='word_1_840' title='bbox 2381 5563 2509 5616; x_wconf 89' lang='lat' dir='ltr'><strong>illud</strong></span> <span class='ocrx_word' id='word_1_841' title='bbox 2538 5564 2766 5632; x_wconf 86' lang='lat' dir='ltr'><strong>apostoli</strong></span> <span class='ocrx_word' id='word_1_842' title='bbox 2798 5563 2885 5635; x_wconf 82' lang='lat' dir='ltr'><strong>(T.</strong></span> <span class='ocrx_word' id='word_1_843' title='bbox 2914 5565 2966 5617; x_wconf 85' lang='lat'><strong>6.</strong></span> <span class='ocrx_word' id='word_1_844' title='bbox 3002 5579 3047 5616; x_wconf 87' lang='lat' dir='ltr'><strong>c.</strong></span> <span class='ocrx_word' id='word_1_845' title='bbox 3095 5563 3248 5637; x_wconf 68' lang='lat'>97!),</span> <span class='ocrx_word' id='word_1_846' title='bbox 3277 5564 3389 5619; x_wconf 80' lang='lat' dir='ltr'><strong>Hoc</strong></span> <span class='ocrx_word' id='word_1_847' title='bbox 3414 5578 3578 5622; x_wconf 82' lang='lat' dir='ltr'><strong>autem</strong></span> 
     </span>
    </p>
   </div>
   <div class='ocr_carea' id='block_1_120' title="bbox 1986 5654 3577 5729">
    <p class='ocr_par' dir='ltr' id='par_1_120' title="bbox 1986 5654 3577 5729">
     <span class='ocr_line' id='line_1_120' title="bbox 1986 5654 3577 5729; baseline 0.004 -22"><span class='ocrx_word' id='word_1_848' title='bbox 1986 5655 2180 5719; x_wconf 87' lang='lat' dir='ltr'><strong>scitote,</strong></span> <span class='ocrx_word' id='word_1_849' title='bbox 2208 5655 2342 5724; x_wconf 76' lang='lat' dir='ltr'><strong>quod</strong></span> <span class='ocrx_word' id='word_1_850' title='bbox 2366 5654 2417 5707; x_wconf 88' lang='lat' dir='ltr'><strong>in</strong></span> <span class='ocrx_word' id='word_1_851' title='bbox 2439 5654 2721 5708; x_wconf 77' lang='lat' dir='ltr'><strong>novissimis</strong></span> <span class='ocrx_word' id='word_1_852' title='bbox 2777 5656 2947 5708; x_wconf 84' lang='lat' dir='ltr'><strong>diebus</strong></span> <span class='ocrx_word' id='word_1_853' title='bbox 2974 5667 3117 5710; x_wconf 87' lang='lat' dir='ltr'><strong>erunt</strong></span> <span class='ocrx_word' id='word_1_854' title='bbox 3141 5670 3363 5727; x_wconf 85' lang='lat' dir='ltr'><strong>tempora</strong></span> <span class='ocrx_word' id='word_1_855' title='bbox 3383 5676 3577 5729; x_wconf 76' lang='lat' dir='ltr'><strong>grauia,</strong></span> 
     </span>
    </p>
   </div>
   <div class='ocr_carea' id='block_1_121' title="bbox 1988 5731 3588 5822">
    <p class='ocr_par' dir='ltr' id='par_1_121' title="bbox 1988 5731 3588 5822">
     <span class='ocr_line' id='line_1_121' title="bbox 1988 5731 3588 5822; baseline 0.006 -19"><span class='ocrx_word' id='word_1_856' title='bbox 1988 5764 2018 5803; x_wconf 72' lang='grc' dir='ltr'><strong>ε</strong></span> <span class='ocrx_word' id='word_1_857' title='bbox 2049 5764 2133 5804; x_wconf 82' lang='lat' dir='ltr'><strong>me</strong></span> <span class='ocrx_word' id='word_1_858' title='bbox 2158 5750 2206 5803; x_wconf 94' lang='lat' dir='ltr'><strong>in</strong></span> <span class='ocrx_word' id='word_1_859' title='bbox 2245 5747 2493 5803; x_wconf 68' lang='lat' dir='ltr'><strong>Vaticana</strong></span> <span class='ocrx_word' id='word_1_860' title='bbox 2522 5731 2847 5803; x_wconf 83' lang='lat' dir='ltr'><strong>Bibliotheca</strong></span> <span class='ocrx_word' id='word_1_861' title='bbox 2890 5750 3175 5822; x_wconf 80' lang='lat' dir='ltr'><strong>exscripta.</strong></span> <span class='ocrx_word' id='word_1_862' title='bbox 3206 5751 3263 5806; x_wconf 79' lang='lat' dir='ltr'><strong>tu</strong></span> <span class='ocrx_word' id='word_1_863' title='bbox 3299 5769 3361 5807; x_wconf 87' lang='lat' dir='ltr'><strong>ea</strong></span> <span class='ocrx_word' id='word_1_864' title='bbox 3393 5771 3588 5817; x_wconf 66' lang='grc' dir='ltr'><strong>(ιιιιίίς,</strong></span> 
     </span>
    </p>
   </div>
  </div>
