4264 6306
682 228 781 283 189

673 342 817 412 sttli.
870 337 1119 393 dictionis
1163 323 1594 401 intentionisque
1643 340 1780 385 nota:
1832 340 2253 395 co::currunt,ut

671 452 787 489 eam
838 432 1221 501 Chrysostomo
1267 425 1649 480 adscribamus.
1701 422 1868 492 Ipsam
1904 424 2083 481 habuit
2134 439 2254 477 cum

671 524 963 597 permultos.
990 522 1101 575 dies
1124 521 1315 573 absens
1338 517 1748 585 inlit'mitatequc
1775 517 2022 569 detentus
2047 517 2249 578 Γιιίεςιιι,

676 636 738 673 ac
764 635 869 687 pra:
908 631 1088 669 amore
1116 611 1315 681 populi,
1347 611 1517 662 adhuc
1542 608 1873 661 manentibus
1930 607 2097 660 morbi
2129 608 2253 659 reli-

669 710 806 779 quiis
832 706 895 761 ad
936 704 1213 759 ecclesiam
1252 700 1661 753 concionaturus
1715 696 1997 767 advolavit.
2034 695 2086 747 ld
2113 695 2251 764 quod

670 804 783 871 ipse
809 799 979 862 initio,
1011 795 1342 859 titaximespte
1364 792 1415 844 in
1450 789 1554 842 fine
1584 788 1813 840 humili-.c
1835 788 1980 841 dicit.
2002 788 2135 861 (lum
2160 804 2254 839 att-

666 904 772 948 tem
804 904 943 957 stepe
973 886 1170 941 morbis
1217 884 1449 936 alllirtus
1504 881 1675 943 fuerit,
1712 896 1814 932 non
1868 881 1933 931 ita
1970 879 2120 931 facile
2149 888 2249 940 est,

668 986 719 1034 in
755 979 895 1050 quod
939 989 1146 1045 tempus
1178 975 1291 1028 luce
1343 971 1593 1032 incidant,
1626 970 2028 1038 deprehendere
2060 987 2071 1022 :
2107 970 2251 1022 initio

674 1089 841 1127 uunen
869 1070 1092 1124 suadere
1116 1068 1319 1123 videtur
1344 1066 1481 1120 hanc
1526 1065 1795 1119 homiliam
1851 1064 2142 1118 Antiochia:
2171 1062 2251 1115 di-

663 1162 1009 1218 ctam'fuissc.
1838 1210 1839 1213 η

738 1254 980 1309 llomilia:
1018 1249 1300 1319 nonaginta
1334 1246 1420 1320 (Τ.
1450 1248 1481 1301 7
1507 1247 1592 1318 )iu
1621 1245 1922 1311 lllatlharum
1956 1244 2250 1301 Antiochia)

666 1347 853 1400 ΙιιιΙιίιερ
883 1344 1185 1409 fuerunt,et
1208 1341 1431 1395 Tomum
1464 1340 1749 1411 septimum
1778 1348 1942 1391 totmn
1963 1347 2246 1407 occupant.

662 1438 844 1493 Momli
873 1439 1251 1505 cujuscumque
1299 1433 1510 1502 generis
1558 1431 1833 1500 disciplina
1874 1430 2102 1495 refertae,
2133 1431 2251 1484 uni-

663 1548 872 1585 versant
904 1529 1218 1584 Christiana:
1267 1526 1385 1582 vita:
1416 1534 1465 1577 et
1518 1524 1738 1577 instituti
1768 1537 2029 1576 summam
2060 1537 2166 1590 pra:
2192 1536 2249 1575 se

663 1627 859 1677 ferunt.
887 1623 976 1675 llic
1004 1634 1191 1674 Olllltt'S
1208 1617 1416 1670 virtutis
1444 1614 1700 1667 adeundte
1727 1623 1780 1667 et
1799 1612 2108 1667 υΧοιὉυιιιιιυ
2136 1628 2250 1665 m0-

662 1719 736 1777 di.
764 1716 1019 1769 universm
1047 1708 1274 1779 fugiendi
1322 1708 1430 1761 vitii
1477 1706 1711 1769 rationes
1753 1705 2044 1759 afferuntur
2067 1712 2121 1757 et
2155 1718 2250 1757 ex-

670 1808 947 1875 planantur
974 1820 984 1855 :
1013 1816 1109 1854 nec
1151 1797 1436 1868 quidquam
1488 1794 1906 1865 pra'tt-rmittitur
1948 1793 2088 1863 quod
2126 1807 2250 1864 pos-

662 1900 727 1951 sit
746 1904 836 1948 aut
863 1894 925 1946 ad
954 1902 1189 1945 sanctam
1212 1898 1302 1942 aut
1331 1887 1397 1941 ad
1446 1886 1738 1954 improbam
1771 1886 1928 1938 vitam
1960 1884 2244 1954 pertinere,

664 2002 715 2045 ut
748 1992 912 2045 altera
942 1986 1067 2039 totis
1088 1983 1285 2037 viribus
1306 1980 1615 2035 declinctur.
1639 1977 1825 2033 Nullus
1846 1978 1897 2032 in
1928 1978 2056 2031 orbe
2086 1976 2243 2031 Citri-

662 2080 993 2135 stianoliber
1014 2086 1093 2130 est
1121 2083 1195 2129 tot
1216 2082 1464 2142 tantaque
1505 2070 1744 2124 referens
1772 2068 2085 2124 Christiana:
2112 2069 2248 2123 ethi-

660 2192 751 2227 ees
783 2180 1040 2243 praecepta
1078 2187 1089 2223 :
1118 2181 1373 2235 nusquam
1419 2166 1830 2235 Chrysoslomus
1858 2172 1997 2216 tanta
2020 2176 2145 2215 usus
2165 2171 2248 2216 est

662 2266 989 2327 inventione,
1016 2261 1284 2324 facundia,
1312 2258 1599 2328 sagacitate
1652 2256 1716 2308 ad
1746 2271 1921 2309 mores
1952 2254 2245 2309 informan-

662 2358 781 2420 dus,
814 2351 1133 2408 climinauda
1159 2350 1305 2413 vitia,
1327 2348 1653 2402 Christianas
1684 2346 1906 2399 familias
1932 2355 2073 2400 recte
2095 2361 2242 2399 com-

658 2445 951 2514 pouendas.
981 2443 1311 2509 Quapmpter
1341 2439 1459 2509 jure
1488 2437 1695 2490 dicebat
1742 2438 1798 2491 S.
1824 2436 2054 2491 Thomas
2082 2438 2246 2506 Aqui-

656 2554 772 2599 nas,
830 2551 865 2587 ra
890 2533 1088 2586 ferente
1144 2529 1349 2592 l’aptrio
1391 2529 1635 2581 Μειδδιιιιυ
1678 2527 1767 2580 lib.
1817 2526 1943 2581 (ide
1994 2528 2244 2582 Romanis

655 2622 1100 2682 l'otttilirilnts,iu
1130 2619 1335 2674 Joanne
1360 2618 1495 2685 Papa
1525 2617 1669 2678 XXI,
1702 2618 1856 2671 malle
1888 2633 1947 2689 se
1974 2617 2045 2669 uti
2076 2614 2243 2687 Chry-

655 2716 873 2770 sostomi
906 2715 1051 2769 libris
1082 2714 1132 2765 in
1179 2711 1507 2774 Mattlneum,
1540 2726 1697 2779 quam
1733 2708 2007 2779 possidere
2038 2709 2241 2779 fruique

654 2808 859 2863 Lutetia
891 2806 1238 2862 Parisiorum.

724 2898 837 2954 Non
864 2896 1292 2952 conciimatorem
1333 2892 1512 2957 modo,
1544 2891 1639 2947 sed
1681 2890 1841 2945 etiam
1890 2890 2231 2959 interpretem

655 2995 764 3064 agit
814 2990 1246 3061 Chrysostomns.
1324 2986 1503 3041 Sicubi
1556 2985 1697 3040 enim
1745 2986 1911 3037 se-ics
1956 2985 2235 3039 verborum

655 3082 949 3160 Evangelii,
982 3094 1138 3149 quam
1170 3076 1525 3145 explanationi
1556 3090 1667 3129 sme
1716 3075 2039 3143 prtemittere
2079 3076 2232 3140 solet,

652 3176 879 3245 aliquam
900 3173 1095 3227 habere
1124 3170 1329 3224 videtur
1356 3167 1726 3221 difﬁcultatem
1753 3167 1892 3222 circa
1932 3177 2137 3236 tempus
2156 3169 2237 3222 vel

651 3268 984 3321 otcasionem
1018 3278 1192 3318 rerum
1216 3270 1479 3331 gestarum
1510 3269 1600 3314 aut
1628 3261 1766 3315 circa
1783 3260 2231 3333 cvangelistarum

651 3359 835 3415 eadem
868 3358 977 3426 ipsa
1028 3354 1377 3419 uarrantium,
1417 3351 1627 3407 dicendi
1678 3352 2007 3415 varietatem,
2052 3368 2112 3405 ea
2148 3353 2235 3427 ille

653 3453 828 3503 oomia
852 3449 1113 3519 sagaciter
1154 3456 1405 3501 excutere
1434 3445 1568 3500 solet
1598 3462 1611 3498 :
1646 3452 1941 3513 temporum
1969 3445 2227 3500 rationem

648 3547 896 3603 observat
922 3552 974 3595 et
1000 3540 1262 3609 explorat,
1294 3538 1625 3592 occasionem
1650 3536 1732 3591 vel
1748 3536 1871 3591 editi
1890 3537 2021 3607 signi
2050 3546 2103 3591 et
2125 3538 2223 3591 nti-

651 3636 834 3700 raettli,
866 3632 946 3686 vel
968 3643 1136 3703 geste
1162 3631 1236 3685 rei
1257 3630 1541 3699 diligenter
1564 3636 1831 3683 scrutatur
1854 3645 1867 3682 :
1896 3628 2227 3683 diversorum

649 3726 942 3779 sententias
983 3723 1125 3776 circa
1154 3736 1241 3775 res
1290 3719 1597 3789 plerumque
1632 3719 1858 3773 obscure
1906 3718 2229 3798 signifieatas

650 3819 804 3869 atl't-rt
831 3827 884 3870 et
913 3814 1178 3868 examinat
1205 3830 1218 3867 :
1251 3812 1293 3864 si
1322 3808 1659 3864 confutaodte
1694 3810 1820 3875 sint,
1840 3809 1891 3863 id
1924 3808 2056 3864 niira
2081 3827 2236 3866 exse-

648 3909 825 3983 quitur
862 3904 1177 3959 dexteritate
1229 3912 1386 3971 atqne
1444 3902 1635 3971 ingenii
1684 3901 2084 3967 acrimonia;si
2132 3919 2231 3973 qua

648 4015 773 4053 vero
798 4001 935 4052 inter
963 3996 1318 4065 evangelistas
1351 3995 1399 4047 in
1421 3993 1685 4047 narrando
1727 3994 2087 4062 discrepantia
2110 4010 2228 4050 esse

646 4093 820 4145 statim
845 4089 1106 4151 videatur,
1135 4088 1183 4141 id
1211 4086 1299 4141 ille
1332 4101 1423 4154 pro
1458 4085 1593 4143 virili
1623 4086 1822 4139 excutit
1844 4126 1859 4150 ,
1895 4086 2233 4156 ostenditque

649 4184 961 4252 illam,qu:e
1010 4179 1171 4233 verbo
1231 4187 1383 4231 tenus
1403 4191 1523 4232 esse
1570 4177 1805 4241 videtur,
1851 4178 2231 4232 dissonantiam

648 4276 844 4329 nullant
875 4290 1054 4327 revera
1082 4288 1220 4325 esse.
1256 4270 1388 4325 lliuc
1418 4278 1592 4322 autem
1622 4269 1808 4321 miram
1840 4269 1933 4322 Dei
1962 4268 2059 4323 hac
2101 4270 2151 4323 in
2175 4286 2232 4325 re

647 4365 1027 4437 providentiam
1079 4358 1338 4421 declarari
1398 4357 1711 4414 contendit:
1744 4374 1864 4412 nam
1915 4358 1958 4413 si
2009 4368 2233 4431 qttalttnr

643 4458 981 4529 evangelista:
1031 4470 1116 4509 res
1141 4452 1352 4507 easdem
1397 4449 1582 4504 eodem
1617 4464 1841 4520 prorsus
1865 4448 2023 4503 modo
2042 4467 2230 4506 rectm-

644 4552 891 4612 suisseut,
921 4548 974 4608 id
1000 4546 1068 4601 de
1109 4536 1366 4603 industria
1398 4552 1450 4598 et
1472 4544 1716 4603 consulto
1746 4540 1943 4597 factum
1992 4558 2112 4598 esse
2145 4544 2223 4597 vi-

647 4658 765 4696 sam
801 4641 1006 4697 fuisset.
1040 4641 1275 4692 Attnunc
1300 4651 1421 4692 cum
1453 4636 1814 4705 evangelistze,
1842 4651 1947 4691 non
1972 4654 2057 4692 res
2088 4646 2143 4691 ut
2166 4639 2232 4693 ab

649 4734 767 4796 aliis
786 4733 896 4801 jam
941 4730 1249 4799 descripttr,
1292 4728 1384 4783 sed
1416 4737 1473 4781 ut
1499 4729 1578 4783 vel
1638 4728 1705 4782 ab
1738 4744 1797 4783 se
1826 4733 1949 4781 visa:
2000 4729 2228 4794 fuerant,

647 4826 777 4879 vela
801 4824 903 4879 fide
930 4822 1105 4893 dignis
1132 4821 1355 4877 testibus
1394 4829 1727 4888 acceperant.
1760 4830 2041 4885 enarrem;
2072 4814 2231 4875 fidem

646 4918 863 4970 otnuino
886 4922 1176 4973 merentur.
1204 4910 1477 4982 Siquidem
1502 4920 1725 4979 quatuor
1741 4921 1863 4971 sunt
1890 4922 2052 4965 testes
2074 4928 2230 4967 vera-

648 5024 760 5072 ces,
789 5007 879 5078 qui
910 5006 955 5060 si
985 5022 1012 5058 a
1067 5004 1331 5074 prioribus
1367 5002 1474 5073 jam
1507 5003 1649 5056 dicta
1702 5001 1963 5057 referrent
2004 5015 2231 5071 tantum,

648 5117 752 5171 pro
776 5114 883 5154 uno
907 5097 1114 5153 censeri
1140 5095 1417 5155 deberent.

721 5192 1017 5251 Antiochia:
1062 5201 1237 5247 autem
1266 5184 1476 5244 habitas
1522 5183 1680 5243 fuisse
1711 5189 1804 5241 has
1833 5190 2117 5249 conciones
2144 5208 2238 5245 ex-

648 5287 907 5354 ploratum
935 5292 1036 5345 est,
1065 5291 1123 5336 ut
1144 5280 1393 5334 diximus.
1441 5278 1514 5332 De
1561 5293 1702 5332 anno
1750 5277 1878 5335 nihil
1936 5279 2231 5346 habemus;

650 5377 699 5437 id
728 5383 901 5428 autem
929 5385 1131 5427 certum
1161 5385 1280 5426 esse
1338 5370 1566 5433 videtur,
1620 5386 1721 5422 non
1771 5383 1925 5438 posse
1976 5372 2024 5423 ia
2066 5388 2237 5427 annos

647 5466 771 5529 :86.
797 5465 920 5525 3s7.
952 5464 1075 5530 588,
1106 5462 1313 5519 referri.

724 5556 903 5626 Neque
928 5555 1139 5609 silentio
1159 5549 1663 5623 praetermittendum
1691 5560 1792 5618 cst,
1820 5553 1866 5607 id
1892 5555 2029 5624 quod
2060 5556 2108 5609 in
2140 5557 2239 5611 hoc

650 5649 1040 5707 (inituro-manu
1088 5646 1357 5722 manando
1404 5644 1715 5707 testificatur
1770 5650 1785 5713 (
1834 5645 1889 5700 T.
1922 5650 1973 5706 7.
2027 5660 2077 5703 ε.
2107 5642 2230 5704 29L

1776 218 1831 273 S.
1872 217 2147 273 JOANNIS
2172 217 2645 275 CllltYSOSTOMl
2687 218 2865 287 VITA,

3856 223 3959 278 160

2358 340 2398 392 l.
2430 337 2498 390 25
2518 352 2565 395 et
2593 342 2755 413 seqq.)
2799 342 3048 396 nimirum
3080 342 3235 394 finem
3286 340 3468 395 nutudi
3496 341 3603 411 jam
3636 340 3944 410 proximum

2358 454 2497 493 esse.
2519 437 2569 510 id
2596 453 2722 491 vero
2744 437 2939 489 clarius
2954 452 3093 490 euun
3126 437 3191 487 iat
3213 436 3523 504 insequenti
3545 435 3949 489 Commentario

2359 533 2408 583 in
2431 530 2715 593 Joannem,
2743 530 2830 583 ubi
2850 531 2979 582 dicit
3004 528 3089 600 (Τ.
3109 533 3160 582 δ.
3180 546 3223 581 c.
3256 529 3369 583 198
3396 531 3433 581 Ι.
3460 530 3541 597 l7)
3569 547 3578 579 :
3607 529 3665 582 Si
3687 539 3945 580 totamto-

2353 640 2463 673 rum
2488 623 3037 690 quudringenteaimttm
3055 639 3161 675 esse
3178 622 3329 688 linem
3353 623 3652 685 dixerimus,
3678 638 3775 674 non
3792 620 3940 672 aber-

2351 713 2942 783 rabimusopinioenim
2961 718 3249 772 multorum
3265 716 3481 768 Patrum
3494 713 3661 766 fuerat
3681 712 3940 766 mundum

2360 803 2453 840 sex
2484 788 2627 842 mille
2648 788 2801 842 annis
2850 789 3159 844 duraturum
3198 804 3339 855 esse,
3387 801 3442 842 ut
3473 798 3546 844 ait
3576 791 3829 852 lreuasos,
3861 794 3946 857 qui

2360 896 2417 931 se
2447 879 2497 932 id
2523 880 2589 931 ab
2614 880 2675 932 iis
2704 879 2987 934 edidicisse
3013 881 3345 947 testificatur,
3374 881 3463 951 qui
3512 881 3773 957 Joannem
3819 897 3930 948 apo

2358 969 2554 1032 stolum
2606 970 2847 1024 viderant
2880 988 2893 1024 :
2928 971 3161 1043 itemque
3199 971 3513 1043 Cyprianus,
3566 972 3874 1042 Lactantius
3898 980 3949 1023 et

2360 1060 2491 1112 llilai
2509 1060 2775 1129 ius,cujus
2798 1063 3049 1131 postremi
3070 1063 3218 1116 locus
3245 1062 3516 1117 obscurior
3542 1072 3640 1115 est.
3677 1061 3805 1115 lltce
3824 1078 3951 1129 por-

2357 1164 2418 1203 ro
2444 1150 2653 1205 dicebat
2676 1151 3088 1221 Chrysostomus
3114 1162 3235 1206 octo
3269 1153 3479 1207 circiter
3504 1152 3621 1221 plus
3651 1153 3827 1205 tttinus
3853 1166 3954 1203 an-

2358 1242 2441 1294 nis
2478 1253 2604 1297 ante
2654 1244 3230 1312 quadringentesimum
3264 1260 3291 1295 a
3324 1244 3537 1297 Christo
3569 1255 3695 1296 uoto
3726 1258 3953 1296 :tnntttu.

2356 1330 2409 1384 Si
2438 1342 2613 1385 :mtem
2646 1349 2756 1386 rem
2788 1337 2855 1386 ita
2880 1335 3321 1393 intellexeritille,
3353 1344 3408 1386 ut
3438 1324 3661 1402 putavit,
3687 1348 3828 1384 anno
3859 1333 3955 1383 illo

2356 1424 2879 1492 quadringentesimo
2895 1425 3155 1493 completa
3189 1427 3299 1479 fore
3320 1426 3401 1478 illa
3421 1440 3511 1479 sev
3532 1441 3795 1477 annorum
3823 1425 3948 1475 mil-

2358 1514 2447 1577 lia,
2478 1532 2582 1567 nou
2628 1517 2944 1571 consultabit
2995 1526 3141 1570 certe
3168 1530 3287 1570 cum
3317 1515 3582 1569 communi
3638 1516 3955 1567 Gram-orum

2334 1590 2582 1669 “calculo,
2626 1605 2714 1674 qui
2774 1616 2958 1675 putant
2998 1607 3267 1661 Christum
3317 1616 3498 1659 natum
3533 1596 3651 1661 θεὼ
3687 1622 3829 1657 anno
3882 1606 3957 1658 ab

2355 1696 2483 1747 orbe
2514 1697 2731 1750 condito
2758 1697 2917 1752 5508.
2944 1700 3011 1750 At
3048 1700 3313 1751 nescimus
3347 1709 3522 1750 utrum
3566 1714 3681 1749 aevo
3717 1697 3956 1767 Clttystt—

2354 1786 2509 1853 stomi
2540 1787 2972 1856 itasupputarent
2995 1786 3257 1851 Gr:eci,ct
3284 1788 3477 1858 alioqui
3497 1802 3601 1847 non
3628 1798 3772 1839 tanto
3790 1804 3949 1839 scru-

2355 1877 2479 1946 pulo
2509 1878 2595 1931 ille
2618 1888 2770 1931 notas
2802 1866 3096 1947 temporum
3129 1878 3303 1937 affert.

2429 1970 2916 2042 llomiliaStptoque
2968 1973 3018 2024 in
3068 1972 3326 2024 Joannem
3369 1973 3634 2038 octoginta
3676 1981 3796 2025 octo
3847 1989 3952 2024 nu-

2353 2077 2501 2116 mero
2554 2064 2853 2117 Antiochia:
2899 2062 3202 2134 Itabuit(T.
3233 2062 3333 2134 8‘),
3366 2064 3452 2117 ubi
3500 2080 3691 2117 novum
3728 2077 3955 2132 [tt'Ot‘suS

2352 2157 2701 2211 contionandi
2757 2160 2939 2223 ritum,
2984 2158 3247 2211 insolitam
3296 2157 3741 2226 deprehendimus
3769 2158 3951 2211 disse-

2352 2250 2501 2302 rendi
2532 2252 2813 2303 talionem.
2843 2250 3052 2320 Stylum
3094 2266 3223 2305 sane
3264 2250 3509 2304 eumdem
3539 2250 3829 2312 cernimus,
3859 2253 3949 2302 di-

2349 2341 2580 2413 ctionem
2616 2355 2831 2407 prorsus
2878 2342 3140 2406 similem;
3170 2342 3525 2413 cumdemque
3555 2342 3733 2396 statim
3788 2358 3949 2410 agno-

2349 2435 2547 2487 scimus
2577 2434 2786 2489 dicendi
2834 2436 3090 2489 artificem
3138 2436 3578 2507 Cltrysostomtnu
3611 2435 3701 2488 :iu
3749 2435 3944 2489 ordine

2347 2538 2523 2580 autem
2544 2535 2597 2579 et
2618 2527 2668 2579 iu
2689 2528 2980 2595 argumenti
3007 2527 3210 2581 ratione
3228 2542 3416 2597 magna
3440 2543 3559 2582 sese
3580 2526 3942 2580 olfertdiver-

2346 2616 2495 2669 sitas.
2530 2617 2583 2669 In
2610 2617 2817 2671 ueteris
2846 2632 3074 2687 namque
3105 2618 3154 2669 in
3186 2617 3511 2685 Scripturam
3544 2631 3747 2671 sacram
3780 2614 3944 2669 Com-

2345 2709 2643 2773 mentariis,
2668 2706 3003 2779 maximeque
3022 2712 3072 2763 in
3096 2710 3341 2764 Homiliis
3365 2712 3415 2763 iu
3436 2710 3763 2775 “aulaeum,
3786 2721 3939 2777 post~

2344 2816 2501 2871 quam
2525 2801 2855 2870 singulorum
2887 2816 3133 2855 versuum
3161 2802 3367 2856 literam
3416 2803 3739 2870 explanavit,
3772 2818 3936 2855 occa-

2342 2893 2496 2948 sione
2516 2910 2579 2947 ex
2597 2893 2737 2950 serie
2753 2906 2983 2964 sumpta,
3003 2894 3067 2947 ad
3098 2910 3305 2949 morum
3326 2894 3655 2962 disciplinam
3684 2906 3940 2962 spectan-

2344 2984 2414 3038 tia
2444 2985 2609 3038 multa
2639 2985 2906 3039 interserit
2934 3003 2946 3039 :
2980 2997 3140 3055 atque
3192 2986 3244 3039 in
3299 2986 3404 3039 ﬁne
3455 2986 3817 3054 longissimam
3844 2986 3943 3039 ad—

2341 3077 2699 3133 hortationem
2730 3078 2932 3147 adjicit,
2981 3089 3165 3149 quaet
3192 3094 3468 3149 proi-ertnu
3514 3090 3566 3149 et
3612 3082 3935 3149 populorum

2342 3183 2533 3237 pravos
2557 3184 2733 3223 mores
2786 3169 3095 3236 insectatur,
3128 3179 3287 3240 atque
3318 3169 3383 3223 ad
3430 3170 3675 3223 virtutem
3734 3171 3942 3225 adeun-

2340 3259 2461 3313 dam
2492 3260 2737 3314 stitnulos
2765 3260 2931 3315 addit.
2966 3261 3019 3315 lu
3051 3260 3201 3315 hisce
3250 3271 3424 3315 autem
3458 3263 3508 3315 in
3549 3262 3808 3317 Joannem
3842 3263 3942 3317 bo-

2341 3352 2501 3405 miliis
2522 3352 2628 3404 alio
2656 3351 3007 3406 concionaudi
3037 3367 3232 3423 genere
3252 3353 3509 3422 procedit.
3546 3354 3747 3409 Passim
3777 3372 3940 3409 nam-

2338 3459 2441 3513 que
2468 3455 2745 3512 postquam
2774 3443 3008 3514 singulos
3058 3460 3245 3500 versus
3272 3447 3464 3512 attulit,
3499 3446 3721 3516 illosque
3752 3450 3932 3503 maxi-

2338 3550 2425 3606 me
2440 3550 2574 3605 quos
2603 3534 2889 3594 Catltolicis
2921 3536 3155 3589 lueretici
3190 3536 3425 3606 obiicere
3456 3538 3700 3593 solebant
3726 3555 3739 3603 ;
3770 3541 3927 3615 audi-

2340 3637 2481 3681 tores
2508 3642 2632 3692 suos
2676 3627 2937 3683 adversus
2985 3628 3194 3683 illorum
3248 3630 3486 3701 argutias
3516 3639 3569 3685 ct
3597 3631 3928 3701 sophismata

2339 3722 2511 3775 tuunit
2538 3721 2877 3791 roboratque,
2910 3734 3068 3792 atque
3099 3732 3154 3777 ut
3180 3724 3357 3777 statim
3398 3723 3839 3792 deprehenditur,
3866 3726 3937 3781 iis

2338 3814 2425 3882 qui
2450 3822 2635 3867 contra
2689 3812 2871 3869 hostes
2911 3814 3211 3885 hujusmodi
3243 3831 3386 3886 Str-pe
3437 3832 3628 3872 manus
3677 3820 3935 3873 confere-

2338 3910 2467 3965 bant
2490 3926 2639 3965 arma
2671 3911 2955 3966 ministrat.

2410 4003 2533 4057 ":th
2560 4019 2717 4072 porro
2771 4020 2875 4058 non
2913 4006 2961 4057 in
3013 4004 3260 4059 onmibus
3313 4004 3550 4061 bomiliis
3592 4015 3931 4074 occurrunt;

2336 4095 2428 4148 sed
2456 4095 2505 4148 in
2540 4094 2604 4148 iis
2637 4105 2862 4158 tantum,
2914 4096 3002 4149 ubi
3057 4111 3123 4150 ea
3160 4095 3380 4151 Joannis
3409 4096 3525 4151 loca
3572 4099 3930 4167 explicantur,

2336 4202 2454 4255 qua:
2486 4186 2567 4239 vel
2588 4185 2653 4239 ad
2694 4186 3048 4257 arqualitatem
3078 4188 3791 4259 eonsubstantialitatemque
3822 4190 3932 4243 Pa-

2340 4279 2433 4335 tris
2458 4277 2657 4332 et.Filii
2683 4278 3007 4347 probandam
3040 4290 3159 4349 apta
3211 4291 3354 4345 sunt,
3408 4281 3489 4334 vel
3516 4297 3634 4350 qua:
3661 4283 3728 4334 ab
3755 4282 3933 4336 luere-

2338 4368 2456 4422 ticis
2504 4367 2570 4423 ad
2615 4368 2763 4431 illam,
2791 4370 3201 4440 impugnaudam
3229 4372 3638 4439 usurpabantnr.
3672 4372 3769 4428 Ubi
3797 4388 3934 4428 vero

2337 4458 2402 4512 de
2418 4458 2692 4515 divinitate
2713 4470 2871 4530 atque
2891 4460 3438 4519 consubstantialitate
3459 4462 3572 4515 Filii
3596 4480 3696 4515 non
3716 4465 3891 4531 agitur
3908 4481 3933 4529 ;_

2338 4550 2545 4606 literam
2574 4551 2660 4605 ille
2693 4552 2873 4621 paucis
2914 4552 3190 4619 etplanat.
3223 4553 3473 4607 Moralem
3503 4570 3713 4623 quoque
3758 4556 3933 4610 disci—

2338 4638 2533 4710 plinam
2553 4641 2691 4701 inter
2706 4642 3125 4700 cmtciouaudum
3150 4660 3223 4695 rat
3239 4644 3320 4696 ius
3336 4644 3563 4713 attingit,
3579 4646 3931 4699 concionem—

2337 4748 2440 4801 que
2483 4732 2793 4787 brevissima
2837 4733 3208 4788 adhortatione
3265 4735 3451 4787 morali
3504 4736 3738 4788 claudit:
3771 4736 3841 4790 ita
3875 4748 3936 4793 ut.

2340 4825 2421 4879 lue
2450 4826 2500 4879 in
2528 4823 2786 4879 Joannem
2816 4826 3125 4889 conciones,
3152 4824 3369 4879 dimidia
3395 4827 3507 4879 fere
3534 4829 3613 4880 sui
3647 4838 3793 4896 parte
3822 4832 3931 4883 mi-

2340 4935 2501 4975 nores
2529 4929 2583 4972 Ill
2606 4920 2889 4989 plurimum
2921 4919 3029 4972 sint
3052 4918 3295 4973 llotniliis
3319 4919 3368 4972 in
3399 4918 3719 4976 Matthauun.

2410 5010 2666 5081 Quodque
2687 5010 2953 5079 singulare
2974 5019 3074 5073 est,
3105 5009 3263 5063 hasce
3286 5010 3336 5063 in
3362 5008 3620 5065 Joannem
3642 5014 3935 5071 eoiieiones

2340 5102 2569 5163 habebat
2614 5102 3049 5174 Chrysostomus,
3079 5117 3290 5155 summo
3330 5118 3485 5155 mane
3513 5112 3567 5155 et
3618 5104 3933 5160 illucesreo.

2346 5207 2395 5251 te
2415 5212 2627 5260 aurora,
2662 5207 2715 5250 ut
2743 5196 3058 5251 teStifieatur
3086 5196 3198 5265 ipse
3227 5194 3441 5250 humilia
3467 5196 3743 5264 trigesima
3760 5190 3949 5269 priu.;{

2350 5286 3064 5353 ε.182.1.,5;8ἱυετοιιιιι1ἰρν
3098 5285 3451 5348 Samaritana;
3495 5286 3684 5354 inquit,
3738 5298 3937 5345 troitum

2344 5378 2546 5429 adhibet
2571 5376 2793 5428 studium
2821 5385 2870 5427 ut
2901 5377 3019 5444 quid
3044 5375 3163 5428 utile
3188 5359 3395 5441 ediscat,
3428 5387 3472 5429 et
3502 5374 3701 5431 Christo
3725 5380 3936 5446 assidet,

2347 5470 2539 5540 etiamsi
2566 5467 2711 5520 illum
2742 5485 2841 5520 non
2862 5477 3055 5533 noscat,
3081 5484 3231 5536 quam
3284 5484 3378 5521 nos
3404 5470 3599 5521 veniant
3652 5487 3923 5539 conseque-

2349 5578 2481 5625 mur,
2510 5562 2597 5628 qui
2626 5559 2791 5628 ipsum
2818 5560 3062 5624 novimus,
3110 5560 3195 5628 qui
3222 5577 3321 5613 non
3348 5577 3486 5615 serus
3512 5572 3737 5632 puteum,
3762 5582 3864 5621 non
3883 5585 3929 5619 ir.

2352 5655 2545 5709 deserto
2576 5662 2785 5717 Mantus,
2839 5666 2935 5703 non
2968 5650 3021 5705 in,
3071 5652 3296 5719 mcridir,
3346 5671 3441 5711 non
3472 5656 3643 5713 adusti
3686 5646 3939 5715 solrxrib-u'
