  <div class='ocr_page' id='page_1' title='image "/cluster/home/n/w/nwhite01/storage/ocr_20150623/47/pst.000005712441/178.png"; bbox 0 0 4264 6306; ppageno 0'>
   <div class='ocr_carea' id='block_1_1' title="bbox 279 222 2333 295">
    <p class='ocr_par' dir='ltr' id='par_1_1' title="bbox 279 222 2333 295">
     <span class='ocr_line' id='line_1_1' title="bbox 279 222 2333 295; baseline -0.005 0"><span class='ocrx_word' id='word_1_1' title='bbox 279 243 355 295; x_wconf 81' lang='lat' dir='ltr'><strong>nn</strong></span> <span class='ocrx_word' id='word_1_2' title='bbox 1417 222 1594 286; x_wconf 69' lang='lat' dir='ltr'><strong>NUNC</strong></span> <span class='ocrx_word' id='word_1_3' title='bbox 1637 226 1902 284; x_wconf 73' lang='lat' dir='ltr'><strong>Pltl.\lL‘.\l</strong></span> <span class='ocrx_word' id='word_1_4' title='bbox 1945 229 2172 284; x_wconf 63' lang='lat' dir='ltr'><strong>auena</strong></span> <span class='ocrx_word' id='word_1_5' title='bbox 2194 230 2333 285; x_wconf 83' lang='lat' dir='ltr'><strong>\T.\.</strong></span> 
     </span>
    </p>
   </div>
   <div class='ocr_carea' id='block_1_2' title="bbox 272 346 1830 416">
    <p class='ocr_par' dir='ltr' id='par_1_2' title="bbox 272 346 1830 416">
     <span class='ocr_line' id='line_1_2' title="bbox 272 346 1830 416; baseline -0.01 -8"><span class='ocrx_word' id='word_1_6' title='bbox 272 355 429 413; x_wconf 79' lang='lat' dir='ltr'><strong>radiis,</strong></span> <span class='ocrx_word' id='word_1_7' title='bbox 460 352 546 406; x_wconf 69' lang='lat' dir='ltr'><strong>sed</strong></span> <span class='ocrx_word' id='word_1_8' title='bbox 573 350 664 405; x_wconf 68' lang='lat' dir='ltr'><strong>sub</strong></span> <span class='ocrx_word' id='word_1_9' title='bbox 690 365 892 409; x_wconf 80' lang='lat' dir='ltr'><strong>ttttrortt,</strong></span> <span class='ocrx_word' id='word_1_10' title='bbox 921 347 1007 400; x_wconf 73' lang='lat' dir='ltr'><strong>sub</strong></span> <span class='ocrx_word' id='word_1_11' title='bbox 1041 347 1133 399; x_wconf 84' lang='lat' dir='ltr'><strong>hoc</strong></span> <span class='ocrx_word' id='word_1_12' title='bbox 1162 356 1289 398; x_wconf 75' lang='lat' dir='ltr'><strong>tecto</strong></span> <span class='ocrx_word' id='word_1_13' title='bbox 1338 347 1514 398; x_wconf 81' lang='lat' dir='ltr'><strong>umbro</strong></span> <span class='ocrx_word' id='word_1_14' title='bbox 1541 346 1748 416; x_wconf 67' lang='lat' dir='ltr'><strong>{rubum</strong></span> <span class='ocrx_word' id='word_1_15' title='bbox 1787 354 1830 394; x_wconf 74' lang='lat' dir='ltr'><strong>et</strong></span> 
     </span>
    </p>
   </div>
   <div class='ocr_carea' id='block_1_3' title="bbox 277 436 1835 512">
    <p class='ocr_par' dir='ltr' id='par_1_3' title="bbox 277 436 1835 512">
     <span class='ocr_line' id='line_1_3' title="bbox 277 436 1835 512; baseline -0.01 -12"><span class='ocrx_word' id='word_1_16' title='bbox 277 447 464 501; x_wconf 67' lang='lat' dir='ltr'><strong>maritet</strong></span> <span class='ocrx_word' id='word_1_17' title='bbox 486 444 701 512; x_wconf 77' lang='lat' dir='ltr'><strong>agimus,</strong></span> <span class='ocrx_word' id='word_1_18' title='bbox 731 458 884 509; x_wconf 79' lang='lat' dir='ltr'><strong>neque</strong></span> <span class='ocrx_word' id='word_1_19' title='bbox 913 439 1158 508; x_wconf 71' lang='lat' dir='ltr'><strong>patienter</strong></span> <span class='ocrx_word' id='word_1_20' title='bbox 1185 437 1418 489; x_wconf 80' lang='lat' dir='ltr'><strong>audimus</strong></span> <span class='ocrx_word' id='word_1_21' title='bbox 1442 436 1724 509; x_wconf 69' lang='lat' dir='ltr'><strong>quidpiam,</strong></span> <span class='ocrx_word' id='word_1_22' title='bbox 1749 437 1835 487; x_wconf 58' lang='lat' dir='ltr'><strong>sed</strong></span> 
     </span>
    </p>
   </div>
   <div class='ocr_carea' id='block_1_4' title="bbox 275 529 1837 603">
    <p class='ocr_par' dir='ltr' id='par_1_4' title="bbox 275 529 1837 603">
     <span class='ocr_line' id='line_1_4' title="bbox 275 529 1837 603; baseline -0.007 -12"><span class='ocrx_word' id='word_1_23' title='bbox 275 539 443 592; x_wconf 75' lang='lat' dir='ltr'><strong>desidia</strong></span> <span class='ocrx_word' id='word_1_24' title='bbox 487 533 973 603; x_wconf 60' lang='lat' dir='ltr'><strong>torpeutusillasce</strong></span> <span class='ocrx_word' id='word_1_25' title='bbox 1018 547 1142 584; x_wconf 88' lang='lat' dir='ltr'><strong>vero</strong></span> <span class='ocrx_word' id='word_1_26' title='bbox 1182 530 1466 584; x_wconf 87' lang='lat' dir='ltr'><strong>conciones</strong></span> <span class='ocrx_word' id='word_1_27' title='bbox 1498 529 1837 582; x_wconf 64' lang='lat' dir='ltr'><strong>ifluzcesconte</strong></span> 
     </span>
    </p>
   </div>
   <div class='ocr_carea' id='block_1_5' title="bbox 269 618 1835 691">
    <p class='ocr_par' dir='ltr' id='par_1_5' title="bbox 269 618 1835 691">
     <span class='ocr_line' id='line_1_5' title="bbox 269 618 1835 691; baseline -0.01 -9"><span class='ocrx_word' id='word_1_28' title='bbox 269 644 461 690; x_wconf 77' lang='lat' dir='ltr'><strong>aurora,</strong></span> <span class='ocrx_word' id='word_1_29' title='bbox 490 643 608 680; x_wconf 92' lang='lat' dir='ltr'><strong>cum</strong></span> <span class='ocrx_word' id='word_1_30' title='bbox 641 624 970 686; x_wconf 67' lang='lat' dir='ltr'><strong>brevissima,</strong></span> <span class='ocrx_word' id='word_1_31' title='bbox 1005 631 1194 691; x_wconf 78' lang='lat' dir='ltr'><strong>pra-ter</strong></span> <span class='ocrx_word' id='word_1_32' title='bbox 1217 636 1440 683; x_wconf 89' lang='lat' dir='ltr'><strong>morem,</strong></span> <span class='ocrx_word' id='word_1_33' title='bbox 1464 620 1647 672; x_wconf 91' lang='lat' dir='ltr'><strong>morali</strong></span> <span class='ocrx_word' id='word_1_34' title='bbox 1675 618 1835 670; x_wconf 70' lang='grc' dir='ltr'><strong>(Ιίθοὶ-</strong></span> 
     </span>
    </p>
   </div>
   <div class='ocr_carea' id='block_1_6' title="bbox 269 700 1838 790">
    <p class='ocr_par' dir='ltr' id='par_1_6' title="bbox 269 700 1838 790">
     <span class='ocr_line' id='line_1_6' title="bbox 269 700 1838 790; baseline -0.006 -19"><span class='ocrx_word' id='word_1_35' title='bbox 269 723 416 790; x_wconf 70' lang='lat' dir='ltr'><strong>plina,</strong></span> <span class='ocrx_word' id='word_1_36' title='bbox 447 716 840 787; x_wconf 84' lang='lat' dir='ltr'><strong>proountiabat,</strong></span> <span class='ocrx_word' id='word_1_37' title='bbox 876 733 941 769; x_wconf 88' lang='lat' dir='ltr'><strong>ne</strong></span> <span class='ocrx_word' id='word_1_38' title='bbox 971 716 1192 767; x_wconf 90' lang='lat' dir='ltr'><strong>aliarum</strong></span> <span class='ocrx_word' id='word_1_39' title='bbox 1221 714 1564 775; x_wconf 87' lang='lat' dir='ltr'><strong>concionum,</strong></span> <span class='ocrx_word' id='word_1_40' title='bbox 1588 725 1718 780; x_wconf 84' lang='lat' dir='ltr'><strong>quas</strong></span> <span class='ocrx_word' id='word_1_41' title='bbox 1743 700 1838 776; x_wconf 81' lang='lat' dir='ltr'><strong>per</strong></span> 
     </span>
    </p>
   </div>
   <div class='ocr_carea' id='block_1_7' title="bbox 266 801 1835 878">
    <p class='ocr_par' dir='ltr' id='par_1_7' title="bbox 266 801 1835 878">
     <span class='ocr_line' id='line_1_7' title="bbox 266 801 1835 878; baseline -0.009 -13"><span class='ocrx_word' id='word_1_42' title='bbox 266 829 444 865; x_wconf 88' lang='lat' dir='ltr'><strong>annum</strong></span> <span class='ocrx_word' id='word_1_43' title='bbox 473 811 716 874; x_wconf 84' lang='lat' dir='ltr'><strong>habebat,</strong></span> <span class='ocrx_word' id='word_1_44' title='bbox 748 818 938 878; x_wconf 65' lang='lat' dir='ltr'><strong>etque</strong></span> <span class='ocrx_word' id='word_1_45' title='bbox 991 806 1279 860; x_wconf 77' lang='lat' dir='ltr'><strong>moralibus</strong></span> <span class='ocrx_word' id='word_1_46' title='bbox 1329 803 1606 873; x_wconf 70' lang='lat' dir='ltr'><strong>pra&#39;ceptis</strong></span> <span class='ocrx_word' id='word_1_47' title='bbox 1638 801 1835 855; x_wconf 61' lang='lat' dir='ltr'><strong>redun-</strong></span> 
     </span>
    </p>
   </div>
   <div class='ocr_carea' id='block_1_8' title="bbox 265 891 1835 967">
    <p class='ocr_par' dir='ltr' id='par_1_8' title="bbox 265 891 1835 967">
     <span class='ocr_line' id='line_1_8' title="bbox 265 891 1835 967; baseline -0.008 -11"><span class='ocrx_word' id='word_1_48' title='bbox 265 891 464 967; x_wconf 66' lang='lat' dir='ltr'><strong>dabant,</strong></span> <span class='ocrx_word' id='word_1_49' title='bbox 493 918 709 956; x_wconf 80' lang='lat' dir='ltr'><strong>cursum</strong></span> <span class='ocrx_word' id='word_1_50' title='bbox 760 899 1142 967; x_wconf 89' lang='lat' dir='ltr'><strong>interpellaret.</strong></span> <span class='ocrx_word' id='word_1_51' title='bbox 1178 897 1281 950; x_wconf 90' lang='lat' dir='ltr'><strong>llas</strong></span> <span class='ocrx_word' id='word_1_52' title='bbox 1327 911 1454 949; x_wconf 85' lang='lat' dir='ltr'><strong>vero</strong></span> <span class='ocrx_word' id='word_1_53' title='bbox 1486 895 1536 947; x_wconf 93' lang='lat' dir='ltr'><strong>in</strong></span> <span class='ocrx_word' id='word_1_54' title='bbox 1590 894 1835 960; x_wconf 82' lang='lat' dir='ltr'><strong>Evange-</strong></span> 
     </span>
    </p>
   </div>
   <div class='ocr_carea' id='block_1_9' title="bbox 263 971 1838 1050">
    <p class='ocr_par' dir='ltr' id='par_1_9' title="bbox 263 971 1838 1050">
     <span class='ocr_line' id='line_1_9' title="bbox 263 971 1838 1050; baseline -0.008 -2"><span class='ocrx_word' id='word_1_55' title='bbox 263 995 376 1048; x_wconf 87' lang='lat' dir='ltr'><strong>lium</strong></span> <span class='ocrx_word' id='word_1_56' title='bbox 403 971 618 1048; x_wconf 74' lang='lat' dir='ltr'><strong>Joannis</strong></span> <span class='ocrx_word' id='word_1_57' title='bbox 659 991 930 1045; x_wconf 72' lang='lat' dir='ltr'><strong>breviores</strong></span> <span class='ocrx_word' id='word_1_58' title='bbox 975 989 1258 1050; x_wconf 79' lang='lat' dir='ltr'><strong>conciones</strong></span> <span class='ocrx_word' id='word_1_59' title='bbox 1290 986 1350 1039; x_wconf 91' lang='lat' dir='ltr'><strong>iis</strong></span> <span class='ocrx_word' id='word_1_60' title='bbox 1388 996 1592 1039; x_wconf 85' lang='lat' dir='ltr'><strong>tantum</strong></span> <span class='ocrx_word' id='word_1_61' title='bbox 1641 983 1838 1037; x_wconf 76' lang='lat' dir='ltr'><strong>dixisse</strong></span> 
     </span>
    </p>
   </div>
   <div class='ocr_carea' id='block_1_10' title="bbox 264 1080 1438 1152">
    <p class='ocr_par' dir='ltr' id='par_1_10' title="bbox 264 1080 1438 1152">
     <span class='ocr_line' id='line_1_10' title="bbox 264 1080 1438 1152; baseline -0.007 -15"><span class='ocrx_word' id='word_1_62' title='bbox 264 1086 472 1146; x_wconf 81' lang='lat' dir='ltr'><strong>videtur,</strong></span> <span class='ocrx_word' id='word_1_63' title='bbox 502 1082 589 1152; x_wconf 86' lang='lat' dir='ltr'><strong>qui</strong></span> <span class='ocrx_word' id='word_1_64' title='bbox 614 1098 734 1137; x_wconf 90' lang='lat' dir='ltr'><strong>cum</strong></span> <span class='ocrx_word' id='word_1_65' title='bbox 760 1080 1024 1135; x_wconf 76' lang='lat' dir='ltr'><strong>haereticis</strong></span> <span class='ocrx_word' id='word_1_66' title='bbox 1045 1086 1438 1133; x_wconf 89' lang='lat' dir='ltr'><strong>concertarent.</strong></span> 
     </span>
    </p>
   </div>
   <div class='ocr_carea' id='block_1_11' title="bbox 327 1168 1837 1248">
    <p class='ocr_par' dir='ltr' id='par_1_11' title="bbox 327 1168 1837 1248">
     <span class='ocr_line' id='line_1_11' title="bbox 327 1168 1837 1248; baseline -0.009 -15"><span class='ocrx_word' id='word_1_67' title='bbox 327 1178 756 1248; x_wconf 49' lang='lat' dir='ltr'><strong>Elegantissimas</strong></span> <span class='ocrx_word' id='word_1_68' title='bbox 801 1176 960 1230; x_wconf 91' lang='lat' dir='ltr'><strong>etiam</strong></span> <span class='ocrx_word' id='word_1_69' title='bbox 1014 1175 1066 1226; x_wconf 92' lang='lat' dir='ltr'><strong>in</strong></span> <span class='ocrx_word' id='word_1_70' title='bbox 1116 1171 1424 1241; x_wconf 55' lang='lat' dir='ltr'><strong>Epistolam&#39;</strong></span> <span class='ocrx_word' id='word_1_71' title='bbox 1457 1169 1521 1223; x_wconf 88' lang='lat' dir='ltr'><strong>ad</strong></span> <span class='ocrx_word' id='word_1_72' title='bbox 1563 1168 1837 1224; x_wconf 80' lang='lat' dir='ltr'><strong>Romanos</strong></span> 
     </span>
    </p>
   </div>
   <div class='ocr_carea' id='block_1_12' title="bbox 263 1261 1835 1335">
    <p class='ocr_par' dir='ltr' id='par_1_12' title="bbox 263 1261 1835 1335">
     <span class='ocr_line' id='line_1_12' title="bbox 263 1261 1835 1335; baseline -0.011 -6"><span class='ocrx_word' id='word_1_73' title='bbox 263 1274 532 1329; x_wconf 88' lang='lat' dir='ltr'><strong>conciones</strong></span> <span class='ocrx_word' id='word_1_74' title='bbox 553 1271 854 1325; x_wconf 71' lang='lat' dir='ltr'><strong>Antiochia:</strong></span> <span class='ocrx_word' id='word_1_75' title='bbox 882 1268 1066 1322; x_wconf 72' lang='lat' dir='ltr'><strong>lubuit</strong></span> <span class='ocrx_word' id='word_1_76' title='bbox 1094 1268 1112 1335; x_wconf 86' lang='lat'><strong>(</strong></span> <span class='ocrx_word' id='word_1_77' title='bbox 1141 1264 1200 1318; x_wconf 84' lang='grc' dir='ltr'><strong>Τ.</strong></span> <span class='ocrx_word' id='word_1_78' title='bbox 1232 1265 1284 1318; x_wconf 88' lang='lat'><strong>9.</strong></span> <span class='ocrx_word' id='word_1_79' title='bbox 1314 1278 1360 1313; x_wconf 77' lang='grc' dir='ltr'>ι.</span> <span class='ocrx_word' id='word_1_80' title='bbox 1388 1262 1551 1332; x_wconf 77' lang='grc'>535),</span> <span class='ocrx_word' id='word_1_81' title='bbox 1589 1273 1644 1314; x_wconf 83' lang='grc' dir='ltr'><strong>ιιι</strong></span> <span class='ocrx_word' id='word_1_82' title='bbox 1676 1261 1835 1330; x_wconf 88' lang='lat' dir='ltr'><strong>liqui-</strong></span> 
     </span>
    </p>
   </div>
   <div class='ocr_carea' id='block_1_13' title="bbox 261 1354 1837 1432">
    <p class='ocr_par' dir='ltr' id='par_1_13' title="bbox 261 1354 1837 1432">
     <span class='ocr_line' id='line_1_13' title="bbox 261 1354 1837 1432; baseline -0.011 -11"><span class='ocrx_word' id='word_1_83' title='bbox 261 1367 323 1421; x_wconf 87' lang='lat' dir='ltr'><strong>do</strong></span> <span class='ocrx_word' id='word_1_84' title='bbox 348 1375 549 1420; x_wconf 87' lang='lat' dir='ltr'><strong>constat</strong></span> <span class='ocrx_word' id='word_1_85' title='bbox 571 1379 639 1418; x_wconf 72' lang='lat' dir='ltr'><strong>ex</strong></span> <span class='ocrx_word' id='word_1_86' title='bbox 671 1364 754 1428; x_wconf 90' lang='lat' dir='ltr'><strong>iis,</strong></span> <span class='ocrx_word' id='word_1_87' title='bbox 783 1363 900 1432; x_wconf 65' lang='lat' dir='ltr'><strong>(tua:</strong></span> <span class='ocrx_word' id='word_1_88' title='bbox 931 1361 982 1414; x_wconf 91' lang='lat' dir='ltr'><strong>in</strong></span> <span class='ocrx_word' id='word_1_89' title='bbox 1015 1356 1596 1422; x_wconf 70' lang='lat' dir='ltr'><strong>Prmfationediximus.</strong></span> <span class='ocrx_word' id='word_1_90' title='bbox 1627 1354 1719 1407; x_wconf 92' lang='lat' dir='ltr'><strong>llis</strong></span> <span class='ocrx_word' id='word_1_91' title='bbox 1745 1369 1837 1405; x_wconf 82' lang='lat' dir='ltr'><strong>au-</strong></span> 
     </span>
    </p>
   </div>
   <div class='ocr_carea' id='block_1_14' title="bbox 264 1444 1838 1518">
    <p class='ocr_par' dir='ltr' id='par_1_14' title="bbox 264 1444 1838 1518">
     <span class='ocr_line' id='line_1_14' title="bbox 264 1444 1838 1518; baseline -0.008 -8"><span class='ocrx_word' id='word_1_92' title='bbox 264 1469 354 1511; x_wconf 85' lang='lat' dir='ltr'><strong>tetu</strong></span> <span class='ocrx_word' id='word_1_93' title='bbox 398 1455 696 1509; x_wconf 77' lang='lat' dir='ltr'><strong>accuratius</strong></span> <span class='ocrx_word' id='word_1_94' title='bbox 744 1451 1128 1507; x_wconf 85' lang='lat' dir='ltr'><strong>concinnandis</strong></span> <span class='ocrx_word' id='word_1_95' title='bbox 1180 1463 1396 1518; x_wconf 85' lang='lat' dir='ltr'><strong>Operam</strong></span> <span class='ocrx_word' id='word_1_96' title='bbox 1457 1446 1603 1499; x_wconf 84' lang='lat' dir='ltr'><strong>dedit</strong></span> <span class='ocrx_word' id='word_1_97' title='bbox 1652 1444 1838 1498; x_wconf 88' lang='lat' dir='ltr'><strong>doctor</strong></span> 
     </span>
    </p>
   </div>
   <div class='ocr_carea' id='block_1_15' title="bbox 261 1539 1836 1615">
    <p class='ocr_par' dir='ltr' id='par_1_15' title="bbox 261 1539 1836 1615">
     <span class='ocr_line' id='line_1_15' title="bbox 261 1539 1836 1615; baseline -0.009 -14"><span class='ocrx_word' id='word_1_98' title='bbox 261 1558 446 1612; x_wconf 79' lang='lat' dir='ltr'><strong>noster,</strong></span> <span class='ocrx_word' id='word_1_99' title='bbox 478 1548 600 1615; x_wconf 82' lang='lat' dir='ltr'><strong>quia</strong></span> <span class='ocrx_word' id='word_1_100' title='bbox 633 1546 684 1599; x_wconf 92' lang='lat' dir='ltr'><strong>in</strong></span> <span class='ocrx_word' id='word_1_101' title='bbox 705 1546 800 1597; x_wconf 90' lang='lat' dir='ltr'><strong>hac</strong></span> <span class='ocrx_word' id='word_1_102' title='bbox 821 1542 1042 1612; x_wconf 74' lang='lat' dir='ltr'><strong>epistula</strong></span> <span class='ocrx_word' id='word_1_103' title='bbox 1068 1541 1258 1594; x_wconf 88' lang='lat' dir='ltr'><strong>Paultts</strong></span> <span class='ocrx_word' id='word_1_104' title='bbox 1275 1539 1836 1592; x_wconf 82' lang='lat' dir='ltr'><strong>obseurabumanum-</strong></span> 
     </span>
    </p>
   </div>
   <div class='ocr_carea' id='block_1_16' title="bbox 259 1617 1838 1705">
    <p class='ocr_par' dir='ltr' id='par_1_16' title="bbox 259 1617 1838 1705">
     <span class='ocr_line' id='line_1_16' title="bbox 259 1617 1838 1705; baseline -0.006 -15"><span class='ocrx_word' id='word_1_105' title='bbox 259 1654 350 1705; x_wconf 86' lang='lat' dir='ltr'><strong>que</strong></span> <span class='ocrx_word' id='word_1_106' title='bbox 376 1638 705 1692; x_wconf 91' lang='lat' dir='ltr'><strong>ratiocinium</strong></span> <span class='ocrx_word' id='word_1_107' title='bbox 736 1633 1104 1703; x_wconf 80' lang='lat' dir='ltr'><strong>exsuperantia</strong></span> <span class='ocrx_word' id='word_1_108' title='bbox 1126 1632 1286 1685; x_wconf 92' lang='lat' dir='ltr'><strong>multa</strong></span> <span class='ocrx_word' id='word_1_109' title='bbox 1313 1617 1688 1689; x_wconf 56' lang='lat' dir='ltr'><strong>admisc’uerat,</strong></span> <span class='ocrx_word' id='word_1_110' title='bbox 1719 1642 1838 1696; x_wconf 63' lang='lat' dir='ltr'><strong>quae</strong></span> 
     </span>
    </p>
   </div>
   <div class='ocr_carea' id='block_1_17' title="bbox 261 1720 1838 1804">
    <p class='ocr_par' dir='ltr' id='par_1_17' title="bbox 261 1720 1838 1804">
     <span class='ocr_line' id='line_1_17' title="bbox 261 1720 1838 1804; baseline -0.006 -22"><span class='ocrx_word' id='word_1_111' title='bbox 261 1731 520 1804; x_wconf 75' lang='lat' dir='ltr'><strong>bigenioso</strong></span> <span class='ocrx_word' id='word_1_112' title='bbox 550 1743 618 1782; x_wconf 88' lang='lat' dir='ltr'><strong>ac</strong></span> <span class='ocrx_word' id='word_1_113' title='bbox 643 1726 1178 1794; x_wconf 76' lang='lat' dir='ltr'><strong>strenuuinterprete</strong></span> <span class='ocrx_word' id='word_1_114' title='bbox 1205 1738 1339 1791; x_wconf 90' lang='lat' dir='ltr'><strong>opus</strong></span> <span class='ocrx_word' id='word_1_115' title='bbox 1389 1722 1607 1776; x_wconf 83' lang='lat' dir='ltr'><strong>habent.</strong></span> <span class='ocrx_word' id='word_1_116' title='bbox 1658 1720 1838 1789; x_wconf 77' lang='lat' dir='ltr'><strong>Expli-</strong></span> 
     </span>
    </p>
   </div>
   <div class='ocr_carea' id='block_1_18' title="bbox 259 1812 1837 1888">
    <p class='ocr_par' dir='ltr' id='par_1_18' title="bbox 259 1812 1837 1888">
     <span class='ocr_line' id='line_1_18' title="bbox 259 1812 1837 1888; baseline -0.006 -15"><span class='ocrx_word' id='word_1_117' title='bbox 259 1821 424 1873; x_wconf 80' lang='lat' dir='ltr'><strong>candis</strong></span> <span class='ocrx_word' id='word_1_118' title='bbox 448 1819 659 1873; x_wconf 88' lang='lat' dir='ltr'><strong>arcanis</strong></span> <span class='ocrx_word' id='word_1_119' title='bbox 693 1818 796 1874; x_wconf 88' lang='lat' dir='ltr'><strong>illis</strong></span> <span class='ocrx_word' id='word_1_120' title='bbox 826 1817 1116 1888; x_wconf 86' lang='lat' dir='ltr'><strong>mysteriis,</strong></span> <span class='ocrx_word' id='word_1_121' title='bbox 1140 1831 1257 1884; x_wconf 66' lang='lat' dir='ltr'><strong>quae.</strong></span> <span class='ocrx_word' id='word_1_122' title='bbox 1287 1815 1486 1885; x_wconf 88' lang='lat' dir='ltr'><strong>passim</strong></span> <span class='ocrx_word' id='word_1_123' title='bbox 1529 1814 1579 1866; x_wconf 92' lang='lat' dir='ltr'><strong>in</strong></span> <span class='ocrx_word' id='word_1_124' title='bbox 1603 1812 1699 1867; x_wconf 90' lang='lat' dir='ltr'><strong>hac</strong></span> <span class='ocrx_word' id='word_1_125' title='bbox 1719 1812 1837 1881; x_wconf 85' lang='lat' dir='ltr'><strong>epi-</strong></span> 
     </span>
    </p>
   </div>
   <div class='ocr_carea' id='block_1_19' title="bbox 259 1906 1837 1981">
    <p class='ocr_par' dir='ltr' id='par_1_19' title="bbox 259 1906 1837 1981">
     <span class='ocr_line' id='line_1_19' title="bbox 259 1906 1837 1981; baseline -0.004 -18"><span class='ocrx_word' id='word_1_126' title='bbox 259 1920 379 1964; x_wconf 86' lang='lat' dir='ltr'><strong>stola</strong></span> <span class='ocrx_word' id='word_1_127' title='bbox 409 1918 717 1977; x_wconf 73' lang='lat' dir='ltr'><strong>occurrunt,</strong></span> <span class='ocrx_word' id='word_1_128' title='bbox 751 1918 947 1981; x_wconf 85' lang='lat' dir='ltr'><strong>tantam</strong></span> <span class='ocrx_word' id='word_1_129' title='bbox 969 1907 1204 1962; x_wconf 83' lang='lat' dir='ltr'><strong>Joannes</strong></span> <span class='ocrx_word' id='word_1_130' title='bbox 1235 1917 1416 1960; x_wconf 76' lang='lat' dir='ltr'><strong>noster</strong></span> <span class='ocrx_word' id='word_1_131' title='bbox 1437 1906 1677 1959; x_wconf 80' lang='lat' dir='ltr'><strong>adhibuit</strong></span> <span class='ocrx_word' id='word_1_132' title='bbox 1704 1921 1837 1974; x_wconf 89' lang='lat' dir='ltr'><strong>0pc-</strong></span> 
     </span>
    </p>
   </div>
   <div class='ocr_carea' id='block_1_20' title="bbox 261 1996 1836 2076">
    <p class='ocr_par' dir='ltr' id='par_1_20' title="bbox 261 1996 1836 2076">
     <span class='ocr_line' id='line_1_20' title="bbox 261 1996 1836 2076; baseline -0.003 -23"><span class='ocrx_word' id='word_1_133' title='bbox 261 2018 380 2066; x_wconf 87' lang='lat' dir='ltr'><strong>rant,</strong></span> <span class='ocrx_word' id='word_1_134' title='bbox 411 2011 463 2054; x_wconf 93' lang='lat' dir='ltr'><strong>ut</strong></span> <span class='ocrx_word' id='word_1_135' title='bbox 483 2001 577 2076; x_wconf 64' lang='lat' dir='ltr'><strong>vix</strong></span> <span class='ocrx_word' id='word_1_136' title='bbox 611 2017 790 2070; x_wconf 90' lang='lat' dir='ltr'><strong>parem</strong></span> <span class='ocrx_word' id='word_1_137' title='bbox 823 2004 874 2055; x_wconf 89' lang='lat' dir='ltr'><strong>in</strong></span> <span class='ocrx_word' id='word_1_138' title='bbox 921 2000 1132 2069; x_wconf 83' lang='lat' dir='ltr'><strong>scriptis</strong></span> <span class='ocrx_word' id='word_1_139' title='bbox 1154 1998 1268 2068; x_wconf 87' lang='lat' dir='ltr'><strong>ejus</strong></span> <span class='ocrx_word' id='word_1_140' title='bbox 1285 1997 1673 2068; x_wconf 79' lang='lat' dir='ltr'><strong>deprehendas.</strong></span> <span class='ocrx_word' id='word_1_141' title='bbox 1702 1996 1836 2050; x_wconf 80' lang='lat' dir='ltr'><strong>Cer-</strong></span> 
     </span>
    </p>
   </div>
   <div class='ocr_carea' id='block_1_21' title="bbox 261 2090 1836 2161">
    <p class='ocr_par' dir='ltr' id='par_1_21' title="bbox 261 2090 1836 2161">
     <span class='ocr_line' id='line_1_21' title="bbox 261 2090 1836 2161; baseline -0.003 -15"><span class='ocrx_word' id='word_1_142' title='bbox 261 2106 302 2146; x_wconf 83' lang='lat' dir='ltr'><strong>te</strong></span> <span class='ocrx_word' id='word_1_143' title='bbox 323 2100 476 2148; x_wconf 91' lang='lat' dir='ltr'><strong>multa</strong></span> <span class='ocrx_word' id='word_1_144' title='bbox 500 2097 549 2149; x_wconf 93' lang='lat' dir='ltr'><strong>in</strong></span> <span class='ocrx_word' id='word_1_145' title='bbox 585 2097 668 2148; x_wconf 78' lang='lat' dir='ltr'><strong>illa</strong></span> <span class='ocrx_word' id='word_1_146' title='bbox 693 2094 953 2148; x_wconf 78' lang='lat' dir='ltr'><strong>habentur</strong></span> <span class='ocrx_word' id='word_1_147' title='bbox 979 2094 1118 2149; x_wconf 79' lang='lat' dir='ltr'><strong>circa</strong></span> <span class='ocrx_word' id='word_1_148' title='bbox 1148 2093 1368 2161; x_wconf 84' lang='lat' dir='ltr'><strong>gratiam</strong></span> <span class='ocrx_word' id='word_1_149' title='bbox 1401 2103 1454 2145; x_wconf 91' lang='lat' dir='ltr'><strong>et</strong></span> <span class='ocrx_word' id='word_1_150' title='bbox 1488 2090 1836 2160; x_wconf 64' lang='lat' dir='ltr'><strong>pra&#39;dcstina-</strong></span> 
     </span>
    </p>
   </div>
   <div class='ocr_carea' id='block_1_22' title="bbox 260 2186 1836 2258">
    <p class='ocr_par' dir='ltr' id='par_1_22' title="bbox 260 2186 1836 2258">
     <span class='ocr_line' id='line_1_22' title="bbox 260 2186 1836 2258; baseline -0.004 -17"><span class='ocrx_word' id='word_1_151' title='bbox 260 2191 462 2252; x_wconf 77' lang='lat' dir='ltr'><strong>tionem,</strong></span> <span class='ocrx_word' id='word_1_152' title='bbox 494 2205 616 2258; x_wconf 71' lang='lat' dir='ltr'><strong>qua:</strong></span> <span class='ocrx_word' id='word_1_153' title='bbox 649 2187 1089 2256; x_wconf 87' lang='lat' dir='ltr'><strong>peritissimorum</strong></span> <span class='ocrx_word' id='word_1_154' title='bbox 1116 2186 1321 2256; x_wconf 82' lang='lat' dir='ltr'><strong>ingenia</strong></span> <span class='ocrx_word' id='word_1_155' title='bbox 1351 2195 1659 2245; x_wconf 81' lang='lat' dir='ltr'><strong>exerceant,</strong></span> <span class='ocrx_word' id='word_1_156' title='bbox 1691 2199 1836 2254; x_wconf 80' lang='lat' dir='ltr'><strong>quze—</strong></span> 
     </span>
    </p>
   </div>
   <div class='ocr_carea' id='block_1_23' title="bbox 257 2266 1837 2348">
    <p class='ocr_par' dir='ltr' id='par_1_23' title="bbox 257 2266 1837 2348">
     <span class='ocr_line' id='line_1_23' title="bbox 257 2266 1837 2348; baseline 0.001 -18"><span class='ocrx_word' id='word_1_157' title='bbox 257 2297 350 2347; x_wconf 90' lang='lat' dir='ltr'><strong>que</strong></span> <span class='ocrx_word' id='word_1_158' title='bbox 379 2266 624 2335; x_wconf 84' lang='lat' dir='ltr'><strong>nonsiue</strong></span> <span class='ocrx_word' id='word_1_159' title='bbox 653 2280 864 2333; x_wconf 80' lang='lat' dir='ltr'><strong>errandi</strong></span> <span class='ocrx_word' id='word_1_160' title='bbox 922 2281 1158 2348; x_wconf 81' lang='lat' dir='ltr'><strong>periculo</strong></span> <span class='ocrx_word' id='word_1_161' title='bbox 1208 2279 1421 2331; x_wconf 70' lang='lat' dir='ltr'><strong>trat&#39;tat&#39;i</strong></span> <span class='ocrx_word' id='word_1_162' title='bbox 1461 2287 1700 2346; x_wconf 89' lang='lat' dir='ltr'><strong>possunt,</strong></span> <span class='ocrx_word' id='word_1_163' title='bbox 1733 2278 1837 2332; x_wconf 86' lang='lat' dir='ltr'><strong>nisi</strong></span> 
     </span>
    </p>
   </div>
   <div class='ocr_carea' id='block_1_24' title="bbox 259 2372 1837 2440">
    <p class='ocr_par' dir='ltr' id='par_1_24' title="bbox 259 2372 1837 2440">
     <span class='ocr_line' id='line_1_24' title="bbox 259 2372 1837 2440; baseline 0.003 -18"><span class='ocrx_word' id='word_1_164' title='bbox 259 2389 426 2440; x_wconf 77' lang='lat' dir='ltr'><strong>magna</strong></span> <span class='ocrx_word' id='word_1_165' title='bbox 449 2374 626 2426; x_wconf 85' lang='lat' dir='ltr'><strong>cautio</strong></span> <span class='ocrx_word' id='word_1_166' title='bbox 652 2373 984 2427; x_wconf 84' lang='lat' dir='ltr'><strong>adhibeatur.</strong></span> <span class='ocrx_word' id='word_1_167' title='bbox 1030 2373 1175 2426; x_wconf 87' lang='lat' dir='ltr'><strong>llanc</strong></span> <span class='ocrx_word' id='word_1_168' title='bbox 1205 2372 1519 2425; x_wconf 89' lang='lat' dir='ltr'><strong>concionum</strong></span> <span class='ocrx_word' id='word_1_169' title='bbox 1543 2372 1594 2425; x_wconf 89' lang='lat' dir='ltr'><strong>itt</strong></span> <span class='ocrx_word' id='word_1_170' title='bbox 1628 2372 1837 2440; x_wconf 78' lang='lat' dir='ltr'><strong>Episto-</strong></span> 
     </span>
    </p>
   </div>
   <div class='ocr_carea' id='block_1_25' title="bbox 258 2463 1837 2533">
    <p class='ocr_par' dir='ltr' id='par_1_25' title="bbox 258 2463 1837 2533">
     <span class='ocr_line' id='line_1_25' title="bbox 258 2463 1837 2533; baseline 0.003 -19"><span class='ocrx_word' id='word_1_171' title='bbox 258 2465 348 2515; x_wconf 89' lang='lat' dir='ltr'><strong>lant</strong></span> <span class='ocrx_word' id='word_1_172' title='bbox 377 2465 440 2518; x_wconf 87' lang='lat' dir='ltr'><strong>ad</strong></span> <span class='ocrx_word' id='word_1_173' title='bbox 474 2465 1134 2518; x_wconf 76' lang='lat' dir='ltr'><strong>llotnanoscollectionem</strong></span> <span class='ocrx_word' id='word_1_174' title='bbox 1191 2464 1365 2533; x_wconf 85' lang='lat' dir='ltr'><strong>magni</strong></span> <span class='ocrx_word' id='word_1_175' title='bbox 1431 2465 1555 2517; x_wconf 80' lang='lat' dir='ltr'><strong>facit</strong></span> <span class='ocrx_word' id='word_1_176' title='bbox 1608 2463 1837 2518; x_wconf 85' lang='lat' dir='ltr'><strong>Isidorus</strong></span> 
     </span>
    </p>
   </div>
   <div class='ocr_carea' id='block_1_26' title="bbox 259 2557 1836 2628">
    <p class='ocr_par' dir='ltr' id='par_1_26' title="bbox 259 2557 1836 2628">
     <span class='ocr_line' id='line_1_26' title="bbox 259 2557 1836 2628; baseline -0.001 -18"><span class='ocrx_word' id='word_1_177' title='bbox 259 2557 528 2620; x_wconf 74' lang='lat' dir='ltr'><strong>l’elnsiota,</strong></span> <span class='ocrx_word' id='word_1_178' title='bbox 559 2561 757 2628; x_wconf 88' lang='lat' dir='ltr'><strong>aliique</strong></span> <span class='ocrx_word' id='word_1_179' title='bbox 784 2559 923 2612; x_wconf 91' lang='lat' dir='ltr'><strong>docti</strong></span> <span class='ocrx_word' id='word_1_180' title='bbox 955 2559 1050 2612; x_wconf 90' lang='lat' dir='ltr'><strong>viri</strong></span> <span class='ocrx_word' id='word_1_181' title='bbox 1101 2558 1342 2612; x_wconf 82' lang='lat' dir='ltr'><strong>eamdem</strong></span> <span class='ocrx_word' id='word_1_182' title='bbox 1395 2557 1667 2626; x_wconf 84' lang='lat' dir='ltr'><strong>proferunt</strong></span> <span class='ocrx_word' id='word_1_183' title='bbox 1711 2571 1836 2610; x_wconf 88' lang='lat' dir='ltr'><strong>scn-</strong></span> 
     </span>
    </p>
   </div>
   <div class='ocr_carea' id='block_1_27' title="bbox 259 2651 1838 2722">
    <p class='ocr_par' dir='ltr' id='par_1_27' title="bbox 259 2651 1838 2722">
     <span class='ocr_line' id='line_1_27' title="bbox 259 2651 1838 2722; baseline -0.002 -16"><span class='ocrx_word' id='word_1_184' title='bbox 259 2655 479 2708; x_wconf 85' lang='lat' dir='ltr'><strong>teutiam.</strong></span> <span class='ocrx_word' id='word_1_185' title='bbox 514 2654 718 2706; x_wconf 83' lang='lat' dir='ltr'><strong>Omnes</strong></span> <span class='ocrx_word' id='word_1_186' title='bbox 740 2653 968 2722; x_wconf 87' lang='lat' dir='ltr'><strong>denique</strong></span> <span class='ocrx_word' id='word_1_187' title='bbox 1002 2653 1084 2705; x_wconf 88' lang='lat' dir='ltr'><strong>hic</strong></span> <span class='ocrx_word' id='word_1_188' title='bbox 1106 2653 1362 2721; x_wconf 80' lang='lat' dir='ltr'><strong>grandem</strong></span> <span class='ocrx_word' id='word_1_189' title='bbox 1397 2651 1591 2720; x_wconf 83' lang='lat' dir='ltr'><strong>ingenii</strong></span> <span class='ocrx_word' id='word_1_190' title='bbox 1626 2651 1838 2718; x_wconf 62' lang='lat' dir='ltr'><strong>suhzili-</strong></span> 
     </span>
    </p>
   </div>
   <div class='ocr_carea' id='block_1_28' title="bbox 258 2742 1839 2810">
    <p class='ocr_par' dir='ltr' id='par_1_28' title="bbox 258 2742 1839 2810">
     <span class='ocr_line' id='line_1_28' title="bbox 258 2742 1839 2810; baseline 0.001 -16"><span class='ocrx_word' id='word_1_191' title='bbox 258 2752 421 2805; x_wconf 86' lang='lat' dir='ltr'><strong>tatem,</strong></span> <span class='ocrx_word' id='word_1_192' title='bbox 446 2745 636 2798; x_wconf 86' lang='lat' dir='ltr'><strong>orandi</strong></span> <span class='ocrx_word' id='word_1_193' title='bbox 663 2744 764 2798; x_wconf 85' lang='lat' dir='ltr'><strong>vim</strong></span> <span class='ocrx_word' id='word_1_194' title='bbox 789 2752 842 2797; x_wconf 92' lang='lat' dir='ltr'><strong>et</strong></span> <span class='ocrx_word' id='word_1_195' title='bbox 879 2744 1195 2810; x_wconf 76' lang='lat' dir='ltr'><strong>elegantiam</strong></span> <span class='ocrx_word' id='word_1_196' title='bbox 1238 2758 1346 2810; x_wconf 74' lang='lat' dir='ltr'><strong>pra:</strong></span> <span class='ocrx_word' id='word_1_197' title='bbox 1375 2756 1432 2796; x_wconf 89' lang='lat' dir='ltr'><strong>se</strong></span> <span class='ocrx_word' id='word_1_198' title='bbox 1449 2742 1646 2804; x_wconf 85' lang='lat' dir='ltr'><strong>ferunt,</strong></span> <span class='ocrx_word' id='word_1_199' title='bbox 1680 2750 1839 2809; x_wconf 89' lang='lat' dir='ltr'><strong>atque</strong></span> 
     </span>
    </p>
   </div>
   <div class='ocr_carea' id='block_1_29' title="bbox 259 2835 1839 2907">
    <p class='ocr_par' dir='ltr' id='par_1_29' title="bbox 259 2835 1839 2907">
     <span class='ocr_line' id='line_1_29' title="bbox 259 2835 1839 2907; baseline -0.002 -18"><span class='ocrx_word' id='word_1_200' title='bbox 259 2840 470 2890; x_wconf 87' lang='lat' dir='ltr'><strong>nativam</strong></span> <span class='ocrx_word' id='word_1_201' title='bbox 494 2839 611 2907; x_wconf 81' lang='lat' dir='ltr'><strong>ejus</strong></span> <span class='ocrx_word' id='word_1_202' title='bbox 648 2837 1028 2907; x_wconf 61' lang='lat' dir='ltr'><strong>eLaqnentiam,</strong></span> <span class='ocrx_word' id='word_1_203' title='bbox 1085 2837 1385 2906; x_wconf 81' lang='lat' dir='ltr'><strong>stylumque</strong></span> <span class='ocrx_word' id='word_1_204' title='bbox 1429 2838 1639 2890; x_wconf 71' lang='lat' dir='ltr'><strong>cmteris</strong></span> <span class='ocrx_word' id='word_1_205' title='bbox 1669 2835 1839 2906; x_wconf 73' lang='lat' dir='ltr'><strong>Chry-</strong></span> 
     </span>
    </p>
   </div>
   <div class='ocr_carea' id='block_1_30' title="bbox 258 2917 1837 3001">
    <p class='ocr_par' dir='ltr' id='par_1_30' title="bbox 258 2917 1837 3001">
     <span class='ocr_line' id='line_1_30' title="bbox 258 2917 1837 3001; baseline 0 -19"><span class='ocrx_word' id='word_1_206' title='bbox 258 2932 460 2986; x_wconf 81' lang='lat' dir='ltr'><strong>sostomi</strong></span> <span class='ocrx_word' id='word_1_207' title='bbox 489 2932 744 3001; x_wconf 79' lang='lat' dir='ltr'><strong>Operibus</strong></span> <span class='ocrx_word' id='word_1_208' title='bbox 762 2931 846 2986; x_wconf 89' lang='lat' dir='ltr'><strong>sic</strong></span> <span class='ocrx_word' id='word_1_209' title='bbox 871 2917 1108 2996; x_wconf 81' lang='lat' dir='ltr'><strong>afﬁnem,</strong></span> <span class='ocrx_word' id='word_1_210' title='bbox 1144 2938 1200 2984; x_wconf 91' lang='lat' dir='ltr'><strong>ut</strong></span> <span class='ocrx_word' id='word_1_211' title='bbox 1222 2944 1327 2984; x_wconf 90' lang='lat' dir='ltr'><strong>non</strong></span> <span class='ocrx_word' id='word_1_212' title='bbox 1362 2929 1431 2983; x_wconf 91' lang='lat' dir='ltr'><strong>sit</strong></span> <span class='ocrx_word' id='word_1_213' title='bbox 1453 2944 1612 2984; x_wconf 89' lang='lat' dir='ltr'><strong>ovum</strong></span> <span class='ocrx_word' id='word_1_214' title='bbox 1635 2942 1738 2982; x_wconf 89' lang='lat' dir='ltr'><strong>ovo</strong></span> <span class='ocrx_word' id='word_1_215' title='bbox 1764 2928 1837 2982; x_wconf 86' lang='lat' dir='ltr'><strong>si-</strong></span> 
     </span>
    </p>
   </div>
   <div class='ocr_carea' id='block_1_31' title="bbox 260 3023 818 3077">
    <p class='ocr_par' dir='ltr' id='par_1_31' title="bbox 260 3023 818 3077">
     <span class='ocr_line' id='line_1_31' title="bbox 260 3023 818 3077; baseline 0.005 -3"><span class='ocrx_word' id='word_1_216' title='bbox 260 3023 439 3077; x_wconf 82' lang='lat' dir='ltr'><strong>milius.</strong></span> <span class='ocrx_word' id='word_1_217' title='bbox 816 3075 818 3077; x_wconf 86' lang='lat'><strong>.</strong></span> 
     </span>
    </p>
   </div>
   <div class='ocr_carea' id='block_1_32' title="bbox 323 3103 1837 3186">
    <p class='ocr_par' dir='ltr' id='par_1_32' title="bbox 323 3103 1837 3186">
     <span class='ocr_line' id='line_1_32' title="bbox 323 3103 1837 3186; baseline -0.001 -18"><span class='ocrx_word' id='word_1_218' title='bbox 323 3114 454 3170; x_wconf 81' lang='lat' dir='ltr'><strong>Inter</strong></span> <span class='ocrx_word' id='word_1_219' title='bbox 480 3103 918 3186; x_wconf 65' lang='lat' dir='ltr'><strong>prtestatttiSSitna</strong></span> <span class='ocrx_word' id='word_1_220' title='bbox 949 3113 1316 3185; x_wconf 77' lang='lat' dir='ltr'><strong>Chrysostomi</strong></span> <span class='ocrx_word' id='word_1_221' title='bbox 1348 3129 1508 3182; x_wconf 87' lang='lat' dir='ltr'><strong>Opera</strong></span> <span class='ocrx_word' id='word_1_222' title='bbox 1542 3128 1837 3168; x_wconf 67' lang='lat' dir='ltr'><strong>accenseno</strong></span> 
     </span>
    </p>
   </div>
   <div class='ocr_carea' id='block_1_33' title="bbox 262 3203 1838 3276">
    <p class='ocr_par' dir='ltr' id='par_1_33' title="bbox 262 3203 1838 3276">
     <span class='ocr_line' id='line_1_33' title="bbox 262 3203 1838 3276; baseline -0.001 -17"><span class='ocrx_word' id='word_1_223' title='bbox 262 3216 336 3260; x_wconf 79' lang='lat' dir='ltr'><strong>tur</strong></span> <span class='ocrx_word' id='word_1_224' title='bbox 360 3208 598 3262; x_wconf 67' lang='lat' dir='ltr'><strong>Ilomilize</strong></span> <span class='ocrx_word' id='word_1_225' title='bbox 623 3208 675 3262; x_wconf 94' lang='lat' dir='ltr'><strong>in</strong></span> <span class='ocrx_word' id='word_1_226' title='bbox 708 3207 1000 3276; x_wconf 80' lang='lat' dir='ltr'><strong>Epistulam</strong></span> <span class='ocrx_word' id='word_1_227' title='bbox 1048 3217 1327 3276; x_wconf 86' lang='lat' dir='ltr'><strong>utramque</strong></span> <span class='ocrx_word' id='word_1_228' title='bbox 1357 3205 1500 3259; x_wconf 85' lang='lat' dir='ltr'><strong>Pauli</strong></span> <span class='ocrx_word' id='word_1_229' title='bbox 1533 3204 1598 3259; x_wconf 85' lang='lat' dir='ltr'><strong>ad</strong></span> <span class='ocrx_word' id='word_1_230' title='bbox 1645 3203 1838 3258; x_wconf 90' lang='lat' dir='ltr'><strong>Coriu-</strong></span> 
     </span>
    </p>
   </div>
   <div class='ocr_carea' id='block_1_34' title="bbox 261 3297 1840 3371">
    <p class='ocr_par' dir='ltr' id='par_1_34' title="bbox 261 3297 1840 3371">
     <span class='ocr_line' id='line_1_34' title="bbox 261 3297 1840 3371; baseline -0.001 -19"><span class='ocrx_word' id='word_1_231' title='bbox 261 3301 384 3354; x_wconf 84' lang='lat' dir='ltr'><strong>diios</strong></span> <span class='ocrx_word' id='word_1_232' title='bbox 411 3301 428 3371; x_wconf 92' lang='lat'>(</span> <span class='ocrx_word' id='word_1_233' title='bbox 453 3301 511 3354; x_wconf 89' lang='lat' dir='ltr'><strong>T.</strong></span> <span class='ocrx_word' id='word_1_234' title='bbox 547 3301 617 3356; x_wconf 80' lang='grc'><strong>10</strong></span> <span class='ocrx_word' id='word_1_235' title='bbox 645 3299 685 3371; x_wconf 86' lang='grc'><strong>),</strong></span> <span class='ocrx_word' id='word_1_236' title='bbox 713 3316 775 3353; x_wconf 88' lang='lat' dir='ltr'><strong>ac</strong></span> <span class='ocrx_word' id='word_1_237' title='bbox 800 3316 917 3354; x_wconf 88' lang='lat' dir='ltr'><strong>etnn</strong></span> <span class='ocrx_word' id='word_1_238' title='bbox 953 3299 1135 3368; x_wconf 85' lang='lat' dir='ltr'><strong>primis</strong></span> <span class='ocrx_word' id='word_1_239' title='bbox 1184 3297 1443 3368; x_wconf 83' lang='lat' dir='ltr'><strong>elegantia</strong></span> <span class='ocrx_word' id='word_1_240' title='bbox 1475 3305 1526 3350; x_wconf 93' lang='lat' dir='ltr'><strong>et</strong></span> <span class='ocrx_word' id='word_1_241' title='bbox 1584 3297 1840 3366; x_wconf 73' lang='lat' dir='ltr'><strong>gravitate</strong></span> 
     </span>
    </p>
   </div>
   <div class='ocr_carea' id='block_1_35' title="bbox 257 3388 1837 3461">
    <p class='ocr_par' dir='ltr' id='par_1_35' title="bbox 257 3388 1837 3461">
     <span class='ocr_line' id='line_1_35' title="bbox 257 3388 1837 3461; baseline -0.002 -17"><span class='ocrx_word' id='word_1_242' title='bbox 257 3405 554 3447; x_wconf 76' lang='lat' dir='ltr'><strong>concertare</strong></span> <span class='ocrx_word' id='word_1_243' title='bbox 585 3400 805 3461; x_wconf 72' lang='lat' dir='ltr'><strong>possunt</strong></span> <span class='ocrx_word' id='word_1_244' title='bbox 834 3406 850 3456; x_wconf 93' lang='lat'><strong>;</strong></span> <span class='ocrx_word' id='word_1_245' title='bbox 877 3392 1104 3444; x_wconf 79' lang='lat' dir='ltr'><strong>maxime</strong></span> <span class='ocrx_word' id='word_1_246' title='bbox 1121 3405 1249 3444; x_wconf 84' lang='lat' dir='ltr'><strong>vero</strong></span> <span class='ocrx_word' id='word_1_247' title='bbox 1269 3388 1507 3442; x_wconf 64' lang='lat' dir='ltr'><strong>Humilia:</strong></span> <span class='ocrx_word' id='word_1_248' title='bbox 1539 3389 1589 3440; x_wconf 92' lang='lat' dir='ltr'><strong>in</strong></span> <span class='ocrx_word' id='word_1_249' title='bbox 1615 3390 1837 3456; x_wconf 87' lang='lat' dir='ltr'><strong>primam</strong></span> 
     </span>
    </p>
   </div>
   <div class='ocr_carea' id='block_1_36' title="bbox 261 3482 1840 3554">
    <p class='ocr_par' dir='ltr' id='par_1_36' title="bbox 261 3482 1840 3554">
     <span class='ocr_line' id='line_1_36' title="bbox 261 3482 1840 3554; baseline -0.001 -17"><span class='ocrx_word' id='word_1_250' title='bbox 261 3483 558 3552; x_wconf 80' lang='lat' dir='ltr'><strong>Epistulam,</strong></span> <span class='ocrx_word' id='word_1_251' title='bbox 588 3499 721 3554; x_wconf 90' lang='lat' dir='ltr'><strong>quas</strong></span> <span class='ocrx_word' id='word_1_252' title='bbox 769 3483 1018 3538; x_wconf 68' lang='lat' dir='ltr'><strong>Hotuiliis</strong></span> <span class='ocrx_word' id='word_1_253' title='bbox 1043 3482 1108 3537; x_wconf 90' lang='lat' dir='ltr'><strong>ad</strong></span> <span class='ocrx_word' id='word_1_254' title='bbox 1138 3482 1428 3537; x_wconf 89' lang='lat' dir='ltr'><strong>secundam</strong></span> <span class='ocrx_word' id='word_1_255' title='bbox 1477 3483 1624 3536; x_wconf 88' lang='lat' dir='ltr'><strong>tnttlti</strong></span> <span class='ocrx_word' id='word_1_256' title='bbox 1657 3491 1840 3551; x_wconf 89' lang='lat' dir='ltr'><strong>putant</strong></span> 
     </span>
    </p>
   </div>
   <div class='ocr_carea' id='block_1_37' title="bbox 258 3576 1838 3647">
    <p class='ocr_par' dir='ltr' id='par_1_37' title="bbox 258 3576 1838 3647">
     <span class='ocr_line' id='line_1_37' title="bbox 258 3576 1838 3647; baseline 0 -19"><span class='ocrx_word' id='word_1_257' title='bbox 258 3591 363 3631; x_wconf 84' lang='lat' dir='ltr'><strong>esse</strong></span> <span class='ocrx_word' id='word_1_258' title='bbox 388 3577 786 3638; x_wconf 72' lang='lat' dir='ltr'><strong>anteferendus,</strong></span> <span class='ocrx_word' id='word_1_259' title='bbox 823 3577 865 3631; x_wconf 88' lang='lat' dir='ltr'><strong>si</strong></span> <span class='ocrx_word' id='word_1_260' title='bbox 897 3587 1075 3647; x_wconf 79' lang='lat' dir='ltr'><strong>tropos</strong></span> <span class='ocrx_word' id='word_1_261' title='bbox 1094 3585 1146 3631; x_wconf 92' lang='lat' dir='ltr'><strong>et</strong></span> <span class='ocrx_word' id='word_1_262' title='bbox 1184 3576 1580 3630; x_wconf 86' lang='lat' dir='ltr'><strong>accurationetn</strong></span> <span class='ocrx_word' id='word_1_263' title='bbox 1627 3585 1838 3643; x_wconf 77' lang='lat' dir='ltr'><strong>Specta-</strong></span> 
     </span>
    </p>
   </div>
   <div class='ocr_carea' id='block_1_38' title="bbox 259 3667 1839 3739">
    <p class='ocr_par' dir='ltr' id='par_1_38' title="bbox 259 3667 1839 3739">
     <span class='ocr_line' id='line_1_38' title="bbox 259 3667 1839 3739; baseline 0.004 -24"><span class='ocrx_word' id='word_1_264' title='bbox 259 3671 401 3722; x_wconf 82' lang='lat' dir='ltr'><strong>veris.</strong></span> <span class='ocrx_word' id='word_1_265' title='bbox 438 3668 489 3723; x_wconf 93' lang='lat' dir='ltr'><strong>In</strong></span> <span class='ocrx_word' id='word_1_266' title='bbox 516 3669 789 3738; x_wconf 84' lang='lat' dir='ltr'><strong>prioribus</strong></span> <span class='ocrx_word' id='word_1_267' title='bbox 825 3684 1053 3739; x_wconf 85' lang='lat' dir='ltr'><strong>namque</strong></span> <span class='ocrx_word' id='word_1_268' title='bbox 1083 3668 1368 3738; x_wconf 75' lang='lat' dir='ltr'><strong>diligenter</strong></span> <span class='ocrx_word' id='word_1_269' title='bbox 1407 3667 1584 3722; x_wconf 87' lang='lat' dir='ltr'><strong>omnia</strong></span> <span class='ocrx_word' id='word_1_270' title='bbox 1613 3667 1839 3721; x_wconf 89' lang='lat' dir='ltr'><strong>fusiore-</strong></span> 
     </span>
    </p>
   </div>
   <div class='ocr_carea' id='block_1_39' title="bbox 257 3760 1837 3835">
    <p class='ocr_par' dir='ltr' id='par_1_39' title="bbox 257 3760 1837 3835">
     <span class='ocr_line' id='line_1_39' title="bbox 257 3760 1837 3835; baseline -0.003 -19"><span class='ocrx_word' id='word_1_271' title='bbox 257 3767 348 3832; x_wconf 87' lang='lat' dir='ltr'><strong>tpie</strong></span> <span class='ocrx_word' id='word_1_272' title='bbox 375 3765 512 3835; x_wconf 82' lang='lat' dir='ltr'><strong>stylo</strong></span> <span class='ocrx_word' id='word_1_273' title='bbox 557 3765 912 3834; x_wconf 87' lang='lat' dir='ltr'><strong>persequitur,</strong></span> <span class='ocrx_word' id='word_1_274' title='bbox 941 3763 1246 3831; x_wconf 88' lang='lat' dir='ltr'><strong>salibusque</strong></span> <span class='ocrx_word' id='word_1_275' title='bbox 1298 3760 1606 3830; x_wconf 88' lang='lat' dir='ltr'><strong>frequenter</strong></span> <span class='ocrx_word' id='word_1_276' title='bbox 1653 3760 1837 3824; x_wconf 89' lang='lat' dir='ltr'><strong>utitur,</strong></span> 
     </span>
    </p>
   </div>
   <div class='ocr_carea' id='block_1_40' title="bbox 257 3851 1840 3926">
    <p class='ocr_par' dir='ltr' id='par_1_40' title="bbox 257 3851 1840 3926">
     <span class='ocr_line' id='line_1_40' title="bbox 257 3851 1840 3926; baseline -0.001 -19"><span class='ocrx_word' id='word_1_277' title='bbox 257 3873 309 3910; x_wconf 85' lang='lat' dir='ltr'><strong>ac</strong></span> <span class='ocrx_word' id='word_1_278' title='bbox 333 3856 615 3911; x_wconf 88' lang='lat' dir='ltr'><strong>minutiora</strong></span> <span class='ocrx_word' id='word_1_279' title='bbox 638 3871 860 3926; x_wconf 73' lang='lat' dir='ltr'><strong>qumque</strong></span> <span class='ocrx_word' id='word_1_280' title='bbox 888 3854 1103 3908; x_wconf 84' lang='lat' dir='ltr'><strong>discutit</strong></span> <span class='ocrx_word' id='word_1_281' title='bbox 1128 3869 1142 3916; x_wconf 86' lang='lat'><strong>;</strong></span> <span class='ocrx_word' id='word_1_282' title='bbox 1175 3868 1432 3924; x_wconf 74' lang='lat' dir='ltr'><strong>nusquam</strong></span> <span class='ocrx_word' id='word_1_283' title='bbox 1461 3863 1607 3906; x_wconf 90' lang='lat' dir='ltr'><strong>certe</strong></span> <span class='ocrx_word' id='word_1_284' title='bbox 1633 3851 1840 3921; x_wconf 86' lang='lat' dir='ltr'><strong>majore</strong></span> 
     </span>
    </p>
   </div>
   <div class='ocr_carea' id='block_1_41' title="bbox 257 3936 1838 4013">
    <p class='ocr_par' dir='ltr' id='par_1_41' title="bbox 257 3936 1838 4013">
     <span class='ocr_line' id='line_1_41' title="bbox 257 3936 1838 4013; baseline -0.002 -13"><span class='ocrx_word' id='word_1_285' title='bbox 257 3948 414 4003; x_wconf 72' lang='lat' dir='ltr'><strong>studio</strong></span> <span class='ocrx_word' id='word_1_286' title='bbox 436 3948 744 4004; x_wconf 87' lang='lat' dir='ltr'><strong>elaboratas</strong></span> <span class='ocrx_word' id='word_1_287' title='bbox 782 3946 1071 4001; x_wconf 86' lang='lat' dir='ltr'><strong>conciones</strong></span> <span class='ocrx_word' id='word_1_288' title='bbox 1118 3943 1531 4013; x_wconf 86' lang='lat' dir='ltr'><strong>deprehendas;</strong></span> <span class='ocrx_word' id='word_1_289' title='bbox 1570 3959 1672 4012; x_wconf 91' lang='lat' dir='ltr'><strong>qua</strong></span> <span class='ocrx_word' id='word_1_290' title='bbox 1704 3936 1754 3996; x_wconf 85' lang='lat' dir='ltr'><strong>in</strong></span> <span class='ocrx_word' id='word_1_291' title='bbox 1779 3958 1838 3998; x_wconf 84' lang='lat' dir='ltr'><strong>re</strong></span> 
     </span>
    </p>
   </div>
   <div class='ocr_carea' id='block_1_42' title="bbox 259 4039 1840 4114">
    <p class='ocr_par' dir='ltr' id='par_1_42' title="bbox 259 4039 1840 4114">
     <span class='ocr_line' id='line_1_42' title="bbox 259 4039 1840 4114; baseline 0.001 -21"><span class='ocrx_word' id='word_1_292' title='bbox 259 4041 464 4098; x_wconf 74' lang='lat' dir='ltr'><strong>fortasse</strong></span> <span class='ocrx_word' id='word_1_293' title='bbox 484 4043 706 4114; x_wconf 88' lang='lat' dir='ltr'><strong>quidam</strong></span> <span class='ocrx_word' id='word_1_294' title='bbox 741 4041 979 4095; x_wconf 90' lang='lat' dir='ltr'><strong>hodierni</strong></span> <span class='ocrx_word' id='word_1_295' title='bbox 1004 4041 1232 4095; x_wconf 88' lang='lat' dir='ltr'><strong>lectores</strong></span> <span class='ocrx_word' id='word_1_296' title='bbox 1261 4039 1561 4095; x_wconf 87' lang='lat' dir='ltr'><strong>redundare</strong></span> <span class='ocrx_word' id='word_1_297' title='bbox 1591 4040 1758 4100; x_wconf 89' lang='lat' dir='ltr'><strong>illum,</strong></span> <span class='ocrx_word' id='word_1_298' title='bbox 1783 4049 1840 4094; x_wconf 86' lang='lat' dir='ltr'><strong>et</strong></span> 
     </span>
    </p>
   </div>
   <div class='ocr_carea' id='block_1_43' title="bbox 259 4132 1831 4204">
    <p class='ocr_par' dir='ltr' id='par_1_43' title="bbox 259 4132 1831 4204">
     <span class='ocr_line' id='line_1_43' title="bbox 259 4132 1831 4204; baseline 0.001 -20"><span class='ocrx_word' id='word_1_299' title='bbox 259 4134 378 4189; x_wconf 89' lang='lat' dir='ltr'><strong>ultra</strong></span> <span class='ocrx_word' id='word_1_300' title='bbox 405 4147 579 4191; x_wconf 83' lang='lat' dir='ltr'><strong>metas</strong></span> <span class='ocrx_word' id='word_1_301' title='bbox 626 4149 1023 4204; x_wconf 88' lang='lat' dir='ltr'><strong>nonnumquam</strong></span> <span class='ocrx_word' id='word_1_302' title='bbox 1071 4133 1316 4203; x_wconf 81' lang='lat' dir='ltr'><strong>progredi</strong></span> <span class='ocrx_word' id='word_1_303' title='bbox 1359 4132 1831 4188; x_wconf 76' lang='lat' dir='ltr'><strong>dixerint.Verum</strong></span> 
     </span>
    </p>
   </div>
   <div class='ocr_carea' id='block_1_44' title="bbox 257 4226 1836 4300">
    <p class='ocr_par' dir='ltr' id='par_1_44' title="bbox 257 4226 1836 4300">
     <span class='ocr_line' id='line_1_44' title="bbox 257 4226 1836 4300; baseline 0.001 -20"><span class='ocrx_word' id='word_1_304' title='bbox 257 4226 352 4294; x_wconf 83' lang='lat' dir='ltr'><strong>ille,</strong></span> <span class='ocrx_word' id='word_1_305' title='bbox 373 4231 510 4298; x_wconf 86' lang='lat' dir='ltr'><strong>quod</strong></span> <span class='ocrx_word' id='word_1_306' title='bbox 542 4231 866 4300; x_wconf 74' lang='lat' dir='ltr'><strong>prtecipnnm</strong></span> <span class='ocrx_word' id='word_1_307' title='bbox 915 4237 998 4283; x_wconf 88' lang='lat' dir='ltr'><strong>est</strong></span> <span class='ocrx_word' id='word_1_308' title='bbox 1038 4227 1264 4282; x_wconf 89' lang='lat' dir='ltr'><strong>oratoris</strong></span> <span class='ocrx_word' id='word_1_309' title='bbox 1295 4243 1506 4290; x_wconf 85' lang='lat' dir='ltr'><strong>munus,</strong></span> <span class='ocrx_word' id='word_1_310' title='bbox 1537 4227 1836 4282; x_wconf 89' lang='lat' dir='ltr'><strong>auditorum</strong></span> 
     </span>
    </p>
   </div>
   <div class='ocr_carea' id='block_1_45' title="bbox 257 4318 1839 4391">
    <p class='ocr_par' dir='ltr' id='par_1_45' title="bbox 257 4318 1839 4391">
     <span class='ocr_line' id='line_1_45' title="bbox 257 4318 1839 4391; baseline 0.001 -21"><span class='ocrx_word' id='word_1_311' title='bbox 257 4318 508 4390; x_wconf 78' lang='lat' dir='ltr'><strong>ingenium</strong></span> <span class='ocrx_word' id='word_1_312' title='bbox 542 4331 597 4375; x_wconf 89' lang='lat' dir='ltr'><strong>et</strong></span> <span class='ocrx_word' id='word_1_313' title='bbox 628 4331 838 4391; x_wconf 88' lang='lat' dir='ltr'><strong>captum</strong></span> <span class='ocrx_word' id='word_1_314' title='bbox 870 4331 974 4374; x_wconf 87' lang='lat' dir='ltr'><strong>tam</strong></span> <span class='ocrx_word' id='word_1_315' title='bbox 997 4320 1225 4374; x_wconf 88' lang='lat' dir='ltr'><strong>solerter</strong></span> <span class='ocrx_word' id='word_1_316' title='bbox 1255 4319 1644 4388; x_wconf 73' lang='lat' dir='ltr'><strong>exploraverat,</strong></span> <span class='ocrx_word' id='word_1_317' title='bbox 1683 4328 1738 4372; x_wconf 92' lang='lat' dir='ltr'><strong>ut</strong></span> <span class='ocrx_word' id='word_1_318' title='bbox 1761 4318 1839 4373; x_wconf 92' lang='lat' dir='ltr'><strong>si-</strong></span> 
     </span>
    </p>
   </div>
   <div class='ocr_carea' id='block_1_46' title="bbox 257 4409 1838 4484">
    <p class='ocr_par' dir='ltr' id='par_1_46' title="bbox 257 4409 1838 4484">
     <span class='ocr_line' id='line_1_46' title="bbox 257 4409 1838 4484; baseline 0.002 -22"><span class='ocrx_word' id='word_1_319' title='bbox 257 4409 300 4463; x_wconf 90' lang='lat' dir='ltr'><strong>bi</strong></span> <span class='ocrx_word' id='word_1_320' title='bbox 320 4429 498 4467; x_wconf 90' lang='lat' dir='ltr'><strong>eorum</strong></span> <span class='ocrx_word' id='word_1_321' title='bbox 520 4414 732 4467; x_wconf 89' lang='lat' dir='ltr'><strong>animos</strong></span> <span class='ocrx_word' id='word_1_322' title='bbox 750 4413 1075 4477; x_wconf 88' lang='lat' dir='ltr'><strong>conciliaret,</strong></span> <span class='ocrx_word' id='word_1_323' title='bbox 1095 4421 1299 4484; x_wconf 81' lang='lat' dir='ltr'><strong>gratam</strong></span> <span class='ocrx_word' id='word_1_324' title='bbox 1322 4412 1598 4465; x_wconf 89' lang='lat' dir='ltr'><strong>eoneionis</strong></span> <span class='ocrx_word' id='word_1_325' title='bbox 1620 4411 1838 4465; x_wconf 87' lang='lat' dir='ltr'><strong>admur-</strong></span> 
     </span>
    </p>
   </div>
   <div class='ocr_carea' id='block_1_47' title="bbox 259 4504 1836 4575">
    <p class='ocr_par' dir='ltr' id='par_1_47' title="bbox 259 4504 1836 4575">
     <span class='ocr_line' id='line_1_47' title="bbox 259 4504 1836 4575; baseline 0.003 -21"><span class='ocrx_word' id='word_1_326' title='bbox 259 4507 600 4559; x_wconf 87' lang='lat' dir='ltr'><strong>ntnrationem</strong></span> <span class='ocrx_word' id='word_1_327' title='bbox 632 4504 953 4574; x_wconf 85' lang='lat' dir='ltr'><strong>plaususque</strong></span> <span class='ocrx_word' id='word_1_328' title='bbox 986 4505 1310 4575; x_wconf 78' lang='lat' dir='ltr'><strong>frequentes,</strong></span> <span class='ocrx_word' id='word_1_329' title='bbox 1345 4514 1402 4558; x_wconf 90' lang='lat' dir='ltr'><strong>ut</strong></span> <span class='ocrx_word' id='word_1_330' title='bbox 1431 4505 1482 4557; x_wconf 92' lang='lat' dir='ltr'><strong>in</strong></span> <span class='ocrx_word' id='word_1_331' title='bbox 1533 4505 1836 4558; x_wconf 87' lang='lat' dir='ltr'><strong>orationum</strong></span> 
     </span>
    </p>
   </div>
   <div class='ocr_carea' id='block_1_48' title="bbox 257 4596 1836 4664">
    <p class='ocr_par' dir='ltr' id='par_1_48' title="bbox 257 4596 1836 4664">
     <span class='ocr_line' id='line_1_48' title="bbox 257 4596 1836 4664; baseline 0.003 -20"><span class='ocrx_word' id='word_1_332' title='bbox 257 4596 468 4650; x_wconf 87' lang='lat' dir='ltr'><strong>decursu</strong></span> <span class='ocrx_word' id='word_1_333' title='bbox 493 4596 696 4650; x_wconf 80' lang='lat' dir='ltr'><strong>videas.</strong></span> <span class='ocrx_word' id='word_1_334' title='bbox 728 4597 805 4650; x_wconf 79' lang='lat' dir='ltr'><strong>Ad</strong></span> <span class='ocrx_word' id='word_1_335' title='bbox 831 4596 944 4650; x_wconf 69' lang='lat' dir='ltr'><strong>lucc</strong></span> <span class='ocrx_word' id='word_1_336' title='bbox 971 4613 1098 4651; x_wconf 84' lang='lat' dir='ltr'><strong>vero</strong></span> <span class='ocrx_word' id='word_1_337' title='bbox 1144 4597 1194 4650; x_wconf 94' lang='lat' dir='ltr'><strong>in</strong></span> <span class='ocrx_word' id='word_1_338' title='bbox 1245 4597 1485 4650; x_wconf 75' lang='lat' dir='ltr'><strong>llomitiis</strong></span> <span class='ocrx_word' id='word_1_339' title='bbox 1516 4596 1579 4649; x_wconf 89' lang='lat' dir='ltr'><strong>ad</strong></span> <span class='ocrx_word' id='word_1_340' title='bbox 1612 4597 1836 4664; x_wconf 89' lang='lat' dir='ltr'><strong>primam</strong></span> 
     </span>
    </p>
   </div>
   <div class='ocr_carea' id='block_1_49' title="bbox 257 4685 1836 4766">
    <p class='ocr_par' dir='ltr' id='par_1_49' title="bbox 257 4685 1836 4766">
     <span class='ocr_line' id='line_1_49' title="bbox 257 4685 1836 4766; baseline 0 -28"><span class='ocrx_word' id='word_1_341' title='bbox 257 4685 532 4757; x_wconf 84' lang='lat' dir='ltr'><strong>Epistulam</strong></span> <span class='ocrx_word' id='word_1_342' title='bbox 567 4689 791 4758; x_wconf 87' lang='lat' dir='ltr'><strong>plurima</strong></span> <span class='ocrx_word' id='word_1_343' title='bbox 820 4699 1145 4754; x_wconf 89' lang='lat' dir='ltr'><strong>occurrunt;</strong></span> <span class='ocrx_word' id='word_1_344' title='bbox 1180 4707 1365 4766; x_wconf 68' lang='lat' dir='ltr'><strong>pugnae</strong></span> <span class='ocrx_word' id='word_1_345' title='bbox 1396 4706 1585 4758; x_wconf 81' lang='lat' dir='ltr'><strong>nempe</strong></span> <span class='ocrx_word' id='word_1_346' title='bbox 1620 4698 1673 4742; x_wconf 91' lang='lat' dir='ltr'><strong>et</strong></span> <span class='ocrx_word' id='word_1_347' title='bbox 1704 4689 1836 4742; x_wconf 86' lang='lat' dir='ltr'><strong>veli-</strong></span> 
     </span>
    </p>
   </div>
   <div class='ocr_carea' id='block_1_50' title="bbox 256 4781 1839 4852">
    <p class='ocr_par' dir='ltr' id='par_1_50' title="bbox 256 4781 1839 4852">
     <span class='ocr_line' id='line_1_50' title="bbox 256 4781 1839 4852; baseline 0.006 -26"><span class='ocrx_word' id='word_1_348' title='bbox 256 4782 466 4838; x_wconf 82' lang='lat' dir='ltr'><strong>tationes</strong></span> <span class='ocrx_word' id='word_1_349' title='bbox 521 4782 830 4852; x_wconf 83' lang='lat' dir='ltr'><strong>frequentes</strong></span> <span class='ocrx_word' id='word_1_350' title='bbox 875 4792 1062 4836; x_wconf 91' lang='lat' dir='ltr'><strong>contra</strong></span> <span class='ocrx_word' id='word_1_351' title='bbox 1118 4781 1467 4852; x_wconf 88' lang='lat' dir='ltr'><strong>philosophos</strong></span> <span class='ocrx_word' id='word_1_352' title='bbox 1524 4791 1738 4834; x_wconf 80' lang='lat' dir='ltr'><strong>exteros</strong></span> <span class='ocrx_word' id='word_1_353' title='bbox 1785 4791 1839 4835; x_wconf 91' lang='lat' dir='ltr'><strong>ct</strong></span> 
     </span>
    </p>
   </div>
   <div class='ocr_carea' id='block_1_51' title="bbox 256 4869 1838 4940">
    <p class='ocr_par' dir='ltr' id='par_1_51' title="bbox 256 4869 1838 4940">
     <span class='ocr_line' id='line_1_51' title="bbox 256 4869 1838 4940; baseline 0.003 -19"><span class='ocrx_word' id='word_1_354' title='bbox 256 4869 492 4928; x_wconf 79' lang='lat' dir='ltr'><strong>falsorum</strong></span> <span class='ocrx_word' id='word_1_355' title='bbox 513 4875 736 4930; x_wconf 88' lang='lat' dir='ltr'><strong>deorum</strong></span> <span class='ocrx_word' id='word_1_356' title='bbox 767 4875 1018 4940; x_wconf 85' lang='lat' dir='ltr'><strong>cultores,</strong></span> <span class='ocrx_word' id='word_1_357' title='bbox 1079 4883 1135 4929; x_wconf 92' lang='lat' dir='ltr'><strong>et</strong></span> <span class='ocrx_word' id='word_1_358' title='bbox 1161 4885 1344 4928; x_wconf 85' lang='lat' dir='ltr'><strong>contra</strong></span> <span class='ocrx_word' id='word_1_359' title='bbox 1397 4874 1677 4928; x_wconf 76' lang='lat' dir='ltr'><strong>bzrretit-os</strong></span> <span class='ocrx_word' id='word_1_360' title='bbox 1706 4890 1838 4926; x_wconf 81' lang='lat' dir='ltr'><strong>non-</strong></span> 
     </span>
    </p>
   </div>
   <div class='ocr_carea' id='block_1_52' title="bbox 256 4967 1837 5039">
    <p class='ocr_par' dir='ltr' id='par_1_52' title="bbox 256 4967 1837 5039">
     <span class='ocr_line' id='line_1_52' title="bbox 256 4967 1837 5039; baseline 0.005 -24"><span class='ocrx_word' id='word_1_361' title='bbox 256 4967 414 5021; x_wconf 89' lang='lat' dir='ltr'><strong>nullos</strong></span> <span class='ocrx_word' id='word_1_362' title='bbox 436 4984 451 5033; x_wconf 90' lang='lat'><strong>;</strong></span> <span class='ocrx_word' id='word_1_363' title='bbox 477 4984 544 5022; x_wconf 90' lang='lat' dir='ltr'><strong>ac</strong></span> <span class='ocrx_word' id='word_1_364' title='bbox 578 4969 862 5039; x_wconf 76' lang='lat' dir='ltr'><strong>singularia</strong></span> <span class='ocrx_word' id='word_1_365' title='bbox 904 4969 1146 5039; x_wconf 80' lang='lat' dir='ltr'><strong>qnzedam</strong></span> <span class='ocrx_word' id='word_1_366' title='bbox 1175 4968 1238 5022; x_wconf 88' lang='lat' dir='ltr'><strong>ad</strong></span> <span class='ocrx_word' id='word_1_367' title='bbox 1270 4971 1401 5023; x_wconf 85' lang='lat' dir='ltr'><strong>istus</strong></span> <span class='ocrx_word' id='word_1_368' title='bbox 1430 4967 1529 5023; x_wconf 66' lang='grc' dir='ltr'><strong>ειενί</strong></span> <span class='ocrx_word' id='word_1_369' title='bbox 1559 4982 1760 5022; x_wconf 88' lang='lat' dir='ltr'><strong>morem</strong></span> <span class='ocrx_word' id='word_1_370' title='bbox 1784 4978 1837 5023; x_wconf 87' lang='lat' dir='ltr'><strong>et</strong></span> 
     </span>
    </p>
   </div>
   <div class='ocr_carea' id='block_1_53' title="bbox 256 5059 1834 5136">
    <p class='ocr_par' dir='ltr' id='par_1_53' title="bbox 256 5059 1834 5136">
     <span class='ocr_line' id='line_1_53' title="bbox 256 5059 1834 5136; baseline 0.006 -32"><span class='ocrx_word' id='word_1_371' title='bbox 256 5073 393 5112; x_wconf 86' lang='lat' dir='ltr'><strong>nsum</strong></span> <span class='ocrx_word' id='word_1_372' title='bbox 429 5060 772 5136; x_wconf 75' lang='lat' dir='ltr'><strong>pertinentia,</strong></span> <span class='ocrx_word' id='word_1_373' title='bbox 802 5059 1010 5130; x_wconf 87' lang='lat' dir='ltr'><strong>aliaque</strong></span> <span class='ocrx_word' id='word_1_374' title='bbox 1048 5062 1114 5114; x_wconf 89' lang='lat' dir='ltr'><strong>de</strong></span> <span class='ocrx_word' id='word_1_375' title='bbox 1140 5061 1331 5131; x_wconf 77' lang='lat' dir='ltr'><strong>quibus</strong></span> <span class='ocrx_word' id='word_1_376' title='bbox 1373 5062 1424 5115; x_wconf 91' lang='lat' dir='ltr'><strong>in</strong></span> <span class='ocrx_word' id='word_1_377' title='bbox 1490 5061 1691 5114; x_wconf 82' lang='lat' dir='ltr'><strong>Muttito</strong></span> <span class='ocrx_word' id='word_1_378' title='bbox 1713 5077 1834 5115; x_wconf 85' lang='lat' dir='ltr'><strong>car-</strong></span> 
     </span>
    </p>
   </div>
   <div class='ocr_carea' id='block_1_54' title="bbox 256 5150 1833 5222">
    <p class='ocr_par' dir='ltr' id='par_1_54' title="bbox 256 5150 1833 5222">
     <span class='ocr_line' id='line_1_54' title="bbox 256 5150 1833 5222; baseline 0.005 -22"><span class='ocrx_word' id='word_1_379' title='bbox 256 5150 370 5214; x_wconf 87' lang='lat' dir='ltr'><strong>ptim</strong></span> <span class='ocrx_word' id='word_1_380' title='bbox 399 5153 595 5221; x_wconf 84' lang='lat' dir='ltr'><strong>agitur,</strong></span> <span class='ocrx_word' id='word_1_381' title='bbox 643 5167 834 5220; x_wconf 87' lang='lat' dir='ltr'><strong>nempe</strong></span> <span class='ocrx_word' id='word_1_382' title='bbox 879 5154 1016 5206; x_wconf 89' lang='lat' dir='ltr'><strong>circa</strong></span> <span class='ocrx_word' id='word_1_383' title='bbox 1051 5152 1393 5222; x_wconf 82' lang='lat' dir='ltr'><strong>philosophos</strong></span> <span class='ocrx_word' id='word_1_384' title='bbox 1421 5164 1658 5221; x_wconf 79' lang='lat' dir='ltr'><strong>exteros,</strong></span> <span class='ocrx_word' id='word_1_385' title='bbox 1691 5154 1833 5208; x_wconf 76' lang='lat' dir='ltr'><strong>eirea</strong></span> 
     </span>
    </p>
   </div>
   <div class='ocr_carea' id='block_1_55' title="bbox 257 5236 1832 5311">
    <p class='ocr_par' dir='ltr' id='par_1_55' title="bbox 257 5236 1832 5311">
     <span class='ocr_line' id='line_1_55' title="bbox 257 5236 1832 5311; baseline 0.006 -22"><span class='ocrx_word' id='word_1_386' title='bbox 257 5236 540 5307; x_wconf 60' lang='lat' dir='ltr'><strong>haereticos,</strong></span> <span class='ocrx_word' id='word_1_387' title='bbox 596 5242 918 5297; x_wconf 69' lang='lat' dir='ltr'><strong>Martii-haras</strong></span> <span class='ocrx_word' id='word_1_388' title='bbox 939 5255 992 5298; x_wconf 89' lang='lat' dir='ltr'><strong>et</strong></span> <span class='ocrx_word' id='word_1_389' title='bbox 1045 5245 1431 5311; x_wconf 83' lang='lat' dir='ltr'><strong>Marcionistas,</strong></span> <span class='ocrx_word' id='word_1_390' title='bbox 1462 5255 1648 5300; x_wconf 87' lang='lat' dir='ltr'><strong>contra</strong></span> <span class='ocrx_word' id='word_1_391' title='bbox 1672 5243 1832 5301; x_wconf 68' lang='lat' dir='ltr'><strong>Chrio</strong></span> 
     </span>
    </p>
   </div>
   <div class='ocr_carea' id='block_1_56' title="bbox 255 5334 1236 5392">
    <p class='ocr_par' dir='ltr' id='par_1_56' title="bbox 255 5334 1236 5392">
     <span class='ocr_line' id='line_1_56' title="bbox 255 5334 1236 5392; baseline 0.009 -11"><span class='ocrx_word' id='word_1_392' title='bbox 255 5334 530 5387; x_wconf 77' lang='lat' dir='ltr'><strong>stianorum</strong></span> <span class='ocrx_word' id='word_1_393' title='bbox 558 5335 1010 5391; x_wconf 83' lang='lat' dir='ltr'><strong>Antiochenorum</strong></span> <span class='ocrx_word' id='word_1_394' title='bbox 1038 5351 1236 5392; x_wconf 67' lang='lat' dir='ltr'><strong>mores.</strong></span> 
     </span>
    </p>
   </div>
   <div class='ocr_carea' id='block_1_57' title="bbox 321 5424 1830 5503">
    <p class='ocr_par' dir='ltr' id='par_1_57' title="bbox 321 5424 1830 5503">
     <span class='ocr_line' id='line_1_57' title="bbox 321 5424 1830 5503; baseline 0.011 -27"><span class='ocrx_word' id='word_1_395' title='bbox 321 5424 568 5481; x_wconf 86' lang='lat' dir='ltr'><strong>llotnilias</strong></span> <span class='ocrx_word' id='word_1_396' title='bbox 621 5427 674 5482; x_wconf 85' lang='lat' dir='ltr'><strong>in</strong></span> <span class='ocrx_word' id='word_1_397' title='bbox 723 5429 1012 5485; x_wconf 88' lang='lat' dir='ltr'><strong>secundam</strong></span> <span class='ocrx_word' id='word_1_398' title='bbox 1062 5433 1127 5486; x_wconf 90' lang='lat' dir='ltr'><strong>ad</strong></span> <span class='ocrx_word' id='word_1_399' title='bbox 1181 5433 1485 5491; x_wconf 87' lang='lat' dir='ltr'><strong>Corinthios</strong></span> <span class='ocrx_word' id='word_1_400' title='bbox 1540 5437 1830 5503; x_wconf 84' lang='lat' dir='ltr'><strong>Epistotam</strong></span> 
     </span>
    </p>
   </div>
   <div class='ocr_carea' id='block_1_58' title="bbox 259 5515 1831 5598">
    <p class='ocr_par' dir='ltr' id='par_1_58' title="bbox 259 5515 1831 5598">
     <span class='ocr_line' id='line_1_58' title="bbox 259 5515 1831 5598; baseline 0.011 -31"><span class='ocrx_word' id='word_1_401' title='bbox 259 5515 334 5582; x_wconf 75' lang='grc' dir='ltr'><strong>(Τ.</strong></span> <span class='ocrx_word' id='word_1_402' title='bbox 359 5520 442 5573; x_wconf 73' lang='grc'><strong>10.</strong></span> <span class='ocrx_word' id='word_1_403' title='bbox 463 5522 672 5586; x_wconf 53' lang='lat'><strong>13.382)</strong></span> <span class='ocrx_word' id='word_1_404' title='bbox 703 5539 805 5576; x_wconf 90' lang='lat' dir='ltr'><strong>non</strong></span> <span class='ocrx_word' id='word_1_405' title='bbox 848 5528 960 5594; x_wconf 73' lang='lat' dir='ltr'><strong>pari</strong></span> <span class='ocrx_word' id='word_1_406' title='bbox 1003 5529 1261 5591; x_wconf 78' lang='lat' dir='ltr'><strong>elegantia</strong></span> <span class='ocrx_word' id='word_1_407' title='bbox 1291 5538 1451 5598; x_wconf 85' lang='lat' dir='ltr'><strong>atque</strong></span> <span class='ocrx_word' id='word_1_408' title='bbox 1483 5530 1721 5597; x_wconf 84' lang='lat' dir='ltr'><strong>priores.</strong></span> <span class='ocrx_word' id='word_1_409' title='bbox 1764 5540 1831 5585; x_wconf 84' lang='lat' dir='ltr'><strong>de</strong></span> 
     </span>
    </p>
   </div>
   <div class='ocr_carea' id='block_1_59' title="bbox 258 5611 1825 5691">
    <p class='ocr_par' dir='ltr' id='par_1_59' title="bbox 258 5611 1825 5691">
     <span class='ocr_line' id='line_1_59' title="bbox 258 5611 1825 5691; baseline 0.011 -32"><span class='ocrx_word' id='word_1_410' title='bbox 258 5611 432 5677; x_wconf 77' lang='lat' dir='ltr'><strong>quibus</strong></span> <span class='ocrx_word' id='word_1_411' title='bbox 460 5616 560 5681; x_wconf 84' lang='lat' dir='ltr'><strong>iam</strong></span> <span class='ocrx_word' id='word_1_412' title='bbox 594 5625 773 5670; x_wconf 84' lang='lat' dir='ltr'><strong>actum</strong></span> <span class='ocrx_word' id='word_1_413' title='bbox 794 5626 897 5682; x_wconf 75' lang='lat' dir='ltr'><strong>est,</strong></span> <span class='ocrx_word' id='word_1_414' title='bbox 921 5617 1143 5685; x_wconf 69' lang='lat' dir='ltr'><strong>Scriptus</strong></span> <span class='ocrx_word' id='word_1_415' title='bbox 1171 5618 1332 5674; x_wconf 78' lang='lat' dir='ltr'><strong>fuisse</strong></span> <span class='ocrx_word' id='word_1_416' title='bbox 1358 5622 1571 5690; x_wconf 86' lang='lat' dir='ltr'><strong>quidam</strong></span> <span class='ocrx_word' id='word_1_417' title='bbox 1602 5612 1825 5691; x_wconf 41' lang='lat' dir='ltr'><strong>opinati;</strong></span> 
     </span>
    </p>
   </div>
   <div class='ocr_carea' id='block_1_60' title="bbox 263 5695 1826 5787">
    <p class='ocr_par' dir='ltr' id='par_1_60' title="bbox 263 5695 1826 5787">
     <span class='ocr_line' id='line_1_60' title="bbox 263 5695 1826 5787; baseline 0.011 -32"><span class='ocrx_word' id='word_1_418' title='bbox 263 5712 352 5758; x_wconf 83' lang='lat' dir='ltr'><strong>tur.</strong></span> <span class='ocrx_word' id='word_1_419' title='bbox 379 5704 620 5764; x_wconf 76' lang='lat' dir='ltr'><strong>Breviore</strong></span> <span class='ocrx_word' id='word_1_420' title='bbox 645 5708 825 5782; x_wconf 86' lang='lat' dir='ltr'><strong>utique</strong></span> <span class='ocrx_word' id='word_1_421' title='bbox 847 5712 982 5781; x_wconf 74' lang='lat' dir='ltr'><strong>stylo</strong></span> <span class='ocrx_word' id='word_1_422' title='bbox 1000 5695 1086 5765; x_wconf 72' lang='lat' dir='ltr'><strong>lia-</strong></span> <span class='ocrx_word' id='word_1_423' title='bbox 1111 5721 1278 5783; x_wconf 85' lang='lat' dir='ltr'><strong>postet</strong></span> <span class='ocrx_word' id='word_1_424' title='bbox 1295 5715 1433 5770; x_wconf 85' lang='lat' dir='ltr'><strong>iores</strong></span> <span class='ocrx_word' id='word_1_425' title='bbox 1457 5717 1826 5787; x_wconf 74' lang='lat' dir='ltr'><strong>explanantur.</strong></span> 
     </span>
    </p>
   </div>
   <div class='ocr_carea' id='block_1_61' title="bbox 3435 234 3537 288">
    <p class='ocr_par' dir='ltr' id='par_1_61' title="bbox 3435 234 3537 288">
     <span class='ocr_line' id='line_1_61' title="bbox 3435 234 3537 288; baseline 0 0"><span class='ocrx_word' id='word_1_426' title='bbox 3435 234 3537 288; x_wconf 71' lang='lat'><strong>16!</strong></span> 
     </span>
    </p>
   </div>
   <div class='ocr_carea' id='block_1_62' title="bbox 1951 346 3541 418">
    <p class='ocr_par' dir='ltr' id='par_1_62' title="bbox 1951 346 3541 418">
     <span class='ocr_line' id='line_1_62' title="bbox 1951 346 3541 418; baseline 0.003 -21"><span class='ocrx_word' id='word_1_427' title='bbox 1951 346 2006 397; x_wconf 74' lang='grc' dir='ltr'>Ιίι</span> <span class='ocrx_word' id='word_1_428' title='bbox 2041 347 2156 412; x_wconf 83' lang='lat' dir='ltr'><strong>quia</strong></span> <span class='ocrx_word' id='word_1_429' title='bbox 2188 347 2600 417; x_wconf 70' lang='lat' dir='ltr'><strong>(Iiu-ysostontus</strong></span> <span class='ocrx_word' id='word_1_430' title='bbox 2631 351 2679 397; x_wconf 83' lang='lat' dir='ltr'><strong>In</strong></span> <span class='ocrx_word' id='word_1_431' title='bbox 2711 346 2881 412; x_wconf 53' lang='lat' dir='ltr'><strong>priore</strong></span> <span class='ocrx_word' id='word_1_432' title='bbox 2908 349 2962 412; x_wconf 78' lang='grc' dir='ltr'><strong>Ι·ζι</strong></span> <span class='ocrx_word' id='word_1_433' title='bbox 2988 348 3137 400; x_wconf 60' lang='lat' dir='ltr'><strong>istula</strong></span> <span class='ocrx_word' id='word_1_434' title='bbox 3171 349 3388 401; x_wconf 71' lang='lat' dir='ltr'><strong>Paulum</strong></span> <span class='ocrx_word' id='word_1_435' title='bbox 3414 366 3541 418; x_wconf 80' lang='lat' dir='ltr'><strong>apo-</strong></span> 
     </span>
    </p>
   </div>
   <div class='ocr_carea' id='block_1_63' title="bbox 1945 437 3537 508">
    <p class='ocr_par' dir='ltr' id='par_1_63' title="bbox 1945 437 3537 508">
     <span class='ocr_line' id='line_1_63' title="bbox 1945 437 3537 508; baseline 0.004 -20"><span class='ocrx_word' id='word_1_436' title='bbox 1945 442 2136 488; x_wconf 74' lang='lat' dir='ltr'><strong>stolum</strong></span> <span class='ocrx_word' id='word_1_437' title='bbox 2184 449 2461 506; x_wconf 77' lang='lat' dir='ltr'><strong>sequutus,</strong></span> <span class='ocrx_word' id='word_1_438' title='bbox 2515 440 2602 508; x_wconf 88' lang='lat' dir='ltr'><strong>qui</strong></span> <span class='ocrx_word' id='word_1_439' title='bbox 2642 440 2975 491; x_wconf 67' lang='lat' dir='ltr'><strong>Ultrtstianos</strong></span> <span class='ocrx_word' id='word_1_440' title='bbox 3027 441 3161 494; x_wconf 86' lang='lat' dir='ltr'><strong>illos.</strong></span> <span class='ocrx_word' id='word_1_441' title='bbox 3210 437 3260 493; x_wconf 86' lang='lat' dir='ltr'><strong>in</strong></span> <span class='ocrx_word' id='word_1_442' title='bbox 3311 441 3537 495; x_wconf 74' lang='lat' dir='ltr'><strong>ecclesia</strong></span> 
     </span>
    </p>
   </div>
   <div class='ocr_carea' id='block_1_64' title="bbox 1947 529 3538 590">
    <p class='ocr_par' dir='ltr' id='par_1_64' title="bbox 1947 529 3538 590">
     <span class='ocr_line' id='line_1_64' title="bbox 1947 529 3538 590; baseline 0.003 -10"><span class='ocrx_word' id='word_1_443' title='bbox 1947 531 2201 583; x_wconf 90' lang='lat' dir='ltr'><strong>tumultus</strong></span> <span class='ocrx_word' id='word_1_444' title='bbox 2232 540 2283 583; x_wconf 94' lang='lat' dir='ltr'><strong>ct</strong></span> <span class='ocrx_word' id='word_1_445' title='bbox 2310 529 2526 582; x_wconf 83' lang='lat' dir='ltr'><strong>dissidia</strong></span> <span class='ocrx_word' id='word_1_446' title='bbox 2561 533 2834 584; x_wconf 79' lang='lat' dir='ltr'><strong>moventes</strong></span> <span class='ocrx_word' id='word_1_447' title='bbox 2857 571 2873 590; x_wconf 78' lang='lat'><strong>,</strong></span> <span class='ocrx_word' id='word_1_448' title='bbox 2904 530 3268 585; x_wconf 81' lang='lat' dir='ltr'><strong>vehementius</strong></span> <span class='ocrx_word' id='word_1_449' title='bbox 3309 532 3538 586; x_wconf 56' lang='lat' dir='ltr'><strong>inserta-</strong></span> 
     </span>
    </p>
   </div>
   <div class='ocr_carea' id='block_1_65' title="bbox 1946 624 3537 694">
    <p class='ocr_par' dir='ltr' id='par_1_65' title="bbox 1946 624 3537 694">
     <span class='ocr_line' id='line_1_65' title="bbox 1946 624 3537 694; baseline 0.002 -18"><span class='ocrx_word' id='word_1_450' title='bbox 1946 624 2118 686; x_wconf 78' lang='lat' dir='ltr'><strong>ltatur,</strong></span> <span class='ocrx_word' id='word_1_451' title='bbox 2154 639 2273 676; x_wconf 85' lang='lat' dir='ltr'><strong>eum</strong></span> <span class='ocrx_word' id='word_1_452' title='bbox 2321 625 2610 677; x_wconf 83' lang='lat' dir='ltr'><strong>acrimonia</strong></span> <span class='ocrx_word' id='word_1_453' title='bbox 2663 626 2860 692; x_wconf 86' lang='lat' dir='ltr'><strong>majore</strong></span> <span class='ocrx_word' id='word_1_454' title='bbox 2904 635 3061 677; x_wconf 88' lang='lat' dir='ltr'><strong>cltam</strong></span> <span class='ocrx_word' id='word_1_455' title='bbox 3108 624 3220 692; x_wconf 84' lang='lat' dir='ltr'><strong>ipse</strong></span> <span class='ocrx_word' id='word_1_456' title='bbox 3267 625 3537 694; x_wconf 62' lang='lat' dir='ltr'><strong>loquitur;</strong></span> 
     </span>
    </p>
   </div>
   <div class='ocr_carea' id='block_1_66' title="bbox 1948 714 3541 794">
    <p class='ocr_par' dir='ltr' id='par_1_66' title="bbox 1948 714 3541 794">
     <span class='ocr_line' id='line_1_66' title="bbox 1948 714 3541 794; baseline 0.004 -28"><span class='ocrx_word' id='word_1_457' title='bbox 1948 714 1998 766; x_wconf 92' lang='lat' dir='ltr'><strong>in</strong></span> <span class='ocrx_word' id='word_1_458' title='bbox 2031 715 2260 767; x_wconf 87' lang='lat' dir='ltr'><strong>secunda</strong></span> <span class='ocrx_word' id='word_1_459' title='bbox 2295 726 2469 774; x_wconf 87' lang='lat' dir='ltr'><strong>autem</strong></span> <span class='ocrx_word' id='word_1_460' title='bbox 2515 732 2634 769; x_wconf 81' lang='lat' dir='ltr'><strong>cum</strong></span> <span class='ocrx_word' id='word_1_461' title='bbox 2684 717 2926 784; x_wconf 89' lang='lat' dir='ltr'><strong>apostolo</strong></span> <span class='ocrx_word' id='word_1_462' title='bbox 2973 718 3206 784; x_wconf 76' lang='lat' dir='ltr'><strong>pacatius</strong></span> <span class='ocrx_word' id='word_1_463' title='bbox 3250 718 3394 794; x_wconf 79' lang='lat' dir='ltr'><strong>agit,</strong></span> <span class='ocrx_word' id='word_1_464' title='bbox 3441 731 3541 772; x_wconf 85' lang='lat' dir='ltr'><strong>nec</strong></span> 
     </span>
    </p>
   </div>
   <div class='ocr_carea' id='block_1_67' title="bbox 1947 807 3538 878">
    <p class='ocr_par' dir='ltr' id='par_1_67' title="bbox 1947 807 3538 878">
     <span class='ocr_line' id='line_1_67' title="bbox 1947 807 3538 878; baseline 0.001 -20"><span class='ocrx_word' id='word_1_465' title='bbox 1947 807 2111 874; x_wconf 86' lang='lat' dir='ltr'><strong>tropis</strong></span> <span class='ocrx_word' id='word_1_466' title='bbox 2143 818 2247 859; x_wconf 89' lang='lat' dir='ltr'><strong>tam</strong></span> <span class='ocrx_word' id='word_1_467' title='bbox 2279 807 2644 876; x_wconf 73' lang='lat' dir='ltr'><strong>frequentibus</strong></span> <span class='ocrx_word' id='word_1_468' title='bbox 2672 810 2832 860; x_wconf 90' lang='lat' dir='ltr'><strong>utitur</strong></span> <span class='ocrx_word' id='word_1_469' title='bbox 2863 827 2873 861; x_wconf 93' lang='lat'>:</span> <span class='ocrx_word' id='word_1_470' title='bbox 2908 818 3004 861; x_wconf 78' lang='lat' dir='ltr'><strong>nec.</strong></span> <span class='ocrx_word' id='word_1_471' title='bbox 3034 825 3210 877; x_wconf 85' lang='lat' dir='ltr'><strong>parcnt</strong></span> <span class='ocrx_word' id='word_1_472' title='bbox 3241 819 3383 863; x_wconf 83' lang='lat' dir='ltr'><strong>certe</strong></span> <span class='ocrx_word' id='word_1_473' title='bbox 3410 823 3538 878; x_wconf 78' lang='lat' dir='ltr'><strong>ope-</strong></span> 
     </span>
    </p>
   </div>
   <div class='ocr_carea' id='block_1_68' title="bbox 1946 899 3012 954">
    <p class='ocr_par' dir='ltr' id='par_1_68' title="bbox 1946 899 3012 954">
     <span class='ocr_line' id='line_1_68' title="bbox 1946 899 3012 954; baseline 0.001 -3"><span class='ocrx_word' id='word_1_474' title='bbox 1946 914 2058 951; x_wconf 90' lang='lat' dir='ltr'><strong>ram</strong></span> <span class='ocrx_word' id='word_1_475' title='bbox 2090 899 2137 950; x_wconf 92' lang='lat' dir='ltr'><strong>in</strong></span> <span class='ocrx_word' id='word_1_476' title='bbox 2163 900 2428 952; x_wconf 86' lang='lat' dir='ltr'><strong>ambabus</strong></span> <span class='ocrx_word' id='word_1_477' title='bbox 2457 899 2761 952; x_wconf 77' lang='lat' dir='ltr'><strong>adhibuisse</strong></span> <span class='ocrx_word' id='word_1_478' title='bbox 2788 899 3012 954; x_wconf 86' lang='lat' dir='ltr'><strong>videtur.</strong></span> 
     </span>
    </p>
   </div>
   <div class='ocr_carea' id='block_1_69' title="bbox 2021 994 3538 1072">
    <p class='ocr_par' dir='ltr' id='par_1_69' title="bbox 2021 994 3538 1072">
     <span class='ocr_line' id='line_1_69' title="bbox 2021 994 3538 1072; baseline 0 -24"><span class='ocrx_word' id='word_1_479' title='bbox 2021 996 2079 1049; x_wconf 54' lang='lat' dir='ltr'><strong>lit</strong></span> <span class='ocrx_word' id='word_1_480' title='bbox 2118 997 2168 1048; x_wconf 90' lang='lat' dir='ltr'><strong>in</strong></span> <span class='ocrx_word' id='word_1_481' title='bbox 2201 997 2462 1063; x_wconf 72' lang='lat' dir='ltr'><strong>prioribus</strong></span> <span class='ocrx_word' id='word_1_482' title='bbox 2507 995 2770 1059; x_wconf 79' lang='lat' dir='ltr'><strong>humiliis,</strong></span> <span class='ocrx_word' id='word_1_483' title='bbox 2805 995 2854 1048; x_wconf 88' lang='lat' dir='ltr'><strong>itt</strong></span> <span class='ocrx_word' id='word_1_484' title='bbox 2889 996 3034 1050; x_wconf 85' lang='lat' dir='ltr'><strong>hisce</strong></span> <span class='ocrx_word' id='word_1_485' title='bbox 3071 995 3228 1072; x_wconf 73' lang='lat' dir='ltr'><strong>etiam</strong></span> <span class='ocrx_word' id='word_1_486' title='bbox 3258 994 3538 1060; x_wconf 71' lang='lat' dir='ltr'><strong>Marcioni-</strong></span> 
     </span>
    </p>
   </div>
   <div class='ocr_carea' id='block_1_70' title="bbox 1944 1083 3536 1158">
    <p class='ocr_par' dir='ltr' id='par_1_70' title="bbox 1944 1083 3536 1158">
     <span class='ocr_line' id='line_1_70' title="bbox 1944 1083 3536 1158; baseline -0.001 -18"><span class='ocrx_word' id='word_1_487' title='bbox 1944 1097 2053 1140; x_wconf 85' lang='lat' dir='ltr'><strong>stas</strong></span> <span class='ocrx_word' id='word_1_488' title='bbox 2099 1087 2350 1156; x_wconf 74' lang='lat' dir='ltr'><strong>exagitat,</strong></span> <span class='ocrx_word' id='word_1_489' title='bbox 2397 1087 2483 1157; x_wconf 84' lang='lat' dir='ltr'><strong>qui</strong></span> <span class='ocrx_word' id='word_1_490' title='bbox 2532 1086 2780 1139; x_wconf 85' lang='lat' dir='ltr'><strong>dicebant</strong></span> <span class='ocrx_word' id='word_1_491' title='bbox 2823 1101 3000 1139; x_wconf 78' lang='lat' dir='ltr'><strong>rerum</strong></span> <span class='ocrx_word' id='word_1_492' title='bbox 3045 1085 3288 1154; x_wconf 86' lang='lat' dir='ltr'><strong>opilicem</strong></span> <span class='ocrx_word' id='word_1_493' title='bbox 3338 1083 3536 1158; x_wconf 83' lang='lat' dir='ltr'><strong>justum</strong></span> 
     </span>
    </p>
   </div>
   <div class='ocr_carea' id='block_1_71' title="bbox 1910 1178 3531 1247">
    <p class='ocr_par' dir='ltr' id='par_1_71' title="bbox 1910 1178 3531 1247">
     <span class='ocr_line' id='line_1_71' title="bbox 1910 1178 3531 1247; baseline -0.006 -9"><span class='ocrx_word' id='word_1_494' title='bbox 1910 1226 1921 1238; x_wconf 86' lang='lat'><strong>.</strong></span> <span class='ocrx_word' id='word_1_495' title='bbox 1945 1197 2062 1241; x_wconf 71' lang='lat' dir='ltr'><strong>esse</strong></span> <span class='ocrx_word' id='word_1_496' title='bbox 2084 1223 2097 1247; x_wconf 93' lang='lat'><strong>,</strong></span> <span class='ocrx_word' id='word_1_497' title='bbox 2131 1181 2223 1235; x_wconf 89' lang='lat' dir='ltr'><strong>sed</strong></span> <span class='ocrx_word' id='word_1_498' title='bbox 2272 1197 2376 1233; x_wconf 90' lang='lat' dir='ltr'><strong>non</strong></span> <span class='ocrx_word' id='word_1_499' title='bbox 2421 1181 2615 1233; x_wconf 89' lang='lat' dir='ltr'><strong>boumn</strong></span> <span class='ocrx_word' id='word_1_500' title='bbox 2643 1196 2656 1243; x_wconf 91' lang='lat'>;</span> <span class='ocrx_word' id='word_1_501' title='bbox 2703 1178 3022 1233; x_wconf 76' lang='lat' dir='ltr'><strong>Manichceos</strong></span> <span class='ocrx_word' id='word_1_502' title='bbox 3056 1179 3178 1232; x_wconf 91' lang='lat' dir='ltr'><strong>item</strong></span> <span class='ocrx_word' id='word_1_503' title='bbox 3224 1178 3531 1239; x_wconf 86' lang='lat' dir='ltr'><strong>insectatur,</strong></span> 
     </span>
    </p>
   </div>
   <div class='ocr_carea' id='block_1_72' title="bbox 1943 1269 3540 1342">
    <p class='ocr_par' dir='ltr' id='par_1_72' title="bbox 1943 1269 3540 1342">
     <span class='ocr_line' id='line_1_72' title="bbox 1943 1269 3540 1342; baseline -0.001 -19"><span class='ocrx_word' id='word_1_504' title='bbox 1943 1273 2031 1342; x_wconf 93' lang='lat' dir='ltr'><strong>qui</strong></span> <span class='ocrx_word' id='word_1_505' title='bbox 2065 1289 2157 1326; x_wconf 89' lang='lat' dir='ltr'><strong>ore</strong></span> <span class='ocrx_word' id='word_1_506' title='bbox 2189 1270 2535 1340; x_wconf 75' lang='lat' dir='ltr'><strong>impiobunc</strong></span> <span class='ocrx_word' id='word_1_507' title='bbox 2583 1287 2760 1325; x_wconf 87' lang='lat' dir='ltr'><strong>rerum</strong></span> <span class='ocrx_word' id='word_1_508' title='bbox 2811 1270 3054 1339; x_wconf 83' lang='lat' dir='ltr'><strong>opificem</strong></span> <span class='ocrx_word' id='word_1_509' title='bbox 3099 1269 3366 1323; x_wconf 87' lang='lat' dir='ltr'><strong>diabolum</strong></span> <span class='ocrx_word' id='word_1_510' title='bbox 3419 1284 3540 1322; x_wconf 79' lang='lat' dir='ltr'><strong>esse</strong></span> 
     </span>
    </p>
   </div>
   <div class='ocr_carea' id='block_1_73' title="bbox 1947 1359 3536 1433">
    <p class='ocr_par' dir='ltr' id='par_1_73' title="bbox 1947 1359 3536 1433">
     <span class='ocr_line' id='line_1_73' title="bbox 1947 1359 3536 1433; baseline -0.002 -19"><span class='ocrx_word' id='word_1_511' title='bbox 1947 1363 2382 1433; x_wconf 88' lang='lat' dir='ltr'><strong>pronuntiabant.</strong></span> <span class='ocrx_word' id='word_1_512' title='bbox 2410 1362 2702 1416; x_wconf 70' lang='lat' dir='ltr'><strong>llazretieos</strong></span> <span class='ocrx_word' id='word_1_513' title='bbox 2731 1363 2849 1414; x_wconf 89' lang='lat' dir='ltr'><strong>illos</strong></span> <span class='ocrx_word' id='word_1_514' title='bbox 2874 1361 3074 1431; x_wconf 87' lang='lat' dir='ltr'><strong>aliquot</strong></span> <span class='ocrx_word' id='word_1_515' title='bbox 3106 1363 3155 1413; x_wconf 92' lang='lat' dir='ltr'><strong>iu</strong></span> <span class='ocrx_word' id='word_1_516' title='bbox 3185 1359 3315 1414; x_wconf 89' lang='lat' dir='ltr'><strong>locis</strong></span> <span class='ocrx_word' id='word_1_517' title='bbox 3344 1361 3536 1428; x_wconf 85' lang='lat' dir='ltr'><strong>carpit,</strong></span> 
     </span>
    </p>
   </div>
   <div class='ocr_carea' id='block_1_74' title="bbox 1945 1451 3542 1523">
    <p class='ocr_par' dir='ltr' id='par_1_74' title="bbox 1945 1451 3542 1523">
     <span class='ocr_line' id='line_1_74' title="bbox 1945 1451 3542 1523; baseline -0.003 -15"><span class='ocrx_word' id='word_1_518' title='bbox 1945 1469 2152 1509; x_wconf 87' lang='lat' dir='ltr'><strong>necnon</strong></span> <span class='ocrx_word' id='word_1_519' title='bbox 2204 1463 2258 1508; x_wconf 91' lang='lat' dir='ltr'><strong>et</strong></span> <span class='ocrx_word' id='word_1_520' title='bbox 2287 1453 2421 1506; x_wconf 80' lang='lat' dir='ltr'><strong>alios</strong></span> <span class='ocrx_word' id='word_1_521' title='bbox 2469 1453 2557 1523; x_wconf 89' lang='lat' dir='ltr'><strong>qui</strong></span> <span class='ocrx_word' id='word_1_522' title='bbox 2600 1451 2852 1506; x_wconf 87' lang='lat' dir='ltr'><strong>dicebant</strong></span> <span class='ocrx_word' id='word_1_523' title='bbox 2899 1451 3155 1506; x_wconf 89' lang='lat' dir='ltr'><strong>mundum</strong></span> <span class='ocrx_word' id='word_1_524' title='bbox 3203 1452 3375 1520; x_wconf 90' lang='lat' dir='ltr'><strong>ipsum</strong></span> <span class='ocrx_word' id='word_1_525' title='bbox 3419 1464 3542 1504; x_wconf 78' lang='lat' dir='ltr'><strong>esse</strong></span> 
     </span>
    </p>
   </div>
   <div class='ocr_carea' id='block_1_75' title="bbox 1943 1545 3537 1614">
    <p class='ocr_par' dir='ltr' id='par_1_75' title="bbox 1943 1545 3537 1614">
     <span class='ocr_line' id='line_1_75' title="bbox 1943 1545 3537 1614; baseline 0 -15"><span class='ocrx_word' id='word_1_526' title='bbox 1943 1546 2126 1611; x_wconf 84' lang='lat' dir='ltr'><strong>deum,</strong></span> <span class='ocrx_word' id='word_1_527' title='bbox 2175 1545 2264 1614; x_wconf 91' lang='lat' dir='ltr'><strong>qui</strong></span> <span class='ocrx_word' id='word_1_528' title='bbox 2313 1560 2466 1598; x_wconf 87' lang='lat' dir='ltr'><strong>error</strong></span> <span class='ocrx_word' id='word_1_529' title='bbox 2513 1545 2672 1599; x_wconf 91' lang='lat' dir='ltr'><strong>etiam</strong></span> <span class='ocrx_word' id='word_1_530' title='bbox 2703 1560 2818 1600; x_wconf 67' lang='lat' dir='ltr'><strong>aevo</strong></span> <span class='ocrx_word' id='word_1_531' title='bbox 2857 1554 3040 1602; x_wconf 88' lang='lat' dir='ltr'><strong>nostro</strong></span> <span class='ocrx_word' id='word_1_532' title='bbox 3086 1557 3380 1600; x_wconf 86' lang='lat' dir='ltr'><strong>renovatus</strong></span> <span class='ocrx_word' id='word_1_533' title='bbox 3421 1546 3537 1604; x_wconf 87' lang='lat' dir='ltr'><strong>fuit.</strong></span> 
     </span>
    </p>
   </div>
   <div class='ocr_carea' id='block_1_76' title="bbox 1943 1635 3542 1706">
    <p class='ocr_par' dir='ltr' id='par_1_76' title="bbox 1943 1635 3542 1706">
     <span class='ocr_line' id='line_1_76' title="bbox 1943 1635 3542 1706; baseline -0.001 -15"><span class='ocrx_word' id='word_1_534' title='bbox 1943 1638 2060 1692; x_wconf 86' lang='lat' dir='ltr'><strong>Alia</strong></span> <span class='ocrx_word' id='word_1_535' title='bbox 2109 1652 2320 1706; x_wconf 86' lang='lat' dir='ltr'><strong>quoque</strong></span> <span class='ocrx_word' id='word_1_536' title='bbox 2369 1635 2654 1690; x_wconf 86' lang='lat' dir='ltr'><strong>observato</strong></span> <span class='ocrx_word' id='word_1_537' title='bbox 2702 1635 2860 1705; x_wconf 86' lang='lat' dir='ltr'><strong>digna</strong></span> <span class='ocrx_word' id='word_1_538' title='bbox 2915 1637 2965 1690; x_wconf 93' lang='lat' dir='ltr'><strong>in</strong></span> <span class='ocrx_word' id='word_1_539' title='bbox 3021 1637 3102 1690; x_wconf 90' lang='lat' dir='ltr'><strong>bis</strong></span> <span class='ocrx_word' id='word_1_540' title='bbox 3155 1637 3542 1704; x_wconf 86' lang='lat' dir='ltr'><strong>posterioribus</strong></span> 
     </span>
    </p>
   </div>
   <div class='ocr_carea' id='block_1_77' title="bbox 1945 1727 3538 1789">
    <p class='ocr_par' dir='ltr' id='par_1_77' title="bbox 1945 1727 3538 1789">
     <span class='ocr_line' id='line_1_77' title="bbox 1945 1727 3538 1789; baseline -0.001 -6"><span class='ocrx_word' id='word_1_541' title='bbox 1945 1729 2181 1783; x_wconf 91' lang='lat' dir='ltr'><strong>humiliis</strong></span> <span class='ocrx_word' id='word_1_542' title='bbox 2225 1739 2536 1786; x_wconf 86' lang='lat' dir='ltr'><strong>occurrunt.</strong></span> <span class='ocrx_word' id='word_1_543' title='bbox 2585 1727 2832 1782; x_wconf 82' lang='lat' dir='ltr'><strong>Affirmat</strong></span> <span class='ocrx_word' id='word_1_544' title='bbox 2868 1728 2926 1783; x_wconf 91' lang='lat' dir='ltr'><strong>S.</strong></span> <span class='ocrx_word' id='word_1_545' title='bbox 2959 1727 3538 1789; x_wconf 78' lang='lat' dir='ltr'><strong>doctorAlcxandrum</strong></span> 
     </span>
    </p>
   </div>
   <div class='ocr_carea' id='block_1_78' title="bbox 1942 1821 3538 1877">
    <p class='ocr_par' dir='ltr' id='par_1_78' title="bbox 1942 1821 3538 1877">
     <span class='ocr_line' id='line_1_78' title="bbox 1942 1821 3538 1877; baseline -0.001 -1"><span class='ocrx_word' id='word_1_546' title='bbox 1942 1839 1971 1876; x_wconf 90' lang='lat' dir='ltr'><strong>a</strong></span> <span class='ocrx_word' id='word_1_547' title='bbox 1998 1822 2196 1877; x_wconf 89' lang='lat' dir='ltr'><strong>Senatu</strong></span> <span class='ocrx_word' id='word_1_548' title='bbox 2224 1821 2467 1876; x_wconf 79' lang='lat' dir='ltr'><strong>Romano</strong></span> <span class='ocrx_word' id='word_1_549' title='bbox 2496 1822 2706 1876; x_wconf 86' lang='lat' dir='ltr'><strong>tertium</strong></span> <span class='ocrx_word' id='word_1_550' title='bbox 2735 1821 2998 1876; x_wconf 90' lang='lat' dir='ltr'><strong>decimum</strong></span> <span class='ocrx_word' id='word_1_551' title='bbox 3026 1821 3182 1876; x_wconf 91' lang='lat' dir='ltr'><strong>deum</strong></span> <span class='ocrx_word' id='word_1_552' title='bbox 3210 1821 3538 1876; x_wconf 85' lang='lat' dir='ltr'><strong>declaratum</strong></span> 
     </span>
    </p>
   </div>
   <div class='ocr_carea' id='block_1_79' title="bbox 1943 1916 3542 1986">
    <p class='ocr_par' dir='ltr' id='par_1_79' title="bbox 1943 1916 3542 1986">
     <span class='ocr_line' id='line_1_79' title="bbox 1943 1916 3542 1986; baseline 0 -17"><span class='ocrx_word' id='word_1_553' title='bbox 1943 1916 2127 1981; x_wconf 86' lang='lat' dir='ltr'><strong>fuisse,</strong></span> <span class='ocrx_word' id='word_1_554' title='bbox 2162 1916 2211 1970; x_wconf 93' lang='lat' dir='ltr'><strong>id</strong></span> <span class='ocrx_word' id='word_1_555' title='bbox 2243 1916 2382 1986; x_wconf 86' lang='lat' dir='ltr'><strong>quod</strong></span> <span class='ocrx_word' id='word_1_556' title='bbox 2417 1916 2657 1985; x_wconf 87' lang='lat' dir='ltr'><strong>nuspiam</strong></span> <span class='ocrx_word' id='word_1_557' title='bbox 2702 1916 2918 1970; x_wconf 90' lang='lat' dir='ltr'><strong>memini</strong></span> <span class='ocrx_word' id='word_1_558' title='bbox 2960 1932 3044 1970; x_wconf 91' lang='lat' dir='ltr'><strong>me</strong></span> <span class='ocrx_word' id='word_1_559' title='bbox 3086 1917 3279 1986; x_wconf 82' lang='lat' dir='ltr'><strong>legere.</strong></span> <span class='ocrx_word' id='word_1_560' title='bbox 3325 1916 3542 1971; x_wconf 83' lang='lat' dir='ltr'><strong>Tertius</strong></span> 
     </span>
    </p>
   </div>
   <div class='ocr_carea' id='block_1_80' title="bbox 1942 2008 3543 2078">
    <p class='ocr_par' dir='ltr' id='par_1_80' title="bbox 1942 2008 3543 2078">
     <span class='ocr_line' id='line_1_80' title="bbox 1942 2008 3543 2078; baseline 0.001 -16"><span class='ocrx_word' id='word_1_561' title='bbox 1942 2018 2119 2063; x_wconf 80' lang='lat' dir='ltr'><strong>autent</strong></span> <span class='ocrx_word' id='word_1_562' title='bbox 2149 2008 2389 2064; x_wconf 88' lang='lat' dir='ltr'><strong>decimus</strong></span> <span class='ocrx_word' id='word_1_563' title='bbox 2415 2008 2548 2063; x_wconf 88' lang='lat' dir='ltr'><strong>deus</strong></span> <span class='ocrx_word' id='word_1_564' title='bbox 2578 2009 2749 2062; x_wconf 88' lang='lat' dir='ltr'><strong>dictus</strong></span> <span class='ocrx_word' id='word_1_565' title='bbox 2780 2008 2873 2061; x_wconf 85' lang='lat' dir='ltr'><strong>fuit</strong></span> <span class='ocrx_word' id='word_1_566' title='bbox 2898 2050 2910 2072; x_wconf 95' lang='lat'><strong>,</strong></span> <span class='ocrx_word' id='word_1_567' title='bbox 2950 2009 3073 2078; x_wconf 89' lang='lat' dir='ltr'><strong>quia</strong></span> <span class='ocrx_word' id='word_1_568' title='bbox 3099 2008 3378 2062; x_wconf 87' lang='lat' dir='ltr'><strong>duodecim</strong></span> <span class='ocrx_word' id='word_1_569' title='bbox 3410 2008 3543 2063; x_wconf 83' lang='lat' dir='ltr'><strong>deos</strong></span> 
     </span>
    </p>
   </div>
   <div class='ocr_carea' id='block_1_81' title="bbox 1943 2101 3541 2172">
    <p class='ocr_par' dir='ltr' id='par_1_81' title="bbox 1943 2101 3541 2172">
     <span class='ocr_line' id='line_1_81' title="bbox 1943 2101 3541 2172; baseline -0.001 -16"><span class='ocrx_word' id='word_1_570' title='bbox 1943 2103 2116 2157; x_wconf 61' lang='lat' dir='ltr'><strong>Gra‘ci</strong></span> <span class='ocrx_word' id='word_1_571' title='bbox 2148 2104 2382 2172; x_wconf 88' lang='lat' dir='ltr'><strong>itemque</strong></span> <span class='ocrx_word' id='word_1_572' title='bbox 2414 2102 2637 2156; x_wconf 81' lang='lat' dir='ltr'><strong>ltomani</strong></span> <span class='ocrx_word' id='word_1_573' title='bbox 2668 2102 3038 2168; x_wconf 81' lang='lat' dir='ltr'><strong>admittebant,</strong></span> <span class='ocrx_word' id='word_1_574' title='bbox 3071 2101 3153 2157; x_wconf 83' lang='lat' dir='ltr'><strong>his</strong></span> <span class='ocrx_word' id='word_1_575' title='bbox 3182 2101 3391 2157; x_wconf 88' lang='lat' dir='ltr'><strong>duobus</strong></span> <span class='ocrx_word' id='word_1_576' title='bbox 3423 2117 3541 2156; x_wconf 85' lang='lat' dir='ltr'><strong>ver-</strong></span> 
     </span>
    </p>
   </div>
   <div class='ocr_carea' id='block_1_82' title="bbox 1943 2184 2584 2266">
    <p class='ocr_par' dir='ltr' id='par_1_82' title="bbox 1943 2184 2584 2266">
     <span class='ocr_line' id='line_1_82' title="bbox 1943 2184 2584 2266; baseline 0.002 -17"><span class='ocrx_word' id='word_1_577' title='bbox 1943 2197 2088 2250; x_wconf 84' lang='lat' dir='ltr'><strong>sibus</strong></span> <span class='ocrx_word' id='word_1_578' title='bbox 2119 2184 2537 2266; x_wconf 82' lang='lat' dir='ltr'><strong>contprehensos</strong></span> <span class='ocrx_word' id='word_1_579' title='bbox 2572 2214 2584 2250; x_wconf 93' lang='lat'>:</span> 
     </span>
    </p>
   </div>
   <div class='ocr_carea' id='block_1_83' title="bbox 2067 2395 3426 2456">
    <p class='ocr_par' dir='ltr' id='par_1_83' title="bbox 2067 2395 3426 2456">
     <span class='ocr_line' id='line_1_83' title="bbox 2067 2395 3426 2456; baseline 0.001 -14"><span class='ocrx_word' id='word_1_580' title='bbox 2067 2401 2207 2452; x_wconf 71' lang='lat' dir='ltr'><strong>Juno,</strong></span> <span class='ocrx_word' id='word_1_581' title='bbox 2235 2400 2395 2455; x_wconf 69' lang='lat' dir='ltr'><strong>Vesta,</strong></span> <span class='ocrx_word' id='word_1_582' title='bbox 2421 2396 2650 2452; x_wconf 78' lang='lat' dir='ltr'><strong>Minerva,</strong></span> <span class='ocrx_word' id='word_1_583' title='bbox 2670 2401 2834 2453; x_wconf 86' lang='lat' dir='ltr'><strong>Ceres,</strong></span> <span class='ocrx_word' id='word_1_584' title='bbox 2865 2395 3025 2453; x_wconf 82' lang='lat' dir='ltr'><strong>Diana,</strong></span> <span class='ocrx_word' id='word_1_585' title='bbox 3054 2402 3244 2456; x_wconf 65' lang='lat' dir='ltr'><strong>Venus,</strong></span> <span class='ocrx_word' id='word_1_586' title='bbox 3272 2403 3426 2453; x_wconf 62' lang='lat' dir='ltr'><strong>mars,</strong></span> 
     </span>
    </p>
   </div>
   <div class='ocr_carea' id='block_1_84' title="bbox 2068 2477 3414 2542">
    <p class='ocr_par' dir='ltr' id='par_1_84' title="bbox 2068 2477 3414 2542">
     <span class='ocr_line' id='line_1_84' title="bbox 2068 2477 3414 2542; baseline 0.002 -16"><span class='ocrx_word' id='word_1_587' title='bbox 2068 2481 2350 2542; x_wconf 70' lang='lat' dir='ltr'><strong>Mercurius,</strong></span> <span class='ocrx_word' id='word_1_588' title='bbox 2396 2481 2554 2539; x_wconf 84' lang='lat' dir='ltr'><strong>Jovis,</strong></span> <span class='ocrx_word' id='word_1_589' title='bbox 2604 2486 2878 2542; x_wconf 59' lang='lat' dir='ltr'><strong>Neptunus,</strong></span> <span class='ocrx_word' id='word_1_590' title='bbox 2921 2479 3184 2540; x_wconf 66' lang='lat' dir='ltr'><strong>Vulcanus,</strong></span> <span class='ocrx_word' id='word_1_591' title='bbox 3231 2477 3414 2540; x_wconf 64' lang='lat' dir='ltr'><strong>Aquilio.</strong></span> 
     </span>
    </p>
   </div>
   <div class='ocr_carea' id='block_1_85' title="bbox 2015 2649 3538 2721">
    <p class='ocr_par' dir='ltr' id='par_1_85' title="bbox 2015 2649 3538 2721">
     <span class='ocr_line' id='line_1_85' title="bbox 2015 2649 3538 2721; baseline -0.001 -16"><span class='ocrx_word' id='word_1_592' title='bbox 2015 2653 2472 2706; x_wconf 71' lang='lat' dir='ltr'><strong>(Iommentarium</strong></span> <span class='ocrx_word' id='word_1_593' title='bbox 2517 2653 2641 2707; x_wconf 90' lang='lat' dir='ltr'><strong>item</strong></span> <span class='ocrx_word' id='word_1_594' title='bbox 2675 2652 2724 2706; x_wconf 92' lang='lat' dir='ltr'><strong>in</strong></span> <span class='ocrx_word' id='word_1_595' title='bbox 2757 2651 3049 2721; x_wconf 86' lang='lat' dir='ltr'><strong>Epistulam</strong></span> <span class='ocrx_word' id='word_1_596' title='bbox 3081 2650 3146 2703; x_wconf 85' lang='lat' dir='ltr'><strong>ad</strong></span> <span class='ocrx_word' id='word_1_597' title='bbox 3177 2649 3538 2705; x_wconf 71' lang='lat' dir='ltr'><strong>GalatasAn-</strong></span> 
     </span>
    </p>
   </div>
   <div class='ocr_carea' id='block_1_86' title="bbox 1947 2741 3536 2815">
    <p class='ocr_par' dir='ltr' id='par_1_86' title="bbox 1947 2741 3536 2815">
     <span class='ocr_line' id='line_1_86' title="bbox 1947 2741 3536 2815; baseline -0.001 -18"><span class='ocrx_word' id='word_1_598' title='bbox 1947 2743 2159 2797; x_wconf 75' lang='lat' dir='ltr'><strong>liocltite</strong></span> <span class='ocrx_word' id='word_1_599' title='bbox 2188 2743 2353 2797; x_wconf 90' lang='lat' dir='ltr'><strong>edidit</strong></span> <span class='ocrx_word' id='word_1_600' title='bbox 2383 2742 2478 2815; x_wconf 83' lang='lat' dir='ltr'><strong>(T.</strong></span> <span class='ocrx_word' id='word_1_601' title='bbox 2507 2743 2592 2798; x_wconf 73' lang='grc'><strong>10.</strong></span> <span class='ocrx_word' id='word_1_602' title='bbox 2632 2757 2675 2796; x_wconf 79' lang='grc' dir='ltr'><strong>ε.</strong></span> <span class='ocrx_word' id='word_1_603' title='bbox 2705 2742 2879 2813; x_wconf 83' lang='lat'><strong>609),</strong></span> <span class='ocrx_word' id='word_1_604' title='bbox 2914 2751 2976 2796; x_wconf 83' lang='lat' dir='ltr'><strong>ut</strong></span> <span class='ocrx_word' id='word_1_605' title='bbox 3019 2743 3070 2796; x_wconf 92' lang='lat' dir='ltr'><strong>in</strong></span> <span class='ocrx_word' id='word_1_606' title='bbox 3111 2742 3307 2798; x_wconf 78' lang='lat' dir='ltr'><strong>Muttito</strong></span> <span class='ocrx_word' id='word_1_607' title='bbox 3341 2741 3536 2795; x_wconf 77' lang='lat' dir='ltr'><strong>ibidem</strong></span> 
     </span>
    </p>
   </div>
   <div class='ocr_carea' id='block_1_87' title="bbox 1944 2837 3546 2907">
    <p class='ocr_par' dir='ltr' id='par_1_87' title="bbox 1944 2837 3546 2907">
     <span class='ocr_line' id='line_1_87' title="bbox 1944 2837 3546 2907; baseline 0.002 -21"><span class='ocrx_word' id='word_1_608' title='bbox 1944 2837 2288 2906; x_wconf 75' lang='lat' dir='ltr'><strong>probavimus</strong></span> <span class='ocrx_word' id='word_1_609' title='bbox 2322 2855 2334 2892; x_wconf 93' lang='lat'><strong>:</strong></span> <span class='ocrx_word' id='word_1_610' title='bbox 2366 2837 2451 2891; x_wconf 91' lang='lat' dir='ltr'><strong>cui</strong></span> <span class='ocrx_word' id='word_1_611' title='bbox 2481 2837 2796 2892; x_wconf 87' lang='lat' dir='ltr'><strong>adornando</strong></span> <span class='ocrx_word' id='word_1_612' title='bbox 2821 2854 2929 2892; x_wconf 88' lang='lat' dir='ltr'><strong>non</strong></span> <span class='ocrx_word' id='word_1_613' title='bbox 2954 2837 3162 2892; x_wconf 72' lang='lat' dir='ltr'><strong>solitam</strong></span> <span class='ocrx_word' id='word_1_614' title='bbox 3195 2854 3412 2907; x_wconf 89' lang='lat' dir='ltr'><strong>operam</strong></span> <span class='ocrx_word' id='word_1_615' title='bbox 3442 2852 3546 2906; x_wconf 82' lang='lat' dir='ltr'><strong>po-</strong></span> 
     </span>
    </p>
   </div>
   <div class='ocr_carea' id='block_1_88' title="bbox 1943 2929 3544 3002">
    <p class='ocr_par' dir='ltr' id='par_1_88' title="bbox 1943 2929 3544 3002">
     <span class='ocr_line' id='line_1_88' title="bbox 1943 2929 3544 3002; baseline 0.001 -19"><span class='ocrx_word' id='word_1_616' title='bbox 1943 2931 2048 2983; x_wconf 90' lang='lat' dir='ltr'><strong>suit</strong></span> <span class='ocrx_word' id='word_1_617' title='bbox 2073 2929 2508 3001; x_wconf 86' lang='lat' dir='ltr'><strong>Chrysostomus.</strong></span> <span class='ocrx_word' id='word_1_618' title='bbox 2545 2931 2601 2984; x_wconf 88' lang='lat' dir='ltr'><strong>lo</strong></span> <span class='ocrx_word' id='word_1_619' title='bbox 2639 2931 2758 2986; x_wconf 86' lang='lat' dir='ltr'><strong>aliis</strong></span> <span class='ocrx_word' id='word_1_620' title='bbox 2796 2933 2992 3002; x_wconf 82' lang='lat' dir='ltr'><strong>quippe</strong></span> <span class='ocrx_word' id='word_1_621' title='bbox 3023 2932 3073 2985; x_wconf 91' lang='lat' dir='ltr'><strong>in</strong></span> <span class='ocrx_word' id='word_1_622' title='bbox 3105 2931 3310 2985; x_wconf 84' lang='lat' dir='ltr'><strong>Novum</strong></span> <span class='ocrx_word' id='word_1_623' title='bbox 3351 2931 3544 2986; x_wconf 83' lang='lat' dir='ltr'><strong>Testa-</strong></span> 
     </span>
    </p>
   </div>
   <div class='ocr_carea' id='block_1_89' title="bbox 1945 3021 3543 3091">
    <p class='ocr_par' dir='ltr' id='par_1_89' title="bbox 1945 3021 3543 3091">
     <span class='ocr_line' id='line_1_89' title="bbox 1945 3021 3543 3091; baseline 0.001 -16"><span class='ocrx_word' id='word_1_624' title='bbox 1945 3031 2184 3075; x_wconf 89' lang='lat' dir='ltr'><strong>mentum</strong></span> <span class='ocrx_word' id='word_1_625' title='bbox 2241 3021 2708 3091; x_wconf 78' lang='lat' dir='ltr'><strong>explanationibus</strong></span> <span class='ocrx_word' id='word_1_626' title='bbox 2765 3024 2941 3077; x_wconf 90' lang='lat' dir='ltr'><strong>omnia</strong></span> <span class='ocrx_word' id='word_1_627' title='bbox 3002 3023 3053 3077; x_wconf 92' lang='lat' dir='ltr'><strong>in</strong></span> <span class='ocrx_word' id='word_1_628' title='bbox 3110 3025 3397 3079; x_wconf 86' lang='lat' dir='ltr'><strong>conciones</strong></span> <span class='ocrx_word' id='word_1_629' title='bbox 3448 3040 3543 3079; x_wconf 81' lang='lat' dir='ltr'><strong>seu</strong></span> 
     </span>
    </p>
   </div>
   <div class='ocr_carea' id='block_1_90' title="bbox 1944 3113 3537 3186">
    <p class='ocr_par' dir='ltr' id='par_1_90' title="bbox 1944 3113 3537 3186">
     <span class='ocr_line' id='line_1_90' title="bbox 1944 3113 3537 3186; baseline -0.001 -19"><span class='ocrx_word' id='word_1_630' title='bbox 1944 3114 2195 3168; x_wconf 86' lang='lat' dir='ltr'><strong>homilias</strong></span> <span class='ocrx_word' id='word_1_631' title='bbox 2220 3113 2386 3168; x_wconf 80' lang='lat' dir='ltr'><strong>divisa</strong></span> <span class='ocrx_word' id='word_1_632' title='bbox 2419 3124 2471 3169; x_wconf 85' lang='lat' dir='ltr'><strong>et</strong></span> <span class='ocrx_word' id='word_1_633' title='bbox 2499 3113 2777 3169; x_wconf 80' lang='lat' dir='ltr'><strong>di-tributa</strong></span> <span class='ocrx_word' id='word_1_634' title='bbox 2811 3124 2968 3176; x_wconf 78' lang='lat' dir='ltr'><strong>sunt;</strong></span> <span class='ocrx_word' id='word_1_635' title='bbox 3000 3115 3070 3169; x_wconf 86' lang='lat' dir='ltr'><strong>ita</strong></span> <span class='ocrx_word' id='word_1_636' title='bbox 3098 3124 3153 3168; x_wconf 90' lang='lat' dir='ltr'><strong>ut</strong></span> <span class='ocrx_word' id='word_1_637' title='bbox 3181 3115 3370 3169; x_wconf 88' lang='lat' dir='ltr'><strong>concio</strong></span> <span class='ocrx_word' id='word_1_638' title='bbox 3397 3131 3537 3186; x_wconf 74' lang='lat' dir='ltr'><strong>qua-</strong></span> 
     </span>
    </p>
   </div>
   <div class='ocr_carea' id='block_1_91' title="bbox 1946 3204 3543 3272">
    <p class='ocr_par' dir='ltr' id='par_1_91' title="bbox 1946 3204 3543 3272">
     <span class='ocr_line' id='line_1_91' title="bbox 1946 3204 3543 3272; baseline 0.001 -12"><span class='ocrx_word' id='word_1_639' title='bbox 1946 3207 2075 3260; x_wconf 80' lang='lat' dir='ltr'><strong>libet</strong></span> <span class='ocrx_word' id='word_1_640' title='bbox 2099 3206 2271 3260; x_wconf 87' lang='lat' dir='ltr'><strong>ethiea</strong></span> <span class='ocrx_word' id='word_1_641' title='bbox 2299 3204 2672 3260; x_wconf 83' lang='lat' dir='ltr'><strong>adhortatione</strong></span> <span class='ocrx_word' id='word_1_642' title='bbox 2697 3205 3006 3272; x_wconf 89' lang='lat' dir='ltr'><strong>claudatur,</strong></span> <span class='ocrx_word' id='word_1_643' title='bbox 3037 3216 3088 3260; x_wconf 90' lang='lat' dir='ltr'><strong>et</strong></span> <span class='ocrx_word' id='word_1_644' title='bbox 3139 3208 3358 3260; x_wconf 90' lang='lat' dir='ltr'><strong>moralia</strong></span> <span class='ocrx_word' id='word_1_645' title='bbox 3392 3208 3543 3262; x_wconf 70' lang='lat' dir='ltr'><strong>istaec</strong></span> 
     </span>
    </p>
   </div>
   <div class='ocr_carea' id='block_1_92' title="bbox 1947 3300 3544 3371">
    <p class='ocr_par' dir='ltr' id='par_1_92' title="bbox 1947 3300 3544 3371">
     <span class='ocr_line' id='line_1_92' title="bbox 1947 3300 3544 3371; baseline 0.001 -17"><span class='ocrx_word' id='word_1_646' title='bbox 1947 3300 2240 3370; x_wconf 90' lang='lat' dir='ltr'><strong>posteriora</strong></span> <span class='ocrx_word' id='word_1_647' title='bbox 2273 3311 2540 3371; x_wconf 55' lang='lat' dir='ltr'><strong>praecepta</strong></span> <span class='ocrx_word' id='word_1_648' title='bbox 2586 3316 2830 3369; x_wconf 87' lang='lat' dir='ltr'><strong>magnam</strong></span> <span class='ocrx_word' id='word_1_649' title='bbox 2874 3309 2930 3354; x_wconf 91' lang='lat' dir='ltr'><strong>ut</strong></span> <span class='ocrx_word' id='word_1_650' title='bbox 2976 3301 3260 3368; x_wconf 86' lang='lat' dir='ltr'><strong>plurimum</strong></span> <span class='ocrx_word' id='word_1_651' title='bbox 3308 3301 3544 3355; x_wconf 69' lang='lat' dir='ltr'><strong>homilias</strong></span> 
     </span>
    </p>
   </div>
   <div class='ocr_carea' id='block_1_93' title="bbox 1946 3391 3544 3462">
    <p class='ocr_par' dir='ltr' id='par_1_93' title="bbox 1946 3391 3544 3462">
     <span class='ocr_line' id='line_1_93' title="bbox 1946 3391 3544 3462; baseline 0 -16"><span class='ocrx_word' id='word_1_652' title='bbox 1946 3403 2146 3462; x_wconf 89' lang='lat' dir='ltr'><strong>partem</strong></span> <span class='ocrx_word' id='word_1_653' title='bbox 2195 3393 2643 3462; x_wconf 81' lang='lat' dir='ltr'><strong>complectantur.</strong></span> <span class='ocrx_word' id='word_1_654' title='bbox 2688 3391 2742 3446; x_wconf 90' lang='lat' dir='ltr'><strong>lu</strong></span> <span class='ocrx_word' id='word_1_655' title='bbox 2788 3391 2890 3446; x_wconf 90' lang='lat' dir='ltr'><strong>hoc</strong></span> <span class='ocrx_word' id='word_1_656' title='bbox 2932 3402 3109 3447; x_wconf 84' lang='lat' dir='ltr'><strong>autem</strong></span> <span class='ocrx_word' id='word_1_657' title='bbox 3141 3393 3544 3448; x_wconf 66' lang='lat' dir='ltr'><strong>(Iomtneuuirio</strong></span> 
     </span>
    </p>
   </div>
   <div class='ocr_carea' id='block_1_94' title="bbox 1943 3485 3542 3558">
    <p class='ocr_par' dir='ltr' id='par_1_94' title="bbox 1943 3485 3542 3558">
     <span class='ocr_line' id='line_1_94' title="bbox 1943 3485 3542 3558; baseline 0 -18"><span class='ocrx_word' id='word_1_658' title='bbox 1943 3487 2119 3540; x_wconf 90' lang='lat' dir='ltr'><strong>omnia</strong></span> <span class='ocrx_word' id='word_1_659' title='bbox 2152 3501 2306 3541; x_wconf 82' lang='lat' dir='ltr'><strong>secus</strong></span> <span class='ocrx_word' id='word_1_660' title='bbox 2337 3485 2591 3540; x_wconf 90' lang='lat' dir='ltr'><strong>adornata</strong></span> <span class='ocrx_word' id='word_1_661' title='bbox 2638 3496 2761 3541; x_wconf 86' lang='lat' dir='ltr'><strong>sunt</strong></span> <span class='ocrx_word' id='word_1_662' title='bbox 2791 3503 2804 3539; x_wconf 90' lang='lat'><strong>:</strong></span> <span class='ocrx_word' id='word_1_663' title='bbox 2840 3502 2961 3539; x_wconf 91' lang='lat' dir='ltr'><strong>nam</strong></span> <span class='ocrx_word' id='word_1_664' title='bbox 3001 3486 3340 3542; x_wconf 85' lang='lat' dir='ltr'><strong>continenter</strong></span> <span class='ocrx_word' id='word_1_665' title='bbox 3365 3487 3542 3558; x_wconf 79' lang='lat' dir='ltr'><strong>Chry-</strong></span> 
     </span>
    </p>
   </div>
   <div class='ocr_carea' id='block_1_95' title="bbox 1945 3577 3544 3648">
    <p class='ocr_par' dir='ltr' id='par_1_95' title="bbox 1945 3577 3544 3648">
     <span class='ocr_line' id='line_1_95' title="bbox 1945 3577 3544 3648; baseline 0.001 -16"><span class='ocrx_word' id='word_1_666' title='bbox 1945 3588 2215 3632; x_wconf 84' lang='lat' dir='ltr'><strong>sostomus</strong></span> <span class='ocrx_word' id='word_1_667' title='bbox 2256 3577 2320 3632; x_wconf 85' lang='lat' dir='ltr'><strong>ad</strong></span> <span class='ocrx_word' id='word_1_668' title='bbox 2356 3579 2514 3633; x_wconf 88' lang='lat' dir='ltr'><strong>finem</strong></span> <span class='ocrx_word' id='word_1_669' title='bbox 2548 3593 2726 3648; x_wconf 87' lang='lat' dir='ltr'><strong>nsque—</strong></span> <span class='ocrx_word' id='word_1_670' title='bbox 2756 3577 2997 3648; x_wconf 58' lang='lat' dir='ltr'><strong>epistolas</strong></span> <span class='ocrx_word' id='word_1_671' title='bbox 3024 3593 3206 3633; x_wconf 79' lang='lat' dir='ltr'><strong>versus</strong></span> <span class='ocrx_word' id='word_1_672' title='bbox 3231 3593 3420 3633; x_wconf 84' lang='lat' dir='ltr'><strong>omnes</strong></span> <span class='ocrx_word' id='word_1_673' title='bbox 3445 3594 3544 3633; x_wconf 77' lang='lat' dir='ltr'><strong>ex-</strong></span> 
     </span>
    </p>
   </div>
   <div class='ocr_carea' id='block_1_96' title="bbox 1945 3667 3540 3739">
    <p class='ocr_par' dir='ltr' id='par_1_96' title="bbox 1945 3667 3540 3739">
     <span class='ocr_line' id='line_1_96' title="bbox 1945 3667 3540 3739; baseline 0.002 -18"><span class='ocrx_word' id='word_1_674' title='bbox 1945 3670 2145 3739; x_wconf 86' lang='lat' dir='ltr'><strong>planat.</strong></span> <span class='ocrx_word' id='word_1_675' title='bbox 2163 3667 2377 3723; x_wconf 84' lang='lat' dir='ltr'><strong>Moralia</strong></span> <span class='ocrx_word' id='word_1_676' title='bbox 2408 3683 2832 3739; x_wconf 81' lang='lat' dir='ltr'><strong>nonnumquam,</strong></span> <span class='ocrx_word' id='word_1_677' title='bbox 2856 3668 3023 3723; x_wconf 88' lang='lat' dir='ltr'><strong>sicubi</strong></span> <span class='ocrx_word' id='word_1_678' title='bbox 3051 3670 3266 3723; x_wconf 79' lang='lat' dir='ltr'><strong>occasio</strong></span> <span class='ocrx_word' id='word_1_679' title='bbox 3295 3671 3540 3736; x_wconf 79' lang='lat' dir='ltr'><strong>offertur,</strong></span> 
     </span>
    </p>
   </div>
   <div class='ocr_carea' id='block_1_97' title="bbox 1945 3758 3543 3832">
    <p class='ocr_par' dir='ltr' id='par_1_97' title="bbox 1945 3758 3543 3832">
     <span class='ocr_line' id='line_1_97' title="bbox 1945 3758 3543 3832; baseline 0 -14"><span class='ocrx_word' id='word_1_680' title='bbox 1945 3758 2237 3826; x_wconf 76' lang='lat' dir='ltr'><strong>admiScet;</strong></span> <span class='ocrx_word' id='word_1_681' title='bbox 2290 3761 2385 3817; x_wconf 90' lang='lat' dir='ltr'><strong>sed</strong></span> <span class='ocrx_word' id='word_1_682' title='bbox 2427 3778 2532 3818; x_wconf 92' lang='lat' dir='ltr'><strong>non</strong></span> <span class='ocrx_word' id='word_1_683' title='bbox 2575 3769 2633 3816; x_wconf 92' lang='lat' dir='ltr'><strong>ut</strong></span> <span class='ocrx_word' id='word_1_684' title='bbox 2683 3777 2780 3832; x_wconf 91' lang='lat' dir='ltr'><strong>pro</strong></span> <span class='ocrx_word' id='word_1_685' title='bbox 2825 3777 2975 3818; x_wconf 90' lang='lat' dir='ltr'><strong>more</strong></span> <span class='ocrx_word' id='word_1_686' title='bbox 3022 3763 3182 3818; x_wconf 83' lang='lat' dir='ltr'><strong>solito</strong></span> <span class='ocrx_word' id='word_1_687' title='bbox 3224 3765 3543 3818; x_wconf 89' lang='lat' dir='ltr'><strong>concionem</strong></span> 
     </span>
    </p>
   </div>
   <div class='ocr_carea' id='block_1_98' title="bbox 1945 3855 3544 3925">
    <p class='ocr_par' dir='ltr' id='par_1_98' title="bbox 1945 3855 3544 3925">
     <span class='ocr_line' id='line_1_98' title="bbox 1945 3855 3544 3925; baseline -0.001 -14"><span class='ocrx_word' id='word_1_688' title='bbox 1945 3855 2176 3911; x_wconf 88' lang='lat' dir='ltr'><strong>claudat.</strong></span> <span class='ocrx_word' id='word_1_689' title='bbox 2214 3855 2472 3924; x_wconf 84' lang='lat' dir='ltr'><strong>Populum</strong></span> <span class='ocrx_word' id='word_1_690' title='bbox 2504 3864 2684 3910; x_wconf 89' lang='lat' dir='ltr'><strong>autem</strong></span> <span class='ocrx_word' id='word_1_691' title='bbox 2729 3870 2835 3909; x_wconf 88' lang='lat' dir='ltr'><strong>non</strong></span> <span class='ocrx_word' id='word_1_692' title='bbox 2879 3870 3004 3910; x_wconf 79' lang='lat' dir='ltr'><strong>raro</strong></span> <span class='ocrx_word' id='word_1_693' title='bbox 3042 3855 3348 3925; x_wconf 87' lang='lat' dir='ltr'><strong>alloquitur.</strong></span> <span class='ocrx_word' id='word_1_694' title='bbox 3394 3856 3544 3924; x_wconf 86' lang='lat' dir='ltr'><strong>Qua-</strong></span> 
     </span>
    </p>
   </div>
   <div class='ocr_carea' id='block_1_99' title="bbox 1943 3946 3546 4019">
    <p class='ocr_par' dir='ltr' id='par_1_99' title="bbox 1943 3946 3546 4019">
     <span class='ocr_line' id='line_1_99' title="bbox 1943 3946 3546 4019; baseline 0.001 -17"><span class='ocrx_word' id='word_1_695' title='bbox 1943 3959 2167 4019; x_wconf 85' lang='lat' dir='ltr'><strong>propter</strong></span> <span class='ocrx_word' id='word_1_696' title='bbox 2207 3947 2527 4002; x_wconf 88' lang='lat' dir='ltr'><strong>crediderim</strong></span> <span class='ocrx_word' id='word_1_697' title='bbox 2563 3946 2678 4002; x_wconf 78' lang='lat' dir='ltr'><strong>haec</strong></span> <span class='ocrx_word' id='word_1_698' title='bbox 2716 3947 2860 4000; x_wconf 89' lang='lat' dir='ltr'><strong>illum</strong></span> <span class='ocrx_word' id='word_1_699' title='bbox 2894 3947 2963 4001; x_wconf 87' lang='lat' dir='ltr'><strong>ita</strong></span> <span class='ocrx_word' id='word_1_700' title='bbox 3004 3947 3428 4010; x_wconf 85' lang='lat' dir='ltr'><strong>concinnavisse.</strong></span> <span class='ocrx_word' id='word_1_701' title='bbox 3459 3950 3546 4004; x_wconf 79' lang='lat' dir='ltr'><strong>vel</strong></span> 
     </span>
    </p>
   </div>
   <div class='ocr_carea' id='block_1_100' title="bbox 1947 4039 3548 4113">
    <p class='ocr_par' dir='ltr' id='par_1_100' title="bbox 1947 4039 3548 4113">
     <span class='ocr_line' id='line_1_100' title="bbox 1947 4039 3548 4113; baseline 0 -17"><span class='ocrx_word' id='word_1_702' title='bbox 1947 4051 2005 4096; x_wconf 93' lang='lat' dir='ltr'><strong>ut</strong></span> <span class='ocrx_word' id='word_1_703' title='bbox 2048 4040 2295 4113; x_wconf 63' lang='lat' dir='ltr'><strong>priesenti</strong></span> <span class='ocrx_word' id='word_1_704' title='bbox 2330 4040 2644 4111; x_wconf 71' lang='lat' dir='ltr'><strong>populo‘sie</strong></span> <span class='ocrx_word' id='word_1_705' title='bbox 2686 4039 2888 4109; x_wconf 87' lang='lat' dir='ltr'><strong>legeret</strong></span> <span class='ocrx_word' id='word_1_706' title='bbox 2929 4048 3020 4093; x_wconf 89' lang='lat' dir='ltr'><strong>aut</strong></span> <span class='ocrx_word' id='word_1_707' title='bbox 3061 4041 3344 4107; x_wconf 89' lang='lat' dir='ltr'><strong>recitaret,</strong></span> <span class='ocrx_word' id='word_1_708' title='bbox 3375 4041 3548 4096; x_wconf 87' lang='lat' dir='ltr'><strong>velut</strong></span> 
     </span>
    </p>
   </div>
   <div class='ocr_carea' id='block_1_101' title="bbox 1947 4121 3546 4204">
    <p class='ocr_par' dir='ltr' id='par_1_101' title="bbox 1947 4121 3546 4204">
     <span class='ocr_line' id='line_1_101' title="bbox 1947 4121 3546 4204; baseline -0.003 -14"><span class='ocrx_word' id='word_1_709' title='bbox 1947 4135 2119 4190; x_wconf 87' lang='lat' dir='ltr'><strong>diviso</strong></span> <span class='ocrx_word' id='word_1_710' title='bbox 2147 4134 2328 4188; x_wconf 92' lang='lat' dir='ltr'><strong>multis</strong></span> <span class='ocrx_word' id='word_1_711' title='bbox 2351 4134 2401 4187; x_wconf 93' lang='lat' dir='ltr'><strong>in</strong></span> <span class='ocrx_word' id='word_1_712' title='bbox 2433 4133 2669 4204; x_wconf 84' lang='lat' dir='ltr'><strong>partibus</strong></span> <span class='ocrx_word' id='word_1_713' title='bbox 2690 4132 3087 4187; x_wconf 76' lang='lat' dir='ltr'><strong>Commentario</strong></span> <span class='ocrx_word' id='word_1_714' title='bbox 3108 4121 3330 4201; x_wconf 81' lang='lat' dir='ltr'><strong>singulis</strong></span> <span class='ocrx_word' id='word_1_715' title='bbox 3359 4142 3546 4202; x_wconf 86' lang='lat' dir='ltr'><strong>postea</strong></span> 
     </span>
    </p>
   </div>
   <div class='ocr_carea' id='block_1_102' title="bbox 1946 4226 3546 4299">
    <p class='ocr_par' dir='ltr' id='par_1_102' title="bbox 1946 4226 3546 4299">
     <span class='ocr_line' id='line_1_102' title="bbox 1946 4226 3546 4299; baseline -0.001 -18"><span class='ocrx_word' id='word_1_716' title='bbox 1946 4229 2186 4299; x_wconf 84' lang='lat' dir='ltr'><strong>partibus</strong></span> <span class='ocrx_word' id='word_1_717' title='bbox 2215 4227 2448 4282; x_wconf 76' lang='lat' dir='ltr'><strong>ethicam</strong></span> <span class='ocrx_word' id='word_1_718' title='bbox 2477 4227 2742 4297; x_wconf 78' lang='lat' dir='ltr'><strong>epilogum</strong></span> <span class='ocrx_word' id='word_1_719' title='bbox 2772 4226 3043 4296; x_wconf 87' lang='lat' dir='ltr'><strong>adjiceret,</strong></span> <span class='ocrx_word' id='word_1_720' title='bbox 3077 4236 3135 4279; x_wconf 88' lang='lat' dir='ltr'><strong>ut</strong></span> <span class='ocrx_word' id='word_1_721' title='bbox 3165 4243 3260 4296; x_wconf 91' lang='lat' dir='ltr'><strong>pro</strong></span> <span class='ocrx_word' id='word_1_722' title='bbox 3287 4237 3546 4281; x_wconf 89' lang='lat' dir='ltr'><strong>consueto</strong></span> 
     </span>
    </p>
   </div>
   <div class='ocr_carea' id='block_1_103' title="bbox 1946 4318 3540 4388">
    <p class='ocr_par' dir='ltr' id='par_1_103' title="bbox 1946 4318 3540 4388">
     <span class='ocr_line' id='line_1_103' title="bbox 1946 4318 3540 4388; baseline -0.002 -14"><span class='ocrx_word' id='word_1_723' title='bbox 1946 4337 2098 4376; x_wconf 92' lang='lat' dir='ltr'><strong>more</strong></span> <span class='ocrx_word' id='word_1_724' title='bbox 2139 4322 2188 4376; x_wconf 87' lang='lat' dir='ltr'><strong>in</strong></span> <span class='ocrx_word' id='word_1_725' title='bbox 2224 4319 2472 4374; x_wconf 89' lang='lat' dir='ltr'><strong>homilias</strong></span> <span class='ocrx_word' id='word_1_726' title='bbox 2512 4319 2850 4374; x_wconf 66' lang='lat' dir='ltr'><strong>distributum</strong></span> <span class='ocrx_word' id='word_1_727' title='bbox 2895 4333 3029 4388; x_wconf 84' lang='lat' dir='ltr'><strong>opus</strong></span> <span class='ocrx_word' id='word_1_728' title='bbox 3077 4318 3274 4388; x_wconf 87' lang='lat' dir='ltr'><strong>populo</strong></span> <span class='ocrx_word' id='word_1_729' title='bbox 3303 4318 3540 4386; x_wconf 84' lang='lat' dir='ltr'><strong>pronun-</strong></span> 
     </span>
    </p>
   </div>
   <div class='ocr_carea' id='block_1_104' title="bbox 1946 4409 3542 4481">
    <p class='ocr_par' dir='ltr' id='par_1_104' title="bbox 1946 4409 3542 4481">
     <span class='ocr_line' id='line_1_104' title="bbox 1946 4409 3542 4481; baseline -0.002 -15"><span class='ocrx_word' id='word_1_730' title='bbox 1946 4413 2122 4467; x_wconf 89' lang='lat' dir='ltr'><strong>tiaret.</strong></span> <span class='ocrx_word' id='word_1_731' title='bbox 2176 4411 2308 4466; x_wconf 91' lang='lat' dir='ltr'><strong>Utro</strong></span> <span class='ocrx_word' id='word_1_732' title='bbox 2346 4421 2531 4466; x_wconf 86' lang='lat' dir='ltr'><strong>autem</strong></span> <span class='ocrx_word' id='word_1_733' title='bbox 2571 4411 2732 4465; x_wconf 88' lang='lat' dir='ltr'><strong>modo</strong></span> <span class='ocrx_word' id='word_1_734' title='bbox 2760 4409 2946 4481; x_wconf 87' lang='lat' dir='ltr'><strong>egerit,</strong></span> <span class='ocrx_word' id='word_1_735' title='bbox 2996 4409 3208 4464; x_wconf 89' lang='lat' dir='ltr'><strong>nonnisi</strong></span> <span class='ocrx_word' id='word_1_736' title='bbox 3255 4409 3542 4464; x_wconf 88' lang='lat' dir='ltr'><strong>divinando</strong></span> 
     </span>
    </p>
   </div>
   <div class='ocr_carea' id='block_1_105' title="bbox 1943 4505 3348 4576">
    <p class='ocr_par' dir='ltr' id='par_1_105' title="bbox 1943 4505 3348 4576">
     <span class='ocr_line' id='line_1_105' title="bbox 1943 4505 3348 4576; baseline -0.008 -16"><span class='ocrx_word' id='word_1_737' title='bbox 1943 4505 2158 4574; x_wconf 84' lang='lat' dir='ltr'><strong>assequi</strong></span> <span class='ocrx_word' id='word_1_738' title='bbox 2186 4520 2491 4576; x_wconf 80' lang='lat' dir='ltr'><strong>possmnus.</strong></span> <span class='ocrx_word' id='word_1_739' title='bbox 3286 4537 3290 4542; x_wconf 88' lang='lat'><strong>.</strong></span> <span class='ocrx_word' id='word_1_740' title='bbox 3345 4505 3348 4510; x_wconf 90' lang='lat'>&#39;</span> 
     </span>
    </p>
   </div>
   <div class='ocr_carea' id='block_1_106' title="bbox 2018 4595 3540 4668">
    <p class='ocr_par' dir='ltr' id='par_1_106' title="bbox 2018 4595 3540 4668">
     <span class='ocr_line' id='line_1_106' title="bbox 2018 4595 3540 4668; baseline -0.002 -16"><span class='ocrx_word' id='word_1_741' title='bbox 2018 4598 2072 4652; x_wconf 89' lang='lat' dir='ltr'><strong>In</strong></span> <span class='ocrx_word' id='word_1_742' title='bbox 2105 4597 2206 4652; x_wconf 81' lang='lat' dir='ltr'><strong>huc</strong></span> <span class='ocrx_word' id='word_1_743' title='bbox 2235 4609 2380 4652; x_wconf 86' lang='lat' dir='ltr'><strong>certe</strong></span> <span class='ocrx_word' id='word_1_744' title='bbox 2407 4597 2802 4652; x_wconf 79' lang='lat' dir='ltr'><strong>Commentario</strong></span> <span class='ocrx_word' id='word_1_745' title='bbox 2828 4595 3242 4668; x_wconf 72' lang='lat' dir='ltr'><strong>ChrySOstomus</strong></span> <span class='ocrx_word' id='word_1_746' title='bbox 3275 4597 3429 4666; x_wconf 84' lang='lat' dir='ltr'><strong>longe</strong></span> <span class='ocrx_word' id='word_1_747' title='bbox 3457 4611 3540 4649; x_wconf 86' lang='lat' dir='ltr'><strong>ae-</strong></span> 
     </span>
    </p>
   </div>
   <div class='ocr_carea' id='block_1_107' title="bbox 1944 4678 3541 4762">
    <p class='ocr_par' dir='ltr' id='par_1_107' title="bbox 1944 4678 3541 4762">
     <span class='ocr_line' id='line_1_107' title="bbox 1944 4678 3541 4762; baseline 0 -16"><span class='ocrx_word' id='word_1_748' title='bbox 1944 4695 2182 4747; x_wconf 80' lang='lat' dir='ltr'><strong>euratius</strong></span> <span class='ocrx_word' id='word_1_749' title='bbox 2209 4692 2465 4762; x_wconf 82' lang='lat' dir='ltr'><strong>apostolis</strong></span> <span class='ocrx_word' id='word_1_750' title='bbox 2492 4691 2629 4746; x_wconf 90' lang='lat' dir='ltr'><strong>dicta</strong></span> <span class='ocrx_word' id='word_1_751' title='bbox 2662 4691 2904 4760; x_wconf 82' lang='lat' dir='ltr'><strong>explorat</strong></span> <span class='ocrx_word' id='word_1_752' title='bbox 2935 4678 2989 4746; x_wconf 78' lang='lat' dir='ltr'><strong>et</strong></span> <span class='ocrx_word' id='word_1_753' title='bbox 3018 4692 3270 4762; x_wconf 78' lang='lat' dir='ltr'><strong>explicat,</strong></span> <span class='ocrx_word' id='word_1_754' title='bbox 3301 4707 3458 4762; x_wconf 89' lang='lat' dir='ltr'><strong>quam</strong></span> <span class='ocrx_word' id='word_1_755' title='bbox 3489 4692 3541 4746; x_wconf 89' lang='lat' dir='ltr'><strong>in</strong></span> 
     </span>
    </p>
   </div>
   <div class='ocr_carea' id='block_1_108' title="bbox 1948 4769 3538 4842">
    <p class='ocr_par' dir='ltr' id='par_1_108' title="bbox 1948 4769 3538 4842">
     <span class='ocr_line' id='line_1_108' title="bbox 1948 4769 3538 4842; baseline -0.003 -2"><span class='ocrx_word' id='word_1_756' title='bbox 1948 4789 2126 4842; x_wconf 85' lang='lat' dir='ltr'><strong>multis</strong></span> <span class='ocrx_word' id='word_1_757' title='bbox 2154 4787 2272 4840; x_wconf 81' lang='lat' dir='ltr'><strong>aliis</strong></span> <span class='ocrx_word' id='word_1_758' title='bbox 2303 4769 2535 4840; x_wconf 79' lang='lat' dir='ltr'><strong>humiliis</strong></span> <span class='ocrx_word' id='word_1_759' title='bbox 2577 4796 2630 4840; x_wconf 85' lang='lat' dir='ltr'><strong>et</strong></span> <span class='ocrx_word' id='word_1_760' title='bbox 2658 4786 3076 4840; x_wconf 89' lang='lat' dir='ltr'><strong>commentariis.</strong></span> <span class='ocrx_word' id='word_1_761' title='bbox 3111 4786 3402 4839; x_wconf 79' lang='lat' dir='ltr'><strong>Anomteos</strong></span> <span class='ocrx_word' id='word_1_762' title='bbox 3433 4799 3538 4836; x_wconf 84' lang='lat' dir='ltr'><strong>non</strong></span> 
     </span>
    </p>
   </div>
   <div class='ocr_carea' id='block_1_109' title="bbox 1945 4863 3536 4950">
    <p class='ocr_par' dir='ltr' id='par_1_109' title="bbox 1945 4863 3536 4950">
     <span class='ocr_line' id='line_1_109' title="bbox 1945 4863 3536 4950; baseline -0.003 -18"><span class='ocrx_word' id='word_1_763' title='bbox 1945 4881 2111 4934; x_wconf 67' lang='lat' dir='ltr'><strong>semel</strong></span> <span class='ocrx_word' id='word_1_764' title='bbox 2140 4880 2353 4950; x_wconf 76' lang='lat' dir='ltr'><strong>egregio</strong></span> <span class='ocrx_word' id='word_1_765' title='bbox 2394 4877 2618 4941; x_wconf 70' lang='lat' dir='ltr'><strong>refellit,</strong></span> <span class='ocrx_word' id='word_1_766' title='bbox 2655 4893 2859 4931; x_wconf 89' lang='lat' dir='ltr'><strong>necnon</strong></span> <span class='ocrx_word' id='word_1_767' title='bbox 2895 4863 3259 4931; x_wconf 77' lang='lat' dir='ltr'><strong>Marcionistas</strong></span> <span class='ocrx_word' id='word_1_768' title='bbox 3286 4885 3340 4929; x_wconf 91' lang='lat' dir='ltr'><strong>et</strong></span> <span class='ocrx_word' id='word_1_769' title='bbox 3369 4875 3536 4929; x_wconf 78' lang='lat' dir='ltr'><strong>Mani-</strong></span> 
     </span>
    </p>
   </div>
   <div class='ocr_carea' id='block_1_110' title="bbox 1944 4971 3542 5039">
    <p class='ocr_par' dir='ltr' id='par_1_110' title="bbox 1944 4971 3542 5039">
     <span class='ocr_line' id='line_1_110' title="bbox 1944 4971 3542 5039; baseline -0.004 -10"><span class='ocrx_word' id='word_1_770' title='bbox 1944 4975 2122 5029; x_wconf 70' lang='lat' dir='ltr'><strong>chmos</strong></span> <span class='ocrx_word' id='word_1_771' title='bbox 2165 4993 2178 5028; x_wconf 91' lang='lat'>:</span> <span class='ocrx_word' id='word_1_772' title='bbox 2225 4983 2408 5028; x_wconf 87' lang='lat' dir='ltr'><strong>contra</strong></span> <span class='ocrx_word' id='word_1_773' title='bbox 2457 4975 2821 5027; x_wconf 78' lang='lat' dir='ltr'><strong>Antiochenos</strong></span> <span class='ocrx_word' id='word_1_774' title='bbox 2866 4972 3061 5025; x_wconf 87' lang='lat' dir='ltr'><strong>multus</strong></span> <span class='ocrx_word' id='word_1_775' title='bbox 3109 4971 3407 5036; x_wconf 87' lang='lat' dir='ltr'><strong>declamat,</strong></span> <span class='ocrx_word' id='word_1_776' title='bbox 3452 4973 3542 5039; x_wconf 90' lang='lat' dir='ltr'><strong>qui</strong></span> 
     </span>
    </p>
   </div>
   <div class='ocr_carea' id='block_1_111' title="bbox 1945 5064 3546 5134">
    <p class='ocr_par' dir='ltr' id='par_1_111' title="bbox 1945 5064 3546 5134">
     <span class='ocr_line' id='line_1_111' title="bbox 1945 5064 3546 5134; baseline -0.003 -12"><span class='ocrx_word' id='word_1_777' title='bbox 1945 5067 2196 5122; x_wconf 80' lang='lat' dir='ltr'><strong>Judaieos</strong></span> <span class='ocrx_word' id='word_1_778' title='bbox 2226 5067 2359 5120; x_wconf 92' lang='lat' dir='ltr'><strong>ritus</strong></span> <span class='ocrx_word' id='word_1_779' title='bbox 2389 5065 2748 5120; x_wconf 84' lang='lat' dir='ltr'><strong>sectabantur.</strong></span> <span class='ocrx_word' id='word_1_780' title='bbox 2786 5066 2933 5119; x_wconf 82' lang='lat' dir='ltr'><strong>Alios</strong></span> <span class='ocrx_word' id='word_1_781' title='bbox 2969 5065 3129 5119; x_wconf 89' lang='lat' dir='ltr'><strong>etiam</strong></span> <span class='ocrx_word' id='word_1_782' title='bbox 3159 5064 3387 5134; x_wconf 82' lang='lat' dir='ltr'><strong>exagitat</strong></span> <span class='ocrx_word' id='word_1_783' title='bbox 3414 5103 3430 5130; x_wconf 79' lang='lat'><strong>,</strong></span> <span class='ocrx_word' id='word_1_784' title='bbox 3455 5065 3546 5132; x_wconf 85' lang='lat' dir='ltr'><strong>qui</strong></span> 
     </span>
    </p>
   </div>
   <div class='ocr_carea' id='block_1_112' title="bbox 1944 5157 3547 5231">
    <p class='ocr_par' dir='ltr' id='par_1_112' title="bbox 1944 5157 3547 5231">
     <span class='ocr_line' id='line_1_112' title="bbox 1944 5157 3547 5231; baseline -0.004 -15"><span class='ocrx_word' id='word_1_785' title='bbox 1944 5163 2042 5216; x_wconf 89' lang='lat' dir='ltr'><strong>sibi</strong></span> <span class='ocrx_word' id='word_1_786' title='bbox 2071 5163 2243 5215; x_wconf 86' lang='lat' dir='ltr'><strong>virilia</strong></span> <span class='ocrx_word' id='word_1_787' title='bbox 2271 5161 2636 5231; x_wconf 88' lang='lat' dir='ltr'><strong>amputabant,</strong></span> <span class='ocrx_word' id='word_1_788' title='bbox 2662 5175 2821 5229; x_wconf 87' lang='lat' dir='ltr'><strong>quem</strong></span> <span class='ocrx_word' id='word_1_789' title='bbox 2851 5175 3056 5214; x_wconf 87' lang='lat' dir='ltr'><strong>morem</strong></span> <span class='ocrx_word' id='word_1_790' title='bbox 3086 5159 3309 5214; x_wconf 87' lang='lat' dir='ltr'><strong>innuere</strong></span> <span class='ocrx_word' id='word_1_791' title='bbox 3336 5157 3547 5212; x_wconf 86' lang='lat' dir='ltr'><strong>videtur</strong></span> 
     </span>
    </p>
   </div>
   <div class='ocr_carea' id='block_1_113' title="bbox 1944 5255 2828 5311">
    <p class='ocr_par' dir='ltr' id='par_1_113' title="bbox 1944 5255 2828 5311">
     <span class='ocr_line' id='line_1_113' title="bbox 1944 5255 2828 5311; baseline -0.002 0"><span class='ocrx_word' id='word_1_792' title='bbox 1944 5273 1976 5311; x_wconf 82' lang='lat' dir='ltr'><strong>a</strong></span> <span class='ocrx_word' id='word_1_793' title='bbox 2007 5256 2311 5310; x_wconf 71' lang='lat' dir='ltr'><strong>Manichmis</strong></span> <span class='ocrx_word' id='word_1_794' title='bbox 2343 5257 2607 5309; x_wconf 80' lang='lat' dir='ltr'><strong>invectum</strong></span> <span class='ocrx_word' id='word_1_795' title='bbox 2642 5255 2828 5309; x_wconf 83' lang='lat' dir='ltr'><strong>fuisse.</strong></span> 
     </span>
    </p>
   </div>
   <div class='ocr_carea' id='block_1_114' title="bbox 2017 5343 3548 5416">
    <p class='ocr_par' dir='ltr' id='par_1_114' title="bbox 2017 5343 3548 5416">
     <span class='ocr_line' id='line_1_114' title="bbox 2017 5343 3548 5416; baseline -0.005 -13"><span class='ocrx_word' id='word_1_796' title='bbox 2017 5359 2160 5403; x_wconf 79' lang='lat' dir='ltr'><strong>Inter</strong></span> <span class='ocrx_word' id='word_1_797' title='bbox 2189 5349 2466 5403; x_wconf 78' lang='lat' dir='ltr'><strong>selectiora</strong></span> <span class='ocrx_word' id='word_1_798' title='bbox 2498 5348 2734 5401; x_wconf 88' lang='lat' dir='ltr'><strong>doctoris</strong></span> <span class='ocrx_word' id='word_1_799' title='bbox 2765 5346 2930 5400; x_wconf 85' lang='lat' dir='ltr'><strong>nostri</strong></span> <span class='ocrx_word' id='word_1_800' title='bbox 2965 5343 3049 5416; x_wconf 81' lang='grc' dir='ltr'><strong>(Τ.</strong></span> <span class='ocrx_word' id='word_1_801' title='bbox 3080 5345 3168 5412; x_wconf 77' lang='grc' dir='ltr'><strong>Η,</strong></span> <span class='ocrx_word' id='word_1_802' title='bbox 3194 5343 3362 5414; x_wconf 80' lang='lat' dir='ltr'><strong>initio)</strong></span> <span class='ocrx_word' id='word_1_803' title='bbox 3385 5343 3548 5398; x_wconf 84' lang='lat' dir='ltr'><strong>Com-</strong></span> 
     </span>
    </p>
   </div>
   <div class='ocr_carea' id='block_1_115' title="bbox 1945 5436 3548 5509">
    <p class='ocr_par' dir='ltr' id='par_1_115' title="bbox 1945 5436 3548 5509">
     <span class='ocr_line' id='line_1_115' title="bbox 1945 5436 3548 5509; baseline -0.002 -15"><span class='ocrx_word' id='word_1_804' title='bbox 1945 5442 2200 5497; x_wconf 87' lang='lat' dir='ltr'><strong>mentaria</strong></span> <span class='ocrx_word' id='word_1_805' title='bbox 2217 5442 2422 5496; x_wconf 86' lang='lat' dir='ltr'><strong>censeri</strong></span> <span class='ocrx_word' id='word_1_806' title='bbox 2442 5440 2638 5495; x_wconf 76' lang='lat' dir='ltr'><strong>di-bent</strong></span> <span class='ocrx_word' id='word_1_807' title='bbox 2656 5441 2896 5494; x_wconf 86' lang='lat' dir='ltr'><strong>llomili.e</strong></span> <span class='ocrx_word' id='word_1_808' title='bbox 2916 5441 2965 5492; x_wconf 93' lang='lat' dir='ltr'><strong>in</strong></span> <span class='ocrx_word' id='word_1_809' title='bbox 2988 5440 3277 5509; x_wconf 82' lang='lat' dir='ltr'><strong>Epistulam</strong></span> <span class='ocrx_word' id='word_1_810' title='bbox 3292 5438 3356 5492; x_wconf 88' lang='lat' dir='ltr'><strong>ad</strong></span> <span class='ocrx_word' id='word_1_811' title='bbox 3377 5436 3548 5508; x_wconf 57' lang='lat' dir='ltr'><strong>pre</strong></span> 
     </span>
    </p>
   </div>
   <div class='ocr_carea' id='block_1_116' title="bbox 1945 5531 3545 5603">
    <p class='ocr_par' dir='ltr' id='par_1_116' title="bbox 1945 5531 3545 5603">
     <span class='ocr_line' id='line_1_116' title="bbox 1945 5531 3545 5603; baseline -0.004 -13"><span class='ocrx_word' id='word_1_812' title='bbox 1945 5535 2073 5599; x_wconf 81' lang='lat' dir='ltr'><strong>sius,</strong></span> <span class='ocrx_word' id='word_1_813' title='bbox 2110 5545 2218 5589; x_wconf 91' lang='lat' dir='ltr'><strong>tum</strong></span> <span class='ocrx_word' id='word_1_814' title='bbox 2247 5535 2366 5603; x_wconf 81' lang='lat' dir='ltr'><strong>quia</strong></span> <span class='ocrx_word' id='word_1_815' title='bbox 2401 5534 2450 5588; x_wconf 91' lang='lat' dir='ltr'><strong>in</strong></span> <span class='ocrx_word' id='word_1_816' title='bbox 2485 5533 2565 5587; x_wconf 92' lang='lat' dir='ltr'><strong>bis</strong></span> <span class='ocrx_word' id='word_1_817' title='bbox 2596 5549 2681 5588; x_wconf 92' lang='lat' dir='ltr'><strong>res</strong></span> <span class='ocrx_word' id='word_1_818' title='bbox 2714 5533 2928 5586; x_wconf 70' lang='lat' dir='ltr'><strong>ubi-rius</strong></span> <span class='ocrx_word' id='word_1_819' title='bbox 2956 5531 3243 5603; x_wconf 79' lang='lat' dir='ltr'><strong>expendit,</strong></span> <span class='ocrx_word' id='word_1_820' title='bbox 3279 5537 3388 5584; x_wconf 88' lang='lat' dir='ltr'><strong>ttttn</strong></span> <span class='ocrx_word' id='word_1_821' title='bbox 3422 5531 3545 5601; x_wconf 73' lang='lat' dir='ltr'><strong>quia</strong></span> 
     </span>
    </p>
   </div>
   <div class='ocr_carea' id='block_1_117' title="bbox 1947 5622 3548 5693">
    <p class='ocr_par' dir='ltr' id='par_1_117' title="bbox 1947 5622 3548 5693">
     <span class='ocr_line' id='line_1_117' title="bbox 1947 5622 3548 5693; baseline -0.004 -16"><span class='ocrx_word' id='word_1_822' title='bbox 1947 5627 2110 5679; x_wconf 87' lang='lat' dir='ltr'><strong>multa</strong></span> <span class='ocrx_word' id='word_1_823' title='bbox 2148 5634 2201 5680; x_wconf 91' lang='lat' dir='ltr'><strong>et</strong></span> <span class='ocrx_word' id='word_1_824' title='bbox 2231 5625 2518 5692; x_wconf 82' lang='lat' dir='ltr'><strong>singularia</strong></span> <span class='ocrx_word' id='word_1_825' title='bbox 2554 5625 2748 5693; x_wconf 84' lang='lat' dir='ltr'><strong>passim</strong></span> <span class='ocrx_word' id='word_1_826' title='bbox 2781 5622 2975 5676; x_wconf 88' lang='lat' dir='ltr'><strong>indicat</strong></span> <span class='ocrx_word' id='word_1_827' title='bbox 3000 5663 3015 5686; x_wconf 94' lang='lat'><strong>,</strong></span> <span class='ocrx_word' id='word_1_828' title='bbox 3055 5637 3171 5691; x_wconf 72' lang='lat' dir='ltr'><strong>qua:</strong></span> <span class='ocrx_word' id='word_1_829' title='bbox 3214 5623 3417 5688; x_wconf 84' lang='lat' dir='ltr'><strong>possint</strong></span> <span class='ocrx_word' id='word_1_830' title='bbox 3456 5629 3548 5678; x_wconf 72' lang='lat' dir='ltr'><strong>aut</strong></span> 
     </span>
    </p>
   </div>
   <div class='ocr_carea' id='block_1_118' title="bbox 1943 5710 3545 5783">
    <p class='ocr_par' dir='ltr' id='par_1_118' title="bbox 1943 5710 3545 5783">
     <span class='ocr_line' id='line_1_118' title="bbox 1943 5710 3545 5783; baseline -0.003 -11"><span class='ocrx_word' id='word_1_831' title='bbox 1943 5719 2008 5774; x_wconf 89' lang='lat' dir='ltr'><strong>ad</strong></span> <span class='ocrx_word' id='word_1_832' title='bbox 2038 5719 2246 5774; x_wconf 88' lang='lat' dir='ltr'><strong>beatam</strong></span> <span class='ocrx_word' id='word_1_833' title='bbox 2277 5727 2366 5772; x_wconf 88' lang='lat' dir='ltr'><strong>aut</strong></span> <span class='ocrx_word' id='word_1_834' title='bbox 2403 5718 2467 5774; x_wconf 86' lang='lat' dir='ltr'><strong>ad</strong></span> <span class='ocrx_word' id='word_1_835' title='bbox 2509 5719 2757 5773; x_wconf 60' lang='lat' dir='ltr'><strong>miseram</strong></span> <span class='ocrx_word' id='word_1_836' title='bbox 2791 5716 2947 5769; x_wconf 62' lang='lat' dir='ltr'><strong>vitam</strong></span> <span class='ocrx_word' id='word_1_837' title='bbox 2991 5729 3094 5768; x_wconf 90' lang='lat' dir='ltr'><strong>non</strong></span> <span class='ocrx_word' id='word_1_838' title='bbox 3139 5728 3323 5783; x_wconf 87' lang='lat' dir='ltr'><strong>parum</strong></span> <span class='ocrx_word' id='word_1_839' title='bbox 3354 5710 3545 5768; x_wconf 63' lang='lat' dir='ltr'><strong>afferte</strong></span> 
     </span>
    </p>
   </div>
  </div>
