4264 6306
728 236 819 289 ,ω
1788 213 1824 263 S
1877 204 2154 264 ,ιῡΑλΝιδ
2195 202 2669 265 (ῖιιιιῖεῡδτολιι
2712 212 2891 271 “TA.

721 352 959 404 omnium
1002 346 1351 415 un-trnpolin,
1406 358 1545 411 sepe
1588 341 1811 396 vidimus
1858 346 2296 412 Chrysostomum

726 440 1019 496 Antioshia:
1049 438 1471 500 concimtautcm,
1514 443 1566 487 et
1601 434 1720 501 quia
1762 433 1958 488 malum
2004 427 2304 496 huiusmodi

725 550 829 586 non
857 532 1029 583 minus
1060 529 1303 598 serpebat
1328 523 1783 589 Constmttinopoli
1809 537 1963 590 quam
1988 517 2302 579 Antiochiae,

724 620 1183 691 frequentissime,
1234 616 1355 669 dum
1399 616 1681 681 episeopus
1732 622 1879 675 erat,
1923 611 1972 662 iu
2021 622 2208 661 avaros
2254 615 2307 658 et

725 729 944 783 rapaces
972 712 1313 767 invehebatur
1346 728 1356 761 :
1393 708 1443 761 in
1471 706 1769 760 adulatores
1798 702 2043 757 similiter
2070 710 2123 753 et
2149 713 2304 769 para-

725 809 876 870 sitos,
900 806 986 873 qui
1012 803 1229 855 divitum
1254 814 1464 854 mensas
1493 796 1850 858 sectabantur,
1882 804 2038 863 atque
2064 794 2140 847 sic
2166 792 2305 845 mul-

730 910 899 951 torum
931 897 979 949 in
1012 895 1274 949 se‘odium
1302 892 1603 946 concitavit.

800 987 979 1039 Τηιιιευ
1008 984 1305 1039 severitatis
1349 992 1613 1036 oratorem
1656 976 2012 1034 necessarium
2056 984 2171 1030 erat
2210 988 2305 1028 sua

729 1082 886 1131 etiam
906 1086 1145 1130 accurate
1162 1075 1424 1142 dispicere
1439 1071 1672 1144 (Pallad.
1691 1088 1742 1137 p.
1758 1070 1872 1136 46),
1892 1067 2108 1137 nequod
2128 1067 2177 1119 in
2191 1064 2309 1118 aliis

714 1169 1144 1239 reprehensione
1174 1168 1387 1235 dignum
1421 1163 1769 1235 pra-dicabat,
1812 1161 1909 1215 sibi
1951 1162 2108 1213 etiam
2149 1156 2307 1225 objici

733 1270 928 1332 posset.
952 1261 1044 1312 llie
1061 1259 1166 1312 duo
1188 1253 1716 1317 erantexaminauda,
1739 1251 1985 1307 Ecclesie
2006 1247 2308 1317 et‘episcopi

708 1352 949 1405 .reditus.
973 1349 1150 1402 l’rimo
1175 1355 1352 1400 autem
1376 1344 1624 1398 Ecclesia!
1648 1341 1909 1398 meonomi
1933 1340 2139 1407 tabulas
2158 1353 2309 1391 scru-

734 1453 893 1504 lalttr,
925 1443 1292 1509 impensasque
1322 1436 1531 1491 inutiles
1559 1433 1797 1505 abrogari
1821 1433 1971 1502 jubet
2000 1451 2012 1487 :
2042 1430 2166 1484 hinc
2195 1428 2310 1498 epi-

730 1532 875 1600 scupi
903 1539 1146 1598 sumplus
1175 1529 1392 1590 excutit,
1428 1526 1640 1579 nimiam
1672 1522 2026 1593 profusionem
2059 1519 2307 1583 ostendit,

729 1623 985 1692 jubetqne
1024 1619 1232 1671 illllltiCS
1274 1618 1391 1669 illas
1418 1631 1677 1684 expensas
1716 1613 1779 1667 ad
1810 1610 2108 1667 nosocomia
2144 1619 2312 1663 trans-

734 1716 879 1769 furri.
933 1712 1256 1767 Necessitate
1302 1720 1475 1762 autem
1529 1709 1578 1761 id
1632 1712 1962 1776 postulante,
2008 1702 2310 1758 nOSucumia

738 1810 959 1877 plurima
990 1806 1316 1865 construxit,
1344 1803 1533 1871 quibus
1576 1800 1914 1871 presbyteros
1952 1799 2087 1851 duos
2123 1797 2315 1865 pietate

737 1902 1020 1951 instructos
1050 1895 1331 1965 pra‘posnit
1353 1936 1365 1955 ,
1406 1893 1638 1947 niedicqs
1665 1893 1787 1945 item
1814 1901 1866 1944 et
1892 1905 2123 1959 coquos,
2152 1890 2311 1942 alios-

736 2009 839 2063 que
885 1991 949 2045 ad
997 1970 1284 2044 ministeria
1330 1987 1654 2049 destinatus,
1705 1998 1802 2037 nec
1852 1982 2193 2052 conjugatos,
2226 1981 2315 2050 qui

738 2084 1080 2138 advenientes
1106 2081 1337 2148 hoSpiles
1363 2087 1415 2130 et
1435 2092 1605 2145 a-gros
1627 2084 1874 2129 curarent
1898 2088 1957 2127 ac
1986 2073 2245 2126 foverent.

808 2177 918 2230 Sub
949 2175 1062 2228 iure
1102 2183 1275 2225 autem
1320 2168 1385 2222 ad
1418 2167 1600 2220 viduas
1626 2181 1918 2221 conversus
1958 2174 2040 2218 est
2079 2161 2314 2233 (Pallad.

740 2285 791 2337 ν.
820 2268 937 2334 47),
965 2281 1080 2332 qna:
1114 2273 1235 2315 tunc
1276 2262 1326 2314 in
1362 2258 1597 2313 Ecclesia
1629 2258 1857 2327 aliquem
1887 2256 2106 2325 gradum
2145 2264 2201 2309 et
2226 2270 2317 2307 or-

738 2359 915 2413 dinem
957 2357 1294 2421 uhtinehant,
1340 2365 1395 2409 ιιι
1423 2371 1602 2408 carum
1641 2364 1694 2409 et
1735 2355 1985 2406 vitani'et
2023 2362 2167 2420 gesta
2203 2366 2320 2419 pcr-

739 2452 1008 2516 qnireiet,
1043 2457 1097 2501 et
1133 2448 1173 2499 si
1209 2464 1339 2516 quas
1372 2446 1631 2500 inueniret
1662 2445 1835 2499 Carnis
1862 2442 2063 2497 deliciis
2089 2442 2318 2507 deditas,

743 2541 991 2596 monebat
1030 2548 1086 2593 ut
1125 2539 1457 2608 jejuuareut,
1495 2538 1823 2592 abstinerent
1849 2551 1877 2588 a
1911 2534 2145 2596 balucis,
2178 2543 2229 2586 et
2256 2534 2322 2585 ab

740 2631 1015 2702 exquisitis
1046 2629 1307 2684 vestibus.
1343 2638 1429 2681 aut
1458 2634 1699 2698 protinus
1727 2626 1791 2680 ad
1820 2626 2081 2680 seCundas
2112 2624 2323 2693 nuptias

741 2722 1115 2786 convolarent,
1160 2736 1226 2775 ne
1269 2722 1357 2774 lex
1407 2719 1609 2774 Domini
1649 2719 1955 2772 violaretur.
2007 2714 2325 2772 iiortahatnr

740 2814 911 2879 etiam
946 2813 1200 2881 populos,
1243 2822 1297 2865 ut
1329 2812 1379 2865 in
1420 2810 1690 2864 nocturnis
1723 2808 1969 2878 precibus
2003 2808 2199 2864 assidui
2235 2822 2322 2861 es-

744 2913 895 2966 sent;
939 2919 1130 2957 uirores
1154 2912 1365 2967 autem,
1401 2911 1457 2956 ut
1494 2901 1635 2955 domi
1668 2910 1975 2966 manerent,
2005 2908 2061 2954 et
2098 2897 2324 2953 interdiu

745 3013 926 3065 preces
955 2996 1235 3051 funderent
1271 2996 1428 3063 ips-.e,
1458 2994 1575 3064 quia
1607 2993 1811 3048 diurnis
1844 2992 1987 3047 horis
2009 2992 2129 3055 viri,
2158 3007 2325 3062 nego-

746 3090 831 3144 liis
855 3092 910 3144 et
952 3089 1026 3143 rei
1060 3088 1307 3142 familiari
1339 3102 1554 3156 cperam
1584 3086 1804 3151 dantes,
1833 3084 2083 3155 [trabibus
2122 3084 2328 3138 incuru-

749 3181 874 3233 In-re
911 3196 1013 3233 non
1041 3179 1302 3231 valebant.

816 3274 893 3339 Qu
914 3288 942 3324 e
973 3272 1039 3325 de
1068 3270 1337 3324 nocturnis
1370 3269 1611 3338 precibus
1650 3267 1740 3324 ille
1778 3277 2038 3324 statuerat
2069 3268 2329 3323 Constan-

747 3364 1120 3432 tinopolitanos
1148 3363 1371 3417 clericos
1397 3361 1693 3427 mordebat,
1724 3363 1814 3432 qui
1858 3362 2211 3432 negligentius
2242 3377 2329 3416 res

745 3459 951 3512 divinas
998 3465 1321 3519 tractantes,
1370 3464 1475 3508 tota
1518 3462 1672 3509 nocte
1712 3468 1903 3508 somno
1946 3455 2110 3510 dediti
2153 3463 2326 3509 erant.

749 3551 858 3602 lino
889 3564 1030 3611 vero,
1080 3552 1198 3613 quia
1230 3547 1429 3615 jamdiu
1461 3546 1739 3600 clericatus
1775 3544 1945 3600 ofﬁcia
1992 3548 2150 3600 missa
2188 3545 2330 3601 fece-

737 3650 887 3705 ‘raut,
915 3639 1028 3693 haec
1061 3640 1235 3691 omnia
1260 3637 1396 3707 apud
1428 3638 1546 3691 illos
1574 3647 1790 3707 propter
1810 3646 2131 3692 vetustatem
2168 3636 2330 3693 obso-

750 3733 1003 3785 levcraut.
1055 3730 1250 3785 Divites
1293 3740 1468 3782 autem
1516 3728 1779 3790 maxime,
1810 3727 1883 3782 uti
1926 3720 2127 3783 scit-bat
2170 3727 2329 3784 etiam

749 3822 1079 3888 Antiochia-,
1128 3821 1180 3874 itt
1234 3820 1577 3875 concionibus
1634 3823 1940 3889 frequenter
1988 3821 2053 3874 ad
2098 3820 2331 3874 officium

753 3912 1062 3977 revoeabat,
1101 3911 1296 3965 docens
1324 3926 1390 3965 ne
1420 3910 1646 3965 sublime
1672 3919 1954 3980 saperent,
1983 3922 2036 3965 ct
2071 3910 2330 3966 bonorum

754 4016 954 4075 partem
978 4004 1159 4072 egenis
1188 4003 1536 4071 impertirent.
1565 4002 1686 4056 Ila-c
1710 4002 1775 4056 ab
1800 4002 1948 4057 initio
1972 4003 2169 4057 monita
2191 4018 2334 4073 sa-pe

749 4097 943 4164 sa-pius
968 4094 1127 4148 dabat
1170 4095 1276 4148 ille.
1324 4095 1395 4160 lga
1429 4108 1576 4159 vero,
1616 4111 1732 4162 qum
1771 4094 1954 4167 primis
1995 4093 2335 4166 episcopatus

750 4188 829 4239 ani
861 4186 1131 4240 mensibus
1152 4185 1204 4237 in
1226 4184 1567 4238 concionibus
1593 4184 1745 4247 dixit,
1772 4184 2045 4253 speciatim
2070 4193 2124 4238 et
2149 4185 2335 4239 ordine

754 4278 1019 4347 recensita
1061 4292 1163 4330 non
1212 4285 1544 4345 coniparent,
1590 4275 1672 4329 vel
1719 4275 1769 4329 in
1810 4276 1927 4344 ejus
1967 4279 2214 4346 scriptis,
2253 4278 2333 4333 vel

751 4369 888 4437 apud
925 4369 1210 4438 scriptores
1237 4368 1628 4423 ecclesiasticos
1653 4367 1734 4424 sui
1763 4369 1880 4423 xcvi.
1917 4368 2091 4440 Ipsum
2123 4386 2337 4440 semper

752 4458 963 4513 assidue
986 4458 1356 4514 concinnatum
1385 4474 1503 4513 esse
1544 4460 1761 4513 scimus.
1805 4458 1914 4513 imo
1945 4450 2137 4515 multas
2168 4459 2334 4516 habe-

756 4566 874 4604 nius
905 4550 1145 4604 homilias
1182 4550 1523 4621 episcopatus
1550 4551 1631 4604 sui
1676 4563 1914 4619 tempore
1959 4552 2199 4620 habitas;
2241 4553 2335 4609 sed

754 4656 976 4708 quarmn
1020 4639 1250 4694 maxima
1297 4655 1419 4709 pars
1450 4641 1681 4695 nullam
1714 4640 1797 4696 vel
1843 4641 2043 4697 mensis
2082 4644 2168 4699 vel
2212 4644 2337 4700 anni

757 4741 935 4788 notam
968 4747 1074 4801 pne
1103 4746 1161 4785 se
1192 4732 1311 4785 fert.

829 4823 993 4878 Νουιε
1032 4824 1292 4878 conciones
1330 4841 1392 4879 ex
1434 4824 1796 4896 llanrtscriplis
1838 4837 2013 4884 eruite.
2042 4828 2337 4887 —Verum

757 4933 844 4972 res
886 4917 1084 4985 pridem
1117 4927 1263 4971 erant
1310 4917 1465 4987 longe
1504 4919 1686 4989 pejore
1727 4921 2053 4976 conditione.
2097 4922 2337 4995 Magnam

759 5012 989 5065 nobisin
1015 5009 1377 5081 Chrysostomi
1420 5011 1655 5081 episcopi
1687 5012 1905 5067 historia
1948 5014 2119 5069 lucem
2162 5016 2342 5071 attulit

758 5120 893 5159 nova
933 5104 1017 5160 illa
1059 5114 1113 5159 et
1149 5104 1321 5175 ampla
1362 5104 1694 5160 bomiliarmn
1726 5107 1997 5173 accessio,
2043 5125 2160 5179 quze
2200 5109 2341 5165 haud

760 5198 829 5251 ita
867 5195 1065 5264 pridem
1098 5195 1178 5249 vel
1202 5212 1264 5250 ex
1295 5205 1473 5251 mente
1497 5198 1663 5261 Atho,
1688 5208 1743 5251 ut
1774 5198 1990 5267 quidam
2011 5239 2027 5263 ,
2060 5200 2141 5254 vel
2163 5201 2343 5261 exJn-

766 5290 873 5343 snla
905 5288 1156 5351 l’athmo,
1187 5300 1236 5341 nt
1269 5290 1354 5341 alii
1389 5289 1600 5350 volunt.
1631 5290 1685 5346 in
1718 5288 2104 5347 Bibliothecam
2133 5293 2342 5349 Vatica-

757 5399 883 5435 nam
919 5380 1110 5439 allatat.
1141 5394 1169 5432 a
1196 5380 1465 5434 sodalibus
1498 5382 1831 5451 nostris,‘qui
1860 5395 1968 5439 tum
2000 5384 2183 5439 Roma:
2205 5386 2343 5441 Con-

760 5473 1087 5544 gregationis
1136 5474 1303 5527 sancti
1359 5473 1525 5528 Mauri
1580 5476 1807 5543 negotiis
1862 5476 2256 5547 advigilabaut,
2311 5494 2340 5532 a

759 5565 947 5620 Gnaeo
972 5564 1285 5623 amanuensi
1317 5564 1615 5634 descriptae,
1646 5560 1973 5623 transmissa:
1999 5568 2130 5626 mibi
2162 5569 2339 5637 fuere;

759 5656 1010 5712 nimirum
1048 5672 1079 5711 a
1124 5657 1183 5711 D.
1228 5656 1385 5712 Petro
1429 5657 1639 5726 Maloct,
1683 5660 1773 5731 qui
1823 5671 1932 5717 tum
1977 5662 2343 5726 Procuratoris

3891 217 4000 274 168

2409 337 2675 404 generalis
2724 333 2900 387 officio
2948 331 3263 402 fungebatur
3301 328 3353 386 et
3400 346 3540 388 nunc
3578 332 3626 385 in
3673 335 4001 386 monasterio

2411 428 2579 480 sancti
2611 425 2860 480 Germani
2900 439 2927 477 a
2974 424 3150 478 Pratis
3193 423 3345 477 Prior
3381 434 3493 485 est,
3526 433 3578 477 et
3606 439 3634 476 a
3678 423 3736 477 Ι).
3762 422 4004 492 Joseplto

2413 516 2561 569 Avril
2585 516 2700 582 ejus
2720 514 2889 581 socio,
2910 514 3017 583 jam
3043 515 3092 567 in
3116 514 3441 568 monasterio
3462 514 3770 569 Corbcicnsi
3790 514 3999 572 Priore.

2412 606 2501 674 qui
2532 606 2689 659 ambo
2716 620 2950 675 semper,
2978 604 3103 660 dum
3125 604 3311 660 Roma:
3337 614 3547 670 essent,
3574 606 3837 660 assiduam
3867 605 4004 659 mihi

2414 700 2710 770 priestitere
2740 716 2978 771 operam.
3930 690 3936 701 ’

2482 791 2743 861 Quodque
2779 807 2997 859 prorsus
3033 807 3229 846 novum
3273 792 3647 861 insolitumque
3676 802 3755 845 est
3793 790 3877 857 (T.
3911 793 4005 845 1-2.

2416 899 2464 936 ε.
2500 881 2627 935 469.
2646 892 2692 936 et
2721 882 2847 953 ιφ),
2880 893 3038 951 atque
3065 883 3303 936 utilitatis
3330 883 3553 936 multum
3584 881 3767 945 affert,
3794 882 3874 934 hzc
3905 883 4003 934 hu-

2412 972 2576 1027 niilia:
2600 972 2880 1040 descripta:
2909 974 3057 1027 fuere
3082 989 3111 1026 a
3140 972 3369 1042 quodam
3395 972 3485 1041 qui
3510 972 3565 1027 S.
3591 972 3824 1026 doctoris
3852 972 4007 1027 lateri

2414 1063 2636 1119 haesisse
2664 1063 2907 1131 videtur,
2953 1066 3147 1135 quique
3195 1065 3245 1117 in
3296 1063 3633 1118 bomiliarmn
3680 1063 3847 1118 titulis
3889 1066 4007 1117 loca

2414 1156 2580 1211 refert
2624 1157 2709 1211 ubi
2750 1160 3036 1212 conciones
3084 1156 3277 1211 habita:
3322 1165 3477 1217 sunt,
3520 1166 3573 1210 et
3601 1172 3743 1225 sa'pe
3787 1172 4007 1211 causam

2414 1265 2511 1301 cur
2537 1250 2883 1302 concionatus
2909 1248 2975 1302 sit
3004 1247 3236 1311 indicat,
3271 1262 3332 1301 ac
3372 1262 3476 1301 non
3522 1247 3682 1316 pauca
3728 1247 4009 1317 prwclara,

2414 1340 2480 1393 ad
2515 1340 2789 1394 historiam
2821 1339 2961 1394 illius
2998 1338 3123 1393 anni
3164 1340 3483 1410 pertinentia
3508 1382 3522 1404 ,
3548 1337 3829 1392 admiscet.
3873 1337 4011 1391 Cer-

2419 1430 2787 1500 tissimumque
2821 1441 2902 1486 est
2949 1430 3065 1485 illas
3090 1430 3554 1500 Constantinopoli
3596 1428 3803 1483 habitas
3846 1428 4015 1482 fuisse

2416 1523 2571 1575 annis
2610 1520 2716 1576 398
2747 1532 2799 1575 et
2838 1520 2963 1587 599.
3006 1523 3085 1576 An
3120 1526 3247 1575 vero
3289 1523 3629 1576 continenter
3669 1530 3721 1574 et
3768 1520 3859 1574 illo
3902 1534 4016 1588 quo

2418 1617 2574 1670 dictae
2602 1616 2749 1672 fuere
2775 1615 2963 1671 ordine
2988 1616 3074 1671 hic
3105 1615 3423 1679 referantur,
3445 1614 3513 1669 de
3544 1614 3723 1668 multis
3749 1613 4013 1683 liquidmn

2418 1718 2522 1767 est.
2550 1698 2617 1760 de
2645 1706 2895 1761 omnibus
2921 1705 3189 1761 affirmare
3213 1724 3319 1760 non
3350 1708 3517 1760 ausim
3545 1722 3559 1770 ;
3590 1705 3698 1759 imo
3723 1705 4018 1761 verisimile

2420 1802 2503 1852 est
2528 1798 2683 1863 alias,
2713 1812 2832 1867 qua:
2855 1796 2964 1866 jam
2994 1814 3097 1851 non
3129 1806 3357 1862 exstant,
3396 1796 3698 1867 inter-jectas
3724 1796 3910 1849 fuisse.

2495 1889 2667 1943 l'rima
2709 1904 2837 1943 vero
2881 1888 3019 1943 dicta
3060 1887 3159 1943 fuit
3199 1902 3318 1942 cum
3362 1888 3599 1943 nomium
3643 1887 3853 1958 triginta
3897 1885 4020 1940 dies

2421 1980 2778 2047 efliuxisscnt,
2823 1981 2891 2035 ab
2933 1981 3131 2051 ingenti
3183 1981 3274 2035 illo
3312 1990 3467 2035 teme
3501 1989 3667 2044 motu,
3711 1981 3800 2050 qui
3847 1989 4016 2033 totam

2426 2074 2609 2129 urbem
2638 2074 3120 2143 Constantinopolin
3136 2076 3805 2143 concusserat(a).Certum
3833 2085 4016 2129 autem

2423 2184 2543 2224 esse
2571 2168 2781 2223 videtur
2811 2176 2969 2223 terra:
3013 2177 3213 2223 motum
3260 2168 3406 2222 illum
3451 2184 3520 2222 ex
3563 2184 3786 2222 numero
3826 2184 4018 2223 eorum

2425 2260 2627 2327 fuisse,
2684 2256 2821 2331 quas
2874 2259 3193 2314 Claudianus
3249 2259 3707 2329 Constantinopoli
3755 2260 4025 2314 accidisse

2426 2362 2691 2407 memorat
2734 2363 2858 2408 ante
2894 2349 3244 2408 Consulatum
3290 2351 3526 2423 Eutropii
3551 2394 3565 2414 .
3606 2367 3746 2406 anno
3771 2352 4025 2406 videlicet

2426 2446 2554 2501 598.
2582 2446 2781 2500 Omnes
2810 2446 3006 2516 quippe
3037 2445 3282 2499 ltomilias
3327 2446 3453 2499 istas
3484 2446 3562 2499 vel
3596 2454 3718 2500 ante
3754 2444 4023 2499 Consula-

2430 2548 2538 2592 tum
2565 2539 2827 2607 Eutropii,
2853 2538 2941 2606 qui
2967 2540 3126 2607 C(Ppit
3156 2538 3305 2592 initio
3328 2540 3452 2591 anni
3480 2537 3604 2605 599,
3631 2539 3711 2592 vel
3740 2539 3855 2607 ipso
3877 2538 4025 2592 Con-

2426 2632 2565 2696 sule,
2612 2631 2704 2685 sed
2748 2640 2873 2685 ante
2916 2629 3091 2699 fugam
3137 2630 3446 2696 caedemque
3486 2629 3635 2699 ejus,
3678 2646 3796 2699 quae
3835 2643 4029 2683 mense

2427 2724 2641 2779 circiter
2669 2724 2889 2792 Augusti
2925 2722 3049 2776 anni
3084 2722 3190 2777 599
3220 2722 3433 2787 accidit,
3470 2721 3676 2776 habitas
3709 2720 3873 2776 fuisse
3897 2736 4027 2776 cer.-

2430 2829 2539 2891 tum
2568 2826 2669 2881 est,
3170 2824 3173 2827 '
3590 2800 3595 2805 1

2498 2906 2686 2962 Carteia
2713 2916 2989 2977 partterrre
3014 2917 3221 2959 motum.
3240 2905 3500 2961 —Prinia
3536 2904 3871 2975 pronuntiata
3905 2902 4027 2967 fuit,

2430 3010 2484 3053 ut
2507 2998 2666 3053 modo
2686 2998 3015 3061 diei-bamus,
3038 3009 3155 3069 post
3171 2998 3435 3068 ingentem
3461 2997 3603 3051 illum
3625 3007 3778 3065 terrze
3798 3008 4026 3059 motum,

2430 3105 2551 3143 cum
2585 3088 2817 3144 nondmn
2848 3089 3059 3157 triginta
3090 3090 3207 3143 dies
3232 3088 3563 3143 efﬂuxissent
3592 3089 3658 3140 ab
3684 3090 3773 3145 illo
3794 3088 3901 3151 die,
3920 3105 4031 3157 quo

2434 3178 2564 3232 urbs
2594 3188 2702 3231 tota
2728 3178 3074 3233 vehementer
3099 3194 3359 3233 concussa
3387 3194 3416 3232 a
3450 3187 3605 3233 terra:
3636 3188 3779 3231 motu
3811 3177 4029 3245 fuerat;

2433 3269 2754 3339 videturque
2794 3268 2971 3323 habita
3018 3268 3181 3324 fuisse
3210 3285 3352 3324 anno
3396 3279 3637 3324 vertente
3671 3268 3773 3324 598
3796 3269 3847 3321 iu
3880 3285 4031 3323 mar»

2436 3362 2573 3430 tyrio
2608 3362 2723 3415 sive
2764 3361 2989 3416 ecclesia
3044 3370 3337 3433 martyr-mn
3366 3403 3379 3423 ,
3431 3376 3553 3431 qum
3600 3370 3717 3415 erat
3758 3358 3812 3414 in
3845 3358 4029 3413 Veteri

2433 3452 2616 3519 Petra,
2647 3462 2704 3506 ut
2735 3452 2901 3507 fertur
2928 3452 2980 3506 in
3014 3452 3191 3506 titulo.
3234 3452 3402 3523 Hujus
3444 3454 3688 3524 martyrii
3734 3462 3790 3507 ct
3823 3441 4036 3520 Veteris

2435 3543 2607 3599 Petrae
2666 3542 2866 3598 nullam
2911 3543 3455 3599 adhuementionem
3503 3543 3679 3597 inveni
3723 3542 3861 3612 apud
3899 3544 4035 3598 scri-

2436 3646 2617 3706 ptorcs
2643 3651 2823 3691 rerum
2848 3636 3554 3706 Constautinopoliutuarum
3592 3652 3605 3687 ς
3637 3649 3811 3704 neque
3836 3636 4034 3689 mirum

2438 3728 2564 3784 illud
2596 3736 2715 3794 est;
2758 3729 2922 3784 multa
2953 3726 3095 3784 enim
3126 3729 3227 3783 alia
3273 3724 3680 3798 praetermisisse
3726 3724 3844 3782 illos
3872 3743 4040 3785 cnn-

2442 3823 2574 3890 peri.
2608 3818 2662 3874 In
2685 3819 2915 3875 exordio
2944 3830 3121 3873 autem
3155 3820 3422 3874 invehitur
3453 3820 3506 3873 in
3546 3820 3666 3875 illos
3692 3820 3780 3889 qui
3809 3818 3879 3873 ob
3912 3821 4029 3889 plu-

2439 3913 2578 3967 viam
2612 3896 2664 3966 et
2705 3911 2873 3966 iutqu
2923 3912 2974 3966 in
3006 3912 3286 3967 ecclesiam
3336 3929 3443 3966 non
3490 3924 3883 3976 convenerant,
3908 3914 4037 3982 quia

2439 4020 2633 4074 nempe
2661 4002 2729 4058 de
2756 4020 2813 4059 re
2842 4004 2986 4074 gravi
3031 4014 3084 4059 et
3113 4004 3177 4056 ad
3208 4004 3405 4057 multos
3432 4003 3732 4079 absentiqu
3754 4012 4040 4073 spectante

2439 4095 2700 4164 agendum
2747 4094 2847 4149 sibi
2895 4106 3030 4151 erat.
3079 4093 3214 4149 Cum
3265 4096 3407 4148 enim
3454 4105 3577 4149 ante
3607 4094 3823 4165 triginta
3863 4094 4043 4149 ferum

2438 4188 2555 4244 dies
2592 4187 2721 4243 urbs
2747 4198 2856 4242 tota
2886 4187 3089 4259 ingenti
3139 4196 3300 4242 terra:
3345 4200 3491 4242 metu
3518 4197 3850 4258 quateretur,
3881 4189 4043 4244 multi

2442 4276 2727 4335 formidine
2756 4279 3012 4348 correpti,
3038 4280 3289 4332 domibus
3314 4320 3327 4343 ,
3352 4280 3497 4349 agris
3521 4320 3535 4343 ,
3562 4280 3842 4350 mancipiis
3862 4321 3877 4345 ,
3904 4296 4047 4335 auw

2440 4380 2493 4424 et
2541 4380 2763 4441 argento
2812 4371 3055 4436 relictis,
3105 4370 3287 4441 procul
3326 4382 3381 4428 et
3443 4371 3493 4424 in
3546 4370 3705 4425 aliam
3755 4372 4040 4441 regionem

2441 4461 2779 4533 aufugerant.
2818 4460 2969 4518 Tunc
2997 4479 3123 4518 vero
3157 4462 3371 4533 plurimi
3400 4478 3463 4516 ex
3508 4463 3572 4516 iis
3602 4463 3689 4533 qui
3718 4462 3860 4516 domi
3888 4478 4046 4515 man-

2442 4564 2627 4613 serant
2666 4554 2718 4610 in
2744 4553 3115 4627 fugitivorum
3159 4556 3296 4612 bona
3330 4555 3631 4631 involarant
3655 4597 3670 4619 ,
3701 4570 3837 4625 quos
3882 4570 4044 4610 acer-

2443 4652 2611 4717 rime,
2642 4659 2697 4719 et
2720 4650 2842 4722 jure
2869 4649 3086 4723 quidem
3105 4694 3120 4717 ,
3170 4652 3464 4706 insectatur
3493 4649 3912 4721 Chrysostomus
3938 4689 3954 4715 ,
3986 4659 4046 4705 et

2445 4741 2497 4796 in
2530 4750 2728 4796 tantam
2761 4750 2867 4796 tam
2907 4741 3192 4796 absurdam
3223 4742 3396 4796 aliena
3444 4740 3726 4795 invadendi
3769 4740 4041 4811 cupidita-

2447 4844 2577 4900 tem,
2619 4833 2876 4906 quidquid
2906 4834 3217 4890 cxulcerato
3245 4832 3425 4886 animo
3450 4847 3572 4887 sese
3599 4831 3789 4886 obtulit
3816 4848 3881 4895 ex
3908 4842 4043 4887 tem-

2449 4943 2581 4997 pore
2630 4928 2682 4983 in
2717 4943 2940 4999 rapaces
2984 4926 3231 4982 homines
3261 4924 3495 4995 profudit
3532 4940 3549 4991 ;
3591 4925 3830 4981 abscisso
3856 4934 4042 4979 autem

2448 5017 2593 5085 folio,
2623 5018 2867 5089 quaedam
2914 5032 2983 5074 ex
3012 5017 3170 5088 hujus
3192 5016 3466 5093 concionis
3496 5016 3673 5071 medio
3697 5015 4043 5083 exciderunt.

2446 5108 2655 5166 Claudit
2682 5118 2860 5165 autem
2894 5109 3164 5164 homiliam
3195 5108 3381 5164 dicens
3405 5149 3421 5175 ,
3452 5116 3941 5177 quantumcumque
3970 5107 4048 5161 sit

2450 5211 2746 5272 peccatum,
2777 5201 2822 5257 si
2856 5201 3170 5273 pmnitentia
3216 5201 3346 5255 moti
3375 5200 3431 5266 ii,
3460 5200 3547 5269 qui
3576 5199 3698 5253 talia
3731 5198 3847 5252 ausi
3875 5213 4002 5253 sunt
4028 5241 4049 5267 ,

2450 5292 2515 5348 ad
2548 5292 2801 5348 Ecclesia:
2831 5291 3111 5363 pncfectos
3134 5284 3409 5358 accedant,
3436 5290 3663 5360 benigne
3682 5287 4049 5345 admittendos

2451 5396 2504 5440 et
2536 5384 2748 5438 veniam
2772 5392 3087 5453 accepturos
3113 5396 3255 5438 esse.

2521 5474 2792 5531 Celebritaa
2821 5492 3005 5550 magna
3033 5475 3085 5531 in
3114 5475 3442 5531 translatione
3470 5471 4052 5547 Reliquimm.-—Jam

2450 5575 2517 5633 ad
2552 5576 2913 5634 celebritatem
2941 5594 3245 5645 evocanmr,
3268 5582 3503 5636 omnium
3537 5585 3757 5635 l‘omsse
3780 5598 3898 5648 quzr
3924 5599 4047 5632 nutr-

2454 5686 2612 5741 quam
2663 5669 3124 5740 Constantinopoli
3170 5670 3315 5727 fuere
3358 5675 3640 5727 maximam
3674 5714 3687 5735 ,
3720 5687 3882 5741 quam
3931 5683 4049 5727 tum

835 5757 1048 5834 ςςξλῇςῖξι
1072 5763 1183 5834 illo“
1207 5763 1351 5805 terrae
1374 5762 1576 5817 motum,
1597 5756 1682 5805 sed
1707 5764 1818 5819 post
1848 5758 2097 5822 dejectum
2134 5762 2427 5826 EutrOpiam
2462 5767 2709 5828 pronunti.
2730 5774 2825 5817 tam
2858 5767 3005 5819 fuisse
3035 5770 3159 5820 hanc
3191 5771 3441 5821 homiliam
3462 5768 3593 5820 bene
3620 5783 3687 5834 pr-
3711 5769 3791 5819 bat
3818 5770 4040 5831 Stiltiug.

765 5837 814 5873 ιιι
839 5817 1069 5881 (lilii—title,
1096 5819 1226 5871 Eutr.
