4264 6306
197 221 278 277 169
570 218 575 221 ’
1328 216 1508 273 NUNC
1549 214 1813 271 PRIMUM
1852 214 2252 271 ADOllNATA.

194 334 345 389 titulus
374 330 639 385 concionis
667 372 680 395 ,
716 342 822 383 tum
870 329 1053 383 concio
1100 328 1209 398 ipsa
1257 328 1410 383 nobis
1442 328 1742 385 minutatim

192 428 474 481 descrlbmit.
522 424 647 477 [Lee
674 438 829 492 porro
860 424 1040 492 μιαί-ξε
1065 433 1186 494 post
1211 422 1443 475 habitam
1474 421 1745 475 homiliam

190 517 541 587 prmi-edentem
597 515 786 569 diebus
836 522 953 567 acta
1009 524 1153 567 sunt.
1198 513 1455 567 Nimirum
1507 512 1745 566 Eudoxia

190 607 489 676 imperati-ix,
524 605 614 675 pio
647 615 884 674 permota
914 606 1124 663 studio.
1158 604 1410 673 reliquias
1438 612 1745 657 sanctorum

186 710 446 771 martyrum
478 699 757 768 quasdam,
795 714 1019 766 quorum
1054 714 1179 751 vero
1230 705 1521 769 martyrum
1568 705 1749 749 e~sent

184 811 267 844 non
316 792 596 855 indicatur,
635 790 923 845 transferre
976 791 1137 842 voluit
1185 806 1211 842 a
1249 789 1433 858 Magna
1479 788 1742 849 ecclesia,

180 900 278 953 qua:
308 884 771 953 Constantinopoli
797 892 933 947 erat,
968 884 1035 936 ad
1083 882 1396 952 nuit-tyriqu
1427 882 1540 935 sive
1570 882 1746 935 eccle-

182 978 291 1029 siam
324 974 378 1029 S.
405 975 647 1041 Thomaz,
689 990 807 1043 qua:
837 989 1028 1027 novem
1057 972 1243 1042 signis,
1277 987 1371 1026 seu
1412 972 1745 1037 milliaribus,

177 1067 233 1122 ab
258 1068 376 1121 urbe
396 1065 645 1130 distabat,
674 1077 729 1119 et
758 1065 823 1119 ad
853 1079 1003 1119 oram
1044 1064 1209 1117 maris
1235 1064 1334 1117 sita
1356 1073 1492 1119 erat.
1514 1062 1622 1116 Cur
1650 1078 1747 1115 au-

181 1170 268 1213 tem
298 1170 446 1213 noctu
476 1160 637 1215 talem
670 1158 781 1213 fieri
813 1156 1216 1212 translationem
1260 1156 1523 1221 voluerit,
1555 1156 1747 1209 frustra

179 1268 401 1321 qttJ‘mS:
444 1260 561 1306 utut
601 1266 689 1306 res
715 1259 816 1317 est,
873 1251 950 1304 sic
995 1249 1081 1304 illa
1134 1249 1393 1304 solemnis
1444 1248 1748 1318 exportatio

180 1346 289 1397 lucta
314 1342 423 1397 fuit.

236 1436 391 1490 Media
434 1445 593 1491 nocte
618 1434 877 1505 Reliquim
899 1434 1002 1488 illm
1029 1442 1344 1505 martyrum,
1369 1434 1419 1487 in
1450 1432 1601 1487 theca
1634 1431 1751 1485 velo

177 1538 336 1596 operta
366 1528 577 1597 positae,
610 1543 675 1581 ex
702 1526 886 1595 Magna
918 1525 1144 1580 ecclesia
1168 1567 1182 1590 ,
1214 1541 1333 1594 qua:
1376 1524 1426 1578 in
1455 1524 1583 1578 urbe
1609 1522 1750 1577 Con-

176 1621 491 1690 stantinopoli
514 1628 651 1685 erat,
671 1618 1347 1687 exportantur,comitante
1377 1617 1575 1686 ingenti
1606 1616 1747 1667 utul-

178 1712 373 1766 titudine
396 1754 410 1776 ,
446 1728 608 1780 quam
642 1710 710 1765 ita
740 1711 992 1764 describit
1020 1714 1133 1779 ipse
1162 1708 1579 1780 Chrysostomus
1603 1749 1618 1771 ,
1660 1709 1748 1777 qui

174 1820 274 1857 cum
315 1803 551 1857 Eudoxia
596 1802 938 1872 lmperatrice
985 1811 1145 1854 tanta:
1192 1800 1527 1855 celebritatis
1566 1810 1751 1853 auctor

172 1905 286 1947 crat.
321 1893 415 1947 llic
462 1894 633 1947 videre
676 1902 783 1946 erat
839 1893 1203 1945 monachorum
1258 1902 1447 1952 ccetus,
1501 1891 1750 1961 virginum

172 1988 347 2049 choros,
368 1988 694 2040 sacerdotum
722 1984 946 2049 ordines,
980 1984 1305 2038 stecularium
1351 1984 1573 2035 virorum
1616 1983 1749 2034 mul-

172 2079 407 2131 titudinem
431 2120 447 2143 ,
477 2095 758 2141 servarunt,
786 2077 1078 2141 liberorum,
1099 2076 1280 2129 civium
1304 2116 1319 2140 ,
1346 2076 1747 2146 peregrinorum,

171 2169 427 2239 principum
462 2180 511 2223 et
556 2170 873 2223 subditorum
899 2210 915 2236 ,
943 2185 1057 2221 cum
1085 2168 1273 2238 gaudio
1293 2170 1344 2219 in
1396 2167 1485 2220 tali
1511 2167 1752 2219 comitatu

171 2263 547 2330 properantium.
568 2261 809 2314 Mulieres
833 2260 887 2313 in
908 2259 1146 2314 thalamis
1173 2261 1361 2314 versari
1384 2260 1547 2312 solita:
1569 2268 1610 2311 et
1633 2275 1749 2311 cera

172 2355 435 2419 molliores,
466 2355 655 2408 relictis
704 2354 899 2408 aedibus
946 2370 1063 2406 cum
1123 2353 1484 2407 robustissimis
1530 2353 1749 2405 virorum

167 2446 403 2499 alacritate
430 2446 715 2512 certabant,
747 2462 863 2499 cum
914 2456 1110 2500 tantunt
1149 2447 1343 2500 itineris
1368 2436 1513 2499 noctu
1540 2447 1752 2515 perﬁce-

168 2547 259 2589 rent
281 2553 416 2591 :non
435 2541 652 2608 juvenes
683 2540 833 2593 modo
852 2582 865 2603 ,
897 2540 985 2594 sed
1016 2541 1168 2593 etiam
1207 2557 1336 2593 anus
1364 2557 1421 2593 eo
1441 2540 1709 2610 pergebant
1733 2580 1748 2603 ,

168 2646 303 2699 neque
330 2641 529 2686 natura
556 2632 830 2700 infirmitas
849 2674 863 2696 ,
895 2648 1054 2702 neque
1076 2626 1380 2685 celebritatis
1410 2649 1617 2702 pompa,
1664 2650 1751 2685 ne-

167 2737 249 2788 que
270 2724 429 2777 solita:
456 2725 576 2778 vita:
617 2724 856 2777 mollities
886 2724 1243 2795 impedimento
1292 2729 1451 2795 fuere.
1489 2722 1752 2794 Principes

165 2830 319 2867 rursus
353 2825 400 2868 et
448 2816 781 2885 magistratus
809 2857 825 2881 ,
870 2816 1057 2869 relictis
1108 2816 1338 2869 curribus
1359 2858 1373 2881 ,
1405 2815 1665 2869 lictoribus
1696 2825 1742 2868 et

166 2907 463 2973 satellitibus,
500 2907 634 2977 plebi
657 2924 766 2961 sese
795 2906 1131 2961 admiscuere.

227 2996 415 3069 Ecquid
464 2999 706 3052 mulieres
755 2998 1107 3069 principesque
1154 3014 1520 3061 memoremus,
1546 2999 1753 3064 quando

164 3092 261 3153 ipsa
291 3091 537 3146 Eudoxio
559 3090 645 3145 Im
653 3092 902 3161 peratrix,
919 3107 1031 3160 qua:
1055 3091 1287 3144 diadema
1309 3091 1528 3161 gestabat
1555 3102 1602 3145 et
1631 3108 1757 3162 pur-

164 3201 275 3251 pura
305 3185 747 3254 iuduebatur,‘per
786 3193 944 3237 totam
976 3184 1107 3239 viam
1151 3201 1212 3237 ne
1251 3186 1504 3238 tantillum
1552 3186 1755 3256 quidem

166 3278 404 3344 areliquis
451 3278 689 3349 separari
734 3276 936 3339 voluit;
986 3276 1075 3329 sed
1101 3276 1305 3331 ancilla:
1349 3279 1510 3332 instar
1539 3322 1551 3343 ,
1588 3280 1754 3347 inquit

164 3366 562 3440 Chrysostomus
596 3414 613 3438 ,
663 3378 865 3423 sanctos
906 3367 1234 3436 sequebatur,
1270 3371 1467 3424 thecam
1510 3382 1556 3425 et
1590 3372 1753 3425 velum

165 3461 522 3529 superpositum
551 3471 785 3531 tangens,
804 3460 1183 3530 humanumque
1208 3465 1397 3532 fastum
1418 3480 1619 3517 omnem
1642 3446 1754 3518 cal-

166 3569 287 3618 cans,
314 3564 464 3625 atque
490 3555 548 3609 in
582 3555 711 3608 tanti
749 3555 931 3609 theatri
977 3557 1145 3610 medio
1166 3597 1182 3621 ,
1213 3573 1245 3608 a
1272 3557 1464 3627 populo
1497 3558 1757 3611 videbatur

166 3642 261 3705 illa,
285 3660 435 3712 ipsane
469 3662 537 3698 ne
576 3648 821 3699 eunuchis
863 3647 1066 3715 quidem
1092 3646 1345 3713 onmibus,
1378 3648 1465 3716 qui
1491 3648 1545 3701 in
1575 3646 1753 3719 Impe-

168 3736 335 3788 ratoria
362 3737 593 3790 aluntur-
635 3735 759 3790 aula
786 3778 801 3801 ,
828 3744 1119 3806 conspicere
1155 3738 1290 3791 licet.
1340 3738 1448 3794 Scd
1475 3752 1755 3812 martyrum

170 3841 291 3879 amor
319 3838 364 3882 et
392 3830 631 3882 caritatis
656 3830 870 3898 flamma
895 3830 994 3900 ipsi
1016 3841 1072 3884 ut
1093 3831 1259 3885 larvas
1294 3831 1410 3885 illas
1430 3849 1600 3886 omnes
1628 3834 1757 3905 abji-

172 3930 284 3971 ceret
338 3923 529 3974 suasit.
592 3921 767 3989 Prope
828 3921 1126 3977 Eudoxiam
1177 3924 1457 3978 incedebat
1514 3925 1750 3981 Joatmes

169 4010 568 4083 lilirysostomus
599 4014 820 4083 przesul.
869 4013 958 4069 Sic
1012 4024 1190 4069 tantus
1237 4016 1327 4070 ille
1369 4029 1562 4079 cintus,
1605 4018 1755 4071 theca

169 4102 247 4155 SS.
275 4118 576 4178 martyrum
632 4116 910 4175 praeutite
939 4148 953 4171 ,
986 4122 1080 4175 per
1119 4109 1351 4161 medium
1402 4110 1645 4163 transivit
1676 4111 1756 4164 fo-

168 4211 287 4263 rum,
312 4209 363 4254 et
390 4217 456 4254 ex
488 4199 671 4272 portis
705 4200 851 4253 urbis
879 4215 1127 4270 egressus
1156 4201 1220 4254 ad
1252 4203 1500 4273 Drypiam
1520 4244 1533 4265 ,
1558 4204 1634 4258 sic
1672 4204 1758 4257 tli-

168 4298 289 4345 ctum
316 4292 516 4359 locum,
542 4294 646 4349 iter
664 4291 913 4360 instituit,
941 4293 990 4346 in
1015 4296 1327 4365 martyrium
1354 4310 1448 4349 seu
1478 4296 1757 4351 ecclesiam

167 4389 313 4441 sancti
333 4388 591 4454 Thomas,
623 4402 817 4442 novem
840 4387 1025 4457 signis,
1049 4387 1161 4443 sive
1189 4388 1528 4457 milliaribas,
1544 4391 1610 4445 ab
1628 4390 1760 4446 urbe

173 4474 452 4547 tlisauitcm.

218 4558 343 4627 'Pari
392 4583 585 4630 autem
639 4573 915 4628 alacritate
953 4573 1018 4628 ad
1050 4588 1199 4627 oram
1242 4574 1406 4629 maris
1437 4584 1757 4645 pergentes;

172 4659 342 4733 lbypia
372 4665 523 4719 enim
555 4664 625 4717 ad
659 4665 807 4717 littus
830 4673 981 4728 erat;
1011 4663 1214 4719 facibus
1235 4672 1290 4717 ct
1315 4664 1647 4733 lampadibus
1677 4667 1760 4719 in-

168 4758 332 4811 structi
361 4773 581 4822 omnes,
612 4758 787 4828 ipsum
816 4771 963 4810 mare
995 4756 1285 4827 splendore
1311 4757 1612 4827 replebant.
1644 4756 1759 4811 Ne-

168 4864 248 4909 que
282 4850 601 4905 aberraveri.‘
626 4892 641 4916 ,
676 4849 846 4919 inquit
887 4846 1305 4919 Chrysostomus
1329 4892 1343 4916 ,
1388 4851 1474 4919 qui
1501 4852 1594 4905 hoc
1624 4869 1763 4906 mare

170 4941 357 5004 ﬂuvium
384 4944 523 5015 ignis
545 4942 835 5005 vocaverit;
860 4942 933 4994 ita
956 4957 1134 5011 nempe
1155 4942 1441 5009 lampades,
1472 4959 1585 5012 quae
1611 4954 1761 4998 noctu

172 5033 433 5102 frequentes
482 5051 550 5088 ac
580 5033 839 5087 continua:
888 5033 955 5085 ad
985 5048 1144 5103 usque
1172 5034 1474 5103 martyrium
1503 5034 1595 5087 hoc
1627 5037 1760 5104 fere—

170 5127 351 5193 bantur,
367 5129 515 5200 ﬂuvii
537 5126 679 5199 ignei
702 5126 973 5196 imaginem
1000 5126 1281 5179 videntibus
1307 5122 1627 5180 exhibebant.
1656 5127 1762 5181 Eu-

172 5218 309 5272 dosia
338 5236 468 5274 vero
494 5234 625 5274 cum
658 5216 862 5271 honore
893 5232 1088 5283 magno
1118 5256 1135 5281 ,
1165 5215 1341 5270 studio
1378 5226 1538 5286 atque
1564 5218 1761 5287 pietate

172 5323 413 5383 martyres
443 5311 707 5368 comitata
734 5319 837 5374 est,
875 5307 1015 5377 plebi
1049 5308 1379 5374 intermixta,
1404 5326 1524 5363 cum
1552 5325 1579 5363 s
1598 5311 1761 5363 utclli-

173 5403 283 5455 tium
314 5420 479 5458 omne
507 5402 832 5464 amovisset,
858 5412 913 5456 et
958 5401 1097 5457 ferre
1126 5417 1341 5456 omnetn
1371 5403 1493 5456 vitze
1539 5411 1591 5457 et
1629 5418 1759 5456 cono

170 5491 366 5549 ditionis
399 5492 830 5564 inmortalitatem
861 5491 1165 5561 abjecisset.
1224 5492 1354 5561 Ejus
1391 5493 1756 5549 assiduitatem

172 5586 485 5639 mirabantur
513 5596 571 5640 et
604 5583 869 5637 diviteset
896 5598 1178 5653 pauperes,
1205 5585 1446 5641 videntes
1466 5586 1607 5639 illam
1640 5588 1757 5643 sine

173 5676 553 5739 intermissione
588 5693 685 5748 per
720 5687 921 5731 tantum
952 5678 1047 5731 vice
1077 5679 1305 5750 spatium
1337 5680 1548 5735 ossibus
1582 5680 1750 5735 inluc-

3347 216 3448 271 170

1860 338 2064 382 rentem
2088 368 2103 393 ,
2134 343 2232 383 nec
2264 343 2509 397 umquam
2541 325 2809 381 defessam
2844 328 2925 382 vel
2974 329 3319 396 resilientem,
3355 334 3446 385 sed

1858 436 1995 473 arca:
2038 437 2252 490 semper
2277 421 2597 475 adstantem.

1930 512 2112 580 Populi
2142 528 2269 565 vero
2314 528 2607 565 concursus
2638 522 2815 565 tantus
2846 512 2943 565 fuit
2989 529 3202 581 semper
3227 515 3293 569 ab
3322 518 3452 571 urbe

1856 605 1920 657 ad
1970 606 2214 677 Drypiam
2263 621 2433 673 usque
2464 648 2477 668 ,
2510 614 2565 657 ut
2593 620 2713 657 cum
2756 604 2987 657 lltttniuis
3037 605 3192 659 undis
3237 607 3451 659 assidue

1857 696 2195 749 manantibus
2226 699 2396 764 ipsum
2420 705 2697 763 comparet
2730 694 3164 765 Chrysostomns'.
3205 697 3317 751 Etsi
3350 713 3449 749 au-

1858 801 1962 843 tem
1999 789 2171 843 media
2204 798 2361 843 nocte
2406 789 2665 849 Ileliquia:
2695 803 2813 840 cum
2862 799 3001 841 coetu
3051 798 3161 841 toto
3198 788 3450 856 profectas

1858 880 2100 943 fuerant,
2134 880 2346 931 nonnisi
2405 873 2752 930 illucescente
2788 878 2891 932 ~die
2938 880 3001 931 ad
3039 879 3284 950 llrypiam
3335 895 3447 948 pcr-

1859 982 2075 1024 ventum
2105 980 2228 1035 est;
2260 980 2368 1021 tum
2402 970 2519 1036 quia
2548 969 2757 1023 nonnisi
2803 969 3097 1023 lentissimo
3127 971 3289 1039 gradu
3326 986 3448 1039 per-

1858 1078 1983 1130 gere
2014 1071 2255 1129 poterant
2285 1062 2372 1129 qui
2405 1061 2612 1113 thecam
2634 1070 2688 1115 et
2731 1061 3000 1130 Reliquias
3017 1063 3313 1132 gestabant,
3339 1074 3450 1118 tum

1859 1154 1979 1221 quia
2012 1152 2301 1206 identidem
2329 1152 2550 1221 gradum
2582 1153 2772 1207 sistere
2801 1162 3052 1207 oneratos
3081 1168 3144 1209 ac
3174 1155 3453 1223 quiescere

1859 1260 1994 1313 opus
2019 1254 2157 1298 erat.

1932 1336 2060 1390 Post
2081 1336 2365 1390 adn-mum
2390 1352 2452 1391 ac
2474 1336 2864 1408 depositioncm
2896 1340 3253 1410 lteliqniarum
3288 1341 3340 1395 in
3362 1356 3447 1396 ec—

1859 1425 2022 1481 clesia
2046 1423 2464 1481 SanctiThomm
2492 1430 2543 1482 in
2570 1431 2790 1502 Drypia,
2823 1432 3134 1485 concionem
3165 1441 3440 1501 extempo-

1859 1518 2023 1572 ralem
2057 1518 2238 1573 habuit
2263 1518 2679 1591 Chrysostomus
2705 1524 2895 1591 gaudio
2925 1524 3166 1593 perfusus
3186 1536 3238 1579 et
3258 1544 3319 1580 ex
3354 1528 3452 1581 hu-

1854 1610 2088 1678 jusmodi
2118 1614 2424 1681 Spectaculo
2453 1616 2727 1670 attonitus.
2769 1618 3029 1685 Quoniam
3064 1636 3190 1672 vero
3216 1619 3302 1675 hic
3328 1638 3455 1674 eou-

1857 1702 2105 1757 cionaudi
2154 1705 2342 1759 modus
2399 1705 2555 1775 longe
2582 1707 2851 1777 discrepat
2894 1724 2921 1762 a
2963 1711 3157 1764 ceteris
3182 1712 3451 1779 oumibns,

1855 1809 1992 1862 quos
2015 1794 2272 1850 hactenus
2304 1797 2553 1861 vidimus,
2585 1798 2739 1868 hujus
2760 1800 3037 1855 exordium
3075 1801 3159 1855 hie
3182 1817 3453 1871 apponere

1863 1887 2034 1939 visum
2066 1896 2149 1940 est
2178 1903 2192 1939 :
2229 1888 2365 1952 Quid
2397 1890 2561 1943 dicam
2592 1901 2635 1944 et
2662 1892 2785 1962 quid
2809 1893 2990 1957 loquar
3020 1895 3046 1948 .9
3070 1896 3265 1949 cxsulto
3293 1909 3339 1949 et
3370 1898 3452 1949 in-

1858 1980 2023 2045 sanio,
2057 1981 2148 2033 sed
2178 1982 2399 2049 insania,
2446 2000 2559 2054 qua:
2588 1984 2698 2053 ipsa
2724 1987 2972 2056 sapientia
3003 1976 3181 2041 melior
3206 2000 3297 2043 est.
3352 1988 3453 2043 Vo-

1861 2070 1972 2125 lnus
1996 2081 2043 2125 et
2068 2074 2275 2127 choreas
2298 2092 2452 2146 agens
2477 2077 2705 2131 sublimis
2727 2080 2864 2149 feror
2890 2096 2908 2134 :
2936 2079 3099 2133 ebrius
3124 2081 3323 2133 tandem
3344 2101 3454 2136 Stth

1859 2178 1921 2214 ex
1946 2161 2040 2214 hac
2069 2162 2327 2231 voluptate
2362 2165 2642 2235 spirituali.
2672 2168 2808 2234 Quid
2838 2170 3001 2221 dicam
3034 2182 3078 2223 et
3104 2173 3221 2234 quid
3245 2173 3449 2241 loquor"

1860 2264 2207 2325 martyrumne
2232 2259 2504 2311 virtutem?
2528 2278 2593 2317 an
2625 2263 2854 2315 caritatis
2877 2264 3223 2319 alacritatem?
3247 2285 3311 2319 an
3341 2267 3452 2321 lm—

1859 2347 2119 2415 pcratricis
2144 2349 2337 2401 zelum?
2364 2367 2431 2403 an
2464 2349 2766 2421 Principum
2794 2358 3142 2409 concursum?
3169 2376 3233 2411 an
3266 2359 3467 2414 dinbuls'

1859 2442 2156 2494 instotiam?
2182 2460 2248 2495 an
2279 2444 2566 2498 davnormm
2597 2445 2796 2500 cladem
2822 2488 2839 2513 ,
2874 2448 3114 2503 Ecclesia:
3150 2452 3459 2508 nobilitatem

1862 2534 2029 2585 crucis
2058 2536 2290 2587 virtutem
2316 2576 2333 2601 ,
2390 2536 2637 2607 Cruci/ixi
2682 2540 2931 2593 miracula
2962 2583 2975 2605 ,
3016 2540 3189 2597 Patris
3217 2545 3455 2613 gloriam,

1862 2624 2090 2692 Spiritus
2135 2627 2396 2699 gratiam,
2431 2630 2610 2698 populi
2656 2630 2809 2684 totius
2856 2633 3198 2703 voluptatein,
3244 2635 3461 2690 civitatis

1859 2718 2387 2773 exsultationes?elc.
2432 2719 2615 2790 Pergit
2642 2730 2842 2782 autem,
2875 2721 2942 2775 de
2973 2722 3331 2794 Reliquiarum
3362 2742 3461 2780 ex-

1863 2810 2163 2875 portatioue
2212 2811 2377 2864 mul'a
2430 2813 3017 2879 uarraus,Eudoxiam
3062 2814 3457 2885 lmperatricem

1864 2900 2109 2955 laudibus
2133 2902 2207 2956 δια
2261 2904 2448 2956 Ctelum
2498 2904 2731 2971 tollens,
2781 2921 2938 2974 quam
2984 2908 3143 2963 etiam
3192 2910 3459 2964 interdum

1862 3006 2185 3065 pricseutem
2244 2996 2555 3065 alloquitur.
2607 2996 2821 3052 Claudit
2890 2999 3106 3054 demum
3178 3012 3457 3071 postquam

1862 3086 2103 3151 dixerat,
2135 3085 2513 3155 imperatorem
2569 3086 2871 3158 insequenti
2920 3090 3008 3143 die
3054 3107 3176 3143 cum
3220 3095 3458 3147 exercitu

1861 3192 1960 3232 Suo
1981 3220 1995 3243 ,
2026 3178 2103 3231 sic
2137 3178 2243 3245 ille,
2278 3188 2561 3232 venturum
2607 3195 2750 3244 esse,
2783 3190 2835 3233 ut
2864 3197 3047 3251 parem
3076 3182 3333 3253 Reliquiis
3364 3184 3460 3238 lto-

1864 3286 2047 3322 norem
2071 3278 2377 3338 praestaret.

1935 3360 2070 3415 Infra
2100 3360 2393 3432 videbimus
2424 3361 2583 3431 huius
2607 3362 2985 3431 extemporalis
3008 3365 3279 3421 conciouis
3308 3384 3463 3424 csor—

1864 3452 2032 3518 tiittm,
2074 3452 2211 3519 Quid
2241 3453 2407 3506 dicunt
2435 3455 2461 3507 .9
2488 3456 2687 3509 exsulto
2710 3465 2757 3510 et
2782 3457 2981 3510 insanio
3003 3500 3018 3522 ,
3050 3458 3187 3513 inter
3209 3463 3463 3519 crimina—

1867 3532 2037 3603 tiones
2061 3547 2112 3599 in
2142 3545 2359 3614 Synodo
2379 3546 2445 3600 ad
2482 3548 2748 3615 Quercum
2794 3560 2978 3604 contra
3011 3552 3457 3625 Chrysostommn

1863 3639 2089 3703 oblatas,
2114 3648 2320 3693 sextam
2349 3640 2654 3706 numerari,
2681 3640 2733 3695 in
2764 3643 3000 3698 secundo
3022 3645 3460 3704 criminatomnu

1866 3730 2143 3784 laterculo.

1941 3821 2067 3875 “.‘I‘C
2094 3822 2204 3891 jam
2247 3832 2489 3877 vertente
2531 3838 2673 3877 anno
2703 3823 2809 3879 398
2839 3834 2987 3894 gesta
3023 3836 3074 3880 et
3106 3828 3245 3882 dicta
3296 3830 3460 3887 fuisse

1866 3924 2071 3967 certum
2103 3913 2330 3977 videtur,
2350 3906 2640 3985 etquidem
2674 3931 2858 3970 mense
2880 3916 3096 3972 circiter
3126 3918 3457 3990 Septembri,

1866 4022 1988 4059 cum
2042 4006 2215 4061 adhuc
2253 4008 2534 4062 commode
2589 4019 2807 4077 possent
2854 4022 3151 4081 martyrum
3205 4015 3461 4086 Reliquias

1866 4116 1987 4153 cum
2022 4107 2171 4152 tanto
2196 4108 2452 4169 apparatu
2483 4100 2669 4170 procul
2701 4110 2754 4155 et
2784 4113 2941 4157 noctu
2977 4106 3275 4161 transferri.

1939 4191 2230 4263 Imperator
2258 4192 2309 4245 in
2340 4182 2804 4247 ecclesiam’Sancti
2832 4193 3044 4251 Thomce
3072 4214 3186 4250 cum
3213 4201 3459 4257 satellitio

1866 4302 1957 4339 suo
1983 4284 2530 4355 venit.—lnsequente
2551 4284 2638 4340 die
2655 4286 2826 4357 (Anno
2843 4286 2971 4356 398)
2998 4290 3140 4343 venit
3168 4291 3463 4362 Imperator

1868 4394 1989 4431 cum
2039 4376 2293 4431 satellitio
2319 4391 2417 4430 suo
2440 4385 2495 4431 ct
2534 4392 2722 4445 tnagua
2776 4378 3003 4433 militum
3058 4396 3220 4435 manu
3252 4426 3266 4449 ,
3301 4402 3460 4453 quam

1869 4469 2162 4524 exercitum
2196 4478 2352 4521 Vocat
2386 4466 2803 4538 Chrysostomm
2834 4486 2847 4522 :
2883 4470 3265 4545 ingres~usque
3289 4479 3338 4529 in
3374 4496 3463 4532 ec-

1868 4562 2087 4616 clesiam
2139 4561 2195 4615 S.
2226 4560 2447 4615 Thomas
2476 4561 2700 4630 apostoli
2726 4603 2740 4623 ,
2766 4564 2941 4632 posito
2967 4564 3271 4623 diademate
3314 4570 3458 4625 debi-

1872 4666 1981 4709 tunt
2005 4659 2204 4709 cultmu
2225 4664 2280 4711 et
2302 4658 2557 4709 hooorem
2584 4665 2877 4726 martyrum
2906 4657 3163 4729 [lcliquiis
3182 4664 3461 4729 pra-stitit:

1870 4748 2219 4817 similiterque
2272 4746 2533 4815 satellites
2590 4747 2706 4816 ejus
2754 4763 2819 4803 ac
2881 4751 3078 4803 milites
3127 4793 3142 4815 ,
3204 4753 3466 4823 deposith

1868 4842 2072 4913 clypeis
2116 4851 2168 4895 et
2214 4840 2414 4895 lanceis
2467 4839 2533 4895 ad
2589 4851 2881 4913 martyrum
2936 4844 3143 4900 thecam
3198 4852 3465 4916 precaturi

1870 4944 2233 4990 accesserant.
2288 4934 2591 5004 Posteaque
2613 4934 2861 4991 discessit
2902 4955 3023 4992 cum
3067 4942 3323 4997 eomitatu
3367 4961 3466 4999 suo

1870 5028 2129 5082 Arcadius
2162 5027 2470 5095 Imperator,
2524 5042 2623 5081 nec
2666 5030 2907 5083 eoncioni
2942 5048 3060 5087 mox
3098 5034 3354 5089 habenda:
3387 5036 3464 5090 io-

1872 5119 2050 5173 tcrl'uit
2089 5137 2101 5171 :
2135 5120 2561 5191 Chrysostonms.
2602 5135 2729 5173 vero
2777 5120 3052 5177 humilium
3103 5142 3254 5185 suam
3305 5128 3461 5182 dixit.

1871 5212 2156 5281 PoSIquam
2202 5211 2415 5265 Arcadii
2460 5222 2512 5265 et
2541 5211 2775 5267 satellilii
2805 5215 2925 5283 ejus
2954 5217 3203 5284 pietatem
3246 5230 3299 5273 et
3330 5238 3468 5275 tuar-

1872 5294 2078 5375 tyrtbus
2107 5305 2399 5371 pra-stitum
2430 5305 2631 5358 cultmn
2665 5304 3059 5377 descripserat,
3093 5328 3326 5379 prumﬂts
3362 5332 3485 5366 sa»

1869 5397 2047 5452 culum
2076 5412 2197 5450 cum
2232 5395 2409 5449 futuro
2447 5400 2813 5465 comparavit,
2844 5398 2947 5454 hoc
2974 5401 3135 5457 brute
3162 5413 3216 5457 et
3242 5404 3465 5462 labor-io

1870 5506 1987 5545 smn
2030 5505 2151 5545 esse
2197 5489 2421 5555 dicens,
2450 5490 2580 5545 illud
2634 5506 2798 5547 suave
2844 5504 2898 5548 ct
2947 5494 3233 5563 infinitum,
3267 5499 3320 5553 iu
3361 5516 3469 5571 quo
3554 5518 3558 5522 δ

1868 5582 2260 5637 immortalibus
2290 5580 2528 5641 fruentur
2553 5584 2787 5639 coronis.
2808 5585 3056 5643 [luminis
3077 5590 3127 5643 iu
3146 5600 3285 5645 statu
3317 5594 3456 5647 inuui-

1871 5678 2056 5732 ceutize
2097 5677 2402 5744 dignitatem
2440 5692 2786 5747 rrpra-scatat
2816 5696 2830 5742 :
2866 5680 2959 5736 sed
2990 5684 3177 5751 probat
3208 5700 3303 5739 nes
3348 5700 3471 5756 pou
