4264 6306
830 328 922 381 171

830 450 1100 509 pet-catum
1136 440 1321 496 Manil
1350 440 1416 494 ad
1453 441 1648 509 majora
1680 449 1894 493 vocatos
1924 440 2109 494 fuisse.
2140 438 2401 493 Resurre-

830 532 1059 586 t-liouem
1076 529 1303 585 futuram
1328 532 1379 585 in
1398 532 1560 585 veteri
1580 532 1691 601 lege
1706 531 1932 584 obscure
1949 530 2226 585 indicatam
2242 528 2402 583 fuisse

820 623 945 676 dicit
969 637 986 686 ;
1015 621 1107 676 sed
1134 622 1242 691 jam
1260 623 1431 675 omnia
1460 623 1609 691 plana
1635 631 1689 676 et
1717 622 1991 691 perspicua
2019 632 2159 687 esse,
2187 618 2399 674 multis-

819 729 920 781 quo
970 712 1163 767 additis
1190 715 1344 767 liuent
1373 712 1716 766 concioaandi
1748 712 1888 766 fecit.

898 802 1198 857 Verisimile
1235 810 1315 856 est
1353 803 1490 865 inter
1529 802 1624 855 bas
1668 801 1909 855 hutnilias
1957 798 2236 855 duodecim
2279 813 2396 868 qua!

824 895 893 949 ab
937 910 1077 949 anno
1120 902 1359 949 vertente
1404 893 1508 950 598
1560 895 1694 947 ultra
1748 894 2097 948 Pentecosten
2140 892 2262 945 anni
2292 889 2396 946 599

820 986 1016 1041 habita:
1048 986 1256 1041 fuerunt
1275 1028 1289 1052 ,
1316 986 1446 1041 alias
1474 1000 1570 1039 nec
1600 999 1798 1055 paucas
1842 983 2208 1040 intercessisse
2231 1022 2248 1047 ,
2277 996 2394 1052 qua:

817 1080 898 1134 vel
925 1081 1150 1147 periere,
1183 1080 1264 1133 vel
1307 1079 1444 1132 inter
1478 1077 1650 1132 editas
1682 1076 1865 1147 posita:
1909 1076 2029 1128 anni
2064 1086 2239 1127 notam
2272 1073 2390 1127 nul-

814 1168 919 1223 lam
951 1185 1058 1238 pne
1083 1184 1142 1223 se
1172 1169 1365 1224 ferunt.
1398 1169 1528 1234 Qtne
1563 1169 1803 1235 sequitur
1829 1174 2004 1218 autent
2053 1164 2103 1217 in
2133 1162 2391 1217 Vaticano

813 1258 1010 1314 Codice
1039 1268 1221 1330 quarta
1246 1274 1491 1324 munero,
1514 1268 1631 1328 post
1663 1256 2025 1326 Septembrem
2054 1269 2310 1317 mensem,
2334 1262 2391 1307 ut

814 1360 1080 1417 putamus,
1111 1351 1233 1405 anui
1262 1349 1364 1404 598
1390 1349 1565 1403 habita
1588 1346 1681 1399 fuit
1702 1348 1752 1399 iu
1779 1345 1976 1415 templo
1996 1344 2052 1399 S.
2075 1344 2385 1407 Anastasite,

812 1451 866 1494 ut
896 1441 949 1494 in
977 1442 1126 1494 titulo
1157 1440 1337 1493 fertur.
1372 1438 1445 1491 lbi
1480 1447 1756 1507 postquam
1784 1437 1850 1490 de
1884 1437 2149 1505 paucitate
2174 1432 2386 1488 audito-

813 1547 931 1585 rum
977 1540 1299 1599 euttqttesltts
1331 1529 1522 1592 fuerat,
1552 1528 1621 1582 de
1660 1528 1907 1598 patientia
1950 1525 2067 1581 Jobi
2097 1525 2389 1595 longam'et

808 1623 1104 1692 elegantem
1137 1620 1321 1675 habuit
1350 1624 1668 1674 orationem.

875 1712 1149 1769 Concioncs
1171 1711 1621 1767 alim—Allomilia
1648 1710 1828 1781 quinta
1856 1706 2386 1773 Vatic:ma,utfcrtur

805 1805 858 1858 in
898 1805 1070 1869 titulo,
1100 1806 1154 1858 in
1202 1804 1398 1871 templo
1427 1806 1640 1862 Sanctae
1682 1801 1861 1856 lrenes
1888 1802 2026 1856 dicta
2073 1799 2190 1854 fuit.
2237 1799 2293 1853 In
2320 1816 2381 1854 ea

809 1894 1227 1962 Chrysoslomus
1274 1894 1339 1948 de
1366 1893 1678 1948 absentibus
1704 1892 2043 1962 conqueritur
2066 1902 2119 1946 et
2154 1891 2221 1947 de
2249 1908 2383 1960 prte-

803 1988 1044 2040 seutibus
1074 1984 1369 2055 gratulatur
1399 1983 1500 2038 :de
1529 1984 1859 2038 Psalmorum
1875 1982 2045 2036 “csum
2076 1982 2217 2051 agit,
2254 1996 2382 2050 pro-

804 2076 999 2145 batque
1027 2076 1342 2133 muliebrem
1369 2090 1556 2129 sexum
1580 2073 2011 2145 impedimentum
2043 2089 2145 2128 non
2168 2086 2287 2129 esse
2311 2072 2379 2127 ad

799 2166 1006 2220 virtutis
1030 2166 1364 2221 exercitium.

878 2255 1039 2310 Sexta
1066 2266 1243 2309 autem
1276 2255 1465 2310 concio
1493 2254 1669 2309 habita
1698 2262 1782 2309 est
1836 2250 1888 2305 in
1914 2252 2135 2309 ecclesia
2155 2251 2377 2316 Sancto-

807 2361 925 2401 rum
952 2346 1328 2417 Apostolorum
1359 2388 1373 2409 ,
1405 2347 1457 2399 in
1477 2345 1565 2401 die
1603 2345 1887 2400 Theodosii
1922 2344 2291 2414 Imperatoris,
2323 2349 2379 2395 ut

800 2436 998 2491 ibidem
1026 2435 1212 2491 fertur.
1253 2436 1539 2507 Postquam
1562 2436 1669 2490 duo
1699 2436 1787 2489 alii
1816 2434 2073 2504 CpiSCOpl,
2104 2449 2201 2502 pro
2227 2448 2377 2488 more

804 2525 945 2581 illius
974 2526 1107 2589 :cvi,
1155 2526 1456 2579 concionati
1496 2524 1744 2589 fuerant,
1775 2523 2193 2606 ChrysOstomus
2239 2520 2375 2574 hanc

802 2626 988 2671 contra
1029 2616 1292 2670 Catbaros
1315 2615 1428 2670 εἱιθ
1457 2615 1623 2669 Puros
1658 2614 1925 2667 homiliam
1957 2613 2088 2667 dixit
2117 2630 2129 2665 :
2157 2611 2374 2666 Catbarl

796 2718 976 2780 autem
1005 2706 1076 2760 illi
1120 2705 1396 2760 Novatiani
1433 2715 1606 2759 erant.
1637 2705 1815 2780 Primo
1856 2704 2042 2758 ambos
2093 2691 2374 2772 episcopos

791 2778 967 2851 laudat
997 2814 1011 2862 ;
1041 2811 1267 2866 quorum
1305 2797 1441 2851 alter
1487 2778 1712 2866 junior',
1759 2795 1967 2863 inquit,
2016 2793 2160 2847 senis
2205 2792 2375 2861 gravi-

793 2901 957 2944 tatem
1002 2906 1016 2955 ;
1048 2890 1184 2944 alter
1222 2903 1383 2944 senex
1412 2928 1429 2951 ,
1458 2888 1686 2957 iunioris
1730 2888 1893 2941 robur
1933 2900 2042 2955 pra:
2063 2900 2122 2939 se
2148 2883 2369 2941 ferebat.

796 2979 995 3035 Deinde
1026 2979 1385 3033 Theodosium
1422 2963 1669 3048 Magnum
1722 2976 1968 3032 laudibus
2003 2974 2184 3057 effert,
2218 2977 2370 3046 cujus

789 3072 905 3127 dies
931 3084 1053 3127 tunc
1082 3070 1470 3136 celebrabatur,
1498 3085 1708 3140 nempe,
1728 3079 1787 3124 ut
1808 3067 2093 3124 verisimile
2117 3075 2373 3128 est,mor-

792 3166 860 3218 tis
877 3166 1023 3234 ejus,
1049 3164 1139 3233 qui
1190 3162 1431 3218 Januarii
1480 3161 1691 3217 decimo
1741 3160 1971 3229 septimo
1999 3160 2087 3215 die
2127 3158 2367 3227 contigit.

792 3253 943 3309 Unde
958 3254 1197 3323 arguitur
1217 3253 1354 3307 hanc
1375 3252 1646 3306 homiliam
1665 3255 1847 3306 mense
1866 3248 2116 3304 Januario
2128 3250 2249 3303 anni
2268 3248 2371 3303 ’599

787 3344 983 3397 dictam
1033 3342 1195 3397 luisse
1219 3382 1234 3407 ,
1264 3340 1595 3396 Theodosius
1638 3349 1815 3395 autem
1857 3354 1998 3394 anno
2017 3339 2122 3395 395
2145 3338 2367 3394 obierat.

790 3435 941 3490 lluue
967 3434 1345 3504 Imperatorem
1379 3432 1619 3488 celebrat
1657 3432 1746 3486 illc
1768 3447 1796 3486 a
1835 3433 2033 3502 pietate
2057 3439 2111 3484 ct
2148 3416 2368 3484 ai'icto-

793 3527 886 3581 riis
911 3567 926 3588 ,
953 3538 1085 3595 quas
1110 3524 1404 3594 Opitulante
1436 3523 1544 3577 Deo
1570 3522 1750 3576 retulit
1776 3522 1845 3576 .de
1874 3524 2113 3594 tyrannis
2141 3520 2369 3589 Maximo

788 3626 845 3671 et
894 3617 1150 3686 Eugenio.
1205 3616 1351 3681 Quas
1399 3615 1489 3669 illo
1536 3615 1787 3669 victorias
1830 3614 1991 3677 tacito
2025 3624 2367 3685 tyrannorum

789 3707 1001 3761 nomine
1032 3706 1099 3760 ita
1139 3704 1322 3768 refert,
1353 3716 1410 3761 ut
1439 3706 1507 3760 ab
1529 3705 1648 3760 aliis
1686 3705 2036 3775 scriptoribus
2062 3715 2363 3759 narrantur.

791 3795 1017 3850 lloutilia
1064 3809 1195 3850 vero
1220 3793 1406 3850 isthmc
1436 3794 1493 3848 in
1529 3793 1711 3849 medio
1741 3793 1929 3865 magna
1964 3794 2044 3849 sui
2073 3804 2222 3864 parte
2245 3810 2366 3849 mu-

793 3888 884 3940 tila
910 3894 1011 3946 est.
1043 3886 1112 3938 ita
1141 3894 1198 3939 ut
1238 3883 1628 3954 quamplurima
1658 3900 1844 3939 eorum
1871 3924 1886 3948 ,
1911 3898 2031 3953 quas
2053 3893 2240 3950 contra
2268 3882 2369 3937 Ca-

793 3982 976 4033 tbaros
996 3992 1091 4031 seu
1121 3976 1447 4031 Novatianos
1472 3975 1802 4039 dicebantur,
1833 3973 2131 4030 exciderint
2157 3960 2219 4028 ac
2242 3988 2365 4043 pcr-

795 4070 969 4124 icrint.
999 4066 1275 4121 Nmatiani
1308 4076 1483 4119 autem
1533 4076 1656 4118 tunc
1682 4062 2143 4135 Constantinopoli
2175 4078 2371 4134 magno

794 4176 1015 4213 munero
1042 4167 1214 4221 erant,
1238 4158 1549 4226 episcopum
1579 4171 1689 4210 suae
1727 4165 1887 4210 secta:
1921 4156 2242 4227 peculiarem
2272 4155 2366 4210 ba-

798 4251 988 4304 bcbant
1015 4290 1028 4313 ,
1060 4265 1123 4302 ac
1166 4263 1286 4303 sese
1346 4264 1499 4317 puros
1521 4247 1881 4317 appellabant
1904 4263 1931 4299 εν
1964 4261 2066 4316 qua
2108 4246 2178 4301 de
2205 4262 2363 4301 causa

797 4344 918 4397 illos
947 4343 1205 4396 acerrime
1227 4340 1534 4411 perstringit
1559 4342 1971 4411 Chrysostomus
1990 4379 2004 4405 ,
2033 4351 2091 4395 ut
2117 4341 2170 4395 in
2196 4340 2370 4396 homi-

796 4439 879 4490 tia:
910 4435 1011 4489 llue
1041 4434 1241 4489 videas.

870 4528 963 4582 llic
1010 4543 1134 4583 vero
1182 4526 1419 4597 quantam
1463 4524 1929 4580 animadvertenda
1974 4534 2129 4589 sunt,
2177 4540 2368 4595 nempe

796 4619 1061 4674 homiliam
1093 4618 1232 4673 illaut
1262 4618 1555 4673 breviorem
1578 4615 1760 4677 fuisse.
1784 4617 1915 4686 quia,
1935 4626 2050 4686 post
2076 4617 2208 4672 duas
2235 4618 2370 4674 alias

794 4727 824 4763 a
850 4710 1053 4765 duobus
1075 4710 1337 4779 episcopis
1361 4708 1547 4763 eodem
1575 4707 1660 4762 die
1684 4717 1737 4762 et
1758 4709 1806 4761 in
1838 4707 2022 4762 eadem
2047 4708 2173 4762 sede
2200 4708 2371 4763 dictas

797 4802 969 4855 habita
1003 4799 1098 4853 fuit
1123 4818 1135 4853 :
1159 4798 1392 4853 secundo
1418 4808 1535 4868 [mst
1560 4799 1694 4853 hanc
1712 4798 1980 4852 humiliam
2010 4799 2200 4851 multas
2230 4799 2369 4853 haud

795 4893 954 4947 dubie
976 4894 1104 4944 alias
1132 4890 1333 4943 habitas
1363 4891 1523 4946 fuisse
1560 4906 1588 4943 a
1645 4905 1827 4944 mense
1860 4883 2112 4944 Januario
2157 4891 2220 4943 ad
2265 4892 2369 4945 Pa-

794 4981 919 5035 scha
951 4982 1073 5035 arui
1097 4980 1219 5041 599.
1238 4995 1342 5049 quo
1363 4980 1450 5035 die
1470 4981 1604 5033 dicta
1634 4980 1728 5033 fuit
1752 4980 1938 5033 concio
1965 4995 2191 5049 sequens
2217 4998 2229 5034 :
2252 4974 2369 5051 qua:

801 5072 1032 5126 humilia!
1060 5072 1141 5124 vel
1174 5072 1463 5138 perierunt,
1492 5071 1575 5123 vel
1603 5074 1644 5124 si
1669 5070 1842 5124 adhuc
1890 5071 2025 5126 inter
2064 5071 2234 5126 editas
2275 5088 2369 5126 su-

794 5166 1015 5235 persint,
1040 5164 1234 5215 nullam
1261 5164 1341 5215 vel
1364 5162 1395 5214 d
1415 5164 1469 5216 ei
1492 5162 1570 5216 vel
1598 5164 1719 5214 anni
1744 5171 1920 5213 notam
1957 5177 2065 5230 pra:
2086 5175 2145 5215 se
2172 5162 2368 5217 ferunt.

869 5256 993 5308 Po~t
1026 5254 1293 5307 homiliain
1344 5254 1496 5321 igitur
1525 5253 1663 5304 illam
1691 5264 1872 5305 contra
1904 5254 2160 5306 (Zatbaros
2190 5257 2239 5307 in
2270 5256 2371 5308 (Jo-

798 5345 914 5399 dicc
940 5344 1191 5398 Vaticano
1211 5345 1448 5412 sequitur
1478 5341 1715 5405 homilia,
1730 5342 1881 5410 cujus
1902 5343 2105 5405 titulus,
2126 5327 2372 5399 Aduersus

800 5454 903 5496 eos,
929 5436 1015 5503 qui
1044 5437 1109 5487 od
1136 5434 1453 5503 hippodromi
1478 5443 1523 5487 et
1544 5434 1852 5486 theatrorum
1872 5435 2157 5501 spot-tacula
2176 5452 2228 5489 se
2253 5453 2372 5490 cou-

802 5530 968 5593 δἐι-ωτι
997 5524 1084 5592 (Τ.
1116 5527 1169 5580 6.
1202 5541 1249 5579 c.
1270 5522 1408 5595 9.65)
1448 5545 1462 5577 :
1499 5524 1648 5590 cujus
1676 5522 1884 5576 initium
1914 5533 2016 5585 est,
2046 5525 2262 5579 ltwccine
2299 5527 2375 5597 fe-

805 5618 1000 5675 renda?
1028 5618 1247 5672 licet-ine
1275 5616 1577 5672 toleranda?
1614 5614 1762 5669 Vobis
1792 5616 1923 5669 enim
1966 5616 2088 5683 ipsis
2118 5618 2374 5687 judicio":

799 5720 969 5763 contra
996 5723 1080 5764 res
1115 5702 1305 5769 atirolo
1332 5720 1491 5777 quam
1512 5704 1771 5763 edidimus
1794 5704 1878 5780 (Τ.
1902 5706 1954 5763 6.
1977 5721 2022 5761 c.
2045 5703 2171 5776 963)
2195 5725 2206 5760 :
2228 5707 2372 5765 idco-

1904 326 1957 382 S.
1998 324 2272 382 JOANNIS
2309 322 2775 380 CIIRYSOSTOMI
2821 327 2994 394 \"l'fA,

3994 336 4085 387 1ῒῖ

2510 453 2611 504 quc
2638 439 2777 494 illam
2803 440 2852 492 in
2877 439 3014 495 serie
3032 441 3255 495 aliarum
3283 441 3649 496 \‘aticanarum
3673 440 4081 512 prasternnttea-

2505 526 2625 582 dam
2664 529 2927 584 duximus.

2574 618 2705 686 Quia
2736 635 2861 674 vero
2892 621 2942 674 in
2976 620 3205 675 bomilize
3233 637 3386 674 nona:
3428 624 3697 691 seq-uentis
3741 623 3894 679 titulo
3933 636 3989 679 et
4034 624 4083 679 in

2504 706 2615 776 ipsa
2649 710 2858 763 homilia
2889 725 3024 764 nona
3054 712 3215 764 multa
3246 704 3525 776 habentur,
3553 730 3669 781 qua:
3695 713 3759 768 ad
3806 715 4079 770 historiam

2501 797 2638 852 hanc
2666 800 2859 854 clarius
2892 810 2945 855 et
2969 802 3186 865 certius,
3220 817 3376 869 quam
3405 802 3455 854 in
3486 802 3685 855 Monito
3715 804 3966 871 diximus,
4000 823 4104 862 reo'

2500 891 2769 946 ferendam
2792 893 2996 962 juvant,
3027 892 3112 947 hic
3137 909 3248 947 rem
3274 902 3437 947 totam
3483 895 3599 950 siue
3634 895 3811 965 lapsus
3844 900 4080 967 periculo

2499 984 2853 1039 narrabimus.

2567 1072 2757 1145 Ingens
2786 1076 2953 1144 pluvia
2991 1075 3439 1148 Constantinopoli.
3465 1105 3538 1116 —
3567 1076 3721 1131 Anno
3754 1078 3893 1146 599,
3927 1086 4034 1148 post
4058 1110 4071 1125 -

2494 1179 2653 1233 quam
2710 1181 2870 1220 unum
2928 1167 3035 1235 jam
3091 1182 3289 1221 annum
3350 1167 3402 1221 in
3467 1168 3772 1238 episcopatu
3825 1186 4076 1225 CliteliSlli

2494 1264 2609 1308 erat
2658 1255 3114 1326 Clirysostomus,
3163 1256 3440 1310 ordinatus
3506 1272 3699 1326 nempe
3767 1272 3912 1312 anno
3973 1257 4077 1314 39:

2490 1344 2561 1401 26
2601 1346 2909 1412 Februarii;
2970 1347 3098 1402 feria
3146 1357 3333 1416 quarta
3385 1346 3763 1413 hebdomadte,
3802 1365 3923 1418 qtae
3971 1365 4061 1403 an-

2490 1452 2561 1492 no
2619 1438 2723 1493 599
2769 1438 3032 1493 incidebat
3070 1440 3121 1493 iu
3168 1448 3372 1493 sextam
3430 1440 3668 1509 Aprilis,
3716 1449 3821 1493 tam
3883 1443 4073 1510 ingens

2490 1526 2664 1597 pluvia
2692 1529 2910 1592 decidit,
2941 1538 2996 1584 ut
3024 1539 3195 1584 metus
3214 1539 3358 1585 esset
3387 1545 3454 1585 ne
3488 1530 3598 1601 agri
3643 1529 4068 1599 devastarentur,

2488 1633 2797 1688 messesque
2818 1634 3003 1674 omnes
3035 1619 3087 1674 in
3110 1620 3397 1689 perniciem
3420 1627 3656 1674 ruerent.
3690 1620 3820 1675 lline
3856 1637 4066 1691 preces,

2487 1709 2920 1777 supplicationes,
2946 1718 3000 1765 et
3024 1709 3411 1779 processioncs,
3434 1710 3686 1779 episcopo
3717 1710 3852 1765 duce
3880 1719 3937 1765 et
3958 1723 4073 1765 toto

2486 1808 2839 1854 concurrente
2855 1800 3049 1870 populo
3072 1800 3138 1854 ad
3164 1800 3445 1855 ecclesiam
3486 1802 3884 1870 Apostolorum.
3939 1803 4072 1858 Post

2487 1887 2598 1942 hare
2631 1888 2799 1942 imbre
2819 1900 3081 1953 cessante,
3116 1888 3343 1945 necdum
3369 1890 3574 1943 sublata
3617 1889 3922 1958 formidine,
3959 1902 4069 1948 trac

2478 1978 2623 2048 jcclo
2668 1977 2889 2032 navibus
2932 1978 3193 2050 Bosporo,
3243 1979 3309 2032 ad
3359 1980 3639 2034 ecclesiam
3689 1980 3781 2036 SS.
3839 1981 3981 2036 Petri
4013 1994 4069 2038 et

2483 2068 2655 2134 Pauli,
2682 2069 2731 2123 iu
2759 2070 2999 2138 opposita
3030 2072 3191 2123 maris
3213 2083 3305 2122 ora
3336 2070 3515 2137 sitam,
3553 2084 3675 2125 cum
3704 2073 3958 2142 episc0p0
3989 2084 4071 2127 to-

2484 2171 2566 2214 tus
2584 2144 2753 2215 costus
2777 2163 3025 2216 accurrit.
3061 2162 3171 2216 lloc
3200 2160 3460 2231 perfuncti
3492 2163 3724 2232 periculo
3753 2165 4065 2233 Constanti-

2481 2251 2770 2317 nopolitani
2795 2251 3059 2320 plerique,
3086 2268 3185 2304 una
3214 2261 3416 2305 tantum
3443 2237 3754 2321 interposita
3781 2254 3887 2317 die,
3914 2270 4069 2308 nem-

2482 2356 2544 2408 pe
2572 2340 2701 2395 feria
2729 2342 2908 2411 quinta
2936 2341 2988 2395 in
3030 2339 3192 2397 Cinna
3233 2342 3462 2407 Domini,
3508 2357 3647 2397 cum'
3673 2344 3725 2396 in
3767 2334 4067 2401 Parascevo

2478 2421 2891 2500 ludiequestres
2920 2432 3270 2501 agitarentur,
3298 2433 3427 2487 nihil
3457 2443 3705 2491 curantes
3732 2434 3872 2489 diem
3918 2436 4066 2491 illam

2478 2536 2707 2587 sacram,
2735 2522 2799 2576 ad
2835 2521 2936 2577 hoc
2958 2524 3320 2592 spectaculum
3350 2536 3716 2589 accurrerunt,
3747 2528 3960 2581 interim
3985 2530 4065 2583 in-

2478 2609 2802 2676 pemisocnte
2825 2612 3077 2683 domique
3100 2612 3322 2668 sedente
3345 2613 3727 2686 Cbrysostomo
3755 2619 4015 2688 episcopo
4048 2638 4061 2674 :

2478 2700 2584 2753 imo
2604 2699 2691 2754 die
2710 2710 2983 2771 sequente.
3005 2718 3194 2772 nempe
3214 2704 3438 2758 sabbato
3454 2714 3659 2766 sancto,
3682 2706 3747 2761 ad
3770 2707 4066 2764 theatrales

2476 2789 2629 2844 ludos
2652 2806 2713 2845 se
2736 2791 3093 2854 contulerunt,
3125 2793 3226 2854 ubi.
3239 2795 3538 2847 meretricia
3562 2806 3716 2850 erant
3735 2799 4061 2865 spectacula,

2474 2895 2593 2950 qua:
2623 2880 2925 2951 singulatim
2946 2890 3001 2936 et
3028 2873 3241 2952 egregie
3266 2884 3505 2955 depingit
3530 2885 3972 2956 ChrysOstomus,
4008 2891 4061 2943 in

2473 2972 2754 3036 concione,
2787 2988 2944 3042 quam
2966 2972 3053 3028 die
3079 2973 3351 3029 Paschalis
3378 2975 3581 3042 habuit,
3613 2979 3697 3031 ubi
3730 2979 3781 3047 in
3811 2982 4061 3049 praevari-

2458 3070 2684 3117 ‘Cat‘orcs
2711 3062 3014 3131 bujusmodi
3038 3064 3353 3133 gravissime
3393 3066 3660 3121 invehitur
3688 3087 3700 3121 :
3738 3069 4063 3141 dearumque

2474 3151 2525 3204 in
2549 3151 2670 3204 illos
2688 3152 3260 3207 exeommunicationis
3280 3158 3597 3209 sententiam
3620 3160 3949 3226 pronuntiat,
3966 3163 4060 3216 sed

2472 3242 2848 3296 comminando
2877 3251 3101 3307 tantum,
3134 3254 3187 3298 ut
3218 3253 3365 3314 puto,
3387 3240 3441 3300 et
3472 3257 3528 3302 ut
3554 3249 3605 3301 in
3631 3249 3820 3304 eodem
3860 3251 4060 3308 Monito

2474 3331 2712 3400 pluribus
2734 3331 2871 3389 dixi.

2541 3421 2695 3475 Circa
2726 3422 2890 3487 diem,
2920 3436 3025 3490 qua
3054 3422 3172 3477 haec
3195 3425 3384 3479 concio
3408 3426 3548 3481 dicta
3581 3427 3697 3494 fuit,
3722 3430 3920 3499 aliquid
3953 3432 4057 3488 dif-

2472 3510 2722 3565 ﬁcultatis
2747 3510 2875 3565 mihi
2895 3511 3073 3587 oll'erri
3100 3514 3395 3591 videbatur.
3422 3517 3560 3571 Dixit
3582 3520 3669 3573 ille
3694 3506 3745 3574 iu
3768 3525 4054 3591 concione,

2469 3613 2586 3657 ante
2605 3613 2705 3657 tres
2730 3604 2837 3658 dies
2864 3586 3020 3658 imber
3038 3583 3241 3677 ingeris:
3268 3607 3443 3661 Imber
3464 3609 3695 3665 ille'leria
3724 3626 3914 3682 quarta
3942 3583 4058 3671 ma;

2465 3694 2599 3764 juris
2629 3694 2978 3749 hebdomadas
2996 3696 3198 3752 decidit
3223 3715 3238 3753 :
3265 3698 3392 3753 feria
3418 3701 3601 3768 quinta
3634 3702 3760 3757 nihil
3794 3722 4060 3761 luctuum-

2471 3795 2557 3841 tur
2579 3788 2867 3853 incidisse;
2907 3787 3037 3844 feria
3066 3800 3214 3845 sexta
3242 3791 3293 3845 in
3325 3792 3621 3850 Parasceve
3646 3796 3711 3849 ad
3748 3798 3919 3852 ludos
3954 3802 4063 3853 cir-

2470 3891 2680 3944 censes,
2713 3878 2934 3934 sabbato
2957 3879 3023 3934 ad
3052 3881 3327 3935 thcatralia
3354 3871 3653 3950 spectacula
3686 3867 3815 3939 itum
3840 3898 3923 3941 est
3953 3891 4063 3943 :ita

2471 3976 2529 4021 ut
2558 3966 2773 4022 homilia
2806 3970 2953 4025 isucc
2978 3971 3195 4025 omnino
3229 3972 3368 4025 dicta
3409 3972 3572 4028 fuisse
3609 3974 3846 4029 videatur
3873 3977 4061 4032 Domi-

2472 4060 2591 4115 nica
2623 4060 3048 4116 Resurrectionis
3079 4064 3305 4118 Domini.
3340 4064 3533 4119 Verum
3564 4079 3688 4123 tunc
3711 4070 3850 4137 apud
3871 4087 3957 4126 me
3980 4073 4066 4125 ili-

2470 4153 2659 4207 cebam
2695 4171 2707 4207 :
2735 4153 2863 4215 Cur,
2895 4156 2938 4208 si
2970 4154 3084 4208 dies
3114 4154 3389 4209 Paschalis
3413 4168 3549 4219 erat,
3589 4174 3656 4212 ne
3684 4160 3907 4214 verbum
3936 4163 4063 4231 qui-

2472 4244 2692 4300 demde
2737 4246 2993 4301 PaSebate
3030 4247 3200 4301 dieit?
3242 4247 3435 4302 Verum
3487 4262 3763 4320 postquam
3810 4248 4064 4310 ltomilias

2474 4337 2636 4390 hasce
2664 4335 2985 4404 deteximus,
3019 4338 3159 4392 nulla
3186 4339 3296 4410 jam
3324 4338 3608 4393 difficultas
3635 4354 3901 4411 superest,
3933 4361 4061 4403 cum

2475 4425 2527 4479 in
2553 4426 2703 4479 titulo
2734 4426 2965 4480 homilia:
2992 4444 3145 4482 noua:
3171 4430 3464 4499 sequentis,
3495 4439 3547 4484 et
3583 4412 3633 4484 in
3677 4431 3893 4487 humilia
3946 4436 4063 4504 ipsa

2473 4518 2862 4583 dicatur,diem
2896 4519 3036 4572 illam
3065 4520 3245 4590 inqua
3276 4531 3381 4576 tam
3424 4523 3655 4591 graviter
3691 4525 3811 4577 illos
3849 4526 4067 4581 circen-

2474 4610 2687 4663 siumet
2721 4609 3053 4664 theatralium
3100 4611 3344 4665 ludorum
3392 4624 3720 4681 spectatores
3766 4614 4065 4673 inseetatus

2473 4712 2575 4765 est,
2610 4702 2933 4757 Dominicam
2970 4702 3131 4759 fuisse
3150 4713 3308 4774 atque
3336 4705 3470 4760 adeo
3506 4706 3647 4761 diem
3692 4707 4068 4767 [lesurrectio-

2474 4796 2556 4849 nis
2575 4795 2803 4859 Domini,
2828 4796 3128 4864 quam'ideo
3150 4812 3255 4851 non
3278 4802 3709 4855 commemoravit
3739 4802 4068 4873 Chrysqsto-

2476 4901 2611 4948 ntus,
2638 4886 2776 4956 quod
2798 4896 2980 4940 contra
3008 4896 3336 4956 spectatores
3356 4889 3476 4944 illos
3495 4893 3725 4960 graviter
3741 4904 4064 4963 succensus,

2476 4992 2587 5030 rem
2621 4977 2760 5029 illam
2785 4978 2939 5031 unice
2964 4979 3243 5056 cogitaret.

2546 5065 2770 5120 llomilia
2793 5069 3017 5136 septima
3048 5071 3099 5121 in
3122 5068 3341 5122 ecclesia
3361 5070 3575 5126 Sancta:
3620 5074 3914 5128 Anastasia:
3964 5074 4071 5131 ba-

2478 5158 2582 5212 bita
2616 5159 2734 5222 fuit,
2763 5160 2851 5213 ubi
2881 5161 3123 5214 modicus
3143 5172 3277 5226 erat,
3309 5162 3477 5230 inquit
3504 5164 3610 5229 ille,
3640 5165 3940 5218 auditurum
3963 5184 4069 5223 nu-

2478 5268 2653 5305 merus
2676 5264 2691 5303 :
2720 5267 2818 5321 neq
2830 5268 2894 5305 ue
2917 5262 3090 5305 tamen
3115 5252 3231 5307 ideo
3247 5256 3617 5319 conqueritur;
3642 5257 3734 5310 sed
3752 5260 4068 5326 exemplum

2477 5340 2823 5395 Samaritana:
2863 5342 3054 5407 aliert;
3088 5360 3242 5409 quam
3288 5345 3409 5397 licet
3458 5360 3616 5397 unam
3668 5355 3892 5411 tantum,
3938 5351 4072 5416 quia

2482 5442 2656 5485 tamen
2689 5431 2936 5486 audiendi
2965 5433 3141 5486 studio
3185 5434 3442 5500 fervebat,
3472 5435 3629 5507 longo
3657 5447 3901 5507 tempore
3929 5441 4075 5494 allo-

2477 5535 2672 5595 quulus
2695 5535 2778 5579 cst
2820 5525 3083 5580 Christus.
3134 5527 3333 5581 Deinde
3383 5508 3509 5583 vero
3555 5531 3791 5599 pluribus
3829 5534 4076 5601 exlilicat

2478 5616 2602 5685 quid
2631 5616 2729 5670 sibi
2758 5617 2885 5670 velit
2908 5617 3121 5682 Paulus,
3142 5633 3259 5671 cum
3281 5619 3370 5683 ait,
3400 5620 3461 5673 a'e
3481 5612 3861 5691 ron/innatione
3889 5623 4073 5680 Eran-

2485 5709 2625 5780 θριξὶ,
2658 5711 2783 5765 etin
2811 5712 2893 5768 his
2918 5712 3212 5768 orationem
3239 5714 3453 5773 claudit.
