4264 6306
182 407 268 462 173
1323 399 1503 457 NUNC
1544 396 1806 454 Ριιῑιιυιι
1850 392 2246 452 ΑΒΟΠΝᾹΤᾹ.

241 518 371 572 Dicta
423 516 586 571 fuisse
632 515 841 572 videtur
886 500 1009 578 iure
1047 514 1263 568 homilia
1307 510 1359 567 i'n
1409 512 1739 567 bebdomada

180 608 465 665 Paschalis:
501 622 626 661 nam
652 606 743 678 qtti
784 607 1030 661 homilias
1066 607 1227 660 hasce
1258 606 1309 658 in
1343 604 1460 674 ipso
1503 614 1745 674 tempore

184 698 450 767 colligebat,
482 711 509 748 a
545 694 821 749 Pascbatis
847 705 1109 763 tempore,
1140 703 1193 747 ut
1225 710 1291 748 ex
1328 693 1495 747 titulis
1522 692 1742 747 concio-

183 806 287 843 mun
314 786 749 857 deprehenditur,
785 788 875 842 illo
905 801 1012 857 quo
1060 787 1389 840 dicebautur
1416 786 1605 839 ordine
1654 798 1746 837 eas

181 880 456 948 descripsit.
483 881 624 934 Ante
650 879 851 933 Pascha
875 880 1042 944 enim,
1091 887 1148 932 ιιι
1181 892 1341 946 supra
1378 876 1635 939 diximus,
1681 890 1747 928 ex

184 971 341 1024 multis
364 971 599 1025 homiliis
638 985 836 1041 paucas
880 970 1159 1035 collegisse
1206 968 1432 1028 videtur.
1478 966 1595 1026 Non
1628 983 1750 1019 eou-

181 1064 394 1131 querilur
413 1073 591 1117 autem
616 1063 1036 1133 Cbrysostoinns
1065 1062 1113 1113 iit
1142 1061 1242 1114 bac
1271 1058 1552 1122 concione,
1606 1057 1747 1127 quod

182 1154 311 1222 pauci
337 1152 608 1207 auditores
623 1146 1032 1221 adessent,quia
1065 1166 1169 1204 non
1197 1151 1248 1204 in
1274 1149 1459 1218 majori
1500 1148 1748 1212 ecclesia,

184 1244 257 1299 tibi
282 1260 500 1316 synaxes
537 1244 651 1297 fieri
683 1244 953 1311 solebant,
982 1242 1076 1297 sed
1099 1243 1151 1297 in
1178 1242 1403 1297 ecclesia
1432 1240 1490 1296 S.
1527 1241 1753 1294 Anasta-

182 1336 261 1389 sio:
286 1334 727 1389 concionabatur.

243 1425 426 1480 Octava
455 1426 652 1479 concio
679 1441 792 1479 rem
825 1439 1047 1494 prorsus
1068 1422 1339 1479 insolitam
1368 1421 1521 1477 nobis
1537 1420 1753 1476 exhibet

184 1524 321 1584 atque
348 1515 838 1570 inauditam.1‘unc
871 1510 1189 1571 Gottborum
1220 1529 1342 1583 pars
1380 1514 1635 1579 maxima,
1664 1513 1754 1581 qui

187 1607 254 1659 vel
280 1605 769 1676 ConstantinOpoli,
798 1607 881 1661 vel
926 1607 1129 1682 circ_um
1172 1604 1755 1668 erantuArianismum

184 1699 521 1753 sectabamur.
570 1699 739 1753 Erant
782 1707 957 1753 tamen
993 1697 1255 1753 Catholici
1301 1697 1477 1769 gentis
1514 1695 1755 1766 ejusdem

186 1804 276 1843 non
305 1792 473 1859 pauci.
492 1790 632 1845 Cum
654 1801 832 1846 autem
859 1792 910 1844 in
937 1791 1162 1846 ecclesia
1187 1789 1247 1845 S.
1279 1789 1429 1844 Pauli
1472 1789 1758 1843 convenis-

186 1893 305 1947 sent,
329 1886 486 1952 jussit
505 1883 929 1955 Chrysostomus
957 1883 1186 1940 Gotthos
1207 1883 1319 1936 loca
1337 1881 1578 1953 qumdam
1613 1881 1761 1936 Scri-

189 1983 457 2040 pturarum,
483 1991 605 2043 qua:
630 1977 680 2029 in
712 1975 1014 2030 Gotthicam
1046 1976 1277 2042 lii-gnam
1318 1988 1596 2027 conversa:
1643 1971 1759 2026 fuc-

188 2074 306 2131 raut,
329 2064 579 2121 Gottbice
602 2066 798 2143 legere,
825 2077 874 2119 et
900 2077 1081 2135 postea
1108 2064 1364 2119 Cutthum
1389 2063 1758 2135 presbyterum

187 2152 412 2210 Gutthice
442 2158 778 2212 concionari.
809 2156 919 2212 Cur
943 2170 1119 2211 autem
1145 2158 1211 2211 ita
1241 2156 1479 2225 jusserit,
1514 2156 1641 2208 satis
1667 2155 1780 2208 de-~

188 2247 333 2304 clarat
354 2250 402 2304 in
429 2251 697 2307 concione
726 2267 883 2321 quam
930 2251 1044 2321 ipse
1081 2252 1424 2332 continenter
1471 2259 1585 2317 post
1632 2247 1763 2302 Got-

191 2341 321 2397 thum
350 2345 725 2425 presbyterum
755 2345 938 2399 eadem
974 2344 1024 2399 in
1073 2343 1303 2400 ecclesia
1342 2342 1558 2406 habuit;
1592 2350 1650 2395 ut
1688 2343 1765 2394 vi-

164 2434 363 2492 -delicet
386 2437 609 2523 Graecos
637 2438 1006 2508 philosophos,
1044 2452 1338 2507 eorumque
1378 2436 1652 2504 religionis
1672 2451 1758 2489 se.-

188 2542 384 2597 quaccs,
415 2539 469 2583 et
489 2530 710 2585 Judmos
740 2546 952 2601 quoque
982 2530 1183 2599 pudore
1220 2527 1549 2583 suffunderet
1577 2542 1591 2592 ;
1624 2526 1762 2597 quod

191 2621 297 2675 dum
327 2623 399 2676 illi
427 2623 672 2677 veritatis
693 2624 864 2677 lucem
897 2623 1238 2691 respuebant,
1270 2622 1509 2677 barbara:
1553 2635 1648 2688 per
1681 2630 1762 2672 to-

190 2720 283 2766 tum
305 2715 485 2768 orbem
517 2715 768 2768 nationes
794 2715 907 2769 sole
937 2714 1271 2784 fulgidiorem
1296 2712 1570 2781 Evangelii
1596 2714 1764 2765 lucem

188 2804 644 2873 amplecterentur.
669 2805 831 2860 Addit
856 2807 1018 2860 etiam
1051 2821 1195 2871 eum,
1225 2806 1314 2874 qui
1366 2806 1417 2858 in
1458 2803 1636 2857 Veteri
1666 2802 1769 2857 Te-

192 2905 439 2951 stamento
471 2898 683 2967 primus
723 2908 942 2952 vocatus
970 2896 1101 2960 fuit,
1140 2912 1333 2964 nempe
1368 2892 1764 2959 Abraham‘mn,

192 2986 454 3041 barbarum
494 2990 661 3043 fuisse
709 2990 759 3042 in
813 2990 989 3043 medio
1036 2989 1384 3042 barbarormn
1442 2998 1765 3043 versantem.

192 3075 437 3132 Barbaros
458 3080 628 3133 etiam
670 3079 831 3135 fuisse
871 3096 985 3143 eos,
1024 3080 1124 3150 qui
1158 3080 1355 3135 Christi
1392 3089 1568 3133 ortum
1614 3079 1766 3149 primi

192 3172 583 3236 aanuntiarunt,
618 3172 867 3225 nimirum
902 3172 1099 3243 Magos,
1143 3170 1233 3242 qui
1271 3189 1337 3227 ex
1366 3174 1584 3227 Oriente
1611 3188 1772 3225 vene-

192 3272 319 3316 rant.
380 3263 509 3318 llmc
570 3274 748 3317 autem
807 3266 997 3319 concio
1046 3264 1225 3319 habita
1285 3265 1381 3319 fuit
1436 3266 1488 3319 in
1542 3266 1771 3320 ecclesia

195 3353 417 3410 S.-Pauli
451 3357 596 3410 intra
622 3357 1007 3413 hebdomadam
1049 3358 1324 3413 Paschalis
1357 3359 1546 3413 festum
1574 3360 1770 3414 subsc-

195 3454 447 3511 queutem,
478 3458 535 3500 et
574 3462 670 3516 per
710 3457 978 3511 octavam,
1015 3458 1071 3502 ut
1107 3465 1173 3503 ex
1218 3450 1490 3519 sequentis
1535 3448 1772 3503 humilia:

198 3536 450 3600 titulo,-ab
474 3555 546 3593 eo
588 3534 679 3609 qui
721 3538 802 3594 his
842 3540 1190 3595 conciOnibus
1240 3541 1426 3596 aderat
1468 3542 1769 3612 prmmisso,

196 3628 431 3700 liquidqu
483 3642 574 3687 est
626 3650 637 3685 :
686 3634 953 3697 etiamque
1014 3634 1365 3689 confirmatur
1420 3649 1488 3689 ex
1542 3635 1607 3689 iis
1646 3650 1773 3704 qua:

199 3722 332 3780 initio
356 3726 646 3796 sequentis
682 3721 911 3780 humilia:
932 3709 1202 3779 dicuntur.

258 3815 460 3871 Etenim
490 3833 617 3871 cum
665 3817 1289 3888 Constantinopolitanos
1328 3817 1469 3883 illos,
1514 3817 1602 3887 qui
1641 3832 1775 3871 cun-

199 3905 421 3961 cionibus
444 3908 562 3961 suis
584 3908 774 3962 adesse
806 3910 1075 3975 solebant,
1096 3909 1410 3979 gravissime
1440 3910 1775 3979 pupugisset,

200 3994 414 4066 ipsisque
441 4000 750 4054 molestiam
780 4011 1016 4055 creasset
1049 4002 1097 4055 in
1126 4002 1209 4055 illa
1233 4003 1509 4065 concione,
1541 4019 1699 4071 quam
1725 4004 1775 4055 in

203 4084 451 4143 ltoininica
491 4091 927 4145 llesurrectiouis
967 4092 1165 4146 Christi
1206 4092 1493 4155 habuerat,
1524 4109 1590 4148 eo
1634 4094 1777 4163 quod

201 4176 245 4229 in
270 4177 349 4233 die
374 4180 707 4235 Parasceves
728 4182 794 4235 ad
818 4183 1116 4249 circenses,
1147 4194 1200 4239 ct
1228 4186 1278 4239 in
1327 4186 1549 4240 sabbato
1593 4197 1779 4239 saneto

201 4269 256 4322 ad
284 4272 573 4327 theatrales
598 4274 752 4327 ludos
774 4290 833 4331 se
859 4278 1233 4343 contulissent,
1266 4279 1373 4333 imo
1410 4281 1779 4334 excommuni-

200 4365 407 4419 cationis
444 4369 774 4421 sententiam
812 4370 1000 4424 saltem
1039 4372 1504 4425 comminatur-iam
1555 4371 1606 4425 in
1660 4373 1781 4425 illos

202 4458 530 4523 protulisset;
566 4459 639 4512 illi
674 4469 851 4514 tamen
900 4473 1105 4530 postea,
1147 4478 1208 4517 re
1246 4478 1426 4517 secum
1467 4466 1609 4519 serio
1658 4482 1781 4534 per-

204 4560 370 4613 pensa,
404 4568 512 4603 non
544 4552 659 4605 sine
686 4567 842 4607 causa
874 4570 932 4608 se
963 4556 1158 4608 acriter
1180 4556 1451 4626 impetitos
1494 4558 1656 4610 fuisse
1701 4559 1782 4610 vi-

202 4638 390 4707 dentes,
422 4652 479 4698 et
504 4643 655 4711 plura
706 4644 788 4697 bis
825 4644 893 4698 de
941 4647 1099 4700 rebus
1145 4648 1329 4700 audire
1372 4649 1673 4716 cupientes,
1718 4650 1781 4701 ad

202 4744 428 4803 magnam
454 4736 771 4802 ecclesiam,
820 4745 880 4790 ut
913 4739 1155 4791 concioni
1200 4738 1534 4805 interforeut,
1586 4741 1784 4809 ingenti

203 4839 410 4881 nurnero
461 4843 524 4882 se
580 4829 879 4884 contulere.
923 4829 1121 4883 Verum
1179 4831 1373 4885 accidit
1427 4842 1482 4885 ut
1531 4833 1624 4885 illo
1674 4833 1780 4897 die,

206 4928 377 4983 nempe
406 4918 685 4971 Dominica
713 4928 830 4987 post
860 4919 1083 4985 Pascha,
1115 4920 1330 4989 quidam
1362 4922 1573 4975 adesset
1596 4939 1659 4976 ex
1685 4922 1789 4975 Ga-

206 5003 310 5057 latia
341 5010 652 5078 episcopus,
687 5012 767 5063 vir
795 5020 904 5063 tum
926 5028 990 5065 ex
1028 5023 1322 5074 senectute,
1359 5024 1466 5067 tum
1512 5030 1576 5068 ex
1623 5017 1785 5068 animi

198 5096 396 5180 rdotibus
436 5100 800 5165 venerandus,
833 5104 917 5156 cui
949 5105 1298 5158 concioaandi
1356 5107 1523 5159 vicem
1553 5106 1789 5176 Chryso-

206 5200 389 5242 :ltuittts
415 5194 604 5263 cessit.
634 5193 788 5259 Quod
828 5195 1098 5249 auditores
1125 5196 1197 5248 illi
1247 5197 1547 5264 tegerrime
1579 5199 1785 5256 tulere:

206 5294 397 5333 stllttlllo
424 5284 961 5353 enimChrysostomi
1006 5300 1065 5339 se
1110 5286 1301 5339 iterum
1345 5289 1633 5357 carpentis.
1683 5288 1791 5341 imo

206 5374 441 5436 secantis,
477 5382 537 5427 ut
576 5375 689 5444 ipse
718 5377 792 5429 ait
820 5377 1037 5443 ibidem,
1065 5379 1312 5433 audiendi
1340 5379 1608 5433 desiderio
1640 5389 1789 5433 tcued

210 5464 406 5518 bantur.

269 5554 603 5626 Quapropter
632 5561 722 5615 ille
757 5560 1025 5615 Dominica
1052 5561 1136 5631 (Τ.
1169 5562 1256 5617 12.
1296 5580 1341 5616 c.
1379 5561 1538 5631 517),
1568 5572 1625 5617 ut
1667 5578 1789 5618 cre-

211 5642 325 5700 dere
354 5662 456 5715 est,
488 5654 755 5721 sequenti,
786 5656 1017 5708 secunda
1055 5654 1303 5709 videlicet
1328 5664 1449 5724 post
1478 5656 1704 5722 Pascha,
1738 5658 1789 5710 in

212 5740 417 5795 ecclesia
465 5742 645 5812 Magna
687 5747 999 5799 concionem
1030 5745 1168 5800 hanc
1199 5748 1380 5800 habuit
1407 5789 1422 5809 ,
1470 5749 1555 5816 ubi
1612 5749 1790 5802 statim

216 5835 527 5889 molitm-ibus
547 5839 858 5907 gratulatur,
893 5840 1033 5910 quod
1069 5841 1187 5895 licet
1220 5852 1323 5894 tam
1357 5842 1588 5909 graviter
1626 5857 1789 5896 cxce-

3335 380 3437 436 ιιι-ι

1853 509 1928 579 pti
1969 510 2020 563 in
2058 507 2315 563 concione
2360 503 2449 559 illa
2493 500 2781 574 Dominica:
2827 498 3273 564 Resurrectionis,
3304 490 3441 550 adéo

1812 628 1815 629 ν
1852 602 2118 657 ferventer
2146 610 2199 654 et
2231 598 2375 653 tanto
2396 610 2620 652 numero
2660 596 2849 649 iterum
2894 601 3258 663 compareant.
3306 590 3440 644 'I'um

1850 708 1971 748 sese
2021 702 2259 755 excusat,
2319 690 2457 761 quod
2502 689 2772 743 Dominica
2820 688 3136 756 praecedenti
3191 690 3444 755 episcopo

1853 782 2072 839 Galatia:
2100 782 2296 837 seniori
2324 779 2672 836 concionandi
2703 780 2876 831 locum
2895 776 3127 837 dederit;
3149 776 3446 844 iterumque

1854 885 2038 929 contra
2068 873 2338 928 circenses
2371 872 2542 932 ludos,
2572 869 2664 924 sed
2697 869 2877 922 mitius
2905 867 3335 936 moderatiusqne
3365 866 3447 919 lo-

1855 970 2066 1040 quitur;
2097 982 2313 1036 remque
2343 966 2506 1034 tangit
2532 948 2752 1017 omnino
2783 958 3162 1030 deplorandam
3191 974 3308 1028 qua:
3359 973 3448 1010 su-

1850 1063 2069 1133 periorc
2096 1060 2182 1115 die
2210 1059 2480 1121 hesterna,
2506 1055 2697 1125 inquit,
2723 1054 2774 1106 in
2821 1050 3176 1120 hippodromo
3212 1049 3445 1119 Contigtr

1859 1163 1959 1215 rat,
1981 1142 2204 1223 Quaeque
2225 1150 2289 1204 ab
2318 1146 2620 1217 hnjnsmodi
2652 1144 2792 1199 ludis
2823 1143 2955 1196 alios
2995 1144 3242 1196 avertere
3287 1140 3450 1195 debe-

1859 1256 1961 1302 rct.
2013 1245 2235 1312 Quidam
2283 1242 2425 1298 enim
2472 1240 2559 1311 qui
2614 1236 2869 1309 postridie
2916 1250 3139 1289 uxorem
3196 1234 3475 1289 ducturus

1860 1337 2141 1401 erat,dum
2169 1351 2288 1391 cum
2314 1332 2429 1387 aliis
2453 1330 2760 1387 cursoribus
2792 1328 2845 1383 in
2881 1327 3053 1383 stadio
3089 1336 3447 1392 concertaret,

1862 1431 2213 1499 interceptus.
2248 1424 2535 1479 miserabili
2582 1437 2709 1476 casu
2759 1420 2934 1489 capite
2964 1427 3259 1484 truncatus,
3285 1429 3338 1472 ct
3366 1433 3445 1471 es-

1863 1523 2049 1579 tremis
2079 1520 2334 1577 membris
2360 1516 2632 1582 abscissis,
2665 1514 2735 1569 ibi
2769 1520 3057 1568 manserat.

1851 1666 1863 1687 ,
1938 1613 2139 1670 Deinde
2169 1612 2400 1682 explicat
2429 1608 2555 1663 illud
2584 1606 2862 1675 Evangelii
2888 1604 3111 1668 dictum,
3140 1602 3297 1658 Pater
3316 1616 3453 1655 uictu

1865 1722 2021 1776 usque
2049 1705 2199 1757 modo
2219 1710 2478 1773 operatur,
2522 1709 2568 1753 et
2614 1714 2706 1769 ego
2745 1712 2927 1769 operor
2964 1712 2981 1751 :
3028 1695 3360 1761 Arianosque
3404 1704 3457 1743 et

1864 1800 2177 1863 Anotnmos,
2228 1794 2402 1849 tacitis
2444 1802 2617 1845 tamen
2651 1787 2971 1847 nominibus.
3007 1784 3267 1839 acerrime
3311 1783 3455 1835 inse-

1865 1900 2059 1951 ctatur.
2088 1885 2320 1958 probans
2348 1885 2539 1939 Filium
2561 1882 2698 1936 Patri
2726 1881 3004 1950 :equalem,
3028 1892 3148 1939 cum
3176 1876 3267 1930 illo
3291 1876 3456 1928 semel

1866 1982 2112 2052 operari;
2142 1981 2263 2051 quia
2292 1995 2418 2032 vero
2446 1975 2687 2045 operatio
2713 1974 2800 2027 illa
2831 1987 3147 2040 permanens
3176 1978 3277 2031 est,
3312 1978 3459 2038 putat

1866 2074 2302 2146 Chrysostomus,
2333 2070 2418 2123 hic
2452 2066 2859 2138 providentiam,
2893 2063 3066 2117 Patris
3090 2072 3143 2116 et
3173 2060 3292 2115 Filii
3331 2074 3436 2128 ope

1870 2169 2132 2221 rationem
2172 2164 2297 2218 dici.

1944 2250 2011 2312 In
2031 2272 2180 2311 more
2210 2262 2326 2308 erat
2351 2263 2407 2307 ut
2434 2251 2543 2305 bini
2576 2250 2655 2303 vel
2688 2247 2823 2303 terni
2845 2246 3035 2301 eodem
3062 2244 3149 2299 die
3181 2242 3460 2298 continen-

1873 2362 1951 2406 ter
1977 2330 2197 2405 vcrbum
2222 2348 2317 2402 Dei
2350 2344 2721 2415 pra-dicaverit.
2752 2341 2986 2410 ldipsnm
3017 2339 3261 2393 videmus
3288 2337 3337 2389 in
3370 2335 3464 2386 ho-

1869 2445 2016 2499 milia
2044 2442 2272 2505 decima,
2304 2454 2423 2508 qua:
2463 2436 2639 2489 habita
2692 2432 2792 2487 fuit
2835 2433 2887 2485 in
2926 2430 3149 2485 ecclesia
3199 2426 3466 2497 Apostoli,

1876 2546 2153 2608 postquam
2177 2546 2339 2585 senex
2365 2530 2649 2604 episcopus
2681 2534 2805 2579 ante
2846 2522 3289 2593 CbrySostomum
3339 2532 3467 2571 Cttn-

1872 2630 2114 2684 cionatns
2154 2624 2327 2678 fuerat
2369 2639 2383 2675 :
2428 2620 2673 2689 quodque
2717 2614 3108 2671 observandum
3152 2620 3271 2673 est,
3319 2610 3468 2664 illum
3506 2658 3510 2662 .

1872 2736 2079 2784 senem,
2109 2727 2163 2773 et
2187 2732 2245 2771 se
2268 2717 2518 2785 juvenem
2550 2721 2723 2775 vocat,
2754 2710 2851 2764 etsi
2880 2724 2943 2762 ex
2977 2706 3188 2777 vulgata
3218 2705 3469 2774 opinione

1873 2828 2070 2867 annum
2102 2809 2276 2864 :elatis
2324 2806 2394 2860 52
2436 2810 2544 2874 jam
2592 2816 2844 2857 emensus
2883 2806 3018 2853 erat.
3082 2798 3471 2865 Argumentum

1873 2901 2151 2958 eonciouis
2170 2898 2411 2953 sumitcx
2437 2896 2537 2949 hoc
2566 2892 2834 2962 Evangelii
2862 2890 3025 2954 dicto,
3061 2888 3238 2957 Messi:
3268 2886 3473 2955 quidem

1874 2995 2055 3056 multa,
2087 2990 2305 3061 operarii
2332 2997 2495 3041 autent
2524 2986 2693 3056 pauci.
2731 2983 2924 3038 Probat
2955 2990 3133 3035 autem
3162 2992 3213 3033 et
3237 2994 3395 3033 senes
3420 2986 3472 3030 et

1872 3088 2097 3157 juvenes
2147 3083 2422 3152 operarios
2476 3078 2730 3133 Ecclesia:
2777 3076 3062 3131 admodum
3123 3073 3280 3126 utiles
3328 3086 3469 3123 esse.

1877 3179 2172 3245 Messisque
2205 3171 2507 3243 hujusmodi
2557 3170 2757 3223 fructus
2792 3168 3016 3221 eximios
3062 3166 3224 3218 fuisse
3265 3174 3469 3227 narrat,

1879 3280 1937 3324 ut
1962 3272 2081 3324 citm
2118 3268 2311 3322 Paulus
2338 3262 2566 3333 simplici
2590 3262 2753 3315 verbo
2782 3256 3163 3314 Procousnlem
3194 3271 3289 3308 ceu
3318 3271 3471 3325 sago,-
3495 3324 3499 3329 ἡ

1880 3380 1944 3418 na
2000 3362 2183 3430 cepit,
2242 3368 2296 3413 et
2357 3372 2476 3411 cmn
2520 3354 2808 3423 Philippus
2856 3349 3160 3405 eunuchum
3214 3346 3476 3401 Calidaeis

1881 3452 2173 3522 Ethiopiat
2204 3442 2400 3519 regium
2428 3447 2490 3501 ad
2522 3446 2678 3499 fidem
2710 3444 2995 3498 convertit.

1954 3544 2234 3600 llomiliam
2253 3555 2463 3611 quoque
2488 3537 2820 3591 undecimam
2844 3534 3027 3589 habuit
3046 3538 3322 3602 postquam
3340 3529 3478 3583 alius

1881 3636 2167 3692 admodum
2200 3648 2366 3688 senex
2418 3639 2686 3684 oraverat.
2728 3626 2802 3681 lbi
2845 3625 3074 3695 prinmm
3122 3638 3180 3676 se
3228 3622 3477 3675 audienti

1882 3728 2076 3796 cupido
2105 3725 2265 3780 cmtni
2311 3723 2637 3793 gratulatur,
2663 3733 2725 3772 ac
2750 3718 2817 3772 de
2849 3717 3104 3771 Eleazaro
3145 3722 3199 3766 et
3236 3713 3305 3767 de
3349 3712 3480 3765 blae-

1882 3819 2078 3873 calneis
2103 3819 2230 3885 agit,
2262 3829 2490 3884 quorum
2525 3810 2717 3865 festtun
2746 3810 2795 3861 in
2837 3808 3070 3861 Ecclesia
3109 3804 3480 3859 Constantino-

1886 3911 2119 3981 politana
2146 3906 2536 3967 celebrabatur,
2567 3912 2619 3956 et
2645 3915 2778 3970 quos
2811 3898 2999 3967 probat
3022 3897 3108 3949 ille
3141 3913 3234 3965 pro
3262 3896 3478 3950 Clu-isto

1886 4017 2072 4073 passos
2092 4015 2234 4055 esse.
2266 3997 2320 4051 lu
2356 3999 2459 4050 line
2483 3992 2759 4049 concionis
2780 4005 2946 4060 pauca
2975 3987 3365 4042 desiderantur.

1960 4093 2228 4148 llactcnus
2280 4088 2512 4141 vidimus
2558 4084 2724 4154 (Auno
2753 4082 2879 4150 399)
2928 4080 3104 4133 omnia
3163 4078 3367 4146 placide
3422 4085 3480 4131 et

1889 4196 2080 4255 sponte
2110 4182 2348 4247 fluentia,
2397 4178 2693 4233 Eudoxiam
2744 4178 3035 4242 Augustam
3085 4172 3188 4241 piis
3231 4171 3479 4239 operibus

1891 4277 2309 4340 incumbentem,
2340 4286 2394 4327 et
2441 4288 2468 4324 a
2511 4270 2899 4341 Chiysostomo
2949 4266 3191 4319 laudibus
3240 4263 3477 4317 Celebra-

1891 4382 1997 4426 tam
2031 4364 2691 4435 :Constantinopolitanos
2726 4362 2795 4414 ob
2831 4358 3091 4412 circensia
3122 4366 3174 4410 et
3207 4356 3475 4408 tlieatiala

1891 4461 2194 4532 Spectacula
2217 4458 2532 4529 gravissime
2572 4456 2895 4522 increpatos,
2928 4458 3197 4519 Optantes,
3246 4449 3352 4500 ὶιιιιι
3402 4447 3474 4497 in-

1891 4552 2095 4611 stantes
2122 4552 2261 4623 apud
2294 4552 2733 4622 Cbrysostommn
2759 4554 2815 4598 ιιι
2840 4560 2896 4599 se
2927 4543 3120 4597 talibus
3148 4550 3252 4593 tam
3276 4538 3483 4591 arerbis

1895 4648 2113 4701 monitis
2142 4646 2205 4699 ad
2249 4653 2448 4698 rectam
2502 4642 2641 4693 viam
2686 4638 3017 4691 deduceret:
3053 4632 3299 4696 Gttllltns,
3335 4631 3483 4695 jussu

1894 4740 2009 4809 ejus
2032 4738 2281 4793 Cotthit-e
2310 4733 2611 4801 Scripturas
2644 4731 2882 4799 legentes
2905 4736 2960 4781 et
2995 4725 3242 4781 Gottbice
3290 4720 3485 4790 prserti-

1893 4839 2097 4885 cantes.
2124 4828 2239 4881 Jam
2274 4842 2400 4879 vero
2426 4824 2490 4877 ad
2530 4820 2996 4876 tristia’ducimnr.
3030 4832 3149 4886 qnte
3191 4824 3247 4868 ut
3292 4813 3489 4867 clarius

1896 4934 2247 4990 exponamus,
2280 4919 2438 4971 altius
2470 4914 2756 4984 repetenda
2782 4927 2868 4966 res
2894 4919 2995 4965 est.

1972 5012 2205 5079 Entropii
2252 5009 2467 5063 etmurlu'
2513 5007 2742 5059 historia.
2776 5033 2843 5043 -—
2875 5000 3159 5069 Eutropius
3207 4998 3486 5051 eunuchus

1897 5106 2065 5171 gratia
2088 5102 2225 5172 apud
2248 5102 2622 5168 imperatorem
2643 5097 2923 5151 Arcadium
2950 5094 3230 5161 plurimum
3254 5094 3355 5143 vah
3376 5092 3485 5155 bat,

1897 5197 2117 5265 ejusque
2148 5194 2370 5248 consilio
2409 5202 2463 5245 et
2504 5191 2818 5245 auctoritate
2857 5202 3081 5257 quaequo
3126 5184 3351 5238 maxima
3391 5184 3493 5237 ltit-

1899 5288 2030 5357 perii
2060 5286 2266 5353 negotia
2295 5284 2616 5353 gerebantur
2645 5281 2927 5352 (C/n'ysosl.
2959 5280 3008 5331 in
3043 5276 3345 5345 Etttt'Opitmt
3372 5288 3407 5328 ι.
3435 5278 3470 5330 3

1903 5395 1953 5429 c.
1984 5378 2134 5447 591).
2170 5376 2218 5429 Is
2244 5390 2364 5428 cum
2402 5373 2624 5428 Joannis
2651 5370 3019 5441 Chrysiistomi
3053 5370 3104 5423 in
3137 5369 3316 5422 sedem
3349 5367 3486 5435 tinn-

1900 5460 2423 5537 ειειιιιὶιιοριίὶέιειιιςιιιι
2466 5464 2811 5534 promovendi
2851 5473 3036 5515 auctor
3076 5461 3293 5524 fuisset,
3343 5460 3494 5513 initio

1900 5562 2017 5629 ejus
2059 5559 2271 5613 monitis
2308 5557 2617 5627 placitisque
2659 5555 2796 5608 haud
2836 5569 2977 5624 trgre
3016 5568 3219 5607 morem
3249 5553 3490 5622 gerebat.

1900 5653 2239 5722 Subindeque
2263 5658 2603 5704 accrescente
2632 5648 2867 5717 potentia
2893 5689 2909 5711 ,
2948 5661 3069 5699 cum
3105 5646 3241 5698 altos
3271 5643 3492 5712 spiritus

1901 5743 2295 5813 assumpsissct,
2318 5757 2421 5794 non
2436 5740 2721 5794 desistebat
2738 5735 3270 5810 Cbrysostomus,scd
3285 5734 3497 5789 diccbat

1904 5837 1978 5893 illi
2008 5836 2248 5906 fugitivus
2278 5849 2397 5887 esse
2427 5834 2637 5888 divitias
2679 5832 3023 5902 fragilemque
3060 5830 3347 5901 potentiam
3391 5842 3490 5883 sa:-
