4264 6306
750 449 847 501 I75

747 561 999 621 colat-em.
1034 558 1124 612 Illo
1154 567 1324 612 autem
1356 574 1465 612 rem
1494 572 1632 626 ψει-ε
1658 557 1878 621 ferente,
1904 555 2133 609 addebat
2154 554 2211 608 S.
2230 555 2325 607 do-

750 662 883 713 ctor,
917 665 976 703 se
1005 650 1092 717 qui
1124 659 1406 717 argueret,
1436 664 1558 701 vere
1586 649 1845 709 amicum;
1879 655 2207 712 cmterosquc
2237 644 2333 712 qui

747 735 891 812 {gi-sta
938 742 1102 811 ipsius
1146 740 1456 807 laudarent,
1505 738 1805 792 adulatores
1849 752 1989 790 esse.
2042 736 2329 803 Eutropius

754 849 881 885 vero
907 849 1018 886 rem
1051 832 1263 902 indigne
1302 830 1451 894 tulit,
1498 842 1562 881 ac
1601 828 1793 882 deinde
1822 826 2205 896 Cltrysostomo
2230 825 2326 877 ad.

750 923 1074 976 verSabatur.

825 1012 964 1065 Inter
992 1011 1091 1065 alia
1123 1024 1269 1069 vero,
1299 1024 1417 1079 qme
1441 1018 1635 1080 praeter
1662 1003 2023 1078 CliryStistnmi
2049 1002 2328 1056 consilium

748 1111 803 1155 et
837 1102 1156 1155 voluntatem
1197 1098 1831 1168 designavitEutropius,
1883 1099 2049 1163 legem
2084 1094 2205 1147 ferri
2238 1108 2331 1145 cu-

754 1192 909 1259 ravit,
943 1201 999 1245 ut
1024 1192 1157 1263 asyli
1198 1201 1251 1245 et
1280 1188 1631 1263 inununitatis
1652 1189 1740 1257 jus
1764 1188 2001 1241 ecclesiis
2032 1186 2330 1239 tolleretur.

756 1284 949 1356 \ernm
982 1282 1031 1339 id
1056 1283 1153 1355 ille
1198 1284 1248 1337 in
1290 1282 1599 1354 capitistsui
1646 1280 1929 1348 perniciem
1976 1276 2187 1331 molitus
2227 1284 2328 1328 est.

712 1369 717 1439 ξ
750 1373 883 1437 Cum
916 1373 1058 1449 enim
1088 1380 1269 1443 postea
1297 1380 1627 1431 accresceret
1653 1370 1751 1427 sibi
1782 1368 1919 1438 apud
1954 1367 2329 1439 Imperatorem

750 1468 949 1533 gratia,
1001 1465 1436 1519 Patriciinomen
1466 1471 1521 1517 et
1546 1462 1876 1516 consulatum
1908 1460 2029 1514 anni
2063 1458 2335 1527 undequa-

752 1556 1150 1623 tlringentesimi
1178 1562 1535 1623 eonsequutus
1562 1562 1662 1605 est.
1686 1554 1813 1620 Qua-
1836 1566 1921 1605 res
1946 1549 2127 1603 multis
2150 1548 2334 1616 displi-

754 1648 882 1700 coit.
903 1644 1135 1699 Tandem
1158 1645 1475 1712 Tribigildus
1498 1644 1741 1703 tribunus
1760 1644 1896 1696 clam
1919 1642 2126 1695 favente
2142 1637 2331 1701 Gaina,

739 1748 934 1790 .coacta
966 1737 1187 1791 militum
1220 1751 1376 1789 manu
1407 1751 1434 1787 a
1465 1733 1807 1787 formiduloso
1834 1731 2076 1799 Principe
2107 1728 2335 1785 Arcadio

760 1828 1089 1895 impetravit,
1134 1836 1188 1879 ut
1226 1825 1388 1895 gradu
1420 1824 1738 1893 dejiceretnr
1765 1820 2182 1891 Eutropius:qni
2213 1834 2332 1874 cmn

758 1917 1101 1987 Tribigildum
1128 1918 1368 1986 aliosque
1397 1917 1462 1970 ad
1480 1921 1674 1971 necem
1704 1915 1801 1969 sibi
1832 1912 2161 1968 inferendam
2182 1926 2331 1981 para-

759 2019 838 2062 tos
860 2018 1120 2069 cerneret,
1142 2008 1191 2060 in
1215 2006 1516 2073 ecclesiam,
1534 2004 1673 2075 quod
1694 2006 1903 2059 unicum
1921 2003 2018 2056 sibi
2043 2000 2333 2072 perfugiunt

762 2107 1057 2165 supererat,
1088 2112 1144 2149 se
1176 2097 1394 2165 recepit.
1423 2096 1741 2166 Tribigildus
1766 2092 2117 2164 autetn(‘1‘.5.
2146 2109 2191 2145 c.
2209 2092 2335 2161 591)

759 2198 813 2239 et
841 2188 1033 2240 milites
1059 2186 1203 2253 jnssa
1248 2186 1582 2255 imperatoris
1610 2185 1819 2239 Arcadii
1854 2200 1958 2253 pra:
1989 2182 2335 2249 seferentes,

763 2286 818 2327 ut
851 2276 949 2330 sibi
996 2276 1280 2344 Eutropius
1310 2272 1624 2330 'tradcretur
1650 2275 1995 2336 insistebant,
2041 2282 2095 2326 et
2141 2273 2339 2326 strictis

759 2365 949 2431 gladiis
986 2364 1039 2417 in
1080 2364 1356 2418 ecclesiam
1404 2365 1698 2433 irrumpere
1728 2364 1991 2417 volebant.
2031 2361 2224 2414 Verum
2257 2362 2337 2413 in-

761 2454 964 2523 trepide
980 2455 1183 2508 obstitit
1198 2452 1626 2525 Clirysostomus,
1646 2452 1862 2523 fugitivo
1881 2452 2117 2506 ecclesia:
2134 2450 2337 2521 asylum

761 2554 929 2604 tntum
960 2560 1079 2600 esse
1104 2545 1297 2600 debere
1326 2545 1527 2599 dicens.

834 2636 982 2689 Licet
1024 2632 1197 2689 autem
1238 2635 1286 2688 id
1330 2635 1465 2703 apud
1507 2635 1819 2703 scriptorem
1864 2634 2062 2688 nullum
2112 2633 2339 2696 feratur,

766 2728 1051 2800 verisimile
1078 2737 1157 2779 est
1185 2728 1351 2795 ipsum
1385 2728 1467 2780 vel
1499 2726 1871 2793 Imperatorem
1918 2724 2133 2789 adiisse,
2164 2724 2245 2777 vel
2276 2723 2341 2775 ad

766 2817 934 2883 ipsum
964 2817 1261 2884 quempiam
1279 2817 1486 2869 misisse
1506 2826 1775 2883 rogantem
1804 2826 1853 2867 ut
1872 2816 2091 2866 militum
2113 2814 2341 2865 furorem

764 2916 1148 2977 compesceret.
1175 2907 1325 2967 Nam,
1356 2918 1411 2959 ut
1444 2908 1554 2976 ipse
1576 2904 1987 2976 Cltrystistomus
2017 2905 2065 2957 in
2092 2904 2190 2956 hac
2217 2918 2345 2956 con-

767 3000 921 3053 cionc
948 2998 1093 3061 dicit,
1120 2998 1432 3066 Imperator,
1461 2997 1547 3065 qui
1573 2998 1746 3049 statim
1773 2995 2015 3048 mandata
2038 2993 2257 3047 dederat
2289 3000 2343 3044 ut

770 3092 1055 3157 liutropius
1076 3090 1390 3163 traderetur,
1416 3096 1610 3141 imitata
1634 3088 1892 3140 sententia
1922 3084 2006 3158 (Τ.
2031 3086 2082 3139 5.
2116 3098 2159 3135 c.
2186 3081 2341 3154 395);

774 3180 1047 3249 Postquam
1071 3180 1297 3250 cognovit
1317 3196 1428 3232 eum
1449 3180 1517 3231 ad
1537 3178 1737 3248 asylum
1764 3178 1985 3230 ecclesia:
2007 3194 2059 3230 se
2078 3193 2343 3243 recepisse,

770 3272 997 3340 uﬂluentc
1036 3271 1254 3322 exercitu
1294 3281 1339 3321 et
1381 3270 1627 3321 concitato
1670 3270 1729 3321 ob
1766 3270 1877 3336 ejus
1909 3270 2155 3333 crimina,
2188 3278 2344 3336 depo-

770 3370 1027 3427 scenteqne
1061 3360 1309 3411 hominem
1340 3360 1405 3411 ad
1441 3360 1769 3426 supplicium,
1799 3360 2001 3427 longam
2032 3358 2201 3411 [tabuit
2227 3376 2345 3411 ora-

772 3452 975 3516 tionem,
1008 3467 1106 3518 qua
1142 3452 1408 3503 inilt'tarem
1448 3451 1839 3520 indignationem
1866 3461 2225 3518 compesceret,
2256 3468 2346 3519 po-

772 3544 966 3596 stulans
990 3554 1039 3594 ut
1067 3560 1166 3594 non
1190 3542 1453 3610 culparum
1476 3544 1644 3601 modo,
1664 3543 1749 3595 sed
1774 3544 1922 3595 etiam
1950 3538 2077 3594 recte
2103 3546 2348 3612 {actorum

774 3634 1018 3684 rationem
1048 3631 1313 3695 haberent;
1344 3649 1457 3684 nam
1490 3633 1710 3701 proillis
1735 3635 1949 3701 gratiam
1980 3634 2075 3701 ipsi
2106 3635 2349 3698 habebat;

774 3723 818 3773 si
839 3723 960 3790 quid
990 3739 1100 3774 vero
1122 3740 1262 3774 secus
1285 3723 1498 3790 fecisset,
1528 3732 1765 3792 tanquam
1792 3725 1979 3777 homini
2005 3724 2100 3793 ipsi
2129 3726 2353 3794 ignosce-

776 3813 877 3865 but.
910 3814 1036 3867 Cant
1077 3824 1245 3866 autent
1285 3814 1362 3867 illi
1391 3816 1454 3868 tle
1492 3816 1687 3886 integro
1727 3824 1954 3885 urgerent
1981 3816 2048 3867 ad
2078 3817 2350 3869 vindictam

778 3906 885 3958 [α’δὶ
926 3902 1254 3972 Imperatoris
1275 3946 1287 3967 ,
1330 3906 1635 3969 clamantes,
1684 3907 1984 3969 exsilientes,
2016 3907 2083 3958 ad
2113 3907 2351 3959 ultionem

776 3998 1120 4065 deposcentes,
1150 3998 1319 4051 hastas
1345 3998 1589 4051 vibrantes
1614 4014 1631 4052 :
1652 4009 1754 4051 tum
1784 4014 1896 4051 vero
1919 4002 2078 4067 fontes
2104 3999 2352 4068 lacrymw

778 4104 892 4141 rum
922 4088 1319 4143 clementissimis
1337 4091 1440 4141 suis
1461 4089 1621 4141 oculis
1636 4087 1935 4153 elfundcns,
1954 4098 2355 4143 etsacrosanctte

779 4193 984 4239 mense,
1006 4180 1073 4230 ad
1096 4194 1243 4244 quant
1271 4182 1595 4250 confugerat,
1627 4180 1915 4251 religionem
1945 4177 2048 4233 illis
2076 4180 2350 4248 incutiens,

780 4282 915 4337 aegre
939 4268 1137 4320 tandem
1162 4268 1289 4321 iram
1316 4285 1484 4322 eorum
1511 4269 1721 4322 sedauit.

855 4360 931 4411 Eo
959 4358 1010 4411 in
1041 4367 1179 4412 statu
1212 4374 1299 4413 res
1323 4369 1503 4421 erant,
1531 4374 1651 4413 cum
1693 4358 2137 4431 Ctirysostomus,
2176 4364 2355 4429 paucis

781 4458 1056 4518 postquam
1089 4446 1375 4517 Eutrapius
1406 4451 1456 4503 in
1487 4450 1763 4504 ecclesiam
1790 4453 2098 4522 confugerat
2125 4453 2313 4509 diebus
2335 4496 2351 4520 ,

784 4540 835 4592 in
865 4539 1050 4595 eadem
1078 4540 1301 4594 ecclesia
1327 4540 1637 4593 concionem
1672 4539 1887 4604 habuit,
1936 4537 2197 4612 praesente
2246 4545 2356 4597 Eu-

782 4631 956 4700 tropio
989 4640 1041 4685 et
1067 4630 1339 4685 innumera
1370 4630 1545 4699 populi
1593 4632 1926 4685 multitudine
1949 4674 1963 4694 ,
2006 4650 2123 4702 quae
2152 4634 2218 4687 ad
2251 4645 2355 4688 lant

782 4713 1046 4791 singulare
1088 4720 1449 4788 spectaculum
1489 4721 1835 4776 conﬂuxerat.
1885 4722 2025 4779 Inter
2066 4740 2160 4779 eos
2207 4727 2356 4781 multi

782 4820 954 4873 erant,
987 4811 1074 4879 qtti
1104 4810 1415 4881 Eutropiutn
1442 4815 1839 4875 aversabantur,
1869 4814 2147 4883 ipsmnqne
2175 4818 2357 4870 militi-

784 4903 882 4955 bus
905 4902 1036 4955 tradi
1062 4902 1253 4956 debere
1275 4902 1582 4959 censebant.
1612 4904 1703 4959 llic
1724 4906 1917 4959 oratori
1945 4915 2127 4961 nostro
2153 4918 2360 4961 extem-

785 5006 1010 5059 poranea
1038 4992 1432 5062 oratioueopus
1462 4993 1586 5059 fuit;
1629 5010 1748 5062 qua:
1787 5006 1959 5049 tamen
1988 4996 2127 5052 inter
2148 5000 2359 5068 elegan-

786 5084 1014 5137 tissimas
1081 5084 1432 5153 computanda
1490 5094 1592 5140 est.
1647 5083 1762 5141 Non
1819 5089 1984 5141 semel
2042 5088 2356 5158 Etlll'Optum

786 5174 1088 5244 compellat,
1118 5183 1171 5228 et
1200 5167 1416 5230 monita.
1442 5175 1509 5230 ab
1547 5193 1605 5231 se
1647 5178 1746 5245 ipsi
1776 5179 1893 5230 data
1926 5178 1977 5233 in
2008 5192 2235 5234 mentem
2276 5199 2350 5236 re-

787 5260 969 5330 vocati
1022 5264 1144 5318 biuc
1190 5264 1256 5318 ad
1302 5266 1549 5334 populum
1591 5268 1949 5332 convertitur,
1991 5285 2147 5338 quem
2195 5280 2251 5324 ut
2294 5273 2358 5326 ad

784 5356 1302 5421 eonuniscratioucm
1331 5358 1634 5425 compellat,
1665 5358 1898 5428 Eutropii
1928 5348 2191 5416 fortunam
2224 5378 2360 5432 pra:-

791 5448 1020 5509 teritain,
1045 5450 1319 5515 praesentis
1343 5461 1467 5500 vero
1486 5446 1865 5515 deplorandum
1887 5464 2069 5505 casum
2097 5462 2203 5506 tam
2225 5454 2362 5523 aptis

791 5539 966 5593 verbis
1013 5524 1403 5607 reprzesentat,
1459 5547 1516 5592 ut
1568 5539 1647 5593 vel
1698 5538 2047 5597 ferocioribus
2098 5543 2361 5615 lacrymas

787 5640 1078 5685 excuteret.

861 5721 1071 5788 Elapsis
1101 5731 1218 5790 post
1260 5720 1395 5775 banc
1437 5719 1665 5775 habitam
1694 5722 1999 5777 concionem
2028 5723 2226 5795 aliquot
2248 5726 2362 5781 die-

792 5807 909 5879 bus,
947 5811 1225 5882 Eutropius
1264 5822 1318 5865 ut
1347 5812 1675 5866 inimicorum
1707 5813 1952 5868 excubias
1980 5813 2184 5872 falleret
2213 5833 2357 5873 sese-

1815 440 1868 495 S.
1913 438 2189 498 iUAiNNlS
2214 429 2699 494 Cilii'ISGSTOlil
2744 429 2922 496 ΥΙΊᾺ,

3920 416 4030 472 176

2432 567 2540 620 que
2569 551 2897 620 proriperet,
2936 545 3004 599 ab
3032 543 3257 599 ecclesia
3296 540 3517 605 aufugit.
3541 538 3761 607 [Verum
3789 544 4013 600 captus,

2430 651 2591 711 atque
2616 632 2672 693 in
2695 641 2923 710 tlyprum
2946 635 3210 704 relegatus
3234 650 3248 696 ;
3278 632 3576 698 deindeqne
3596 625 3736 681 haud
3760 628 3833 679 ita
3855 626 4036 678 multo

2431 708 2613 800 elapso
2652 708 2889 798 tempore
2918 725 3303 781 Clialcedonem
3334 722 3592 775 adductus
3615 727 3671 773 et
3697 708 3981 771 damnatus
4006 754 4029 781 ,

2433 826 2604 890 capite
2627 822 2813 889 plexus
2833 828 2933 873 est.

2510 913 2606 964 \iix
2646 910 2841 978 elapsis
2892 906 3098 961 duobus
3135 903 3221 975 (Τ.
3253 904 3309 959 3.
3353 917 3400 954 c.
3424 896 3564 973 595)
3621 908 3744 971 post
3778 896 4028 966 Eutropif

2435 1003 2608 1071 fugam
2634 1002 2821 1055 diebus
2848 1000 3161 1053 concionem
3180 995 3341 1049 aliam
3365 992 3551 1046 habuit
3574 990 4024 1063 Cbrysostomus,

2436 1094 2519 1145 ubi
2545 1090 2836 1160 prmmissis
2861 1084 3177 1157 quibusdam
3202 1083 3272 1139 de
3296 1081 3520 1136 utilitate
3542 1078 3790 1135 lectionis
3818 1079 4039 1131 divina-

2436 1198 2553 1235 rum
2584 1179 2979 1249 Scripturarum
3004 1218 3018 1241 ,
3050 1177 3327 1230 obsessam
3359 1171 3540 1242 paucis
3567 1180 3694 1223 ante
3719 1168 3914 1222 diebus
3939 1182 4039 1220 ee—

2433 1274 2647 1327 clesiam
2674 1271 2835 1325 fuisse
2859 1276 3068 1331 narrat,
3100 1280 3272 1335 neque
3300 1274 3477 1317 tamen
3505 1262 3757 1316 traditum
3785 1258 4026 1313 inimicis

2438 1366 2772 1432 Eutropiom,
2798 1362 2911 1431 qui,
2939 1361 2991 1415 si
3006 1358 3289 1414 ecclesiam
3322 1370 3426 1409 non
3453 1352 3811 1415 deseruisset,
3840 1361 4038 1419 captus

2438 1468 2723 1522 numquam
2748 1452 2952 1505 fuisset.
2976 1449 3195 1503 Fluxam
3218 1448 3409 1501 iterum
3434 1444 3782 1497 limnanarum
3808 1440 4041 1495 laculla-

2438 1558 2547 1600 tum
2578 1545 2989 1611 divitiarnmque
3027 1540 3386 1597 conditionem
3424 1540 3494 1591 ob
3517 1536 3699 1591 oculos
3725 1535 3915 1604 ponit:
3941 1533 4040 1587 de—

2435 1646 2740 1704 sertumque
2767 1634 2894 1703 dicit
2920 1632 2989 1686 ab
3017 1630 3235 1693 amicis,
3284 1644 3314 1681 a
3345 1626 3652 1682 domesticis
3672 1666 3687 1689 ,
3731 1639 3764 1679 a
3800 1623 4039 1678 fortunis

2436 1728 2684 1780 oiunibns
2728 1726 3063 1793 Eutropium.
3110 1721 3394 1789 Multisque
3420 1717 3613 1771 additis
3637 1716 3707 1770 de
3736 1730 3872 1769 vero
3899 1714 4040 1781 legi-

2439 1819 2672 1887 timoque
2695 1817 2997 1870 divitiarum
3029 1829 3164 1877 usu,
3209 1812 3382 1881 deque
3420 1810 3526 1863 vita
3568 1806 4038 1876 przeseuti,.quam

2440 1909 2916 1979 peregrinationem
2934 1921 3051 1961 esse
3067 1910 3469 1963 commonstrat,
3485 1899 3550 1953 ad
3568 1897 3824 1952 Ecclesiae
3844 1895 4046 1949 laudes

2440 2003 2659 2066 transit,
2690 2000 2909 2069 t‘jUsqne
2939 1998 3147 2065 nuptias
3173 2011 3293 2050 cum
3333 1992 3548 2047 Christo
3570 1991 3813 2061 pluribus
3844 2004 4040 2057 prose-

2438 2092 2651 2161 quitur,
2712 2091 2812 2143 hoc
2865 2090 3169 2157 frequenter
3218 2099 3344 2138 usus
3389 2082 3585 2138 Psaltni
3639 2079 4037 2149 quadragesimi

2440 2184 2613 2252 quan
2640 2182 2921 2243 versiculo,
2953 2180 3158 2233 Adstitit
3189 2178 3361 2245 regina
3382 2192 3413 2227 α
3443 2174 3633 2227 dextris
3652 2173 3752 2224 tuis
3772 2171 3824 2223 in
3855 2172 4040 2222 vestitu

2440 2276 2702 2335 deaurato,
2731 2283 2835 2326 etc.
2865 2273 2937 2325 De
2965 2271 3062 2323 bac
3092 2278 3358 2338 postrema
3385 2265 3615 2320 Itoniilire
3639 2271 3787 2333 parte
3812 2273 4041 2317 semen.

2442 2366 2567 2418 tiam
2598 2374 2831 2417 nostram
2864 2362 3091 2415 diximus
3120 2365 3169 2413 in
3201 2358 3419 2412 Muttito.

2511 2455 2690 2507 Gaina.’
2707 2454 3005 2521 petulantia.
3024 2450 3303 2505 —Gaittas
3332 2458 3450 2516 post
3475 2447 3811 2514 impetratam
3842 2444 4040 2512 partim

2443 2550 2512 2613 vi,
2542 2549 2729 2618 partim
2758 2547 2883 2600 dolo
2910 2546 3143 2614 liutropii
3187 2545 3393 2598 ruinam
3442 2542 3839 2611 pernicien'ique
3860 2536 3951 2605 (Τ.
3974 2538 4038 2599 f5.

2442 2659 2487 2693 c.
2520 2642 2672 2707 415),
2700 2640 3022 2707 petulantior
3048 2640 3096 2690 in
3126 2638 3239 2689 dies
3260 2636 3447 2693 evasit,
3476 2642 3634 2700 atque
3659 2648 3723 2685 eo
3751 2632 4041 2699 impuden-

2444 2730 2530 2782 tia:
2557 2720 2834 2797 processit,
2865 2738 2922 2781 ut
2948 2728 3111 2779 armis
3131 2728 3403 2794 cepiisque
3426 2726 3737 2787 instructus,
3761 2721 4041 2776 Saturnini

2444 2829 2498 2873 et
2523 2818 2794 2873 Aureliani
2818 2858 2831 2882 ,
2881 2818 2967 2886 qui
2999 2818 3136 2871 inter
3168 2815 3377 2883 luiperii
3419 2830 3668 2883 proceres
3696 2812 4039 2875 eminebant,

2444 2913 2615 2981 capita
2655 2911 3003 2980 deposceret,
3050 2925 3148 2963 nec
3190 2909 3291 2962 nisi
3333 2909 3433 2970 hac
3460 2907 3771 2962 conditione
3796 2921 3855 2960 se
3884 2921 4041 2960 arma

2448 3001 2740 3071 positurqu
2769 3015 2887 3053 esse
2910 3000 3264 3052 minitaretur.

2519 3092 2825 3145 Saturninus
2853 3104 2897 3144 et
2926 3092 3226 3143 Aurelianus
3252 3090 3302 3143 in
3322 3090 3555 3143 exsilium
3600 3088 3753 3158 pulsi.
3776 3116 3849 3127 -—-
3869 3088 4043 3142 Area.

2446 3184 2565 3237 dins
2591 3199 2715 3236 vero
2741 3184 3053 3250 Imperator,
3078 3183 3167 3252 qui
3192 3182 3259 3235 ob
3282 3181 3521 3235 inertiam
3546 3190 3851 3250 metumque
3870 3182 4043 3235 cuivis

2450 3275 2657 3343 injuria:
2687 3283 3019 3342 opportunus
3061 3282 3206 3337 erat,
3240 3288 3352 3325 rem
3398 3271 3735 3341 quantumvis
3764 3271 4040 3339 indignam

2448 3366 2710 3435 denegare
2739 3380 2839 3417 non
2872 3379 3051 3427 ausos,
3077 3373 3253 3417 tantos
3280 3365 3421 3416 viros
3449 3363 3513 3415 ad
3540 3378 3722 3417 necem
3748 3362 4045 3415 traditurus

2450 3466 2584 3520 erat,
2624 3456 2721 3508 nisi
2753 3454 3166 3524 Cbrysostomus
3190 3493 3205 3517 ,
3246 3463 3426 3519 utpote
3456 3452 3755 3505 communis
3797 3451 4041 3503 omnium

2453 3558 2625 3614 pater,
2660 3546 2735 3598 sic
2768 3546 2885 3608 ille,
2915 3544 3135 3599 Gainam
3170 3543 3409 3607 adiisset,
3442 3525 3767 3595 obambulans
3789 3583 3803 3603 ,
3831 3541 4043 3609 inquit.

2450 3636 2751 3697 exhortans,
2783 3636 3034 3695 obtestans
3054 3675 3068 3699 ,
3100 3634 3423 3703 supplicans,
3468 3642 3523 3684 ut
3566 3650 3597 3683 a
3626 3632 3845 3684 dominis
3870 3647 3930 3683 ea
3956 3648 4047 3683 ca-

2454 3725 2653 3777 lamitas
2692 3726 3060 3792 depelleretur;
3101 3724 3258 3793 idque
3298 3723 3511 3775 demunt
3542 3737 3571 3775 a
3600 3721 3825 3775 barbaro
3871 3723 4042 3787 impe-

2455 3824 2681 3877 trasset,
2715 3827 2772 3867 ut
2792 3816 2917 3869 satis
2946 3816 3192 3877 haberet,
3224 3814 3267 3867 si
3300 3812 3615 3867 Saturninus
3638 3818 3692 3865 et
3720 3800 4049 3865 Aurelianus

2456 3907 2505 3959 in
2537 3908 2779 3961 exsilium
2810 3907 3168 3960 mitterentur.

2527 3998 2581 4050 Id
2610 4014 2736 4050 vero
2765 3995 2958 4049 accidit
2992 4010 3133 4049 anno
3177 3995 3393 4048 ineunte
3429 3993 3534 4048 400
3559 4012 3572 4046 :
3597 4009 3703 4063 quo
3732 3993 3904 4062 posito
3932 3994 4047 4045 eal-

2454 4090 2574 4142 cnlo
2596 4104 2655 4141 ea
2679 4104 2796 4157 qua:
2820 4088 3124 4156 przccedunt
3147 4097 3198 4139 et
3220 4103 3337 4155 qua:
3358 4085 3751 4154 subsequuntur
3772 4096 4047 4145 constare,

2455 4192 2507 4235 et
2538 4182 2711 4235 locum
2756 4188 3067 4248 tempusque
3108 4193 3259 4239 suum
3308 4192 3569 4244 occupare
3616 4176 3907 4251 videntur“
3933 4176 4051 4228 lloc

2456 4280 2632 4323 autem
2674 4279 2887 4336 peracto
2927 4266 3137 4336 negotio
3166 4267 3474 4321 CttllClOltelll
3514 4263 4044 4334 ltal)llll.'Clll')'SOSl0-

2458 4377 2597 4426 tuus,
2628 4362 2724 4415 ubi
2744 4360 2809 4414 de
2843 4359 3429 4427 Constantinopolitano
3472 4358 3719 4419 tumultu,
3749 4356 3817 4411 de
3843 4358 4053 4410 vicissi-

2461 4454 2643 4507 tudine
2670 4451 3019 4504 liumanarum
3046 4464 3222 4503 rermn
3252 4449 3378 4518 agit.
3413 4448 3620 4517 Omnia,
3648 4449 3839 4514 inquit,
3869 4452 4049 4500 turba-

2458 4561 2569 4598 rum
2596 4561 2655 4595 ac
2686 4544 2991 4595 tumultuum
3028 4541 3175 4609 plena
3211 4550 3360 4602 sunt,
3402 4540 3572 4613 omnia
3600 4539 3795 4603 scapnli
3822 4535 3883 4589 ac
3915 4554 4055 4606 prc-

2459 4636 2653 4711 cipitia,
2682 4636 2851 4687 omnia
2877 4651 3026 4704 rupes
3052 4632 3143 4685 sub
3172 4632 3317 4699 aquis
3338 4632 3547 4685 latentes
3568 4646 3587 4684 :
3609 4632 3777 4683 omnia
3808 4640 4050 4694 terrores,

2460 4727 2773 4787 discrimina,
2821 4727 3149 4793 stispiciones,
3190 4734 3458 4786 tremores,
3504 4734 3550 4775 et
3591 4738 3825 4791 angores.
3879 4719 4052 4774 Nemo

2460 4820 2693 4886 cuiquam
2737 4818 2868 4883 ﬁdit,
2888 4855 2901 4869 .
2922 4855 2935 4869 .
2956 4854 3000 4868 ..
3021 4855 3034 4868 .
3081 4832 3179 4868 non
3218 4825 3291 4868 est
3332 4813 3523 4866 anticus
3558 4822 3691 4877 tutus
3715 4852 3731 4876 ,
3760 4827 3862 4864 non
3891 4811 4055 4877 frater

2462 4908 2655 4971 ﬁrmus.
2706 4907 2973 4961 Sublatum
3004 4915 3093 4967 «εει
3148 4905 3373 4957 caritatis
3417 4902 3629 4967 bonum,
3678 4901 3823 4957 civile
3864 4901 4054 4957 bellant

2461 5011 2672 5071 occupat
2706 5002 2903 5063 omnia,
2932 5000 3073 5053 civile
3094 5040 3110 5065 ,
3140 5010 3187 5051 et
3214 5016 3312 5051 non
3356 5007 3583 5067 apertum
3606 5038 3621 5060 ,
3651 4998 3738 5049 sed
3765 4994 4012 5048 obnnibra
4031 5026 4052 5036 -

2463 5104 2586 5145 tum.
2619 5091 2907 5145 lnnumera:
2936 5091 3114 5155 ubique
3151 5094 3335 5152 (arcte,
3385 5086 3635 5141 simulata
3663 5087 3817 5156 {acies
3844 5104 3864 5141 :
3892 5087 4055 5141 multa

2463 5184 2625 5235 ovium
2663 5183 2873 5246 vellera,
2907 5183 3155 5234 innumeri
3184 5182 3360 5249 ubique
3406 5179 3516 5246 lupi
3541 5178 3631 5232 sub
3666 5179 3743 5231 his
3772 5180 4010 5231 occultati
4037 5194 4057 5233 :

2465 5285 2519 5327 ut
2556 5277 2667 5343 jam
2708 5275 2835 5327 inter
2873 5274 3035 5327 hostes
3069 5272 3251 5342 aliquis
3302 5273 3454 5325 tutius
3497 5272 3704 5333 vixerit,
3746 5288 3902 5339 quam
3926 5271 4056 5323 inter

2465 5382 2549 5419 eos
2579 5367 2664 5435 qui
2691 5366 2920 5418 videntur
2942 5363 3109 5417 amici.
3136 5363 3231 5428 Qui
3249 5364 3356 5415 heri
3376 5361 3738 5426 adulabantur,
3767 5364 3851 5431 qui
3876 5378 4058 5415 manus

2466 5456 2843 5523 osculabantur,
2874 5456 3023 5509 hodie
3050 5467 3250 5525 repente
3279 5457 3517 5523 comperti
3548 5464 3663 5507 sunt
3692 5455 3879 5515 hostes,
3914 5453 4057 5520 obje-

2466 5553 2657 5620 ctisque
2694 5550 2845 5602 larvis
2867 5590 2879 5610 ,
2927 5549 3049 5617 facti
3082 5558 3198 5600 sunt
3242 5547 3471 5599 omnibus
3502 5545 3883 5598 accusatoribus
3915 5560 4061 5595 arer-

2466 5642 2665 5693 biores:
2689 5656 2779 5709 pro
2821 5638 2997 5706 quibus
3036 5638 3265 5691 hesterna
3313 5636 3394 5690 die
3436 5637 3626 5707 gratias
3668 5635 3912 5701 agebant,
3968 5636 4061 5687 hos

2465 5746 2599 5783 nunc
2638 5731 2869 5782 incusant
2900 5739 2947 5782 et
2974 5727 3367 5782 calninniantur.
3412 5726 3613 5781 Deinde
3649 5738 3778 5780 vero
3818 5726 3887 5777 de
3920 5727 4059 5777 divio

2466 5822 2654 5876 tiaru.n
2716 5819 2943 5874 vanitate
2993 5822 3262 5890 eleganter
3308 5834 3402 5888 pro
3453 5832 3603 5875 more
3657 5832 3751 5869 suo
3801 5817 4056 5872 ιιίπδετίις
