4264 6306
272 399 357 453 177
1433 390 1613 446 NIINC
1654 386 1913 445 PRIMUM
1942 399 1956 443 l

1433 390 1613 446 NUNC
1654 386 1913 445 [ιιιιδιωι
1942 386 2334 446 ADORNATA.

268 510 568 577 paupertatis
623 510 758 564 bona
809 505 1165 578 deprmdicat,
1220 512 1403 574 utpote
1452 519 1572 575 qua:
1614 512 1811 558 tantam

266 610 461 667 praestet
488 602 822 654 securitatem
843 640 857 661 ,
889 608 1141 667 quantum
1183 596 1379 650 divitiae
1406 596 1695 665 periculmn
1724 611 1820 663 pa-

264 692 411 742 riunt.
450 690 670 743 Demum
706 689 949 757 excuiplo
973 686 1090 743 Jobi
1125 686 1191 740 ad
1235 686 1565 741 calamitates
1610 685 1814 739 fortiter

262 777 487 832 ferendas
512 778 771 833 ltertatur.

322 867 502 922 (iam:
554 867 800 937 Magister
854 867 1049 920 militia:
1088 866 1402 920 constitutus.
1426 892 1503 907 -—
1526 854 1819 933 Postquam'

257 957 555 1011 Saturninus
597 966 650 1009 et
693 957 1006 1010 Aurelianus
1040 955 1187 1027 (Sos.
1231 956 1270 1009 I.
1314 955 1372 1010 8.
1405 971 1452 1008 c.
1496 955 1571 1023 4),
1624 965 1810 1023 pacato

256 1048 404 1101 Gaius
426 1088 439 1106 .
469 1048 518 1101 in
542 1047 785 1103 exsilium
813 1048 913 1101 acti
945 1048 1146 1101 fuerant
1176 1047 1346 1115 (Anno
1372 1046 1494 1115 400)
1517 1084 1533 1108 ,
1563 1060 1681 1097 cum
1710 1047 1811 1109 Ar-

254 1137 743 1205 eadiolmpemtore
771 1137 966 1191 Gainas
1009 1137 1062 1191 in
1109 1136 1331 1190 ecclesia
1350 1136 1490 1203 juxts
1519 1134 1812 1188 Chalcedo-

254 1242 361 1278 uctu
387 1227 503 1290 sita,
528 1229 615 1280 ubi
648 1228 704 1279 S.
739 1227 1043 1295 Eupbetnize
1070 1226 1315 1296 martyris
1342 1225 1642 1293 sepulcrum
1669 1233 1804 1284 erat,

252 1316 554 1383 collaquium
599 1316 780 1371 habuit
804 1358 817 1379 ,
849 1333 1071 1386 cmnque
1096 1332 1160 1370 ex
1192 1326 1345 1385 pacto
1371 1324 1632 1383 convento
1660 1330 1807 1368 arma

251 1407 592 1474 deposuisset,
622 1409 1035 1477 etjurejurando
1055 1407 1294 1466 adhibito
1318 1407 1471 1460 iidem
1503 1405 1809 1475 Imperatori

251 1498 509 1561 dedisset,
571 1502 831 1566 equestris
895 1500 1259 1569 pedestrisque
1320 1499 1522 1551 militiae
1567 1496 1813 1565 Magister

250 1592 555 1647 declaratur.
597 1592 769 1646 Tanto
808 1602 981 1645 autem
1016 1590 1227 1644 inllatus
1256 1590 1492 1650 bonore,
1536 1602 1623 1642 res
1648 1601 1810 1641 novas

250 1685 414 1737 moliri
448 1699 554 1736 non
597 1682 818 1737 distulit.
850 1684 977 1736 Erat
1005 1683 1092 1737 ilfe
1121 1683 1344 1736 Arianus
1364 1722 1377 1741 .
1408 1679 1625 1750 perinde
1654 1688 1810 1745 atque

249 1777 387 1829 nmlti
413 1777 503 1829 alii
527 1775 735 1841 Gottbi,
758 1775 845 1843 qui
871 1782 994 1828 tunc
1019 1775 1322 1843 episcopum
1353 1771 1807 1838 Constantanpoli

239 1868 500 1926 habebant
529 1886 542 1920 :
569 1867 914 1921 suadentibus
942 1878 1119 1920 autem
1151 1864 1388 1933 ejusdem
1418 1873 1577 1918 secta:
1606 1864 1810 1931 cpisco-

250 1958 322 2024 pis
359 1958 741 2027 Imperatorem
786 1959 1019 2028 rogavit,
1074 1972 1232 2010 unam
1259 1972 1322 2010 ex
1350 1955 1591 2010 ecclesiis
1617 1955 1811 2009 urbicis

245 2063 345 2100 sua:
366 2059 526 2102 secta:
548 2049 812 2113 traderet;
843 2049 1144 2103 indecorum
1166 2063 1285 2103 esse
1310 2048 1489 2102 dicens
1506 2048 1809 2116 Magistrum

248 2134 489 2190 llonmmc
523 2138 725 2191 militia:
747 2150 895 2192 extra
924 2138 1107 2191 urbem
1137 2138 1321 2191 orandi
1347 2154 1503 2191 causa
1529 2138 1806 2205 proﬁcisci.

242 2226 491 2281 Arcadius
517 2241 662 2292 vero,
691 2228 779 2296 qui
802 2226 1022 2281 Gainam
1046 2228 1333 2293 metuebat,
1361 2237 1419 2281 ut
1442 2227 1667 2282 etaulici
1694 2228 1811 2294 ejus

242 2332 419 2371 omnes
445 2360 457 2378 .
486 2334 549 2372 ea
576 2319 644 2372 de
671 2334 727 2375 re
761 2318 1166 2372 deliberaturum
1198 2333 1256 2372 se
1282 2317 1445 2382 dixit,
1486 2332 1809 2385 operamque

238 2409 478 2474 daturum
513 2419 570 2462 ιιι
613 2410 778 2478 ipsius
814 2409 1083 2463 desiderio
1127 2408 1277 2462 ﬁeret
1320 2410 1469 2462 satis.
1521 2410 1811 2475 Imperator

237 2509 404 2553 autem
443 2499 707 2554 Joannem
752 2511 988 2553 n05trum
1040 2498 1295 2561 advocat,
1343 2498 1523 2553 Gaime
1570 2509 1807 2567 optatum

236 2592 421 2658 docet,
455 2593 578 2660 ejus
608 2593 892 2659 potentiam
926 2600 1339 2656 commemorat,
1382 2591 1550 2658 ipsqu
1575 2588 1809 2660 tyranni-

234 2683 346 2735 dem
394 2683 644 2737 meditari
690 2698 793 2735 non
837 2681 1064 2735 obscure
1113 2680 1326 2745 indicat,
1369 2680 1710 2749 hortaturque
1752 2690 1809 2733 ut

235 2774 439 2827 barbari
473 2775 713 2827 animum
765 2773 812 2827 id
842 2772 1183 2826 concedendo
1212 2783 1515 2839 compescat
1546 2770 1805 2842 (Theodo-

232 2877 319 2916 γει.
357 2870 394 2918 l.
422 2865 477 2919 5.
528 2882 573 2917 c.
621 2866 731 2934 32).
767 2864 1055 2934 Respondit
1088 2864 1320 2919 Joannes
1342 2903 1359 2928 ,
1393 2864 1698 2932 Imperatori
1729 2862 1806 2917 fas

232 2972 331 3007 non
371 2970 497 3009 esse
528 2956 650 3007 talia
692 2955 962 3023 polliceri,
1005 2964 1059 3008 et
1098 2964 1279 3007 sancta
1315 2956 1537 3008 canibus
1561 2955 1806 3011 dare:se

233 3060 356 3097 vero
389 3045 697 3113 nentiquam
742 3058 895 3111 rosa:
939 3044 1240 3098 Catliolicos
1278 3045 1345 3097 ab
1370 3043 1589 3097 eet-lesia
1619 3044 1805 3111 quavis

228 3138 456 3203 ejicere,
490 3146 552 3189 ut
595 3135 808 3189 inducat
846 3136 1070 3188 Arianos
1092 3174 1107 3199 ,
1148 3135 1247 3203 qui
1269 3135 1321 3188 in
1360 3133 1547 3186 Filium
1576 3134 1665 3186 Dei
1693 3133 1800 3185 bla-

226 3228 445 3293 spbcma
486 3226 804 3296 proferrent,
847 3240 1017 3293 neque
1047 3234 1190 3277 metu
1220 3223 1433 3277 barbari
1463 3221 1657 3277 debere
1688 3239 1802 3274 ιιιοο

229 3319 332 3370 veri
355 3337 367 3371 :
391 3318 488 3371 sed
518 3317 702 3371 ambos
720 3316 980 3369 advocare
1003 3326 1170 3383 rogat,
1194 3328 1251 3368 se
1275 3329 1463 3381 nempe
1484 3322 1538 3366 et
1558 3312 1801 3376 Gaiuam,

224 3422 549 3477 sperarcque
592 3423 651 3461 se
706 3407 850 3460 illutn
900 3421 965 3460 eo
1009 3405 1360 3459 adducturum
1403 3418 1558 3467 esse,
1613 3413 1661 3455 ut
1697 3418 1801 3454 non

226 3500 354 3560 qum
387 3500 540 3568 paria
570 3499 878 3567 postularet.
920 3498 1011 3550 His
1041 3496 1235 3550 auditis
1259 3495 1557 3565 Imperator
1588 3511 1805 3562 ηιπὶέηο·

226 3604 346 3655 perc
372 3588 592 3658 gavisus
617 3597 697 3641 est
718 3627 735 3655 ,
775 3598 827 3641 et
856 3587 1109 3656 postridie
1135 3596 1415 3652 utrumque
1440 3585 1595 3653 jussit
1622 3584 1801 3638 acciri.

223 3667 464 3733 Accessit
510 3677 706 3732 Gaiuas
745 3676 976 3750 (Sozam.
1025 3677 1062 3730 l.
1103 3678 1156 3731 8.
1203 3693 1248 3729 e.
1290 3676 1382 3746 4);
1431 3676 1600 3728 adfuit
1643 3675 1801 3727 etiam

222 3771 636 3841 (lbrysostomus
662 3784 780 3833 cum
811 3769 1078 3837 CpisCUpls
1106 3770 1194 3837 qui
1225 3760 1802 3837 tumConstabtinOpoli

222 3871 371 3911 erant
410 3858 743 3930 (Titi-adoret.
783 3859 819 3911 l.
857 3860 910 3913 5.
951 3874 998 3911 c.
1036 3857 1148 3927 59.).

287 3950 485 4003 (iuiuus
538 3966 567 4000 a
619 3950 972 4019 Chrysostomo
1027 3964 1305 4016 repressus.
1339 3976 1406 3988 -—
1434 3946 1567 4000 Tum
1609 3946 1803 3999 Gainas

221 4043 482 4107 promissa
527 4040 625 4092 sibi
668 4039 779 4092 dari
822 4038 1109 4109 ﬂagitabat.
1155 4038 1495 4092 Reclamabat
1539 4038 1799 4100 Joannes,

219 4152 319 4189 non
362 4137 529 4189 licere
570 4136 872 4203 Imperatori
907 4136 993 4203 qui
1023 4135 1160 4203 piam
1191 4133 1500 4201 religionem
1526 4132 1801 4201 proiitcre-

219 4237 299 4278 tur
324 4268 338 4290 ,
383 4228 644 4281 adversus
681 4240 767 4279 res
817 4226 1022 4278 divinas
1060 4225 1343 4293 quidquam
1379 4231 1659 4275 attentare.
1704 4220 1804 4275 lle-

217 4321 365 4387 ponit
394 4320 664 4385 Guttbus,
708 4335 917 4388 tequum
965 4334 1083 4373 esse
1130 4326 1187 4371 ut
1230 4320 1341 4388 ipse
1384 4332 1593 4385 quoque
1632 4315 1800 4369 aedem

214 4426 447 4475 serant,
478 4413 653 4480 inqua
678 4419 1004 4479 precaretur,
1039 4410 1272 4463 haberet.
1301 4409 1433 4462 Tum
1463 4424 1683 4477 magnus
1713 4406 1801 4460 ille

217 4500 484 4556 Joannes:
508 4500 693 4555 Omnes
716 4500 801 4554 tibi
824 4510 1013 4571 apertae
1037 4508 1151 4553 sunt
1178 4501 1311 4553 sedes
1334 4514 1512 4561 sacrm,
1540 4514 1630 4551 nec
1661 4496 1796 4550 ullus

215 4594 413 4645 aditum
455 4591 752 4659 prohibebit,
792 4592 835 4645 si
878 4592 1071 4661 precari
1108 4591 1343 4643 uolueris.
1382 4591 1443 4642 At
1476 4606 1596 4661 rgo,
1634 4590 1800 4657 inquit

214 4684 435 4750 (istiuas,
484 4683 694 4736 alterius
731 4698 841 4735 sum
877 4691 1056 4746 se‘ctte,
1092 4691 1143 4742 et
1182 4697 1297 4735 cum
1332 4682 1642 4735 consortibus
1679 4682 1800 4734 meis

214 4793 368 4828 uitam
397 4775 663 4828 ecclesiam
690 4784 833 4842 peto;
862 4775 1013 4845 idque
1032 4775 1150 4844 jure
1168 4774 1291 4830 mihi
1312 4783 1474 4845 petere
1493 4773 1687 4836 videor,
1716 4772 1801 4839 qui

212 4868 371 4918 madta
416 4880 513 4935 pro
560 4865 802 4919 Romanis
845 4864 1090 4919 bellorum
1146 4866 1443 4919 discrimina
1490 4864 1796 4932 pertulerint.

212 4959 290 5012 Ad
319 4959 446 5012 tunc
466 4955 699 5011 Joannes
724 4974 738 5011 :
759 4958 862 5011 Sed
891 4958 1061 5019 habes,
1091 4957 1279 5026 inquit,
1310 4957 1519 5022 prannia
1547 4956 1798 5011 laboribus

210 5035 309 5101 tuis
336 5048 495 5117 longe
517 5049 713 5116 majora
731 5062 749 5099 :
767 5063 884 5099 nam
918 5056 965 5100 et
996 5044 1240 5117 Magister
1269 5045 1487 5098 militum
1514 5055 1727 5110 creatus,
1754 5054 1799 5098 et

210 5137 478 5192 consulari
504 5147 633 5190 ueste
658 5147 863 5189 ornatus
890 5154 963 5190 es.
996 5136 1291 5192 Consideres
1310 5146 1501 5207 oportet
1530 5137 1652 5205 quid
1679 5138 1800 5190 olim

211 5234 371 5301 {cteris
398 5238 450 5285 et
474 5230 597 5299 quid
627 5245 759 5282 mmc
782 5231 887 5291 sis;
926 5239 1115 5299 quanta
1142 5230 1292 5299 fuerit
1318 5230 1455 5298 )rior
1474 5240 1664 5301 egestas
1690 5240 1796 5291 tua,

210 5322 569 5393 quanta'nunc
598 5339 763 5375 rerum
799 5323 977 5395 copia,-
1019 5320 1196 5390 quibus
1242 5322 1543 5376 vestimentis
1577 5338 1699 5375 usus
1730 5322 1799 5374 sis

211 5417 516 5483 priusquam
561 5411 754 5466 Istrum
806 5413 1099 5477 trajiceres,
1151 5411 1329 5482 quibus
1392 5428 1525 5466 nunc
1572 5412 1799 5466 induaris

212 5505 455 5572 (Sozam.
497 5504 535 5556 ι.
575 5502 629 5557 8.
675 5517 724 5555 ε.
767 5502 846 5571 4).
889 5502 944 5555 lu
974 5502 1283 5555 memoriam
1316 5500 1583 5556 remeavit
1608 5502 1796 5567 etiam,

212 5597 496 5666 quomodo
525 5610 646 5649 cum
675 5609 704 5647 a
734 5596 903 5664 patria
928 5594 1219 5665 aufugisset
1241 5610 1272 5649 a
1302 5593 1602 5650 Tbeodosro
1628 5594 1798 5664 impe-

210 5704 400 5745 ratore
427 5699 479 5743 et
522 5686 731 5742 Arcadii
772 5696 919 5756 patre
944 5694 1191 5740 servatus
1214 5686 1426 5752 luisset,
1465 5686 1800 5755 jurassetque

210 5797 270 5837 se
298 5780 555 5835 ltomanis
584 5778 833 5845 amicum,
857 5777 1061 5847 ipsique
1080 5791 1141 5832 ac
1162 5775 1339 5831 liberis
1360 5776 1471 5847 ejus
1494 5792 1554 5830 ac
1574 5776 1793 5846 legibus.

3394 396 3491 451 173

1924 515 2057 571 quas
2083 519 2220 559 nunc
2245 505 2497 574 abrogare
2528 506 2838 564 conabatur.
2870 505 3027 560 lidmn
3056 517 3309 576 perpetuo
3335 524 3488 560 mau-

1920 611 2102 649 surum
2131 612 2269 651 esse.
2312 597 2562 666 Tuncque
2589 595 2756 665 legem
2785 614 2810 649 a
2841 586 3139 651 Tlieodosio
3171 599 3326 652 latam
3370 614 3497 669 pio-7

1921 686 2071 751 tulit,
2109 702 2227 755 qua:
2264 694 2503 741 vetuerat
2546 702 2611 740 ne
2653 686 2883 741 haeretici
2927 689 3059 740 intra
3107 688 3250 741 urbis
3293 693 3488 743 tuomia

1918 778 2166 832 collectas
2192 778 2544 831 celebrarent.
2578 777 2701 831 Post
2728 778 2839 835 inec
2865 778 2929 830 ad
2961 784 3334 850 Imperatorem
3358 793 3486 832 con-

1918 883 2101 922 versus
2138 869 2307 921 suasit
2347 868 2444 935 ipsi
2485 877 2540 921 ttt
2584 869 2750 937 legem
2774 911 2786 930 ,
2825 884 2941 938 qum
2972 871 3225 923 adversus
3256 868 3487 924 ltzcrcses

1916 959 2016 1011 lata
2041 961 2228 1021 fuerat,
2250 970 2417 1011 ratam
2444 968 2710 1012 servaret:
2731 961 2894 1012 satius
2916 975 3034 1013 esse
3054 959 3237 1013 dit-eus
3265 961 3488 1027 imperio

1914 1049 2134 1112 cedere,
2162 1065 2317 1117 quam
2354 1049 2554 1116 prodita
2589 1050 2681 1103 Dei
2726 1051 2883 1105 domo
2916 1052 3174 1119 piaculum
3207 1052 3489 1108 admittere

1915 1137 2235 1210 (Theodoret.
2265 1138 2369 1193 L5.
2396 1155 2441 1191 c.
2474 1139 2589 1207 3:2).
2608 1140 2914 1209 llujusmodi
2943 1125 3278 1197 sermonibus
3300 1143 3489 1197 doctor

1916 1230 2002 1284 ille
2028 1230 2171 1285 orbis
2197 1238 2456 1287 terrarum
2505 1231 2596 1300 (sic
2624 1229 3009 1301 Tlteodoretus),
3031 1233 3210 1287 Gaium
3241 1250 3301 1288 os
3327 1236 3487 1288 obtu-

1915 1321 2065 1383 ravit,
2100 1331 2153 1374 et
2182 1333 2357 1375 tacere
2383 1337 2505 1375 eum
2528 1321 2784 1392 compulit
2818 1321 3108 1392 (Sesami.
3143 1324 3190 1383 8.
3225 1342 3268 1387 ρ.
3300 1325 3377 1394 4).

1987 1410 2163 1464 Caluo:
2190 1421 2328 1479 gesta
2351 1421 2397 1463 et
2416 1427 2745 1468 recessus.——
2779 1410 2885 1481 Spe
2939 1411 3117 1480 lapsus
3163 1414 3392 1479 Cainas,
3434 1423 3487 1469 ct

1914 1501 2064 1572 quasi
2114 1504 2165 1556 in
2196 1501 2427 1558 furorem
2455 1513 2639 1569 actus,
2663 1504 2817 1557 iidem
2846 1504 3044 1559 violare
3072 1516 3126 1559 et
3166 1507 3346 1559 urbem
3394 1507 3488 1559 de-

1916 1592 2137 1662 przedari
2159 1592 2267 1662 jam
2294 1592 2665 1648 meditabatur.
2696 1594 2823 1662 Ejus
2848 1603 3023 1647 autem
3053 1596 3266 1648 insidias
3284 1636 3300 1660 ,
3320 1595 3489 1665 inquit

1914 1682 2271 1747 Sozomeuus,
2306 1674 2680 1752 prmrtttntiavit
2713 1693 2981 1748 cometes,
3020 1684 3108 1752 qui
3163 1694 3285 1738 tunc
3328 1702 3486 1752 supra

1913 1773 2181 1827 civitatem
2208 1774 2467 1826 maximus
2494 1775 2769 1842 apparuit,
2824 1789 2990 1844 usque
3035 1774 3100 1828 ad
3145 1783 3337 1829 terram
3377 1776 3489 1830 fere

1914 1866 2246 1933 p:-rtiugens,
2269 1874 2323 1920 et
2348 1866 2516 1934 qualis
2539 1880 2823 1935 numquam
2848 1875 3000 1919 antea
3029 1867 3169 1920 visus
3186 1867 3347 1921 fuisse
3371 1883 3487 1923 me-

1915 1967 2167 2011 moratur.
2190 1958 2269 2011 Ac
2301 1958 2470 2025 primo
2523 1956 2738 2027 quidem
2784 1957 3201 2027 argentariorum
3249 1959 3486 2013 ofﬁcinas

1916 2047 2163 2101 invadere
2205 2048 2474 2109 tentabat,
2509 2048 2789 2100 maximam
2830 2064 2887 2101 se
2933 2049 3171 2119 pecunim
3224 2066 3483 2103 sunnnam

1916 2139 2035 2191 inde
2064 2139 2407 2192 cnllecturum
2438 2154 2679 2207 sperans.
2706 2138 2837 2191 Cum
2865 2149 3036 2191 autem
3060 2155 3271 2193 rumore
3302 2141 3487 2193 nuntio

1914 2230 1964 2283 in
1998 2230 2237 2283 notitiam
2270 2230 2501 2284 venisset
2525 2231 2670 2283 illum
2723 2232 2845 2283 talia
2898 2231 3175 2297 meditari,
3204 2235 3479 2299 argentarii

1913 2323 1963 2373 in
1988 2320 2203 2373 latebris
2231 2321 2407 2373 omnia
2440 2335 2697 2387 posuere:
2724 2320 2792 2372 ita
2814 2322 2987 2374 onmis
3012 2321 3142 2374 lucri
3201 2322 3322 2376 inde
3364 2338 3486 2394 pcr-

1912 2411 2283 2480 cipiendispes
2311 2410 2407 2479 ipsi
2431 2410 2678 2465 avolavit.
2713 2411 2846 2465 Tum
2886 2428 2981 2467 ceu
3028 2413 3171 2467 rabie
3213 2424 3485 2482 correptus

1912 2484 2108 2554 Gainas
2128 2542 2142 2563 ,
2165 2502 2275 2553 suis
2296 2500 2562 2555 mandavit
2588 2511 2643 2555 ut
2661 2502 2932 2570 imperiale
2956 2502 3200 2571 palatium
3233 2504 3485 2558 incende-

1912 2601 2047 2645 rent.
2074 2592 2168 2645 llic
2192 2599 2315 2645 vero
2346 2609 2455 2645 rem
2487 2592 2724 2661 prodigio
2748 2594 2974 2646 similem
3016 2604 3196 2648 narrat
3230 2594 3483 2649 Sozomc-

1910 2696 2044 2745 nus;
2076 2682 2550 2750 ncmpeingcntctn
2578 2680 2801 2735 militum
2846 2698 3122 2736 numerum
3162 2694 3283 2737 ante
3337 2686 3485 2752 pata-

1912 2772 2039 2825 tium
2067 2772 2315 2825 divinitus
2340 2775 2700 2841 comparuisse
2719 2814 2735 2839 ,
2765 2774 3121 2844 barbarosque
3160 2785 3212 2828 ct
3263 2775 3483 2828 Gainam

1912 2863 2081 2931 ipsum
2106 2879 2170 2917 ne
2195 2875 2368 2930 empta
2400 2866 2714 2933 perlicerent
2736 2866 3057 2919 deterruisse
3076 2905 3092 2929 ,
3111 2867 3319 2934 aliaque
3364 2881 3483 2919 nar-

1911 2964 1989 3007 rat
2012 2970 2129 3022 qua:
2165 2953 2391 3007 fabulam
2434 2970 2621 3026 sapere
2667 2955 2934 3009 videntur.
2961 2955 3121 3008 Addit
3158 2955 3482 3010 Sozomcnus

1907 3058 1969 3095 ex
2004 3044 2241 3096 barbaris
2286 3044 2387 3096 illis
2416 3043 2550 3096 alios
2577 3032 2625 3096 in
2669 3044 2802 3098 urbe
2850 3046 3138 3110 mansisse,
3194 3045 3322 3098 alios
3363 3061 3481 3097 cum

1907 3136 2071 3192 Gaina
2100 3153 2508 3207 cgressoscsse,
2540 3147 2591 3191 et
2613 3138 2907 3191 clanculmn
2939 3154 3081 3192 arma
3126 3139 3176 3195 in
3228 3140 3479 3193 vehicuTis

1909 3228 2221 3282 feminarum
2248 3270 2263 3293 ,
2286 3237 2340 3283 et
2371 3229 2420 3280 in
2449 3228 2603 3281 dttlllS
2632 3228 2733 3282 tela
2778 3230 3159 3297 esportavissc.
3206 3228 3308 3283 Sed
3359 3245 3479 3286 cunt

1906 3318 2222 3385 deprehensi
2250 3328 2461 3379 essent,
2496 3326 2765 3385 portarum
2814 3318 3101 3384 custodes,
3147 3320 3314 3388 inquit
3358 3322 3476 3382 ille,

1905 3410 1993 3477 qui
2022 3425 2087 3460 ne
2114 3423 2259 3460 arma
2290 3416 2630 3475 exportarent
2681 3408 3025 3476 prohibebant
3045 3451 3059 3472 ,
3086 3409 3477 3462 interfecerunt.

1908 3496 2095 3565 lugens
2121 3506 2241 3550 tunc
2268 3498 2521 3549 tumultus
2546 3512 2607 3550 ac
2630 3506 2807 3552 terror
2848 3514 3032 3552 omnes
3079 3500 3298 3561 invasit,
3329 3499 3479 3566 quasi

1902 3588 2118 3657 jamjam
2140 3588 2265 3640 urbs
2292 3587 2543 3656 capienda
2573 3598 2625 3640 et
2646 3587 2925 3656 expilanda
2954 3597 3117 3645 esset.
3152 3591 3216 3641 At
3249 3589 3478 3656 Impera-

1906 3687 1990 3731 tor
2011 3675 2299 3742 Arcadius,
2326 3679 2521 3745 optimo
2546 3685 2674 3731 tunc
2700 3693 2824 3732 usus
2867 3679 3087 3733 Consilio
3107 3720 3120 3742 ,
3138 3678 3353 3732 Cuittatn
3388 3680 3478 3730 lto-

1904 3777 2041 3823 stem
2067 3768 2387 3834 declaravit,
2412 3768 2695 3833 barbaros,
2726 3770 2812 3837 qui
2843 3771 2894 3821 in
2918 3770 3047 3822 urbe
3094 3779 3244 3822 erant
3265 3810 3279 3833 ,
3311 3771 3476 3822 occidi

1900 3859 2057 3928 jussit
2097 3876 2112 3914 :
2158 3858 2457 3929 militesque
2509 3860 2706 3927 impetu
2752 3859 2802 3911 in
2858 3859 2973 3912 illos
3012 3860 3146 3912 fat-to
3190 3861 3476 3914 niaximum

1908 3953 2115 4006 illorum
2162 3965 2362 4021 partem
2412 3953 2768 4014 trucidaverc;
2812 3950 3089 4005 ecclesiam
3141 3936 3301 4016 vero,
3358 3969 3477 4021 quae

1905 4040 2181 4098 dicebatur
2230 4043 2547 4098 Gottborum
2571 4082 2587 4107 ,
2618 4043 2858 4096 incendio
2887 4056 3363 4112 consmnpseruut,
3421 4044 3474 4097 in

1904 4150 2008 4204 qua
2039 4134 2219 4189 Gottlti
2243 4135 2391 4188 multi
2419 4134 2645 4187 ﬂammis
2677 4134 2851 4187 traditi
2881 4136 3101 4203 periere.
3134 4136 3319 4188 Postea
3352 4153 3477 4189 vero

1906 4226 2233 4279 Sozomenus
2260 4224 2439 4280 Gaime
2468 4234 2612 4293 gesta
2653 4234 2888 4279 recenset
2914 4264 2931 4289 ,
2981 4236 3033 4277 et
3080 4227 3254 4278 οιιιηίςι
3300 4228 3479 4293 paucis

1907 4318 2241 4386 persequitur
2264 4316 2329 4368 ad
2358 4331 2525 4384 usque
2547 4314 2661 4384 ejus
2690 4315 2892 4369 cladem
2944 4327 2997 4369 et
3046 4332 3250 4369 IICCt'm.
3309 4315 3362 4370 in
3414 4318 3475 4370 iis

1902 4423 2029 4461 vero
2062 4404 2179 4476 qua:
2206 4416 2419 4474 narrat,
2447 4408 2687 4477 qua-dam
2737 4422 2859 4460 vera
2911 4422 3031 4462 esse
3070 4407 3333 4471 videntur,
3381 4408 3472 4461 ενά

1903 4497 2050 4551 falsis
2078 4497 2395 4551 intermixta.

1974 4589 2089 4642 Alia
2118 4597 2298 4641 narrat
2321 4587 2689 4643 Tlteodoretus
2717 4586 3044 4656 (Tlteodoret.
3074 4590 3111 4642 Ι.
3142 4590 3198 4647 5.
3238 4605 3286 4643 e.
3333 4590 3400 4645 '52
3429 4603 3474 4642 et

1900 4666 2015 4749 33).
2048 4679 2180 4732 Cum
2210 4676 2404 4733 Gainas
2448 4678 2548 4734 sibi
2570 4687 2625 4733 et
2672 4681 2783 4732 suis
2832 4678 3111 4733 ecclesiam
3162 4682 3475 4751 postulans,

1901 4771 2019 4841 ejus
2044 4772 2313 4843 potiundae
2342 4786 2436 4840 spe
2460 4771 2637 4841 lapsus
2665 4779 2841 4835 esset,
2869 4771 3154 4840 aliquando
3186 4784 3301 4841 post
3344 4783 3475 4826 tem-

1905 4878 2035 4931 pore
2066 4865 2116 4916 in
2146 4870 2385 4931 apertam
2411 4863 2743 4934 tyrannidem
2771 4861 2972 4930 erupit,
3005 4863 3331 4932 collectoque
3382 4878 3475 4931 pcr

1903 4954 2181 5010 Thraciam
2209 4954 2478 5021 exercitu,
2505 4964 2713 5007 vastare
2742 4953 2917 5007 omnia
2943 4962 2995 5007 et
3024 4953 3244 5021 prmdari
3292 4955 3473 5022 cu-pit.

1904 5048 2016 5114 Qua
2042 5062 2099 5104 re
2127 5046 2383 5108 nuntiata,
2406 5052 2550 5100 metu
2574 5059 2759 5099 omnes
2781 5045 3004 5114 perculsi
3034 5053 3186 5100 sunt:
3210 5056 3313 5099 tam
3336 5046 3475 5115 opti-

1902 5146 2103 5202 mates,
2152 5151 2308 5207 quam
2351 5136 2599 5207 populum
2644 5144 2815 5189 terror
2854 5136 3064 5189 invasit.
3111 5135 3296 5206 Neque
3340 5138 3477 5191 udus

1900 5236 2019 5285 erat
2040 5229 2129 5299 qui
2155 5228 2339 5300 prtelio
2364 5244 2486 5282 cum
2532 5226 2622 5282 illo
2664 5227 2913 5297 congredi
2951 5228 3143 5295 vellet,
3178 5244 3333 5282 nemo
3387 5230 3476 5297 qui

1903 5319 2223 5390 legationem
2249 5319 2315 5373 ad
2346 5320 2492 5373 illum
2515 5319 2663 5374 obire
2691 5330 2857 5373 tutum
2886 5318 3159 5383 crederet,
3186 5320 3325 5385 quod
3360 5318 3479 5372 bar-

1906 5412 2090 5466 barum
2112 5412 2229 5480 ejus
2248 5411 2480 5465 animum
2510 5427 2696 5466 omnes
2722 5410 3148 5466 reformidarent.
3180 5409 3314 5465 Cum
3350 5427 3479 5481 ergo

1903 5502 1956 5559 ld
2008 5490 2204 5572 negotii
2249 5517 2405 5557 nemo
2456 5503 2725 5569 suscipere
2751 5501 3002 5568 auderet,
3048 5503 3113 5556 ad
3158 5500 3478 5570 intrepidum

1901 5593 2339 5665 Chrysostomum
2368 5594 2489 5655 itur,
2517 5594 2605 5663 qui
2626 5632 2642 5655 ,
2677 5592 2777 5647 etsi
2826 5593 2937 5663 ipse
2965 5592 3227 5662 przccipua
3280 5592 3479 5649 irarum

1903 5699 2062 5738 causa
2093 5684 2291 5747 fuerat.
2330 5684 2381 5738 in
2405 5683 2687 5738 Thraciam
2734 5684 2833 5737 iter
2854 5684 3122 5754 suscepit,
3152 5681 3481 5754 Gainamque

1908 5774 2056 5829 adiit.
2090 5774 2183 5829 llic
2207 5790 2332 5829 vero
2354 5778 2518 5845 magis
2549 5790 2609 5829 ac
2640 5774 2805 5845 magis
2842 5774 3061 5843 enituit,
3100 5780 3360 5845 quantum
3390 5790 3480 5827 va—
