4264 6306
763 362 862 419 ιπ

761 483 866 537 teat
891 482 1056 535 rirtus
1075 521 1088 544 ,
1116 491 1369 549 quantum
1402 481 1608 538 sincera
1637 479 1804 549 pietas
1825 522 1840 544 ,
1871 494 1994 550 erga
2020 480 2139 534 illos
2176 491 2337 534 etiam

759 587 893 643 quos
920 571 1233 642 impugnare
1244 572 1467 642 cogitur.
1490 571 1685 626 Gainas
1706 570 1962 628 barbarus
1982 581 2035 625 et
2058 579 2335 652 tyrannus,

758 665 877 735 ejus
932 665 1206 733 pristinam
1238 679 1334 733 pro
1377 662 1585 732 pietatis
1631 662 1942 718 defensione
1987 661 2336 718 constantiam

760 755 1015 827 memoria
1044 765 1324 824 repetens,
1361 754 1542 807 libenti
1574 754 1752 807 animo
1793 754 1846 807 in
1893 768 2173 808 occursum
2221 750 2338 821 ejus
2377 753 2381 755 “

758 846 938 910 venit,
990 846 1211 914 ejusque
1257 845 1526 898 dexteram
1577 844 1745 898 oculis
1795 843 1907 896 suis
1951 844 2232 915 imposuit,
2282 851 2338 896 et

762 934 901 989 tilios
933 950 1059 988 suos
1086 935 1247 988 sacris
1274 934 1416 987 illius
1444 935 1665 1003 genibus
1691 932 1923 986 admovit
1946 950 1960 985 :
2007 933 2142 986 adeo
2173 932 2337 986 virtus

764 1021 1216 1103 vcl'iul'estissimo
1242 1025 1432 1090 cuique
1456 1025 1808 1077 reverentiam
1833 1037 1898 1077 ac
1942 1032 2199 1076 terrorem
2251 1021 2336 1073 iu-

758 1116 923 1187 jircrc
959 1119 1142 1184 possit.
1178 1116 1335 1169 Addit
1362 1115 1620 1182 Georgius
1676 1104 2065 1168 Alexandrinus
2111 1113 2332 1166 Gaiuam

760 1218 886 1263 tunc
911 1225 1054 1262 arma
1096 1209 1432 1274 deposuisse:
1466 1206 1605 1277 quod
1638 1205 1975 1260 falsissimum
2002 1214 2103 1269 est.
2139 1205 2332 1257 Verum

759 1298 1021 1352 fabulator
1042 1298 1128 1352 ille
1151 1297 1280 1351 nihil
1297 1313 1482 1351 sanum
1500 1298 1657 1360 dicit,
1684 1297 1780 1349 nisi
1799 1312 1859 1350 ea
1874 1312 1992 1356 qua:
2007 1313 2070 1349 es
2093 1297 2336 1360 Socrate,

758 1388 1092 1451 Sozomeuo,
1124 1388 1460 1443 Theodoreti)
1484 1396 1537 1441 et
1593 1386 1824 1439 Palladio
1873 1395 2161 1452 mutuatur,
2212 1401 2332 1453 qua:

755 1482 913 1535 etiam
936 1496 1077 1548 ιιςιιιιιε
1102 1480 1389 1549 depravare
1411 1480 1577 1549 solet,
1604 1489 1657 1530 ut
1680 1478 1830 1531 initio
1849 1478 2103 1532 diximus.
2132 1475 2333 1530 Gainas

756 1571 897 1625 enim
936 1571 987 1624 in
1017 1581 1192 1639 emptu
1221 1570 1446 1638 perstitit
1476 1584 1574 1624 nec
1608 1556 1755 1624 arma
1797 1567 2005 1638 posuit,
2032 1567 2204 1621 donec
2251 1565 2330 1619 vi-

756 1671 871 1715 ctus
901 1675 1177 1729 ca‘suytue
1203 1661 1226 1711 ι
1226 1662 1318 1713 uit.

826 1751 1394 1821 Asiuticmnnegotium.
1434 1779 1505 1790 --
1542 1749 1657 1804 lam
1707 1748 1771 1803 ad
1826 1747 2110 1803 Asiaticum
2166 1762 2331 1818 nego-

754 1841 885 1894 tium
918 1843 1222 1902 veniamus,
1246 1840 1383 1909 quod
1418 1841 1471 1893 in
1497 1840 1716 1894 Oriente
1745 1841 2000 1892 tumultus
2044 1840 2330 1907 dissensio-

758 1945 957 2001 nesque
997 1932 1186 1983 multas
1212 1932 1461 1984 excitavit
1483 1971 1496 1992 ,
1527 1931 1848 1997 domumque
1888 1929 2328 1997 Clzrysostomunt

765 2039 824 2082 ιιι,
839 2013 1019 2076 Asiani
1040 2024 1138 2077 iter
1160 2019 1331 2082 facere
1351 2022 1526 2091 ibique
1551 2035 1727 2075 mOras
1745 2022 1952 2076 trahere
1976 2021 2166 2090 coegit;
2189 2021 2329 2089 quod

753 2116 849 2186 ipsi
873 2106 1227 2169 aerumnarum
1249 2128 1302 2170 et
1329 2117 1682 2168 calamitatum
1736 2115 1939 2191 initium
1986 2114 2100 2169 fuit.
2155 2115 2331 2168 Histo-

756 2208 1005 2277 riatnque
1047 2216 1287 2262 texamus
1330 2223 1393 2261 ex
1443 2215 1660 2260 narratu
1715 2206 1935 2260 Palladii
1989 2207 2329 2275 Helenopoli-

754 2299 862 2351 taui
890 2299 1121 2367 episcopi
1149 2342 1164 2361 ,
1197 2300 1282 2366 qui
1318 2298 1625 2368 plerumque
1656 2298 1815 2352 rebus
1839 2300 1965 2366 ipsis
1996 2298 2255 2353 interfuit.

823 2388 1113 2444 ltltlit'llmll!
1139 2390 1344 2443 decima
1373 2391 1525 2443 tertia
1561 2390 1774 2457 (meth
1802 2392 2014 2443 circiter
2039 2390 2172 2443 Maio
2205 2391 2327 2442 anni

752 2480 890 2548 ιθο)
956 2481 1446 2550 (Ζυιιειῖιιιιίιιοικιιὶιι
1519 2489 1779 2535 venerunt
1852 2481 2030 2534 Asiani
2094 2482 2327 2549 episcopi

754 2570 772 2639 (
802 2569 1070 2624 Palladius
1097 2590 1146 2640 p.
1177 2571 1303 2625 13b.
1334 2570 1487 2639 sqq.),
1513 2571 1751 2640 aliosque.
1781 2574 2061 2640 episcopos
2089 2573 2175 2641 qui
2207 2582 2330 2626 tunc

755 2663 807 2714 in
840 2662 969 2715 urbe
988 2672 1141 2716 erant
1180 2670 1573 2726 convenerunt,
1602 2662 1889 2716 Palladium
1938 2679 2127 2733 nempe
2174 2652 2334 2720 Hele-

754 2753 1150 2820 nopolitanum,
1204 2752 1539 2806 Theotimum
1607 2769 1671 2807 ex
1707 2736 1970 2823 Scythia,
2011 2736 2327 2808 Amntoitetu

754 2844 1053 2915 [Egyptituu
1079 2861 1141 2898 ex
1171 2844 1423 2907 Thracia,
1445 2844 1766 2898 Arahianum
1790 2862 1851 2898 ex
1875 2845 2077 2899 Galatia
2104 2856 2156 2898 et
2173 2846 2325 2911 alios,

752 2936 839 3001 qui
870 2950 1055 2988 omnes
1089 2934 1266 3003 viginti
1292 2935 1393 2986 duo
1423 2944 1570 2987 erant
1591 2975 1605 3000 ,
1638 2935 1827 3001 quibus
1850 2945 2076 3003 prmerat
2096 2934 2330 2989 Joannes

755 3035 937 3078 noster
986 3020 1596 3092 Constantinopolitanus
1653 3024 2046 3094 episcopus.lis
2099 3042 2227 3079 vero
2275 3029 2326 3081 in

750 3116 961 3186 Synodo
987 3127 1319 3185 congregatis
1344 3117 1595 3170 Eusebius
1609 3114 2157 3184 Valentitmpolitanus
2179 3118 2329 3171 libel-

754 3207 834 3262 los
862 3209 1108 3266 tradidit,
1160 3219 1341 3262 contra
1388 3208 1711 3261 Antoninum
1767 3208 1960 3276 Ephesi
2022 3211 2327 3278 episcopum

751 3310 953 3367 septem
985 3299 1154 3367 capita
1185 3300 1635 3372 complectentes:
1670 3300 1841 3367 primo
1896 3298 2035 3368 quod
2089 3299 2332 3354 conﬂatis

751 3392 916 3442 sacris
946 3392 1083 3441 Vasis
1110 3405 1383 3458 argentum
1406 3391 1527 3443 inde
1560 3391 1875 3457 provenit-ns
1932 3390 1981 3442 in
2025 3406 2178 3442 usum
2235 3390 2327 3444 lilii

751 3482 827 3534 Stti
860 3482 1241 3534 convertisset:
1277 3480 1528 3540 secundo,
1556 3480 1695 3549 quod
1714 3480 1973 3533 sublatum
1997 3474 2071 3533 ρι’
2090 3481 2328 3549 ingressu

758 3571 1051 3638 baptisterii
1100 3585 1331 3623 marmor
1362 3573 1412 3624 in
1455 3571 1700 3624 balneum
1740 3580 1892 3624 sttum
1941 3571 2325 3625 transtulisset:

755 3663 948 3724 tertio,
973 3660 1112 3729 quod
1149 3660 1399 3713 Ecclesia:
1436 3661 1739 3725 columnas,
1773 3675 1801 3714 a
1846 3662 2022 3713 multis
2075 3661 2329 3729 annisja-

754 3762 957 3812 centes,
983 3753 1116 3803 intra
1147 3752 1225 3802 trit
1246 3751 1428 3804 linium
1452 3765 1603 3804 Suum
1625 3752 1886 3819 posuisset
1911 3768 1924 3805 :
1956 3760 2165 3819 quarto,
2190 3752 2329 3821 quod

758 3857 887 3909 puer
913 3841 1026 3910 ejus
1055 3840 1251 3894 ca-dem
1285 3851 1575 3909 pati-asset,
1606 3859 1761 3912 quem
1788 3829 1960 3898 a'dhuc
1990 3844 2080 3897 ille
2118 3840 2186 3897 in
2227 3846 2330 3897 mi-

758 3932 978 3983 nisterio
1022 3933 1305 3984 retineret:
1360 3935 1578 4000 quinto,
1635 3933 1775 4000 quod
1825 3934 2021 4001 przedia
2078 3935 2330 4004 Ecclesia:

758 4023 941 4075 relicta
970 4036 997 4074 a
1026 4020 1252 4075 Basilina
1300 4021 1492 4076 Juliani
1546 4024 1881 4094 imperatoris
1926 4034 2097 4079 matre
2150 4029 2334 4079 vendi—

757 4115 955 4180 disset,
1013 4115 1344 4183 pretiumque
1397 4116 1496 4169 sibi
1546 4116 1862 4169 tittdicaSSet
1906 4134 1920 4170 :
1965 4128 2138 4181 sexto,
2190 4119 2331 4186 quod

758 4207 972 4260 dimissa
1002 4222 1161 4260 uxore
1191 4222 1282 4260 sua
1310 4246 1324 4272 ,
1356 4222 1472 4261 cum
1500 4223 1559 4260 ea
1590 4224 1774 4262 rursus
1802 4224 2124 4277 congressus
2149 4220 2286 4263 esset
2314 4254 2328 4275 ,

758 4299 995 4366 liliosque
1023 4310 1386 4368 procreasset:
1416 4302 1675 4367 septimo,
1700 4302 1836 4369 quod
1865 4304 2014 4371 quasi
2069 4304 2182 4373 lege
2235 4305 2331 4358 sibi

759 4393 1104 4446 constitutum
1135 4404 1273 4447 esset
1297 4394 1736 4449 utordiuatioucs
1783 4398 2190 4466 t‘piSCOpOI'tltlt,
2247 4412 2347 4463 se:

758 4484 989 4539 cundum
1042 4485 1300 4538 rcdituum
1343 4486 1634 4550 rationem,
1669 4488 1939 4543 venderet.
1990 4489 2193 4543 Adesse
2243 4505 2335 4542 au-

758 4586 861 4629 tem
887 4591 1000 4635 eos,
1022 4576 1106 4644 qui
1140 4578 1306 4645 pretio
1336 4578 1558 4630 ordinati
1584 4577 1750 4639 fuere,
1788 4593 1953 4648 seque
1975 4595 2086 4633 rem
2122 4581 2334 4633 alinmle

758 4668 985 4737 probare
1010 4684 1182 4737 posst.
1212 4669 1304 4723 llis
1334 4670 1525 4723 auditis
1554 4670 1964 4742 Cltry~ostomus
1990 4712 2005 4735 ,
2032 4674 2335 4741 suspicatus

759 4759 873 4813 haec
899 4761 1121 4813 crimina
1151 4776 1215 4813 ex
1246 4761 1368 4813 odio
1397 4762 1475 4814 vel
1506 4761 1775 4814 inimicitia
1809 4752 2022 4815 Eusebii
2050 4763 2331 4829 proﬁcisci,

763 4846 907 4902 illum
940 4864 1282 4918 compescere
1303 4862 1523 4903 conatus
1558 4861 1669 4912 est,
1705 4851 2026 4922 Paulumque
2068 4853 2335 4907 Heraclea:

766 4941 1067 5019 tpiscttpum
1091 4983 1105 5002 ,
1131 4941 1219 5010 qui
1252 4943 1518 4993 Antonino
1564 4941 1740 4995 lavere,
1768 4943 2065 5002 videbatur,
2096 4938 2335 4998 hortatus

768 5041 842 5086 rst
863 5073 877 5093 ,
910 5042 965 5086 ut
993 5049 1173 5099 pacem
1202 5035 1338 5086 inter
1369 5042 1648 5103 utrumque
1700 5035 1914 5089 faceret.
1972 5036 2160 5090 I’ostea
2213 5052 2336 5089 vero

774 5120 1597 5194 ilitt-ysostomus’adsacriﬁcium
1630 5125 1956 5180 offerendum
2000 5141 2121 5182 sese
2170 5143 2335 5198 appa-

778 5215 933 5270 Dthal.
2313 5270 2319 5275 κ

833 5305 979 5358 Tunc
1008 5305 1264 5360 Eusi-hius
1295 5306 1369 5358 ira
1401 5321 1693 5361 sucrcnsus
1713 5349 1728 5373 ,
1752 5307 2011 5362 Joannem
2041 5308 2335 5378 adiurarit,

771 5393 1043 5449 horrendis
1068 5397 1317 5450 adhibitis
1340 5398 1685 5451 sacramentis
1708 5439 1724 5464 ,
1753 5408 1809 5452 ut
1835 5401 1987 5452 dictis
2013 5403 2124 5455 suis
2159 5411 2337 5455 atten-

767 5488 945 5540 deret:
972 5497 1197 5557 tuncque
1222 5479 1401 5556 curati)
1428 5487 1571 5541 omni
1598 5491 1796 5558 populo
1833 5489 2073 5544 libellum
2126 5491 2335 5544 obtulit.

771 5580 1174 5651 Chrystistomus
1201 5589 1340 5633 tanta
1374 5580 1587 5636 Eusebii
1622 5581 1868 5634 instantia
1893 5584 2339 5655 vchementiaque

768 5683 827 5724 se
858 5682 1152 5738 permotum
1183 5673 1452 5734 sentiens,
1484 5672 1653 5727 noluit
1685 5675 1737 5726 in
1767 5673 1855 5726 tali
1884 5674 2044 5728 animi
2072 5685 2209 5728 statu
2257 5691 2342 5730 sa-

767 5761 1021 5816 eriltcium
1042 5766 1263 5826 oﬁcrre;
1297 5762 1403 5819 sed:
1422 5762 1774 5834 Pansophium
1798 5763 2009 5820 Pisidia
2031 5765 2336 5835 episeopum

1812 365 1869 421 Β.
1908 364 2184 421 JOANMS
2225 362 2702 425 CIIRYSOSTOMI
2743 366 2925 430 "TA,

3917 370 4028 429 180

2445 482 2650 550 rogavit
2669 522 2685 545 ,
2711 479 2759 534 id
2784 481 3019 534 numeris
3044 480 3372 548 persolveret
3391 521 3404 547 ,
3432 480 3775 552 libellumque
3801 486 4028 553 recepit,

2443 580 2497 623 et
2521 587 2640 625 eum
2664 573 2871 625 ca'teris
2895 572 3157 641 episcOpis
3185 587 3433 641 egressus
3462 583 3562 628 est.
3587 574 3868 644 Postquam
3895 591 4033 629 vero

2439 662 2642 716 dimissi
2680 663 2857 732 populi
2884 660 3068 727 luere,
3097 679 3217 718 eum
3247 665 3454 719 caneris
3479 667 3743 735 episcopis
3770 667 3821 720 in
3849 668 4031 736 bapti-

2442 753 2603 806 sterio
2632 753 2904 807 consedit:
2935 754 3266 824 Eusebioque
3294 755 3445 818 dixit,
3464 771 3645 810 secum
3675 757 4035 826 perpenderct

2440 858 2507 896 an
2545 843 2683 896 dicta
2738 844 2966 912 probare
3013 855 3229 912 posset,
3282 845 3438 913 idque
3484 856 3770 914 antequam
3818 847 4035 903 libellus

2440 935 2742 1004 legeretur;
2787 945 3061 1005 postquam
3110 937 3251 990 enim
3300 936 3469 992 lectus
3515 936 3685 1003 foret,
3731 955 3835 993 non
3887 940 4034 995 ultro

2441 1025 2932 1100 posse‘illumdicm
2961 1041 3230 1082 revocare.
3261 1028 3390 1080 Cum
3413 1037 3592 1082 autem
3619 1029 3705 1082 ille
3732 1028 3783 1082 in
3824 1044 4030 1100 pmpo-

2439 1116 2544 1168 sito
2573 1099 2939 1184 perseveraret
2959 1157 2974 1177 ,
3005 1115 3175 1171 lectus
3200 1125 3282 1170 est
3313 1116 3523 1170 libellus
3548 1133 3707 1186 supra
3759 1099 4034 1172 memora-

2441 1216 2605 1257 ratus.
2633 1204 2782 1258 Tunc
2809 1206 3048 1259 seniores
3070 1207 3304 1275 episcopi
3335 1206 3522 1260 Joanni
3570 1208 3851 1273 dixerunt,
3896 1223 3929 1262 e
3968 1223 4033 1263 re

2439 1293 2553 1349 fore
2579 1296 2819 1348 ultimum
2867 1305 3025 1365 caput
3072 1296 3139 1349 de
3170 1297 3399 1356 venditis
3438 1296 3860 1352 ordinationibus
3911 1298 4030 1351 dis-

2436 1384 2684 1453 quirere:
2708 1387 2827 1455 quia
2848 1427 2861 1450 ,
2886 1387 2929 1441 si
2964 1387 3089 1440 illud
3120 1388 3456 1456 probaretur,
3483 1396 3676 1445 eartera
3697 1425 3714 1452 ,
3748 1405 3864 1453 quze
3918 1386 4028 1442 mi-

2439 1493 2566 1531 nora
2597 1489 2771 1543 erant,
2791 1478 3128 1532 credibilium
3144 1489 3198 1532 et
3228 1480 3446 1545 probatu
3472 1477 3704 1532 facilium
3729 1478 3859 1532 fore.
3884 1478 4026 1533 Tu

2435 1567 2668 1623 lenones
2691 1569 2957 1623 Antonino
2982 1581 3106 1623 tunc
3132 1569 3381 1638 pratseuti
3402 1605 3418 1634 ,
3450 1567 3584 1636 Quid
3607 1568 3674 1623 ad
3713 1568 3826 1622 lucc
3845 1569 3982 1622 dicis
4002 1568 4031 1621 ?

2436 1658 2649 1728 Negavit
2669 1669 2844 1712 autem
2872 1660 2963 1713 ille
2993 1661 3190 1713 omnia.
3210 1658 3519 1728 Interrogati
3538 1660 3835 1713 suntetiam
3855 1659 3911 1721 ii,
3931 1659 4027 1725 qui

2435 1765 2532 1818 pro
2561 1751 2865 1818 episcopatu
2897 1751 3175 1818 pecuniam
3222 1748 3438 1803 dedisse
3480 1748 4025 1817 accusabantur:un

2435 1841 2679 1896 similiter
2705 1852 2981 1911 negarunt.
3006 1842 3115 1896 Sub
3144 1840 3258 1894 hate
3292 1850 3506 1896 ventum
3529 1849 3614 1897 est
3634 1839 3699 1893 ad
3719 1848 3901 1903 testes;
3927 1840 4028 1892 sed

2437 1935 2563 1987 nulli
2592 1935 2845 1989 aderant:
2874 1933 3106 1989 Joannes
3132 1950 3277 1995 vero,
3305 1946 3352 1984 tu
3389 1949 3474 1986 res
3496 1934 3799 1987 acezuatius
3828 1935 4029 1986 exami-

2438 2034 2672 2088 naretnr,
2695 2024 2759 2077 ad
2787 2026 3075 2079 Asiaticum
3107 2023 3205 2078 iter
3229 2025 3622 2091 suscipiendum
3653 2037 3771 2077 sese
3797 2023 4017 2076 obtulit.

2507 2116 2747 2169 Antonini
2778 2115 2982 2185 Ephesii
3011 2126 3149 2185 gesta
3186 2125 3231 2169 et
3260 2116 3445 2170 obitus.
3487 2145 3558 2156 —-
3597 2113 3896 2169 Antoninus
3921 2130 4026 2168 au-

2439 2217 2541 2261 tem
2565 2251 2579 2270 ,
2603 2209 2839 2277 pecuniae
2866 2224 3022 2277 quam
3049 2207 3208 2262 ol'licii
3241 2210 3396 2278 longe
3437 2190 3699 2277 cupidior,
3739 2210 3828 2277 qui
3859 2208 4027 2263 Joan-

2437 2301 2519 2353 nis
2548 2313 2597 2353 et
2632 2300 3006 2369 perspicaciam
3027 2311 3075 2356 et
3107 2300 3458 2369 integritatem
3505 2300 3803 2362 metuebat,
3831 2316 4023 2369 quem-

2437 2393 2555 2445 dam
2584 2408 2616 2447 e
2646 2393 2986 2461 proceribus,
3019 2392 3172 2460 cujus
3195 2391 3390 2459 pnedia
3414 2432 3427 2452 ,
3461 2375 3578 2460 qua:
3605 2392 3655 2445 in
3681 2391 3801 2443 Asia
3832 2400 4021 2451 erant.

2435 2484 2654 2539 curabat
2671 2525 2686 2549 ,
2729 2484 2883 2546 adiit,
2912 2483 2980 2537 ab
3005 2498 3174 2551 eoque
3197 2482 3536 2550 impetravit,
3561 2491 3618 2533 ut
3642 2480 3921 2548 impediret
3945 2497 4018 2535 no

2437 2575 2667 2629 Joannes
2684 2575 2733 2627 in
2755 2575 2930 2628 Asiam
2950 2572 3289 2627 concederet.
3316 2572 3406 2625 ille
3428 2570 3629 2625 vero-id
3648 2570 3843 2635 edixit,
3869 2580 3920 2623 ut
3952 2586 4022 2638 es

2438 2667 2633 2737 palatio
2657 2666 2846 2720 Joanni
2879 2664 3302 2726 denuntiaretur,
3347 2662 3636 2715 absurdum
3683 2659 3796 2714 fore
3838 2661 4020 2722 illum,

2437 2773 2554 2810 eum
2586 2769 2762 2810 tantus
2787 2755 3246 2823 Constantinopoli
3272 2754 3531 2807 tumultus
3558 2760 3733 2816 esset,
3765 2761 3815 2805 et
3840 2751 4020 2804 adhuc

2435 2848 2617 2903 Gaium.
2669 2846 2895 2901 formido
2941 2845 3284 2914 pet-sisteret,
3337 2845 3387 2896 iu
3441 2843 3620 2915 Asiam
3656 2841 3914 2911 proficisci
3950 2841 4020 2896 ad

2438 2950 2596 2995 testes
2622 2938 2938 3010 quaerendos
2959 2980 2972 3002 ,
3000 2938 3088 3007 qui
3135 2936 3286 2991 facile
3314 2943 3529 3005 possent
3568 2926 4020 2999 (ἷοιιεῑτιιιιίιιονο-

2437 3030 2509 3085 liu
2531 3030 2755 3085 adduci:
2784 3037 3106 3098 quapropter
3134 3043 3160 3079 a
3186 3025 3458 3096 proposito
3503 3023 3707 3078 destitit
3750 3021 4018 3076 Joannes.

2435 3123 2738 3177 Antoninus
2760 3121 2973 3176 interim
3005 3121 3054 3176 id
3075 3121 3316 3180 lucratus
3337 3129 3441 3184 est,
3462 3133 3528 3171 ne
3557 3122 3721 3169 testes
3751 3116 4015 3172 venirent,

2436 3231 2568 3285 quos
2590 3218 2747 3270 etiam
2772 3223 2863 3267 aut
2908 3212 3130 3280 pecunia
3154 3217 3246 3262 aut
3299 3207 3530 3277 potentia
3586 3221 3679 3260 sua
3710 3220 3784 3259 ,δυ
3832 3203 4019 3271 fugare

2438 3321 2592 3373 posse
2609 3303 2873 3373 sperabat.
2894 3302 3018 3354 llatc
3036 3298 3268 3354 Joannes
3290 3296 3638 3366 prospiciens.
3660 3310 3778 3348 cum
3802 3292 4022 3363 Synodo

2437 3395 2696 3448 deliberat
2721 3392 2975 3463 quosdam
3003 3406 3069 3443 ex
3090 3389 3436 3458 pmetttiltus
3459 3384 3724 3454 episcopis
3751 3385 3802 3436 in
3833 3384 4020 3435 Asiam

2438 3487 2645 3539 mittere
2683 3483 2748 3537 ad
2800 3478 3203 3550 interrogandus
3232 3488 3413 3534 testes.
3440 3471 3546 3530 Ad'
3572 3492 3686 3530 eam
3738 3490 3848 3529 rem
3909 3487 4023 3527 tres

2435 3576 2588 3629 electi
2624 3585 2746 3629 sunt
2799 3572 3030 3642 episcOpi
3052 3612 3067 3634 ,
3092 3568 3390 3641 Syncietius
3433 3564 3816 3636 Trajanopolis,
3845 3565 4019 3633 llesy-

2436 3667 2588 3720 chius
2618 3665 2756 3720 Parii
2788 3674 2839 3718 et
2866 3662 3130 3715 Palladius
3158 3659 3543 3727 llelenopoIeos
3568 3699 3584 3718 ,
3612 3659 3699 3727 qui
3733 3656 3980 3727 llypmpis
4003 3696 4017 3714 ,

2435 3775 2552 3825 qum
2578 3759 2704 3811 urbs
2735 3756 2872 3810 Asim
2899 3763 3046 3817 erat,
3083 3769 3195 3807 rem
3237 3751 3635 3815 examinarcnt,
3683 3747 4018 3800 mandatum-

2436 3866 2539 3918 que
2570 3850 2826 3919 prolatum
2853 3856 2962 3907 est,
2994 3856 3048 3898 ut
3067 3844 3156 3913 qui
3183 3845 3319 3896 intra
3347 3842 3479 3894 duos
3511 3854 3720 3893 menses
3747 3839 3797 3890 iu
3830 3839 4017 3890 urbem

2439 3942 2614 4002 illam,
2644 3955 2762 4007 quae
2786 3938 2957 3989 vicina
2978 3944 3091 3988 erat
3111 3975 3125 4000 ,
3151 3948 3366 3988 causam
3382 3931 3568 3984 dicturi
3592 3944 3697 3982 non
3720 3932 4016 3991 venissent,

2437 4029 3041 4084 cxcotnmuuicarentur.
3360 4019 3363 4025 ’

2511 4121 2634 4180 l‘os1
2666 4119 2777 4172 haec
2801 4118 3084 4186 Smyrnam
3111 4124 3367 4169 venerunt
3396 4110 3696 4182 Syucletius
3736 4118 3791 4162 et
3839 4108 4022 4160 Palla-

2437 4211 2587 4266 dius:
2619 4210 2944 4281 Hesychius,
2974 4208 3061 4277 qui
3091 4205 3340 4259 Antonini
3375 4208 3574 4255 amicus
3592 4209 3741 4277 erat,
3771 4199 4020 4252 morbum

2439 4298 2724 4356 simulavit.
2756 4300 2868 4353 Duo
2897 4307 3072 4351 autem
3106 4296 3294 4363 reliqui
3338 4309 3433 4362 per
3460 4293 3641 4346 literas
3687 4290 3919 4343 Eusebio
3964 4299 4024 4342 et

2442 4395 2710 4448 Antonino
2737 4391 3103 4460 signiticarunt
3127 4430 3140 4451 ,
3160 4396 3217 4440 ut
3242 4387 3538 4456 Ilypzepos,
3569 4397 3674 4451 quo
3705 4382 3801 4450 ipsi
3834 4395 4023 4449 perge-

2442 4487 2676 4550 bant,se
2704 4482 3025 4536 conferrent.
3051 4478 3131 4533 illi
3168 4494 3294 4531 vero
3319 4492 3438 4530 cum
3470 4474 3756 4527 amicitiam
3802 4474 4029 4524 'contra-

2442 4576 2825 4646 xisseut(nam
2856 4573 3153 4627 Antoninus
3180 4567 3467 4624 Eusebium
3500 4565 3581 4620 rei
3612 4577 3772 4628 auro,
3807 4563 3885 4615 vel
3913 4563 4030 4616 alio

2442 4668 2599 4723 modo
2626 4676 2931 4734 corruptum
2956 4663 3052 4716 sibi
3095 4659 3458 4725 conciliarat),
3488 4651 3565 4710 et'
3584 4655 3649 4707 ad
3703 4653 4029 4725 llypzepino.

2441 4778 2555 4815 rum
2588 4760 2853 4813 civitatem
2898 4757 2969 4811 illi
3001 4771 3210 4826 quoque
3251 4753 3550 4813 venissent,
3574 4750 3777 4821 iudices
3803 4748 4029 4801 eludere

2442 4834 2791 4911 conabantitr,
2836 4850 3188 4917 dicebantque
3245 4854 3409 4900 testes
3466 4845 3794 4917 negotiorum
3863 4854 4025 4893 causa

2443 4959 2665 5013 peregre
2707 4937 2969 5012 proiectos
3020 4954 3160 4993 esse.
3208 4937 3419 4992 iudices
3472 4935 3757 4989 Eusebium
3810 4943 4027 5000 rogant,

2444 5039 2579 5092 intra
2608 5047 2734 5105 quot
2757 5035 2871 5088 dies
2901 5035 2990 5087 ille
3020 5043 3181 5085 testes
3206 5014 3528 5083 adducturus
3573 5034 3731 5081 esset.
3774 5024 4031 5079 Ille-vero

2443 5142 2666 5199 sperans
2691 5127 2757 5185 iu.
2775 5135 2935 5178 :estus
2963 5121 3292 5177 vehementia
3315 5120 3518 5189 jndiccs
3544 5119 3666 5173 inde
3694 5116 4032 5169 discessuros

2444 5226 2592 5282 esSe,
2621 5224 2737 5271 erat
2757 5216 2950 5283 quippe
2971 5214 3170 5265 aestatis
3198 5222 3404 5278 tempus
3424 5250 3438 5273 ,
3469 5209 3667 5275 scripto
3700 5204 3932 5274 promisit
3968 5218 4033 5259 se

2447 5310 2579 5362 intra
2602 5306 2947 5383 quadraginta
2976 5305 3088 5359 dies
3108 5343 3125 5367 ,
3157 5311 3247 5356 aut
3291 5311 3453 5356 leues
3495 5298 3869 5368 producturum
3892 5336 3908 5358 ,
3936 5303 4037 5352 aut

2420 5412 2630 5468 'pmnas
2676 5397 2965 5452 secundum
3011 5407 3243 5449 canones
3275 5387 3531 5446 daturum
3578 5403 3720 5442 esse.
3771 5387 4036 5439 Dittlissu!

2448 5507 2572 5561 ergo
2605 5477 2712 5545 ‘ille
2768 5491 2833 5543 ad
2888 5488 3231 5564 inquirendos
3281 5495 3491 5547 testes,,
3528 5477 4036 5545 Constantinopolin

2450 5583 2821 5652 \'enit,ihique
2848 5581 3074 5635 delituit.
3120 5574 3730 5645 Exspectartmtjudices
3777 5571 3840 5623 ad
3897 5583 4037 5636 qua-

2450 5673 2803 5744 dragesimum
2836 5685 3000 5740 usque
3018 5670 3178 5721 diem.
3212 5666 3274 5720 Et
3305 5681 3423 5720 cum
3448 5663 3708 5719 Eusebius
3753 5677 3784 5715 n
3823 5677 3855 5712 ιι
3882 5675 4042 5712 conn

2454 5773 2691 5834 part-rct,
2717 5758 3277 5819 cxcemtmmicatiou'ts
3307 5756 3622 5811 sententiam
3655 5756 3708 5807 in
3736 5767 3853 5807 eum
3902 5764 4035 5819 pro—
