4264 6306
778 369 875 427 185
1858 363 1913 421 S.
1959 361 2235 422 JOANNIS
2272 364 2745 424 Cllll‘YSOSTOMl
2792 365 2968 432 Vl'l'A,

795 499 857 534 ur
899 502 909 534 :
947 471 1134 548 quibus
1163 481 1319 534 dictis
1350 481 1670 533 Antoninum
1713 481 2021 551 episcopum
2069 496 2237 550 nuper
2265 480 2360 535 de-

793 581 1022 628 unetum
1066 571 1356 632 notabant,
1407 570 1542 638 apud
1592 585 1749 640 quem
1796 571 2004 626 venalia
2056 571 2362 639 prostabant

770 677 932 717 saera
980 662 1177 715 omnia.
1236 661 1511 715 Addebant
1555 676 1765 732 quoque
1811 664 2004 716 multos
2049 664 2243 715 instare
2285 663 2363 715 lu-

775 765 918 815 nos,
963 753 1051 818 qui
1099 751 1316 822 pecunia
1349 750 1703 821 episcopalem
1742 752 1921 807 sedem
1961 751 2211 806 invadere
2243 761 2360 804 ten-

773 848 983 900 labant.

853 932 1041 986 Joann.
1076 933 1333 1003 C/trysost.
1366 933 1458 986 iter
1494 935 1544 986 in
1576 935 1746 989 Asiam
1780 937 2009 1005 suscipit.
2035 965 2107 976 —
2132 936 2362 990 Joannes

778 1032 965 1076 uoster
995 1032 1118 1076 tunc
1142 1023 1287 1092 gravi
1316 1031 1429 1078 erat
1457 1026 1696 1094 corporis
1738 1027 2045 1080 infirmitate
2089 1025 2357 1088 detentus,

786 1112 1003 1167 hiberna
1056 1129 1265 1184 quoque
1312 1124 1601 1185 tempestas
1643 1131 1672 1169 a
1723 1126 1866 1170 tanto
1920 1117 2112 1170 itinere
2160 1130 2359 1184 trgrum

785 1211 1023 1256 avertere
1057 1218 1212 1272 posse
1248 1204 1563 1271 videbatur,
1597 1221 1778 1260 verum
1811 1214 1955 1259 tanto
1981 1206 2065 1259 ille
2094 1205 2362 1274 religionis

785 1293 958 1347 studio
987 1293 1261 1363 ﬂagrabat,
1293 1303 1348 1348 ut
1373 1295 1545 1348 omnia
1578 1296 1915 1365 posthaberet
1938 1311 2042 1365 quo
2068 1305 2143 1351 tot
2173 1297 2360 1350 tantis-

785 1399 887 1453 que
925 1386 1078 1439 malis
1119 1403 1330 1439 manum
1375 1388 1631 1440 medicam
1661 1387 1855 1442 aﬂ‘erre
1884 1397 2130 1443 tentaret.
2180 1388 2359 1458 Neque

786 1479 926 1530 enim
976 1479 1166 1544 Ephesi
1211 1489 1408 1532 tantum
1433 1520 1448 1544 ,
1495 1480 1588 1534 sed
1616 1480 1772 1533 etiam
1803 1481 1853 1533 in
1888 1481 2006 1533 aliis
2036 1495 2138 1533 non
2181 1482 2360 1548 paucis

786 1569 925 1620 Asia:
949 1568 1246 1621 civitatibus
1275 1570 1371 1636 ipsi
1395 1571 1647 1639 episcopi,
1690 1580 1959 1640 pastorum
1988 1573 2202 1626 nomine
2229 1571 2360 1625 falso

788 1658 1016 1726 insigniti
1044 1701 1058 1723 ,
1104 1659 1403 1713 Christiano
1445 1662 1589 1730 gregi
1633 1662 1822 1714 damna
1869 1661 2167 1716 inferebant
2206 1662 2359 1714 innu-

788 1762 950 1800 mera.
987 1748 1075 1800 llis
1114 1764 1367 1803 accensus
1408 1752 1456 1802 iu
1485 1753 1659 1804 navim
1692 1752 2000 1820 ingreditur.
2039 1751 2230 1806 Verum
2259 1768 2358 1807 sa:-

787 1841 958 1893 vicnte
1004 1840 1279 1915 aquilone,
1327 1858 1444 1896 cum
1488 1854 1785 1896 metuerent
1828 1853 2001 1897 nauta:
2041 1861 2106 1897 ne
2146 1844 2195 1897 in
2224 1844 2357 1897 Pro-

786 1954 1071 1992 centiesuzn
1101 1940 1435 2005 ejicerentur,
1479 1937 1651 2006 posito
1679 1937 1816 2001 velo,
1849 1937 2083 1990 Tritonis
2107 1951 2359 2004 promon-

787 2037 973 2082 tortnt‘n
1008 2031 1486 2096 pra:terrelnrnur,
1512 2034 1564 2079 et
1600 2027 1665 2078 ibi
1690 2027 1844 2094 jactis
1867 2028 2116 2081 anchoris
2140 2042 2355 2080 mansco

786 2130 923 2181 runt,
957 2130 1191 2173 austrum
1221 2129 1591 2188 exspectantes
1612 2129 1662 2168 ttt
1683 2118 1968 2184 Apameam
2000 2120 2350 2186 appellercnt.

788 2212 917 2264 Cum
960 2226 1084 2278 ergo
1129 2211 1345 2263 biduum
1381 2208 1549 2279 jejuni
1596 2209 1981 2274 perstitissent,
2025 2209 2075 2261 in
2120 2209 2358 2262 navicula

786 2304 961 2371 agitati
990 2344 1003 2367 ,
1039 2304 1188 2356 tertia
1218 2303 1302 2357 die
1333 2304 1617 2371 Apameam
1645 2301 1898 2369 appulere
1924 2344 1937 2368 ,
1987 2302 2072 2354 ubi
2100 2301 2358 2354 Joannem

788 2403 1024 2445 nostrum
1054 2393 1429 2460 exspectabant
1455 2393 1649 2445 Paulus
1679 2431 1688 2450 ,
1732 2390 1958 2459 Cyrinus
1985 2403 2038 2444 et
2071 2390 2358 2444 Palladius.

791 2484 892 2535 llos
915 2485 1052 2536 enim
1079 2484 1172 2536 viae
1196 2484 1413 2537 comites
1438 2491 1804 2549 assumpserat
1821 2483 2248 2553 Chrysostontus.
2272 2498 2363 2551 pe-

788 2573 1046 2640 dibusque
1090 2573 1328 2625 confecto
1371 2574 1556 2628 itinere
1597 2571 1862 2641 Ephesum
1910 2573 2242 2641 perveniunt.
2300 2573 2364 2626 Et

788 2665 1115 2733 congregatis
1141 2665 1319 2734 Lydice
1343 2706 1355 2725 ,
1391 2666 1529 2718 Asia:
1549 2707 1563 2729 ,
1599 2675 1754 2734 atque
1780 2663 1950 2716 Caria:
1978 2664 2238 2732 episcopis
2262 2680 2362 2717 nu-

789 2771 936 2810 mero
965 2757 1292 2825 septuaginta
1313 2797 1328 2820 ,
1362 2756 1427 2809 de
1455 2754 1876 2809 ordinationibus
1903 2753 2154 2807 faciendis
2183 2756 2358 2808 statim

787 2855 960 2900 actum
1007 2856 1106 2900 est.
1164 2847 1304 2900 Multi
1359 2856 1483 2900 tunc
1528 2846 1881 2905 advenerant,
1936 2846 2266 2914 maximeque
2296 2860 2361 2899 ex

790 2936 1101 3008 Phrygibus,
1127 2954 1230 2991 uno
1256 2937 1501 2991 audiendi
1530 2937 1893 3006 Chrysostomi
1917 2934 2089 2987 studio
2112 2933 2358 3002 permoti,

774 3034 897 3083 tum
931 3031 1158 3094 maxime
1184 3029 1299 3097 ejus
1328 3031 1581 3098 sapientia
1611 3029 1819 3081 fruituri
1843 3069 1855 3089 ,
1887 3042 2006 3081 eum
2035 3025 2243 3080 afﬂictis
2275 3041 2360 3080 re-

791 3121 886 3173 bus
912 3119 1156 3173 Asiaticis
1182 3160 1196 3184 ,
1229 3128 1279 3172 et
1308 3135 1336 3172 a
1365 3120 1542 3173 multis
1567 3118 1655 3186 qui
1686 3119 1885 3172 zizauia
1935 3119 2268 3170 inserueraut
2309 3117 2360 3170 in

789 3210 1108 3263 deteriorem
1154 3218 1345 3262 statum
1395 3209 1624 3262 reductis
1663 3226 1675 3260 :
1721 3223 1841 3261 nam
1890 3208 2239 3276 proﬂuentem
2294 3206 2360 3273 pii

789 3299 1023 3352 doctoris
1047 3299 1398 3368 eloquentiam
1427 3299 1585 3352 tantis
1609 3299 1758 3352 malis
1779 3298 2023 3352 solatium
2052 3297 2360 3354 efferentem

790 3391 1066 3460 excepturi
1095 3400 1263 3444 erant.

860 3481 1063 3535 Interea
1090 3481 1312 3534 accessit
1330 3480 1587 3534 Eusebius
1616 3481 1702 3534 ille
1725 3480 2362 3549 Valentinianopolitanus

791 3573 1068 3641 episcopus
1111 3570 1354 3641 (Pattad.
1401 3573 1606 3642 p.135.
1660 3572 1836 3642 156),
1882 3573 1947 3626 de
1988 3589 2094 3642 quo
2140 3574 2360 3640 plurima

793 3661 1024 3715 diximus
1053 3677 1232 3730 supra,
1263 3662 1349 3729 qui
1380 3677 1469 3714 sex
1500 3662 1777 3731 epiSCOpos
1807 3663 1939 3715 alios
1960 3663 2263 3726 accusabat,
2296 3663 2361 3714 ad

800 3753 1224 3808 communionem
1256 3753 1459 3806 admitti
1505 3769 1717 3822 rogans.
1772 3752 1966 3825 Contra
1998 3770 2122 3808 vero
2149 3756 2360 3824 quidam

792 3845 1022 3912 episcopi
1052 3859 1153 3897 non
1178 3844 1557 3897 admittendum
1579 3844 1846 3912 dicebant,
1868 3854 2048 3914 utpote
2071 3846 2366 3915 sycophan-

797 3945 922 3986 tam.
976 3933 1153 4002 Pergit
1186 3934 1272 3987 ille
1299 3935 1632 4002 supplicans,
1667 3936 1786 4004 quia
1821 3939 1928 4004 jam
1968 3936 2180 3988 biennio
2208 3950 2364 3988 causa

794 4026 1131 4090 examinata,
1186 4035 1239 4080 et
1288 4031 1390 4078 non
1443 4026 1844 4080 advenientibus
1893 4027 2114 4081 testibus
2160 4027 2365 4096 longius

793 4125 1025 4168 extracta
1073 4114 1277 4180 fuerat,
1329 4124 1384 4168 ut
1431 4125 1593 4170 testes
1640 4117 2040 4186 producantur:
2071 4120 2170 4171 etsi
2221 4119 2363 4171 enim

793 4207 1092 4261 Antoninus
1111 4249 1123 4270 ,
1153 4207 1241 4275 qui
1269 4222 1511 4261 nummos
1534 4217 1811 4277 acceperat
1841 4220 1895 4262 ut
1924 4209 2228 4273 ordinaret,
2257 4208 2364 4277 jam

797 4310 1039 4354 mortuus
1061 4310 1194 4364 erat,
1219 4314 1499 4369 superesse
1529 4309 1704 4353 tamen
1735 4315 1847 4364 eos,
1877 4301 1966 4369 qui
1993 4302 2214 4368 pecunia
2247 4300 2368 4353 data

797 4392 1261 4447 ordinatifuerant.
1281 4391 1525 4462 Synodus
1539 4407 1662 4445 vero
1680 4408 1789 4446 rem
1817 4391 2228 4461 perquirendam
2251 4405 2369 4445 esse

796 4484 1022 4537 censuit.
1056 4483 1233 4535 Primo
1263 4483 1395 4536 lecta
1425 4493 1548 4534 sunt
1575 4493 1690 4535 acta
1717 4497 1730 4545 ;
1765 4481 1986 4550 ingressi
2015 4491 2138 4534 sunt
2169 4491 2364 4545 testes;

798 4588 998 4627 necnon
1049 4587 1140 4626 sex
1182 4573 1295 4636 illi,
1336 4571 1424 4641 qui
1470 4573 1690 4641 pecunia
1721 4572 1842 4626 data
1869 4571 2096 4625 ordinati
2136 4570 2366 4625 fuerant.

799 4665 864 4719 Et
888 4666 1036 4720 initio
1063 4666 1273 4734 quidem
1303 4661 1593 4734 negabant;
1627 4664 1945 4719 instantibus
1971 4679 2099 4718 vero
2126 4665 2367 4728 testibus,

797 4773 1017 4824 quorum
1047 4757 1257 4825 quidam
1281 4757 1394 4811 laici
1415 4767 1585 4823 erant,
1608 4767 1661 4812 et
1687 4757 1896 4827 quidam
1920 4757 2234 4827 presbyteri,
2258 4757 2374 4826 qui-

799 4851 896 4903 bus
926 4864 1036 4902 rem
1081 4848 1412 4903 confidenter
1458 4850 1729 4917 aperuisse
1770 4847 2116 4913 videbantur,
2163 4863 2370 4901 necnon

799 4939 1110 4993 mulieribus
1134 4939 1422 5005 nonnullis,
1446 4955 1562 5009 quae
1589 4948 1642 4994 et
1663 4940 1938 5009 pignorum
1971 4953 2063 4992 seu
2088 4953 2370 4992 munerum

799 5031 1065 5099 speciem,
1106 5041 1158 5087 et
1196 5033 1306 5086 loca
1340 5041 1394 5086 et
1423 5042 1657 5102 tempora
1685 5043 1735 5087 et
1778 5033 2123 5102 quantitatem
2167 5031 2372 5086 indica-

801 5125 949 5189 bant,
981 5125 1297 5180 reclamante
1329 5127 1453 5180 item
1481 5126 1799 5180 conscientia
1823 5169 1835 5189 ,
1868 5126 2024 5187 ultro,
2058 5139 2156 5180 nec
2187 5125 2374 5191 majori

801 5219 1118 5272 necessitate
1152 5219 1443 5287 compulsi,
1487 5218 1713 5275 confessi
1757 5229 1880 5272 sunt
1917 5232 1975 5272 se
2006 5232 2226 5272 munera
2263 5216 2375 5270 sol-

806 5311 947 5364 tisse
975 5351 989 5374 ,
1021 5311 1177 5364 talem
1219 5325 1337 5365 esse
1363 5311 1794 5365 consuetudinem
1823 5318 2070 5380 putantes
2091 5351 2106 5369 .
2153 5319 2206 5364 et
2234 5323 2374 5362 nunc

801 5415 958 5454 orare
979 5442 992 5464 ,
1023 5401 1065 5454 si
1094 5402 1168 5454 tes
1198 5412 1369 5456 tamen
1392 5412 1549 5465 esset,
1587 5403 1635 5456 in
1667 5403 1918 5457 Ecclesiae
1939 5402 2236 5456 ministerio
2264 5415 2378 5454 ser-

803 5495 952 5558 vari;
999 5497 1079 5549 sin
1125 5496 1332 5560 minus,
1383 5504 1438 5550 ut
1482 5510 1700 5560 aurum,
1747 5494 1886 5563 quod
1926 5495 2230 5560 solverant,
2277 5493 2376 5547 sibi

806 5589 1116 5644 redderetur
1142 5607 1152 5641 :
1187 5590 1396 5659 quidam
1423 5589 1559 5643 enim
1591 5604 1654 5642 ex
1684 5587 1786 5641 illis
1815 5601 2038 5640 uxorum
2078 5585 2380 5654 supellecti-

806 5683 909 5739 lem
935 5681 1212 5737 dederant.
1257 5683 1390 5735 Tum
1418 5681 1648 5736 Joannes
1672 5680 2086 5750 Chrysostomus
2116 5693 2144 5731 e
2181 5693 2238 5730 re
2269 5675 2380 5730 fore

804 5776 908 5834 sibi
927 5774 1088 5829 videri
1107 5774 1257 5842 dixit,
1278 5775 1319 5827 si
1336 5775 1542 5846 jubert-t
1559 5774 1802 5846 Synodus
1821 5757 1966 5826 reddi
1989 5771 2089 5825 illis
2110 5785 2295 5825 aurum
2313 5770 2380 5822 ab

3960 361 4062 425 184

2479 481 2800 536 haeredibus.
2824 481 3078 548 Praecepit
3107 491 3233 549 ergo
3257 477 3521 549 Synodus,
3548 489 3601 533 ut
3623 479 3891 534 illieontra
3915 481 4062 553 leges

2475 586 2653 626 sacras
2677 571 2904 626 ordinati
2933 586 3119 625 aurum
3143 585 3296 624 suum
3327 570 3628 638 reciperent
3658 570 3726 624 ab
3754 570 4059 626 bteredibus

2475 661 2727 716 Antonini
2751 703 2765 727 ,
2795 671 2847 715 et
2873 661 3330 716 communicarent
3357 662 3491 715 intra
3519 663 3686 717 altare
3715 679 3726 714 :
3753 671 3934 718 essent
3963 677 4063 714 au-

2477 765 2580 808 tem
2607 754 2718 823 jam
2747 770 2852 808 non
2884 753 3224 816 sacerdotes,
3263 753 3356 806 sed
3384 767 3447 807 ex
3475 753 3840 807 sacerdotibus
3867 771 3879 804 :
3909 752 3986 806 Nc
4015 756 4062 806 si

2475 846 2571 901 ista
2589 846 3025 909 concederemus,
3049 860 3168 900 mos
3195 844 3344 898 ﬂeret
3371 844 3622 898 Judaicus
3647 854 3735 897 aut
3752 843 4056 915 .Egyptius,

2473 934 2734 988 vendendi
2757 945 2915 1003 atque
2941 934 3152 988 emendi
3184 932 3566 988 sacerdotium.
3604 933 3893 988 Dicebatur
3913 934 4053 988 enim

2472 1022 2778 1078 Judteorum
2809 1023 3164 1093 patriarcham
3193 1023 3415 1092 singulis
3445 1024 3599 1076 annis
3625 1064 3638 1086 ,
3687 1032 3777 1076 aut
3805 1037 3946 1077 anno
3979 1024 4056 1076 in—

2475 1113 2695 1183 teriecto
2715 1154 2728 1177 ,
2771 1129 2800 1166 a
2827 1128 3108 1183 synagog:e
3136 1112 3461 1181 principibus
3502 1112 3734 1179 mutari,
3778 1112 3844 1168 ad
3877 1127 4058 1168 corra-

2474 1203 2701 1257 dendam
2732 1205 3032 1273 pecuniam.

2545 1298 2743 1351 {lorum
2772 1301 3009 1351 omnium
3041 1298 3322 1352 exstabant
3348 1305 3462 1352 acta
3486 1307 3537 1353 et
3577 1298 3811 1367 iudicum
3841 1298 4059 1354 nomina

2473 1385 2706 1454 (Pallad.
2749 1406 2800 1456 p.
2835 1387 2957 1457 £37)
2991 1404 3004 1440 :
3042 1403 3104 1441 ac
3139 1388 3228 1457 qui
3275 1388 3482 1441 fuerant
3528 1387 3804 1455 depositi,
3856 1387 4058 1457 Synodi

2466 1479 2667 1547 judicio
2693 1480 3076 1548 acquieverunt
3102 1520 3115 1544 ,
3160 1495 3402 1549 unusque
3428 1495 3491 1534 ex
3521 1481 3621 1533 illis
3653 1479 3824 1533 factus
3851 1490 3934 1534 est
3961 1495 4059 1532 ue-

2469 1571 2734 1638 gotiorum
2761 1569 3088 1638 publicorum
3119 1570 3388 1624 defensor.
3417 1569 3468 1622 lu
3488 1571 3851 1639 depositorum
3880 1580 4061 1623 autem

2472 1660 2642 1713 locum
2666 1661 2856 1715 delecti
2880 1671 3000 1715 sunt
3022 1663 3108 1714 alii
3131 1677 3237 1714 non
3267 1663 3531 1732 conjugati
3560 1703 3574 1727 ,
3603 1663 3710 1715 vita
3742 1670 3796 1716 et
3817 1663 4061 1716 doctrina

2470 1752 2662 1805 ornati.
2715 1752 3045 1807 Heraclidem
3077 1769 3204 1807 vero
3241 1753 3575 1807 inAntonini
3605 1755 3777 1808 locum
3808 1754 4063 1825 Synodus

2470 1845 2763 1906 constituit,
2784 1845 2952 1896 virum
2981 1844 3270 1914 encyciicis
3295 1844 3590 1912 disciplinis
3611 1845 3811 1912 optime
3839 1845 4062 1898 institu-

2472 1944 2611 2000 tum,
2658 1945 2713 1989 et
2748 1936 2797 1988 in
2830 1935 3023 1989 divinis
3054 1935 3342 2002 Scripturis
3371 1936 3604 2003 peritum
3629 1977 3642 1999 ,
3669 1937 3758 2004 qui
3793 1938 3844 1988 in
3873 1950 4061 1990 eremo

2469 2027 2816 2081 meuasticam
2849 2027 3004 2079 vitam
3033 2033 3248 2094 egerat,
3279 2033 3334 2080 et
3362 2026 3449 2094 qui
3485 2040 3578 2093 per
3609 2034 3714 2079 tres
3745 2041 3920 2079 annos
3945 2027 4061 2080 dia-

2471 2130 2637 2170 conus
2663 2115 2852 2169 fuerat.
2886 2115 3152 2169 Palladius
3180 2131 3309 2169 vero
3333 2157 3346 2176 ,
3375 2115 3462 2183 qui
3495 2114 3616 2168 huic
3643 2114 3861 2185 Synodo
3892 2117 4057 2169 inter-

2471 2206 2666 2271 fuerat,
2703 2207 2832 2260 dicit
2858 2185 3262 2261 Joannem‘sex
3294 2207 3574 2272 episcopos
3617 2205 3670 2258 in
3714 2206 3811 2258 hac
3849 2206 4061 2260 scilicet

2469 2299 2740 2366 provincia
2775 2307 2976 2350 tantum
3012 2295 3362 2366 deposuisse,
3397 2311 3500 2349 non
3541 2305 3717 2349 autem
3759 2294 4057 2359 sexdecim,

2471 2396 2528 2441 ut
2555 2388 2907 2442 mentiebatur
2929 2387 3278 2455 TheOphilus,
3301 2385 3667 2455 Chrysostomi
3701 2394 3982 2440 accusator
4010 2396 4062 2439 ct

2472 2477 2735 2532 inimicus.

2472 2563 2478 2567 “
2544 2566 2872 2620 Sozomenus
2917 2582 3042 2620 vero
3091 2566 3218 2620 dicit
3269 2567 3500 2637 (Sozam.
3534 2567 3570 2619 ι.
3606 2567 3658 2620 8.
3707 2583 3750 2618 c.
3786 2566 3843 2635 6)
3884 2566 4060 2634 ipsum

2473 2657 2727 2712 tredecim
2777 2657 3055 2726 episcopos
3096 2657 3410 2725 deposuisse
3460 2657 3649 2724 partim
3698 2657 3750 2709 in
3798 2656 3959 2726 Lycia
4011 2666 4065 2710 et

2471 2750 2697 2822 Phrygia
2719 2791 2734 2816 ,
2785 2751 2975 2818 partim
3005 2751 3055 2802 in
3089 2750 3211 2804 Asia
3238 2790 3252 2813 ,
3286 2750 3356 2802 ita
3396 2758 3453 2802 ut
3485 2763 3606 2801 cum
3651 2756 3785 2801 teste
3813 2747 4061 2800 Palladio

2475 2853 2601 2897 tunc
2623 2851 2882 2912 prtesente
2910 2858 3002 2896 sex
3035 2843 3085 2895 in
3120 2842 3244 2895 Asia
3275 2841 3608 2908 deposuerit,
3658 2849 3866 2907 septem
3895 2840 4060 2892 etiam

2473 2935 2526 2987 in
2557 2935 2711 3005 Lycia
2738 2945 2790 2988 et
2832 2934 3059 3004 Phrygia
3111 2948 3176 2986 ex
3220 2931 3436 2986 sedibus
3483 2912 3726 2985 moverit.
3772 2930 3919 2982 Inter
3961 2928 4062 2983 bos

2471 3036 2646 3079 autem
2673 3024 2985 3080 Gerontium
3015 3022 3474 3077 Nieomediensem
3503 3022 3811 3091 episcopum
3841 3036 3905 3075 ex
3931 3018 4064 3074 sede

2472 3117 2692 3186 expulit.
2724 3116 2822 3169 Hic
2857 3126 3033 3169 autem
3062 3130 3182 3168 cum
3221 3114 3500 3168 Mediolani
3527 3115 3783 3168 diaconus
3813 3122 3995 3174 esset,
4030 3126 4061 3164 a

2473 3206 2531 3261 S.
2576 3205 2857 3260 Ambrosio
2899 3206 3151 3275 episcopo
3189 3213 3245 3258 ut
3282 3218 3434 3258 sacro
3468 3204 3764 3257 ministerio
3805 3202 4063 3272 indignus

2474 3298 2724 3365 expulsus
2771 3294 2960 3349 fuerat.
3013 3295 3148 3349 Hinc
3174 3308 3294 3347 cum
3330 3292 3830 3362 Constantinopolin
3875 3294 4063 3347 venis-

2475 3398 2576 3455 set,
2617 3398 2674 3442 ut
2698 3396 2813 3442 erat
2838 3389 2982 3441 vafer
3011 3397 3064 3442 et
3092 3395 3299 3440 astutus
3325 3427 3338 3448 ,
3372 3383 3744 3454 qnerumdamt
3764 3398 3867 3452 ope
3895 3382 4062 3438 Nico-

2475 3479 2801 3534 mediensem
2827 3477 3180 3547 episcOpaletn
3209 3476 3390 3531 sedem
3418 3476 3640 3544 adeptus
3663 3484 3762 3529 est.
3798 3475 3876 3529 Re
3905 3490 4064 3530 cont-

2476 3583 2623 3642 perta
2653 3572 2967 3626 Ambrosius
2993 3569 3240 3624 Nectario
3265 3569 3517 3636 episcopo
3561 3567 4066 3637 Constantinopoli-

2477 3674 2600 3717 tano
2661 3663 2915 3732 scripsit,
2966 3672 3020 3714 ut
3065 3660 3380 3715 Gerontium
3436 3675 3501 3713 ex
3555 3657 3843 3727 episcopali
3888 3657 4064 3726 gradu

2475 3754 2748 3823 dcjiceret.
2795 3753 2933 3807 Nihil
2981 3767 3084 3806 non
3135 3751 3240 3821 egit
3287 3751 3600 3813 Nectarius,
3647 3757 3703 3802 ut
3741 3747 4063 3803 Gerontium

2477 3848 2800 3916 deponeret;
2844 3844 2938 3899 sed
2984 3843 3175 3898 frustra
3215 3857 3428 3898 cessere
3466 3849 3688 3896 conatus
3721 3838 4063 3894 :Gerontius

2478 3939 2618 3992 enim
2636 3934 3126 3990 Nicomediensibus
3143 3933 3429 3987 admodum
3449 3941 3628 4002 gratus
3645 3939 3780 3997 erat,
3799 3930 4058 3999 quoniam

2479 4030 2528 4083 in
2544 4029 2802 4084 medicina
2827 4029 3045 4097 peritus,
3079 4027 3220 4080 illam
3242 4033 3409 4079 artem
3432 4023 3728 4085 exercebat,
3747 4037 3809 4076 ac
3825 4022 4064 4077 dexteri-

2479 4131 2584 4176 tate
2608 4131 2660 4175 et
2682 4122 2989 4185 sedulitate,
3032 4120 3200 4188 inquit
3226 4118 3554 4172 Sozomenus
3576 4157 3589 4180 ,
3617 4132 3741 4185 erga
3772 4130 3965 4169 omnes
3995 4131 4060 4168 ex

2477 4229 2650 4284 aequo,
2686 4223 2788 4266 tam
2813 4227 3072 4282 pauperes
3099 4225 3254 4280 quam
3284 4208 3495 4272 divites,
3530 4207 3792 4261 utebatur.
3823 4205 4065 4260 Joannes

2481 4322 2607 4359 vero
2639 4304 2784 4357 illum
2829 4303 3114 4372 deposuit,
3165 4291 3216 4355 et
3256 4302 3309 4355 in
3349 4300 3520 4353 locum
3549 4299 3663 4367 ejus
3696 4299 4060 4367 Pansophium

2479 4395 2760 4449 ordinavit.
2785 4394 2912 4458 Qua:
2935 4408 3020 4447 res
3044 4391 3534 4446 Nicomediensibus
3559 4388 3845 4442 admodum
3877 4389 4066 4456 displi-

2479 4485 2608 4550 cuit,
2642 4499 2739 4537 nec
2765 4499 2918 4536 secus
2948 4498 3104 4552 quam
3143 4483 3193 4533 in
3222 4479 3540 4541 calamitate,
3584 4487 3674 4531 aut
3706 4486 3862 4531 terra:
3891 4490 4063 4540 metu,

2478 4576 2560 4630 vel
2587 4575 2844 4637 siccitate,
2875 4588 2969 4641 per
2991 4572 3190 4640 plateas
3219 4569 3446 4623 civitatis
3473 4582 3583 4621 sua:
3610 4576 3662 4620 et
3683 4565 4066 4619 Constantino-

2480 4669 2587 4738 poli
2617 4669 3010 4721 circumeuntes
3055 4663 3384 4732 psallebant,
3433 4661 3645 4728 Deoque
3691 4659 4068 4726 supplicabant

2482 4769 2538 4813 ttt
2565 4761 2710 4813 illum
2736 4757 3042 4826 episcopum
3068 4756 3345 4809 haberent.
3387 4751 3512 4805 Haec
3547 4765 3677 4804 vero
3699 4748 3943 4803 Gerontii
3971 4749 4069 4803 dc—

2482 4851 2673 4921 positio
2711 4849 2811 4902 sub
2858 4849 2975 4901 haec
3018 4845 3209 4901 Joanni
3250 4843 3634 4911 Chrysostomo
3679 4839 3892 4907 objecta
3945 4839 4066 4896 fuit.

2481 4941 2693 5012 quando
2721 4941 2809 4994 illa
2846 4947 2987 4992 tanta
3018 4937 3273 4991 adversus
3310 4934 3481 5003 ipsum
3512 4941 3799 5001 tempestas
3825 4939 3945 4984 orta
3989 4942 4072 4983 est

2484 5035 2657 5106 (Socr.
2691 5033 2729 5087 ι.
2761 5032 2813 5086 6.
2837 5047 2883 5083 c.
2915 5031 3000 5084 11.
3032 5039 3078 5082 et
3108 5027 3218 5095 l9).
3264 5024 3572 5079 Novatianis
3609 5032 3782 5076 autem
3806 5031 3859 5074 et
3896 5020 4074 5086 Quar-

2484 5122 2831 5179 todecimanis
2856 5121 3079 5188 aliisque
3093 5116 3356 5172 haereticis
3375 5115 3566 5168 multas
3577 5112 3825 5168 ecclesias
3839 5110 4069 5165 ademit.

2485 5219 2659 5285 Atque
2686 5212 2880 5282 Ephesi
2903 5227 3021 5265 cum
3047 5218 3208 5275 esset,
3241 5207 3408 5276 inquit
3435 5205 3676 5268 Proclus,
3708 5202 3861 5256 Mida:
3893 5203 4076 5255 cultus

2485 5321 2736 5362 arcanum
2781 5318 2939 5358 omne
2975 5301 3205 5364 detexit;
3245 5309 3299 5353 et
3327 5312 3445 5351 cum
3473 5296 3526 5349 in
3563 5294 3842 5364 Phrygiam
3883 5295 4072 5345 venis-

2487 5409 2597 5463 set,
2641 5395 2793 5450 Matri
2837 5394 3000 5448 Deum
3030 5390 3246 5462 Cybelte
3275 5386 3412 5441 ﬂlios
3439 5399 3627 5440 omnes
3656 5383 3873 5436 abstulit
3899 5423 3912 5446 ,
3944 5397 4074 5435 cum

2488 5503 2670 5542 eorum
2700 5485 2891 5554 templa
2921 5481 3204 5538 destruxit.

2560 5585 2827 5637 lteversus
2865 5580 3276 5650 Chrysostomus
3308 5574 3430 5644 (Jo.
3455 5572 3638 5642 Chrys.
3671 5581 3706 5624 t.
3741 5571 3792 5627 3.
3850 5587 3896 5622 c.
3929 5569 4077 5638 579)

2490 5689 2555 5727 ex
2587 5673 2710 5726 Asia
2750 5673 2902 5741 quasi
2932 5685 2998 5724 ex
3028 5669 3182 5737 longa
3230 5663 3686 5736 peregrinatione,
3719 5661 3769 5714 in
3812 5675 3914 5731 qua
3957 5661 4082 5728 plus

2490 5782 2645 5836 quam
2661 5777 2870 5820 centum
2891 5764 3003 5819 dies
3019 5756 3652 5831 insumpserat,postridie
3667 5755 3968 5809 orationem
3994 5761 4080 5807 tta-
