4264 6306
254 404 338 462 185
1389 406 1568 462 NUNC
1607 406 1870 462 PRIMUM
1913 405 2305 463 ADOllNATA.

250 520 348 574 bult
371 519 430 573 ad
460 520 711 589 populum
739 535 918 586 suum,
946 536 1103 592 quem
1133 523 1354 576 summis
1382 522 1627 576 laudibus
1653 522 1825 574 extol-

252 611 302 664 lit
332 610 463 679 quod
494 625 613 671 cum
650 619 796 666 tanto
830 611 1022 680 gaudio
1067 611 1216 665 illum
1247 611 1560 682 redeuntem
1591 625 1822 679 excepe-

249 705 358 767 rint,
383 701 522 771 quod
548 702 817 757 civitatem
847 710 1011 757 totam
1040 703 1090 757 in
1119 701 1403 757 ecclesiam
1433 704 1818 761 converterint.

247 792 371 861 quod
394 808 510 846 cum
536 793 802 847 haereticis
827 793 1095 848 colluctati
1119 793 1244 848 sint.
1271 793 1540 864 Nusquam
1560 807 1688 847 vero
1709 801 1825 846 tan-

246 892 342 936 tum
371 882 544 952 gaudii
575 883 850 948 exhibuit,
879 891 1137 952 quantum
1181 884 1233 937 in
1264 882 1375 938 bac.
1404 883 1662 937 concione
1685 920 1701 946 ,
1733 881 1823 936 ubi

243 983 375 1027 certe
398 972 480 1028 vel
520 975 694 1042 primo
723 972 917 1028 intuitu
945 973 1268 1044 percipitur,
1298 988 1403 1027 non
1434 974 1640 1037 minore
1671 972 1821 1026 illum

243 1065 492 1120 dcsiderio
517 1065 586 1119 ad
619 1065 826 1135 plebem
856 1065 1162 1120 revertendi
1205 1073 1418 1135 captum
1449 1065 1632 1130 fuisse,
1661 1079 1819 1134 quam

242 1155 452 1222 [epulus
477 1163 618 1208 totus
641 1155 868 1225 pastoris
890 1154 972 1209 sui
997 1153 1241 1211 absentis
1263 1154 1553 1225 recipiendi
1574 1154 1820 1225 cupidine

243 1245 520 1299 tenebatur.

303 1345 594 1415 Regressus
625 1361 752 1402 vero
796 1345 1151 1417 deprehendit
1191 1346 1542 1402 Severianum
1588 1343 1819 1401 Gabalo-

239 1453 345 1490 rum
387 1439 720 1508 episc0pum,
757 1440 841 1493 cui
884 1441 934 1493 in
963 1439 1290 1508 profectione
1310 1455 1404 1495 sua
1430 1453 1646 1509 gregem
1665 1453 1817 1491 suum

236 1528 728 1596 commendaverat,
769 1529 897 1583 nihil
946 1544 1050 1583 non
1095 1529 1268 1599 egisse
1315 1539 1370 1582 ut
1415 1529 1703 1598 populum,
1735 1529 1821 1582 cui

237 1634 368 1686 scpe
388 1619 824 1685 concionabatur,
845 1620 944 1676 sibi
969 1622 1292 1686 conciliaret,
1315 1629 1367 1675 et
1393 1635 1419 1673 a
1438 1621 1821 1692 Cbrysostomo

237 1721 525 1773 averteret;
558 1721 717 1783 atque
738 1755 752 1779 ,
787 1723 845 1769 ut
889 1715 1200 1782 putabatur,
1235 1723 1291 1767 ut
1333 1714 1478 1767 illum
1511 1729 1538 1766 a
1571 1728 1662 1766 sua
1692 1713 1820 1767 sede

238 1802 554 1868 deturbaret,
588 1820 751 1874 seque
782 1807 832 1859 in
863 1806 976 1874 ejus
1000 1807 1181 1859 locum
1211 1806 1577 1868 substitueret,
1603 1804 1819 1874 jamque

238 1909 264 1947 a
298 1893 588 1964 Serapione
633 1895 858 1950 diacono
918 1897 1151 1950 menitus
1198 1895 1613 1967 Chrysostomus
1639 1937 1652 1960 ,
1694 1895 1817 1950 dum

238 1982 415 2039 absens
433 1995 599 2053 esset,
621 1995 740 2056 post
760 1986 987 2042 reditum
1010 2003 1123 2041 rem
1144 1988 1444 2043 accuratius
1464 1987 1818 2052 examinavit;

237 2088 294 2128 ac
308 2091 482 2130 veram
503 2090 626 2131 esse
655 2078 922 2146 cognovit.
955 2078 1080 2132 Erat
1098 2087 1274 2131 autem
1292 2077 1611 2134 Severianus
1628 2093 1821 2149 genere

238 2163 391 2236 Syrus
412 2208 426 2232 ,
457 2167 783 2235 eloquentia:
803 2168 1044 2222 .studens
1064 2211 1077 2233 ,
1110 2169 1262 2237 cujus
1294 2169 1540 2223 homilias
1564 2170 1820 2241 quasdam

239 2255 503 2321 habemus,
519 2272 746 2327 quarum
763 2259 1145 2329 stylusaliquid
1164 2260 1482 2314 inventionis
1499 2275 1607 2330 prce
1625 2276 1682 2315 se
1701 2261 1819 2326 fert,

238 2345 323 2400 sed
341 2349 602 2417 strigosus
629 2361 681 2404 et
707 2364 863 2418 aSper
885 2360 967 2405 est
989 2367 1002 2415 ;
1034 2353 1100 2404 ita
1120 2362 1175 2406 ut
1202 2352 1557 2421 eloquentiam
1577 2353 1691 2422 ejus
1719 2353 1826 2407 fer-

239 2453 370 2493 ream
403 2449 561 2496 vocet
590 2441 838 2496 Savilius.
867 2443 916 2498 Is
946 2445 1122 2515 itaque
1152 2453 1205 2500 et
1233 2446 1369 2500 alius
1393 2447 1674 2516 cpisc0pus
1702 2446 1826 2500 Pto-

239 2527 468 2585 lemaidis
491 2572 506 2596 ,
542 2532 837 2587 Antiochus
885 2536 1134 2599 nomine,
1166 2537 1251 2604 qui
1298 2538 1618 2606 eloquentia:
1663 2540 1820 2591 etiam

235 2620 493 2688 studebat,
528 2623 668 2678 inter
697 2625 1052 2694 primipilares
1075 2626 1295 2682 Joannis
1332 2627 1697 2699 Chrysostomi
1727 2631 1823 2683 ini-

238 2710 394 2765 micos
430 2714 687 2783 deinceps
708 2718 1148 2772 numerabantur.
1180 2719 1504 2775 Severianus
1529 2735 1632 2774 non
1654 2721 1824 2790 plebis

237 2804 385 2858 modo
402 2805 1014 2878 Constantinopolitanze
1038 2810 1284 2866 affectum
1317 2823 1368 2866 et
1397 2813 1820 2868 benevolentiam

236 2894 328 2948 sibi
354 2906 576 2966 captare
601 2898 884 2965 studebat,
919 2899 1010 2953 sed
1055 2901 1212 2955 etiam
1243 2901 1293 2954 in
1321 2901 1661 2971 lmpcratorla
1702 2893 1824 2956 aula

237 2983 327 3037 sibi
357 2987 614 3040 Eudoxize
638 2991 889 3056 Augustm
907 2990 1130 3058 gratiam
1151 2992 1546 3056 conciliaverat,
1577 2993 1825 3048 ambitio-

238 3076 310 3128 nis
330 3077 507 3130 studio
537 3088 831 3147 permotus.
861 3080 1010 3134 Cmca
1035 3081 1173 3134 enim
1203 3093 1253 3136 et
1280 3084 1556 3137 temeraria
1585 3083 1827 3138 domina-

239 3167 357 3220 trice
381 3170 549 3223 animi
581 3170 868 3239 cupiditate
899 3172 1197 3227 stimulatus
1228 3174 1430 3228 nullum
1465 3175 1690 3245 lapidem
1720 3190 1824 3230 non

237 3270 485 3314 moverat.

299 3351 452 3405 Aliud
470 3352 541 3407 de
566 3352 860 3409 Severiano
882 3356 1041 3409 refert
1061 3356 1304 3412 Socrates
1324 3358 1500 3429 (Socr.
1527 3360 1564 3416 ι.
1590 3359 1641 3414 6.
1665 3377 1710 3416 c.
1740 3362 1824 3415 ll.

237 3441 431 3495 Sozam.
459 3446 500 3498 ι.
533 3444 587 3498 8.
617 3462 663 3498 c.
696 3444 818 3513 10),
848 3447 988 3515 quod
1016 3462 1209 3516 nempe
1235 3448 1456 3520 Serapio
1476 3491 1489 3515 ,
1515 3451 1582 3505 de
1609 3466 1714 3521 quo
1741 3466 1830 3505 su-

235 3547 339 3601 pra,
363 3551 485 3590 cum
515 3537 730 3592 sederet
757 3539 1063 3607 aliquando,
1091 3543 1384 3595 transeunti
1415 3541 1704 3598 Severiano
1723 3544 1827 3596 ho-

235 3641 405 3681 norem
436 3629 696 3697 episc0po
726 3628 962 3684 debitum
995 3646 1099 3685 non
1135 3633 1462 3701 praestiterit,
1495 3635 1587 3689 sed
1617 3635 1668 3688 in
1701 3636 1829 3690 sede

234 3731 317 3770 sua
341 3722 719 3788 permanserit.
753 3721 862 3789 Qua
897 3738 952 3776 re
982 3735 1251 3792 permotus
1280 3726 1617 3792 Severianus,
1649 3743 1830 3783 coram

233 3811 471 3865 munibus
500 3811 638 3865 dixit
669 3829 681 3862 :
715 3810 775 3866 Si
807 3811 1024 3884 Serapio
1050 3816 1295 3869 moriatur
1318 3815 1658 3884 Christiani»,
1684 3818 1832 3873 Chri-

232 3909 327 3953 stus
347 3901 500 3955 homo
530 3919 632 3955 non
664 3905 828 3972 factus
858 3914 951 3958 est.
981 3905 1093 3962 lloc
1112 3905 1311 3961 dictum
1335 3917 1481 3964 certe
1504 3909 1828 3979 impietatem

230 3992 391 4059 sapit;
420 3991 649 4062 Serapio
675 4002 852 4048 autem
889 3995 1137 4066 maligne,
1155 3998 1386 4068 demptis
1415 4001 1678 4069 prioribus
1709 4017 1830 4056 ver-

232 4080 324 4148 bis,
339 4083 397 4138 af
399 4085 650 4141 firmabat
673 4087 1020 4144 Severianum
1041 4091 1154 4146 haec
1175 4094 1462 4162 protulisse
1483 4096 1662 4163 verba,
1684 4096 1830 4150 Chri-

229 4182 324 4230 stus
350 4179 506 4232 homo
539 4181 706 4250 factus
737 4199 835 4235 non
869 4193 943 4236 est
967 4226 981 4250 ,
1013 4186 1316 4257 multosque
1346 4202 1456 4242 suae
1483 4187 1727 4243 factionis
1756 4197 1831 4242 te-

231 4274 331 4320 stes
357 4270 716 4338 producebat,
750 4274 838 4342 qui
867 4273 968 4330 hoc
997 4290 1054 4330 se
1082 4291 1112 4330 a
1137 4276 1426 4334 Severiano
1452 4279 1650 4335 dictum
1681 4283 1832 4336 audi-

231 4359 361 4416 visse
385 4362 748 4429 affirmarent,
781 4366 1099 4425 Severianus
1129 4386 1278 4437 vero,
1308 4388 1367 4428 se
1398 4389 1504 4427 non
1537 4376 1604 4427 ita
1631 4375 1831 4431 dixisse

228 4457 592 4522 asseverabat,
622 4459 715 4512 sed
741 4468 903 4514 totam
928 4465 1270 4532 sententiam,
1298 4475 1353 4520 ut
1378 4482 1538 4535 supra
1559 4467 1825 4524 diximus:

229 4555 337 4610 qua:
359 4554 546 4602 tamen
569 4557 622 4603 et
643 4548 754 4619 ipsa
773 4552 931 4622 impia
955 4568 1072 4608 cum
1097 4567 1257 4619 esset.
1273 4555 1592 4614 Severianus
1613 4576 1639 4613 a
1662 4559 1832 4632 Chry-

229 4645 460 4693 sostomo
486 4654 559 4693 ex
600 4641 732 4696 urbe
763 4643 944 4711 pulsus
971 4646 1068 4700 fuit
1094 4687 1108 4709 ,
1139 4657 1198 4702 ut
1222 4648 1296 4702 ait
1321 4648 1590 4705 Socrates.
1632 4650 1828 4706 Verum

228 4739 287 4778 ex
313 4726 688 4801 Chrysostomi
707 4733 862 4788 dictis
885 4746 1029 4804 patet
1046 4738 1394 4796 Severianum
1420 4759 1448 4796 a
1473 4743 1666 4812 populo
1690 4745 1827 4798 indi-

227 4832 414 4885 gnante
437 4824 726 4893 expulsum
758 4826 919 4883 fuisse
948 4828 1152 4902 (Chrys.
1187 4840 1225 4886 ι.
1254 4834 1307 4890 3.
1348 4845 1447 4894 σοι.
1471 4842 1618 4911 42(5).

294 4913 606 4970 Severianus
633 4918 748 4986 ﬁcte
767 4937 880 4973 cum
905 4922 1266 4993 Chrysortomo
1290 4929 1831 4988 reconciliatum—Sic

229 5008 476 5075 expulsus
516 5009 844 5067 Severianus
879 5011 1277 5072 Chalcedonem
1305 5021 1695 5091 commigravit.
1732 5025 1830 5080 Ve-

231 5112 334 5152 rum
350 5101 598 5181 Eudoxia
621 5105 1010 5179 Augusta,apud
1020 5127 1180 5182 quam
1191 5111 1350 5184 gratia
1365 5115 1569 5171 valebat
1586 5117 1832 5173 Severia-

232 5205 340 5257 nus,
355 5191 704 5252 Chalcedone
723 5199 895 5268 ipsum
917 5205 1205 5258 revocavit.
1226 5205 1372 5260 Multi
1390 5207 1827 5279 Cbrysostomum

232 5285 483 5352 rogabant
511 5287 910 5352 ,‘Severianum
942 5304 1000 5349 ut
1045 5297 1192 5366 prius
1235 5299 1286 5352 in
1320 5296 1734 5358 familiaritatem
1776 5315 1830 5360 et

232 5376 553 5448 colloquium
583 5381 906 5452 admitteret,
937 5402 1108 5458 neque
1136 5389 1186 5443 id
1215 5391 1499 5461 impetrare
1522 5407 1827 5463 potuerunt.

235 5463 445 5523 Demum
477 5471 718 5528 Eudoxia
740 5476 980 5546 Augusta
1005 5480 1178 5549 ipsum
1210 5482 1358 5549 adiit,
1390 5495 1445 5538 et
1470 5485 1826 5542 Theodosium

234 5563 476 5619 tenellum
510 5565 676 5620 filium
702 5569 926 5637 genibus
950 5571 1067 5641 ejus
1092 5573 1344 5641 admovit,
1379 5592 1474 5646 per
1504 5578 1650 5633 illius
1673 5590 1831 5649 caput

232 5650 518 5720 obtestans,
551 5666 607 5710 ut
651 5658 993 5716 Severianum
1026 5663 1076 5718 in
1107 5665 1391 5721 amicitiam
1435 5684 1584 5723 suam
1634 5671 1826 5727 admit-

235 5751 391 5807 teret;
446 5746 607 5815 idque
653 5748 904 5818 demum,
953 5754 1321 5824 acgre’tamen
1367 5761 1689 5830 impetravit.
1740 5764 1829 5819 Sic

238 5831 381 5887 ambo
406 5836 481 5890 illi
511 5837 682 5906 palam
708 5842 922 5909 quidem
947 5847 1273 5904 reconciliati
1300 5863 1456 5920 sunt;
1487 5856 1628 5910 intus
1651 5865 1824 5913 tamen

3426 397 3525 454 [86

1933 523 2067 575 alter
2092 523 2350 578 adversus
2388 521 2613 576 alterum
2656 519 2961 574 exulcerato
2989 516 3165 570 animo
3192 515 3481 584 permansit
3507 554 3524 576 ,

1932 613 2098 683 inquit
2127 612 2392 668 Socrates.
2424 611 2478 666 ld
2517 625 2679 675 vero,
2714 610 2855 680 quod
2900 619 3172 678 postremo
3206 606 3423 676 adjicit,
3460 605 3525 656 de

1929 702 2216 758 Severiano
2237 703 2448 773 quidem
2481 701 2632 756 facile
2657 698 2938 759 credatur;
2972 696 3113 767 quod
3137 712 3263 751 vero
3290 695 3525 762 Chryso-

1929 803 2134 848 stomus
2163 805 2281 863 post
2321 792 2814 849 reconciliationem
2843 789 3154 846 exulcerato
3193 789 3372 843 animo
3399 802 3523 855 per-

1927 885 2205 947 manserit,
2236 885 2356 954 quis
2386 884 2603 938 credere
2629 880 2838 954 possit?
2865 881 2963 934 nisi
2992 878 3127 932 forte
3155 879 3233 932 sic
3260 878 3521 946 intelliga-

1930 985 2040 1038 tur.
2073 977 2515 1048 Chrysostomum
2544 1018 2559 1042 ,
2609 990 2802 1046 nempe
2847 989 2966 1028 cum
3019 979 3200 1026 nosset
3246 969 3522 1025 Severiani

1927 1067 2132 1122 vafrum
2159 1077 2210 1122 et
2236 1067 2575 1121 ambitiosum
2604 1066 2862 1130 animum,
2896 1078 3002 1118 non
3033 1070 3248 1130 putasse
3279 1060 3427 1114 illum
3454 1076 3523 1113 ex

1925 1160 2136 1214 sincero
2164 1159 2325 1214 corde
2353 1159 2640 1212 amicitiam
2671 1172 2822 1212 suam
2851 1155 3155 1224 expetiisse,
3190 1169 3288 1208 nec
3311 1152 3520 1207 firmam

1923 1249 2038 1306 fore
2089 1249 2575 1305 reconciliationem
2625 1246 3033 1304 existimavisse.
3102 1244 3256 1299 Nulla
3304 1244 3519 1299 demum

1927 1355 2101 1416 potest
2122 1345 2507 1415 Chrysostomo
2527 1341 2759 1397 adscribi
2791 1340 2925 1395 ficta:
2957 1339 3315 1394 reconciliatre
3336 1339 3520 1408 gratias

1926 1438 2180 1507 suspicio.
2214 1437 2466 1502 Restabat
2494 1446 2670 1491 autem
2715 1443 2770 1489 ut
2800 1433 3017 1504 populi,
3050 1433 3137 1502 qui
3171 1432 3520 1487 Severianum

1927 1532 2222 1601 expulerat,
2246 1529 2518 1585 iracundia
2541 1529 2838 1585 sedaretur.
2861 1527 2918 1582 ld
2940 1535 3114 1582 autem
3135 1525 3523 1598 Chrysostonio

1911 1623 2071 1680 'dicto
2109 1624 2414 1678 audientem
2455 1623 2708 1692 populum
2749 1621 2965 1676 habenti
2998 1635 3103 1674 non
3144 1619 3361 1674 difficile
3404 1618 3518 1671 fuit.

1927 1718 2251 1772 Concionem
2286 1717 2492 1784 habuit,
2526 1717 2590 1771 ad
2632 1731 2814 1785 pacem
2847 1731 2967 1770 cum
2999 1714 3290 1770 Severiano
3321 1712 3521 1766 facien-

1928 1810 2048 1864 dam
2081 1810 2331 1879 populum
2361 1809 2683 1872 cohortans;
2712 1818 2871 1876 utque
2898 1822 2924 1859 a
2953 1805 3212 1875 principio
3237 1803 3393 1858 dictis
3413 1804 3523 1856 suis

1930 1903 2285 1972 obsequentes
2307 1902 2576 1956 auditores
2598 1901 2998 1963 animadvertit,
3031 1901 3081 1952 in
3109 1897 3316 1951 laudem
3336 1911 3521 1951 eorum

1930 2008 2239 2059 conversus,
2263 1993 2403 2063 quod
2433 2003 2604 2047 tantas
2635 1995 2830 2046 irarum
2861 2005 3046 2045 causas
3076 2004 3132 2043 se
3160 1988 3406 2043 hortante
3431 1985 3525 2040 de-

1931 2085 2253 2152 posuissent,
2275 2100 2460 2154 pacem
2485 2094 2793 2156 perpetuam
2817 2080 3083 2152 precando
3105 2080 3304 2135 claudit
3319 2078 3524 2133 brevis-

1931 2177 2119 2230 simam
2166 2178 2503 2232 concionem.
2555 2176 2682 2230 Post
2729 2175 2875 2229 illum
2920 2172 3243 2229 Severianus
3289 2170 3355 2225 de
3395 2185 3525 2238 ptt‘t)

1929 2268 2296 2334 concionatur,
2319 2283 2476 2337 quam
2498 2276 2678 2337 postea
2710 2281 2893 2336 pacem
2920 2265 3032 2334 ipse
3062 2262 3408 2333 perturbavit,
3429 2276 3526 2314 nec

1931 2359 2095 2412 multo
2128 2345 2365 2427 tempore
2395 2373 2422 2412 a
2453 2359 2620 2412 turbis
2650 2356 2929 2412 movendis
2959 2355 3233 2417 abstinuit.

2003 2451 2079 2503 Ex
2107 2450 2167 2503 iis
2188 2489 2203 2514 ,
2238 2465 2355 2519 quae
2385 2449 2546 2503 modo
2579 2449 2806 2503 diximus
2829 2489 2843 2513 ,
2875 2446 3027 2502 facile
3062 2447 3328 2513 conjicere
3354 2444 3527 2515 possis

1933 2557 2178 2612 magnam
2209 2551 2335 2596 tunc
2363 2540 2528 2596 fuisse
2554 2539 3010 2608 Constantinpoli
3034 2548 3086 2592 et
3113 2538 3163 2590 in
3188 2536 3375 2589 vicinis
3401 2534 3524 2590 civi-

1934 2634 2128 2688 tatibus
2152 2649 2357 2688 morum
2383 2633 2762 2701 corruptelam.
2796 2631 2983 2685 Vidisti
3006 2629 3287 2699 episcopos
3311 2627 3531 2697 presby-

1932 2735 2214 2794 terosque,
2250 2726 2337 2793 qui
2373 2726 2488 2778 auri
2531 2725 2700 2793 pretio
2742 2733 2794 2777 ct
2835 2722 2944 2778 fere
2976 2721 3146 2791 palam
3179 2720 3242 2774 ad
3273 2718 3529 2774 ecclesia-

1933 2817 2094 2869 sticas
2125 2815 2410 2885 dignitates
2440 2814 2835 2876 convolabant,
2869 2813 3091 2881 aliisque
3120 2810 3259 2864 vitiis
3286 2810 3393 2864 imo
3419 2823 3530 2863 sce-

1930 2906 2130 2962 leribus
2169 2906 2384 2961 obnoxii
2429 2916 2619 2972 erant,
2663 2916 2715 2958 et
2755 2904 2969 2973 quidem
3020 2917 3210 2972 magno
3255 2914 3528 2954 numero:

1935 2999 2074 3051 inter
2101 2999 2388 3051 smculares
2416 3012 2542 3049 vero
2575 2997 2725 3049 inulti
2759 3004 2914 3048 crant
2942 2994 3153 3060 divites,
3187 2992 3523 3045 adulatorum

1932 3091 2394 3157 parasitorumque
2425 3088 2637 3157 agmine
2679 3067 2921 3150 obsessi,
2952 3085 3038 3153 qui
3072 3085 3288 3151 inepum
3322 3089 3530 3148 egesta-

1935 3193 2040 3238 tem
2063 3182 2195 3236 nihil
2221 3189 2472 3236 curarent
2497 3198 2509 3234 :
2533 3180 2621 3234 alii
2649 3179 2760 3234 auri
2787 3177 3037 3251 cupidine
3061 3175 3203 3229 ducti
3231 3173 3402 3227 nullas
3424 3187 3530 3226 non

1933 3273 2230 3330 ditescendi
2264 3274 2375 3328 vias
2416 3271 2695 3327 tentabant
2729 3289 2740 3323 :
2777 3271 2844 3325 ita
2878 3279 2969 3332 ut,
3004 3266 3145 3338 quod
3190 3280 3351 3334 supra
3388 3266 3532 3320 dice«

1935 3369 2144 3431 bamus,
2168 3382 2288 3420 cum
2319 3374 2472 3420 terrae
2495 3375 2672 3417 motus
2697 3363 2903 3431 ingens,
2934 3360 3128 3414 multos
3153 3356 3535 3411 Constantino.

1936 3460 2294 3530 politanorum
2320 3466 2525 3512 terrore
2550 3463 2826 3523 correptos
2852 3452 2915 3506 ad
2943 3451 3119 3520 fugam
3150 3447 3531 3517 capessendam

1939 3552 2254 3622 impulisset,
2289 3559 2346 3604 ut
2375 3550 2426 3603 in
2460 3546 2763 3619 lenginquis
2792 3545 3096 3615 regionibus
3125 3542 3242 3595 vita:
3273 3539 3531 3594 securita-

1940 3653 2043 3697 tem
2073 3641 2174 3696 sibi
2217 3647 2500 3710 pararent;
2526 3653 2646 3693 cum
2679 3646 2863 3706 postea
2897 3644 3038 3688 metu
3069 3641 3312 3687 cessante
3343 3630 3407 3685 ad
3439 3644 3532 3683 sua

1936 3734 2319 3796 revertissent,
2366 3746 2424 3787 se
2468 3731 2629 3788 rebus
2674 3729 2920 3783 omnibus
2958 3741 3151 3780 vacuos
3193 3739 3311 3780 esse
3359 3725 3533 3776 mirati

1936 3835 2058 3881 sunt
2091 3842 2104 3878 :
2139 3840 2258 3878 nam
2301 3825 2391 3894 qui
2431 3824 2484 3878 in
2529 3823 2663 3877 urbe
2704 3829 3102 3884 remanserant,
3132 3817 3267 3874 bona
3294 3817 3533 3870 omnium

1936 3921 2235 3975 absentium
2275 3917 2580 3973 invaserant
2608 3923 2661 3970 et
2699 3913 3350 3983 przediavoccupaverant.
3383 3908 3531 3962 Vidi-

1937 4027 2058 4066 mus
2096 4020 2275 4065 autem
2320 4023 2481 4078 supra
2517 4007 2957 4078 Chrysostomum
3003 4017 3143 4055 anno
3187 4000 3292 4055 598
3340 4000 3537 4053 acriter

1937 4113 2179 4159 orantem
2205 4105 2254 4157 in
2279 4116 2392 4168 eos,
2419 4101 2505 4170 qui
2538 4109 2764 4164 tantum,
2787 4107 2893 4151 tam
2917 4096 3232 4151 Christianis
3260 4093 3531 4162 indignum

1938 4197 2142 4251 facinus
2164 4201 2557 4264 perpetrarent.
2587 4191 2769 4260 Neque
2797 4189 2936 4244 enim
2969 4189 3011 4240 is
3040 4196 3154 4240 erat
3178 4185 3412 4240 Joannes
3435 4199 3534 4237 no-

1939 4297 2069 4351 ster,
2103 4288 2191 4355 qui
2219 4283 2472 4353 frequens
2501 4279 2940 4343 concionabatur,
2974 4287 3031 4330 ut
3057 4277 3170 4331 haec
3200 4283 3255 4331 et
3281 4274 3382 4330 alia
3411 4275 3534 4329 vitia

1938 4390 2174 4444 taceret;
2209 4379 2305 4434 sed
2345 4378 2541 4432 acriter
2567 4374 2930 4430 insectabatur
2958 4372 3180 4427 divitum
3216 4371 3492 4425 avaritiam
3519 4413 3532 4434 ,

1938 4476 2252 4544 optimatum
2277 4471 2657 4540 arrogantiam,
2677 4468 2996 4522 feminarum
3020 4464 3304 4520 illustrium
3329 4463 3533 4528 luxum,

1939 4567 2217 4619 viduarum
2247 4561 2528 4616 mollitiem
2555 4561 2826 4627 vitamque
2851 4558 3129 4621 lascivam,
3152 4554 3535 4610 monachorum

1939 4658 2152 4727 indigna
2176 4665 2326 4726 gesta
2352 4696 2367 4720 ,
2401 4669 2521 4724 qua:
2553 4667 2658 4706 non
2697 4649 2864 4704 semel
2893 4648 3066 4717 carpit
3094 4647 3146 4700 in
3189 4645 3539 4701 concionibus

1939 4752 1991 4805 in
2021 4750 2315 4820 Epistolam
2342 4747 2407 4801 ad
2441 4745 2729 4801 llmbrzeos.
2764 4740 3111 4810 Clericosque
3135 4747 3190 4794 et
3215 4739 3540 4793 ecclesiasti-

1938 4857 2031 4897 eos
2056 4842 2285 4895 maxime
2309 4838 2721 4910 perstringebat,
2746 4843 2872 4889 tunc
2893 4833 3141 4889 omnibus
3166 4830 3378 4886 deditos
3400 4830 3537 4884 vitiis

1939 4944 1995 4991 et
2015 4933 2395 5004 voluptatibus.
2423 4931 2644 4987 Plebem
2674 4943 2888 4998 quoque
2916 4925 3177 4981 acerrime
3207 4923 3539 4993 increpabat.

1938 5026 2080 5097 quod
2111 5024 2443 5080 circensibus
2483 5032 2536 5078 et
2579 5019 2930 5076 theatralibus
2969 5017 3110 5072 ludis
3148 5016 3325 5071 dedita
3349 5057 3361 5079 ,
3395 5016 3445 5069 in
3477 5029 3536 5069 ea

1938 5132 2056 5187 qua:
2079 5132 2142 5170 ex
2168 5116 2250 5168 his
2272 5112 2591 5183 spectaculis
2621 5110 2930 5166 oriebantur
2950 5115 3274 5178 erumperet.
3305 5107 3373 5161 At
3396 5107 3539 5177 quod

1939 5211 2135 5264 mirum
2171 5209 2398 5263 fortasse
2430 5207 2692 5272 videatur,
2724 5205 2840 5261 hrec
2871 5206 3054 5259 infima
3078 5213 3132 5259 et
3180 5217 3405 5258 numero
3438 5218 3537 5256 ma.

1933 5301 2022 5370 jor
2046 5316 2167 5370 pars
2189 5300 2514 5366 auditorum,
2537 5300 2684 5353 illum
2709 5313 2767 5352 se
2792 5297 3166 5368 objurgantem
3189 5295 3540 5351 libentissime

1939 5392 2228 5458 audiebat,
2261 5405 2320 5446 ut
2347 5391 2580 5446 vidimus
2605 5433 2619 5457 ,
2648 5399 2772 5461 post
2814 5391 3019 5446 Pascha
3046 5390 3170 5443 anni
3201 5388 3304 5444 389
3330 5431 3344 5452 ,
3380 5396 3436 5442 et
3464 5387 3538 5442 illi

1940 5500 2155 5554 semper
2191 5484 2399 5538 addicta
2452 5484 2577 5547 fuit;
2624 5493 2785 5553 atque
2827 5481 3282 5538 'invalescentibus
3321 5480 3537 5536 demum

1939 5576 2310 5648 Chrysostomi
2359 5576 2587 5631 inimicis
2611 5616 2626 5643 ,
2658 5576 2791 5630 nihil
2833 5589 2940 5630 non
2982 5574 3134 5644 cgity
3164 5583 3220 5628 ut
3260 5589 3328 5631 ne
3358 5582 3538 5643 pastor

1939 5684 2067 5724 suus
2097 5672 2149 5724 in
2181 5670 2425 5725 exsilium
2457 5669 2762 5741 pelleretur.

2012 5761 2327 5832 Theophilus
2355 5764 2502 5818 Alex.
2534 5772 2580 5816 et
2607 5761 2698 5815 alii
2720 5762 2834 5815 dira
2862 5763 3142 5815 moliuntur
3165 5761 3217 5813 in
3239 5759 3532 5829 Cltrysostn—

1943 5873 2097 5910 mum.
2125 5885 2197 5897 -—
2223 5855 2457 5911 Joannes
2481 5871 2545 5910 ex
2584 5855 2813 5909 Asiatico
2844 5853 3033 5908 itinere
3071 5867 3352 5920 reversus,
3389 5860 3540 5922 posto
