4264 6306
716 364 812 419 IS?

711 489 863 545 quam
895 485 1074 541 pacem
1106 466 1303 524 fecerat
1331 484 1449 523 eum
1481 466 1794 532 Severiano,
1829 469 2107 537 tranquille
2128 469 2288 521 vitam

712 569 902 622 ducere
923 578 1078 633 posse
1099 562 1393 617 videbatur.
1421 560 1617 615 Verum
1644 576 1737 616 nec
1761 562 1924 614 multo
1947 571 2063 629 post
2081 561 2291 631 plurimi

711 657 1002 725 perniciem
1055 656 1172 724 ejus
1215 653 1501 709 machinati
1548 663 1690 707 sunt.
1741 654 2097 721 Primipilares
2143 664 2294 707 erant

709 747 1035 817 Theophilus
1058 745 1468 808 Alexandrinus,
1498 744 1721 798 Aeacius
1748 743 1971 806 Beroetc,
2001 742 2294 795 Antiochus

711 835 1076 900 Ptolomaidis,
1109 845 1163 888 et
1200 832 1520 888 Severianus
1548 831 1889 895 Gabalorum,
1920 833 2005 899 qui
2037 848 2202 899 nuper
2232 833 2295 885 si-

710 928 909 981 mulate
946 940 1067 979 cum
1115 926 1227 993 ipso
1276 940 1458 993 pacem
1506 924 1714 977 inierat.
1760 923 2083 990 Theophilus
2117 931 2292 975 autem

708 1020 1119 1082 Alexandrinus,
1156 1017 1243 1086 qui
1271 1018 1368 1070 sibi
1401 1015 1541 1070 dicto
1569 1017 1843 1070 audientes
1876 1018 2066 1083 ubique
2092 1015 2295 1084 cpisco-

713 1124 806 1177 pos
839 1123 957 1163 esse
983 1108 1245 1174 cupiebat,
1276 1104 1384 1175 jam
1413 1106 1527 1175 ejus
1564 1106 1882 1161 ordinatiimi
1908 1107 2207 1170 obstiterat,
2241 1112 2295 1159 et

715 1199 831 1253 loco
861 1198 1078 1251 Joannis
1106 1197 1271 1249 nostri
1302 1196 1556 1250 lsidorum
1586 1195 1865 1265 quemdam
1910 1197 1959 1248 in
1987 1194 2291 1273 Constanti-

713 1291 1074 1357 tmpolitanum
1104 1290 1407 1358 cpisc0pum
1436 1289 1687 1342 inducere
1717 1296 2023 1348 tentaverat,
2053 1296 2104 1339 ut
2132 1301 2291 1355 supra

714 1381 959 1443 vidimus,
987 1393 1083 1432 nec
1107 1380 1261 1431 linem
1287 1378 1407 1431 fecit
1431 1388 1614 1447 postea
1645 1379 1950 1431 occasiones
1974 1376 2216 1443 captandi
2239 1383 2294 1428 ut

715 1471 857 1522 illum
879 1486 905 1520 a
930 1467 1053 1521 sede
1075 1467 1401 1520 deturbaret.
1431 1468 1648 1521 Aeacius
1676 1460 1846 1517 autem
1870 1468 1954 1530 qui
1981 1465 2065 1517 diu
2092 1466 2292 1519 Beroea!

715 1562 1071 1629 episcopatum
1099 1574 1215 1613 eum
1249 1560 1402 1612 laude
1448 1567 1704 1628 gesserat,
1731 1557 1864 1610 hanc
1904 1558 2002 1610 sibi
2034 1558 2291 1611 maculam

721 1651 904 1704 inussit
926 1691 938 1714 ,
972 1658 1020 1703 et
1050 1660 1349 1703 sanctorum
1384 1649 1651 1701 hominum
1679 1649 1854 1702 odium
1885 1651 1934 1699 in
1985 1663 2040 1702 se
2063 1650 2293 1703 concita-

720 1745 806 1803 vit,
841 1758 957 1796 cum
990 1742 1052 1795 ad
1086 1752 1188 1794 tam
1220 1750 1458 1795 sanctum
1491 1741 1795 1794 Pontilicem
1833 1757 1858 1792 a
1888 1742 2012 1794 sede
2040 1741 2295 1809 dejicren-

716 1833 837 1885 dum
871 1832 1066 1885 nullam
1096 1848 1199 1884 non
1231 1832 1527 1883 machinam
1571 1832 1813 1884 intendit.
1850 1831 2141 1884 Antiochus
2169 1846 2293 1886 vero

716 1921 1072 1982 Ptolemaidis,
1099 1923 1176 1974 vir
1206 1922 1447 1989 petulans
1468 1927 1521 1974 ct
1542 1935 1672 1974 nova
1704 1922 1876 1973 moliri
1900 1922 2136 1989 cupiens,
2158 1924 2294 1990 jam-

716 2012 800 2062 :liu
831 2021 1011 2063 contra
1045 2010 1482 2080 Chrysostomum
1526 2014 1899 2065 insurrexerat.

787 2101 839 2152 In
870 2099 1025 2152 Clero
1053 2110 1229 2153 autem
1259 2102 1404 2154 multi
1447 2112 1629 2164 erant,
1662 2103 1747 2171 qui
1783 2102 2149 2171 Chrysostomi
2188 2119 2290 2156 non

716 2190 889 2241 minus
912 2192 1067 2241 vitam
1098 2199 1352 2249 sanctam,
1385 2200 1582 2243 arctam
1612 2199 1662 2245 ct
1689 2191 2026 2257 inculpatam,
2047 2192 2289 2258 oderant,

718 2293 871 2345 quam
903 2278 1016 2345 ejus
1043 2278 1250 2334 dicendi
1282 2281 1601 2347 libertatem,
1634 2291 1688 2335 et
1716 2284 1910 2335 molita
1942 2281 2080 2335 Cleri
2112 2285 2189 2336 sui
2222 2284 2305 2336 vi-

719 2368 805 2418 tiis
834 2369 1176 2421 emendandis
1205 2384 1497 2437 opportuna
1531 2372 1844 2431 volentibus,
1875 2372 2173 2439 importuna
2207 2373 2296 2424 ob-

720 2459 923 2511 Stiuatis
947 2470 1114 2513 erant.
1146 2460 1206 2513 Hi
1233 2476 1357 2515 vero
1392 2463 1639 2528 postremi
1672 2464 1820 2530 longe
1845 2464 2043 2530 majore
2072 2480 2293 2517 numero

722 2547 863 2602 fuere
891 2548 1122 2619 (Pallad.
1151 2568 1203 2618 p.
1229 2552 1349 2618 55).
1377 2552 1514 2604 inter
1534 2550 1630 2605 hos
1654 2562 1826 2604 autem
1851 2552 1955 2604 dno
1977 2554 2291 2623 presbyteri,

719 2651 772 2693 et
797 2642 1026 2709 quinque
1061 2640 1266 2694 diaconi
1298 2650 1645 2694 numerantur
1668 2683 1681 2706 ,
1724 2642 1808 2710 qui
1853 2643 2214 2697 vehementius
2243 2644 2292 2698 in

717 2733 972 2785 Joannem
1007 2733 1340 2786 insurrevcrc
1373 2731 1539 2803 (Anno
1569 2734 1724 2802 $09.),
1762 2735 1850 2785 alii
1880 2750 1939 2786 ex
1968 2736 2254 2802 impm‘itatc
2279 2778 2291 2799 ,

721 2824 807 2875 alii
836 2840 898 2875 ex
928 2824 1139 2877 obnoxio
1169 2840 1370 2877 numero
1390 2826 1677 2877 consociati.
1710 2825 1829 2878 “rec
1848 2841 2005 2892 porro
2029 2826 2184 2877 vcrha
2216 2842 2297 2879 sa-

722 2928 784 2966 tis
815 2913 1036 2967 obseurc
1079 2913 1211 2967 hanc
1254 2914 1445 2968 efferre
1488 2915 1802 2967 sententiam
1850 2916 2093 2967 videntur
2129 2932 2139 2967 :
2178 2916 2296 2969 illos

720 3019 908 3071 nempe
938 3019 1001 3057 ex
1028 3003 1202 3070 Clero,
1233 3005 1321 3073 qui
1351 3014 1534 3059 contra
1564 3005 1818 3059 Joannem
1847 3006 2151 3076 episcopum
2180 3005 2293 3059 dira

721 3093 1002 3146 machinati
1032 3103 1174 3159 sunt,
1206 3097 1398 3164 partim
1431 3110 1494 3149 ex
1523 3110 1707 3149 eorum
1741 3111 1960 3148 numero
1990 3096 2171 3158 fuisse,
2205 3097 2292 3163 qui

720 3184 977 3251 impuram
1005 3197 1152 3237 suam
1179 3186 1336 3238 vitam
1361 3184 1424 3238 ab
1451 3186 1539 3238 illo
1567 3186 1911 3240 coneionante
1940 3187 2079 3255 carpi
2105 3196 2155 3239 et
2180 3202 2297 3252 pcr-

720 3275 900 3341 stringi
931 3273 1066 3327 ferre
1094 3289 1196 3328 non
1229 3284 1503 3342 poterant;
1537 3278 1725 3343 partim
1763 3291 1825 3329 ex
1859 3290 2040 3329 eorum
2064 3318 2078 3341 ,
2111 3277 2199 3345 qui
2233 3277 2295 3332 de

720 3376 865 3419 tanto
896 3376 1106 3433 pastore
1138 3366 1417 3435 malignam
1446 3376 1799 3435 conceperant
1826 3368 2148 3434 Opinionem.

792 3456 869 3510 Ex
900 3456 1235 3523 lmperatoria
1262 3459 1376 3510 aula
1407 3457 1511 3511 duo
1536 3460 1617 3512 vel
1643 3468 1746 3513 tres
1771 3468 1971 3514 tantum
1995 3460 2294 3529 Theophila

722 3557 919 3614 priesto
949 3549 1093 3601 fuere
1127 3546 1366 3615 (Pallad.
1402 3567 1451 3614 p.
1487 3548 1587 3616 55)
1618 3591 1629 3614 ,
1662 3565 1722 3603 ac
1767 3552 2013 3605 militaris
2058 3554 2296 3619 praesidis

721 3651 872 3700 opem
904 3636 999 3701 ipsi
1031 3637 1214 3700 tulere,
1249 3652 1365 3690 cum
1395 3638 1457 3690 ad
1490 3638 1923 3708 Chrysostomum
1953 3656 1980 3694 e
2009 3642 2171 3708 gradu
2198 3642 2293 3695 tle-

721 3724 998 3791 jieiendum
1040 3740 1248 3779 Omnem
1302 3728 1524 3795 lapidem
1570 3739 1825 3788 moveret.
1869 3731 1947 3783 Ex
1987 3732 2294 3787 mulieribus

721 3829 847 3867 vero
871 3854 884 3877 ,
921 3815 1084 3883 inquit
1130 3815 1391 3869 Palladius
1413 3857 1425 3879 ,
1460 3828 1650 3885 praeter
1679 3819 1792 3872 illas
1823 3835 1938 3887 qua:
1971 3821 2126 3889 vulgo
2159 3832 2295 3875 nota:

724 3920 866 3972 sunt,
897 3918 1001 3963 tres
1030 3911 1199 3964 viduae
1224 3952 1238 3976 ,
1272 3915 1417 3981 quinis
1449 3915 1541 3967 viri
1573 3915 1803 3970 defuncti
1839 3918 2112 3985 pecuniam
2140 3935 2296 3983 gron.

721 3999 839 4051 dum
872 4016 933 4053 ex
966 4002 1165 4068 rapinis
1205 4011 1406 4069 partam
1448 4005 1805 4073 reliquerant,
1836 4023 1954 4061 cum
1995 4010 2120 4077 ipsa:
2154 4012 2216 4063 iis
2245 4012 2294 4065 in

721 4090 944 4157 propria:
969 4091 1150 4144 salutis
1171 4093 1454 4159 perniciem
1479 4096 1664 4161 Opibus
1683 4098 1743 4148 ad
1772 4111 1827 4150 se
1852 4114 1953 4150 non
1984 4101 2292 4168 pertinenti-

722 4179 816 4229 bus
840 4186 1130 4243 uterentur,
1156 4195 1252 4234 nec
1278 4181 1475 4236 ferrent
1501 4195 1762 4251 pastorem
1790 4202 1941 4242 suum
1967 4196 2147 4241 contra
2175 4205 2295 4244 usu-

721 4269 909 4334 rarius,
942 4285 1128 4324 avaros
1161 4280 1212 4325 et
1240 4283 1478 4341 raptores
1502 4277 1885 4331 declamantem
1908 4319 1923 4343 ,
1954 4282 2206 4335 tntnultus
2236 4297 2295 4337 ac

726 4360 998 4413 seditionis
1019 4363 1143 4431 ipsa:
1162 4378 1365 4432 quoque
1387 4381 1558 4419 causa:
1581 4366 1980 4424 fuerunt.Erant
1997 4382 2171 4425 autem
2195 4375 2294 4427 ilhe

724 4450 890 4502 Marsa
922 4451 1150 4505 Promoti
1184 4468 1345 4520 uxor,
1373 4454 1625 4509 Castrieia
1656 4458 1925 4512 Saturnini
1981 4463 2172 4528 emijux
2200 4503 2213 4525 ,
2243 4473 2297 4517 ct

720 4540 1015 4607 Eugraphia
1067 4542 1339 4611 quzcdam,
1372 4561 1488 4614 quire
1545 4546 1755 4601 furiosa:
1799 4550 1964 4604 instar
1993 4552 2197 4619 agebat.
2232 4554 2292 4607 lli

722 4645 926 4695 onmcS,
957 4640 1066 4686 tum
1105 4634 1203 4686 viri
1236 4644 1342 4687 tum
1376 4637 1624 4693 mulieres
1649 4680 1663 4702 ,
1694 4656 1794 4693 una
1828 4644 2196 4711 conSpirarunt
2239 4656 2294 4699 ut

722 4721 866 4772 illum
896 4723 1105 4789 egradu
1135 4722 1438 4791 dcjieerent,
1469 4729 1583 4795 ejus
1622 4730 1950 4797 disciplinam
1984 4747 2087 4785 non
2118 4734 2290 4787 feren-

721 4819 821 4863 tes.
855 4810 1033 4879 Neque
1078 4813 1266 4867 mirum
1295 4824 1409 4881 est,
1453 4833 1571 4871 cum
1602 4827 1704 4872 tam
1737 4821 1974 4874 dissoluti
2010 4837 2184 4876 mores
2212 4838 2294 4877 es-

718 4910 853 4963 sent,
888 4909 991 4955 tam
1021 4918 1192 4957 aerem
1224 4921 1497 4960 censorem
1528 4910 1762 4977 plurimis
1790 4912 2139 4975 displicuisse.

784 4993 911 5057 Quin
938 5010 1060 5048 vero
1088 5006 1268 5051 coritra
1306 4999 1448 5053 illum
1474 5000 1781 5067 jactitahant
1811 5005 1982 5057 aemuli
2012 5015 2066 5058 et
2096 5006 2291 5060 inimici

715 5086 827 5151 ejus
859 5085 1156 5152 hujusmodi
1186 5099 1354 5156 erant,
1385 5093 1523 5159 quod
1548 5094 1811 5146 neminem
1843 5097 1906 5147 ad
1933 5112 2169 5150 mensam
2197 5114 2294 5149 vo-

717 5185 876 5241 raret,
905 5179 995 5231 sed
1026 5196 1235 5249 semper
1262 5184 1403 5237 solus
1445 5185 1645 5238 ederet.
1681 5186 1934 5240 Nimirum
1968 5190 2086 5256 quia
2119 5204 2181 5243 ex
2213 5191 2296 5242 in-

717 5263 965 5323 firmitate
992 5273 1269 5337 stomachi,
1302 5275 1352 5327 in
1385 5277 1596 5330 morbos
1628 5293 1768 5345 saepe
1800 5279 2033 5333 incidere
2066 5281 2288 5347 solebat,

717 5369 771 5410 ut
801 5361 992 5427 passim
1017 5364 1122 5429 jam
1153 5365 1409 5427 vidimus;
1444 5369 1585 5420 tenui
1618 5384 1796 5422 mensa
1830 5371 1900 5421 uti
1935 5371 2156 5433 solebat,
2192 5388 2288 5423 ne-

718 5463 815 5504 que
839 5449 977 5502 lauta
1006 5468 1030 5507 s
1056 5453 1103 5505 bi
1133 5455 1323 5523 apponi
1354 5458 1542 5509 fercula
1574 5458 1886 5525 patiebatur,
1914 5460 1961 5513 id
1990 5462 2290 5527 postulante

694 5553 825 5591 .tum
865 5542 1100 5607 corporis
1143 5541 1357 5609 habitu,
1401 5555 1508 5599 tum
1553 5547 1747 5614 pietate
1795 5564 1894 5617 qua
1934 5551 2200 5618 apostolos
2240 5559 2293 5604 et

719 5629 908 5683 Christi
935 5630 1221 5700 discipulos
1252 5636 1484 5699 imitans,
1509 5637 1715 5692 modico
1739 5641 1977 5693 utebatur
1997 5643 2131 5695 cibo.
2160 5642 2290 5707 Qua-

722 5739 735 5787 ;
759 5731 932 5789 ropter
961 5726 1135 5777 statim
1164 5734 1323 5795 atque
1348 5726 1413 5781 ad
1439 5727 2073 5799 ConstantinOpolitanam
2106 5734 2285 5786 sedem

1774 358 1827 413 S.
1870 356 2143 416 JOANNIS
2183 357 2654 418 CHRYSOSTOMI
2698 359 2874 428 VITA,

3884 366 3986 422 ιεδ

2397 482 2612 528 evec'us
2638 483 2739 538 est,
2771 474 2974 545 amplos
3000 477 3127 529 tanti
3158 476 3492 545 episcopatus
3517 476 3719 533 reditus
3750 476 3802 532 in
3828 491 3988 533 noso-

2398 565 2567 618 comia
2590 576 2642 619 et
2671 564 2722 618 in
2751 579 3041 635 pauperum
3073 565 3491 620 susmntaculum
3520 565 3702 623 inferri
3725 567 3906 638 jussit,
3931 575 3988 622 et

2400 668 2534 706 nova
2561 669 2771 724 quoque
2800 640 2919 723 ipse.
2961 657 3265 710 nosocomia
3312 657 3637 722 construxit;
3672 658 3742 711 ita
3776 666 3831 711 ut
3866 672 3987 728 qua:

2398 743 2605 798 laudem
2638 754 2820 799 sancto
2849 746 2960 800 viro
2988 759 3175 815 parcre
3202 746 3557 814 meruissent,
3590 745 3642 802 in
3668 747 3988 816 vituperium

2398 832 2496 900 ipsi
2526 835 2592 887 ab
2614 833 2840 889 inimicis
2871 842 3220 888 verterentur.

2469 925 2720 978 Dicebant
2763 926 2975 994 insuper
3011 926 3182 994 ipsum
3224 938 3343 980 esse
3382 924 3570 980 durum
3611 934 3664 980 et
3710 941 3984 997 asperum,

2535 1013 2679 1067 aditu
2728 1013 2958 1080 facilem,
2992 1016 3113 1083 quia
3160 1030 3350 1083 nempe
3391 1017 3535 1085 gregi
3568 1017 3851 1085 pascendo,
3894 1016 3992 1071 do-

2398 1110 2596 1170 cendo,
2653 1105 2975 1159 instituendo
3023 1120 3235 1176 semper
3291 1106 3562 1173 intentus,
3624 1124 3727 1163 non
3778 1107 3990 1164 facilem

2400 1195 2596 1247 aditum
2630 1197 2894 1264 pricliebat
2923 1196 3195 1251 inutilibus
3224 1198 3537 1267 colloquiis;
3571 1213 3784 1267 semper
3814 1209 3994 1256 tamen

2398 1295 2614 1351 paratus
2643 1284 2706 1336 ad
2737 1299 2794 1339 ea
2828 1284 3087 1339 audienda
3129 1293 3287 1355 atque
3326 1286 3580 1351 curanda,
3621 1302 3736 1355 qua!
3768 1288 3852 1342 vel
3885 1287 3992 1342 Ec-

2397 1374 2570 1426 i-lesm
2600 1375 2833 1443 regimen
2867 1377 2947 1429 vel
2980 1391 3268 1444 pauperum
3298 1384 3350 1429 et
3378 1375 3657 1430 viduarum
3683 1392 3867 1431 curam
3899 1391 3993 1447 pa—

2400 1464 2788 1534 tmezninmqne
2825 1474 3143 1533 spectarent.
3188 1464 3367 1534 Neque
3416 1466 3639 1519 deerant
3681 1467 3768 1535 qui
3817 1466 3991 1536 ipsum

2399 1556 2742 1623 petulantem,
2773 1556 3241 1618 contumeliosum,
3279 1556 3588 1609 iracundum
3622 1564 3674 1610 et
3703 1557 3992 1625 superbum

2398 1646 2668 1710 dixere-"st;
2716 1655 2875 1716 atque
2922 1648 3120 1702 odiosis
3162 1646 3484 1712 nominibus,
3527 1646 3642 1714 ejus
3687 1646 3738 1701 in
3783 1645 3990 1715 praedi-

2398 1737 2559 1789 canda
2591 1739 2783 1791 virtute
2807 1738 3177 1801 constantiam,
3204 1747 3387 1792 contra
3418 1736 3712 1799 avaritiam,
3752 1736 3990 1806 rapinas,

2397 1828 2652 1880 aduiieria
2707 1840 3004 1897 czeteraque
3056 1830 3177 1881 vitia
3224 1828 3638 1883 declamationes
3689 1828 3993 1883 detrectare

2397 1927 2738 1971 Ctttiat‘cttlur.

2470 2010 2717 2063 Socrates
2746 2024 2870 2063 vero
2893 2009 3037 2077 (Sec.
3063 2012 3096 2061 t.
3118 2008 3169 2062 6.
3192 2026 3239 2061 ε.
3266 2010 3339 2077 5),
3371 2011 3456 2078 qui
3483 2009 3543 2062 its
3564 2023 3684 2078 qua:
3705 2007 3772 2063 de
3790 2006 3995 2062 Joanne

2398 2108 2579 2151 nostro
2607 2099 2914 2153 ferebantur
2944 2114 3044 2152 non
3076 2100 3332 2152 absimilia
3360 2100 3621 2163 audierat,
3658 2099 3756 2151 hoc
3787 2097 3854 2151 de
3903 2098 3994 2151 illo

2400 2187 2601 2257 profert
2642 2189 2939 2256 judicium:
2979 2207 2997 2239 ι
3029 2189 3147 2241 Fuit
3192 2197 3392 2253 autem,
3439 2196 3496 2240 ut
3543 2186 3737 2248 ferunt,
3782 2186 3850 2240 ob
3905 2187 3992 2239 ni-

2402 2280 2563 2331 mium
2604 2281 2965 2346 temperantur:
2998 2281 3229 2332 studium
3270 2280 3528 2341 acerbior,
3559 2288 3609 2332 et
3638 2279 3771 2330 sicut
3805 2277 3986 2331 aiebat

2399 2370 2631 2439 quidam,
2683 2372 2772 2439 qui
2813 2385 2931 2423 cum
2980 2372 3066 2423 illo
3108 2372 3172 2422 ab
3202 2373 3413 2423 ineunte
3457 2381 3609 2423 actate
3649 2368 3988 2422 familiariter

2400 2465 2620 2526 vixerat,
2653 2462 2742 2515 ira:
2773 2463 2934 2531 magis
2964 2462 3190 2521 deditus,
3222 2478 3377 2530 quain
3412 2464 3764 2515 verecundiae.
3809 2462 3874 2515 Et
3918 2462 3986 2517 ob

2401 2554 2520 2605 vita:
2547 2554 2762 2621 quidem
2797 2553 3201 2606 sanctimoniam
3232 2552 3469 2605 incautus
3503 2553 3758 2605 adversus
3786 2551 3983 2616 futura,

2399 2645 2467 2697 ob
2502 2645 2893 2712 simplicitatem
2945 2660 3068 2697 vero
3115 2653 3330 2711 apertus
3373 2653 3426 2697 et
3468 2642 3655 2697 facilis.
3704 2642 3993 2699 lmmodicn

2400 2736 2555 2788 etiam
2587 2736 2833 2803 loquendi
2867 2737 3110 2789 libertate
3137 2750 3258 2803 erga
3299 2750 3483 2790 omnes
3511 2737 3776 2789 utebatur.
3826 2737 3890 2790 Et
3938 2737 3988 2790 in

2400 2824 2641 2877 doeendo
2689 2826 2900 2894 quidem
2954 2827 3001 2878 id
3054 2831 3316 2893 praecipue
3367 2827 3657 2892 spectabat,
3706 2837 3760 2881 ut
3814 2834 3992 2883 mores

2401 2914 2729 2967 audientium
2760 2918 3070 2968 emendaret
3101 2934 3112 2966 :
3147 2916 3196 2968 in
3226 2916 3596 2984 congressibus
3635 2925 3811 2971 autem
3840 2932 3994 2971 arro-

2400 3007 2607 3072 gantior
2629 3005 2905 3059 videbatur
2948 3007 3032 3070 iis,
3061 3008 3149 3074 qui
3180 3021 3356 3060 mores
3387 3007 3548 3074 ipsius
3594 3007 3929 3075 ignorabant.
3965 3024 3987 3060 ι

2404 3097 2478 3152 Ex
2509 3096 2589 3149 his
2618 3113 2745 3152 vero
2779 3096 2928 3166 argui
2964 3112 3117 3164 posse
3150 3098 3379 3160 videtur,
3422 3112 3487 3151 ex
3532 3105 3684 3164 gestu
3729 3106 3781 3152 et
3813 3113 3879 3152 ex
3911 3099 3992 3153 lo-

2399 3188 2592 3255 quendi
2627 3188 2803 3249 modo,
2834 3203 2899 3241 ex
2924 3187 3100 3240 vultus
3127 3187 3252 3252 situ,
3284 3197 3334 3240 et
3363 3187 3479 3241 aliis
3506 3202 3621 3255 qua:
3664 3196 3849 3242 natura
3878 3188 3994 3258 ipsa

2399 3279 2638 3343 dederat,
2683 3278 3119 3350 Chrysostonnim
3162 3280 3424 3347 aliquibus
3463 3282 3619 3332 etiam
3659 3294 3723 3335 ex
3775 3280 3859 3344 iis,
3904 3279 3994 3349 qui

2401 3376 2584 3415 contra
2614 3365 2784 3432 ipsum
2816 3362 3117 3415 inimicitias
3147 3378 3248 3415 non
3275 3372 3634 3430 susceperant,
3665 3364 3992 3431 asperitatis,

2402 3455 2507 3509 imo
2556 3455 2870 3523 arrogantia:
2897 3454 3167 3524 quidpiam
3198 3469 3307 3522 prae.
3350 3468 3408 3507 se
3441 3453 3646 3507 tulisse.
3681 3454 3749 3507 At
3777 3454 3992 3509 etiamsi

2401 3548 2450 3602 id
2484 3547 2659 3616 specie
2691 3556 2893 3601 tantum
2920 3555 3074 3601 tenus
3116 3546 3322 3610 fuisset,
3355 3545 3484 3599 nihil
3512 3545 3636 3598 hinc
3661 3554 3846 3599 centra
3875 3560 3995 3600 mo-

2399 3641 2726 3694 derationem
2755 3651 2805 3694 et
2835 3640 3182 3693 humilitatem
3207 3637 3571 3707 Chrysostomi
3594 3637 3838 3691 concludi
3869 3652 3997 3706 pos-

2400 3740 2499 3785 set.
2560 3730 2753 3784 V’erum
2813 3731 3059 3784 Socrates
3116 3730 3430 3798 plerumque
3483 3729 3549 3782 de
3606 3727 3995 3797 Chrysostomo

2401 3823 2641 3890 quaedam
2685 3822 2876 3876 similia
2922 3820 3106 3884 refert,
3140 3838 3255 3890 qua)
3288 3822 3545 3887 tantisper
3585 3820 3873 3874 alienatum
3922 3821 3995 3875 ab

2402 3913 2492 3966 illo
2522 3913 2756 3965 animum
2786 3912 3140 3976 subindiccnt,
3172 3926 3234 3965 ac
3262 3926 3378 3964 cum
3408 3913 3613 3967 caeteris
3639 3913 3996 3981 scriptoribus

2400 4019 2503 4057 non
2532 4003 2891 4057 consentiunt.

2471 4094 2800 4148 Sozomenus
2839 4107 2965 4146 vero
2995 4091 3228 4162 (Sozam.
3264 4093 3299 4145 Ι.
3343 4090 3396 4145 8.
3425 4108 3471 4145 ο.
3506 4093 3563 4159 9)
3593 4092 3735 4146 illum
3765 4107 3992 4163 prorsus

2400 4185 2466 4237 ab
2521 4184 2600 4236 his
2653 4182 3113 4237 criminationibus
3177 4182 3438 4247 vindicat,
3493 4192 3778 4251 nari-atque
3833 4184 3993 4241 illum

2401 4274 2702 4344 Olympiadi
2746 4274 2945 4328 monita
2970 4273 3204 4339 dedisse,
3238 4288 3354 4341 quae
3400 4273 3498 4327 etsi
3530 4274 3758 4327 salubria
3807 4284 3989 4343 erant,

2401 4366 2629 4419 inimicis
2658 4375 2834 4418 tamen
2860 4365 2974 4433 ejus
3001 4363 3357 4419 calumniandi
3396 4378 3579 4417 ansam
3608 4363 3823 4418 dedere.
3856 4365 3993 4423 Erat

2400 4455 2541 4508 enim
2597 4454 2869 4526 Olympias
2922 4463 3163 4509 matrona
3211 4454 3542 4507 nobilissimo
3587 4470 3782 4523 genere
3829 4467 3986 4523 orta,

2401 4548 2653 4616 piissimo.
2685 4564 2802 4617 quae
2837 4556 3110 4616 postquam
3144 4548 3193 4600 in
3218 4546 3437 4616 juvenili
3461 4556 3617 4601 aetate
3644 4546 3800 4601 vidua
3826 4565 3990 4604 man-

2400 4640 2573 4703 sisset,
2600 4654 2629 4692 a
2656 4636 2902 4693 Nectario
2929 4639 3228 4692 diaconissa
3260 4638 3498 4691 ordinata
3528 4639 3716 4703 fuerat,
3746 4656 3865 4710 quae
3907 4640 3991 4695 fa-

2398 4731 2620 4783 cultates
2671 4745 2794 4783 suas
2828 4730 3127 4798 petentibus
3180 4730 3393 4796 copiose
3433 4729 3772 4799 largiebatur,
3808 4734 3991 4787 omni~

2397 4821 2600 4891 hnsque
2647 4820 3108 4875 indiscriminatim
3139 4838 3151 4873 :
3181 4820 3374 4876 divinis
3419 4823 3559 4875 enim
3610 4824 3819 4878 addicta
3864 4835 3989 4880 stu-

2399 4913 2519 4974 diis,
2551 4920 2762 4967 terrena
2791 4913 2927 4967 bona
2954 4914 3024 4966 ita
3055 4927 3237 4980 parum
3270 4911 3509 4977 curabat,
3540 4922 3596 4967 ut
3627 4929 3692 4968 ne
3722 4916 3991 4984 cogitaret

2400 5004 2610 5072 quidem
2639 5019 2704 5056 an
2735 5003 2983 5057 divitibus
3014 5018 3078 5056 an
3104 5002 3428 5070 pauperibus
3454 5017 3514 5054 ea
3535 5003 3832 5071 largiretur.
3867 5004 3990 5072 Qua

2399 5094 2463 5147 de
2495 5112 2548 5148 rc
2573 5094 2775 5147 monuit
2795 5108 2910 5148 eam
2935 5092 3346 5162 Chrysostomus
3367 5093 3598 5161 dixitque
3626 5092 3718 5156 illi,
3743 5094 3818 5147 sic
3841 5092 3988 5150 bona

2399 5189 2664 5255 epulentis
2703 5187 2850 5251 dare,
2881 5186 3101 5256 perinde
3130 5201 3248 5240 esse
3282 5196 3438 5255 atque
3468 5187 3509 5239 si
3547 5186 3598 5239 in
3639 5200 3786 5241 mare
3813 5186 3988 5242 effun-

2399 5281 2680 5343 derentur;
2711 5279 2801 5332 sed
2827 5279 3005 5347 egenis
3035 5278 3204 5331 solum
3228 5275 3514 5344 eroganda,
3555 5285 3609 5329 et
3635 5276 3710 5329 sie
3742 5276 3988 5344 pluribus

2399 5370 2539 5422 illam
2581 5369 2834 5422 beneﬁcia
2865 5367 3218 5435 praestituram
3260 5379 3396 5419 esse.
3421 5364 3712 5418 Consilium
3744 5363 3862 5434 ejus
3896 5381 3982 5420 se-

2399 5469 2556 5528 quuta
2591 5467 2673 5513 est
2718 5458 3004 5528 Olympias.
3046 5455 3125 5509 llli
3169 5471 3314 5521 vero,
3345 5469 3569 5524 quorum
3602 5453 3796 5509 divitia:
3823 5453 3988 5511 donis

2398 5549 2721 5619 Oiympiadis
2750 5546 3177 5609 cumulabantur,
3208 5545 3324 5613 ejus
3363 5552 3615 5598 mutatam
3660 5543 3989 5599 sententiam

2399 5643 2658 5701 videntes,
2704 5648 2886 5692 contra
2915 5636 3352 5708 Chrysostomum
3386 5635 3460 5688 rei
3491 5646 3757 5689 auctorem
3786 5633 3991 5688 debac-

2401 5732 2537 5785 chati
2569 5741 2707 5783 sunt.
