4264 6306
284 369 377 427 i39
602 416 629 427 ι
1444 353 1624 410 NUNC
1655 348 1915 407 PRIMUM
1956 340 2354 401 ADORNATA.

602 416 629 427 δ

350 487 578 543 Itasime
622 486 858 540 omnium
887 489 1065 536 autem
1115 481 1166 533 in
1208 478 1354 531 illum
1400 483 1711 542 exastterata
1754 481 1868 526 erat

283 576 519 635 Eudoxia
562 577 819 645 Augusta,
876 572 1227 627 referentibus
1266 567 1485 622 Socrate
1535 566 1703 631 (Sorr.
1742 567 1776 618 l.
1820 565 1867 618 8.

283 686 325 724 c.
367 668 461 738 5),
519 668 823 722 Sozomeno
873 673 927 719 et
968 662 1181 716 Zosimo
1226 657 1455 729 (Sozam.
1501 659 1536 709 l.
1578 657 1633 712 Β.
1684 672 1727 707 c.
1784 655 1865 709 εδ.

285 757 402 815 los.
450 776 505 829 ρ.
537 756 688 828 799).
737 756 1028 811 Ambitiosa
1060 754 1199 807 enim
1241 766 1360 805 cum
1393 758 1535 804 esset
1561 759 1719 817 atque
1760 748 1871 802 auri

286 849 494 919 cupida,
526 864 631 903 non
659 856 865 917 poterat
890 861 1043 915 mque
1065 848 1244 898 animo
1272 842 1411 897 ferre
1428 857 1548 896 eum
1578 846 1665 910 qui
1689 856 1873 896 contra

285 941 585 1011 huiusmodi
616 942 738 994 vitia
771 948 1027 1011 perpetuo
1051 937 1393 991 declamaret.
1423 934 1670 988 Zosimus
1695 944 1871 987 autem

282 1033 412 1087 dicit
451 1033 595 1086 illam
646 1032 697 1085 in
724 1030 984 1087 Joannem
1026 1028 1415 1092 succensuisse,
1450 1026 1589 1096 quod
1631 1041 1746 1078 eam
1781 1040 1876 1094 pu-

284 1123 440 1178 blicis
473 1123 528 1179 in
569 1122 922 1178 comentibus
949 1121 1329 1191 perstringere,
1379 1120 1607 1171 mordere
1650 1131 1876 1170 consue-

281 1215 469 1269 visset.
516 1214 573 1267 In
616 1213 733 1267 Vita
772 1222 947 1266 autem
997 1210 1051 1265 S.
1106 1208 1389 1279 Porphyrii
1436 1206 1594 1277 (Ball.
1622 1206 1690 1259 26
1726 1205 1875 1259 Febr.

282 1322 334 1373 ρ.
365 1304 491 1359 652.
518 1303 585 1374 Ῑ.)
631 1308 877 1356 narratur
918 1300 1178 1356 Joannem
1227 1296 1522 1352 Eudoxiam
1583 1295 1877 1363 rcpreheu~

280 1397 445 1459 disse,
487 1393 631 1464 quod
674 1400 868 1447 terram
900 1390 1183 1461 quamdam
1229 1389 1274 1441 vi
1318 1388 1623 1441 abstulisset
1672 1387 1877 1453 sibique

279 1488 554 1560 propriam
578 1484 808 1539 fecisset.
838 1481 1102 1549 Additque
1134 1480 1419 1545 Palladius,
1450 1478 1693 1532 inimicos
1718 1477 1877 1530 Joan.

282 1580 366 1635 nis
406 1578 703 1633 Ettdosiam
732 1576 983 1631 adversus
1017 1574 1163 1629 illum
1205 1573 1579 1639 concitavisse,
1627 1572 1757 1623 falsa
1792 1588 1877 1624 re-

282 1670 503 1724 ferendo
540 1668 607 1723 de
648 1668 996 1723 concionibus
1039 1665 1224 1735 ipsius,
1274 1664 1342 1718 ita
1391 1673 1447 1717 ut
1475 1662 1711 1717 dicerent
1739 1664 1877 1731 quod

283 1762 395 1832 ipse
449 1760 749 1815 Eudoxiam
798 1759 1099 1814 Jezabelem
1155 1757 1501 1826 appellasset.
1564 1755 1619 1808 in
1676 1757 1876 1809 crimen

283 1852 445 1907 etiam
477 1852 772 1907 vocabatur
800 1865 829 1904 a
856 1850 1125 1905 nonnullis
1155 1848 1327 1919 (Socr.
1362 1849 1398 1901 ι.
1439 1847 1494 1902 6.
1536 1863 1583 1899 c.
1625 1845 1703 1918 5),
1737 1846 1878 1915 quod

283 1942 603 2012 Eutropium
640 1941 967 2009 eunuchum,
996 1942 1084 2011 qui
1130 1940 1183 1993 in
1230 1938 1513 1993 ecclesiam
1557 1938 1879 2007 perquisitas

281 2023 581 2105 aufugerat,
626 2034 971 2089 vehementer
1010 2031 1417 2101 objurgavisset,
1465 2031 1711 2100 quodque
1757 2029 1881 2085 Gai-

282 2139 403 2179 nam
449 2133 579 2179 tunc
608 2123 917 2194 Magistrum
961 2122 1189 2177 militum
1220 2121 1607 2175 contumeliose
1638 2121 1879 2192 alloquu~

284 2224 369 2270 tus
416 2214 612 2272 fuisset
654 2232 669 2268 :
713 2216 784 2270 ita
837 2230 1028 2285 nempe
1084 2214 1324 2270 solemne
1382 2214 1726 2285 syc0phantis
1775 2224 1875 2279 est,

281 2307 483 2377 optima
511 2322 739 2378 quaeque
766 2315 936 2378 gesta,
969 2320 1067 2361 suo
1114 2320 1263 2361 more
1302 2314 1711 2375 repraesentata,
1751 2306 1879 2360 vitio

282 2406 493 2453 vertere
526 2399 613 2464 iis,
646 2413 871 2467 quorum
900 2398 1189 2467 perniciem
1217 2397 1532 2451 moliuntur.

353 2490 543 2545 Refert
580 2491 845 2545 Palladius
874 2489 1110 2561 (Pallad.
1140 2508 1190 2561 ρ.
1224 2490 1340 2557 66.)
1364 2489 1733 2552 Severianum,
1766 2490 1878 2543 Anc

282 2578 546 2645 tiochum,
583 2587 637 2633 et
673 2580 926 2634 Acacium
973 2580 1205 2633 infensos
1251 2578 1416 2634 fuisse
1441 2579 1628 2635 Joanni
1662 2590 1879 2650 propter

282 2670 556 2726 modi-stas
604 2672 722 2741 ejus
774 2670 1206 2737 admonitiones;
1261 2686 1433 2742 neque
1472 2672 1588 2727 haec
1637 2688 1740 2727 una
1781 2672 1881 2727 fuit.

282 2762 478 2816 Acacio
520 2764 720 2817 irarum
750 2777 945 2829 causa;
982 2761 1077 2818 sed
1108 2764 1267 2816 etiam
1294 2762 1437 2833 quod
1464 2778 1587 2818 cum
1616 2761 1882 2817 Constan~

281 2850 544 2921 tinopolin
574 2853 831 2920 venisset,
862 2867 966 2907 non
996 2852 1193 2906 bonum
1221 2853 1535 2922 hospitium,
1559 2853 1735 2908 aiebat
1764 2854 1874 2921 ille,

282 2943 419 3013 apud
453 2942 900 3015 Cbrysostomum
942 2953 1130 2997 nactus
1172 2954 1334 2997 esset.
1364 2942 1705 3013 Quapropter
1746 2960 1878 2999 mm-

282 3048 403 3089 rens
444 3035 842 3089 intttmcscebat
885 3035 1036 3105 quasi
1075 3035 1350 3105 neglectus
1384 3048 1413 3087 a
1444 3033 1672 3099 Joanne,
1715 3046 1877 3104 atque

281 3141 399 3181 cum
423 3128 557 3181 iram
579 3126 791 3181 frenare
814 3142 920 3181 non
946 3136 1148 3196 posset,
1179 3127 1533 3195 prmsentibus
1556 3127 1875 3197 quibusdam

281 3218 502 3274 Joannis
530 3219 762 3283 clericis,
794 3219 1003 3289 dignam
1051 3234 1147 3272 suo
1187 3218 1367 3272 animo
1402 3219 1621 3287 protulit
1655 3227 1874 3273 senten-

283 3311 405 3365 tiam
436 3310 646 3375 dicens,
678 3309 788 3381 Ego
819 3311 896 3364 illi
924 3310 1077 3364 ollam
1104 3325 1359 3379 praepara.
1387 3308 1537 3363 Tunc
1556 3320 1732 3364 autem
1757 3324 1878 3365 sese

281 3403 526 3473 adiunxit
568 3404 886 3470 Severiano,
916 3403 1201 3467 Antiocho,
1229 3415 1280 3458 et
1308 3401 1489 3457 lsaaco
1519 3403 1656 3475 Syro
1687 3420 1877 3459 mona-

281 3492 506 3549 chorum
555 3494 861 3564 prazposito,
904 3495 995 3565 qui
1043 3505 1304 3564 perpetuo
1349 3494 1560 3551 solebat
1597 3496 1876 3567 episcopos

279 3586 561 3641 calmnniis
590 3587 870 3657 impetere.

350 3677 415 3732 lli
446 3693 578 3747 ergo
606 3687 838 3747 quatuor
860 3688 1045 3732 contra
1086 3677 1348 3733 Joannem
1376 3678 1693 3747 conspirant
1721 3677 1875 3749 (Pal:

280 3769 383 3821 lad.
421 3786 473 3838 p.
506 3768 618 3839 49).
653 3768 969 3838 Mittuntque
1014 3769 1245 3838 primum
1282 3769 1640 3836 Antiochiam,
1676 3772 1763 3839 qui
1810 3771 1877 3826 de

280 3860 644 3914 adolescentia
688 3861 806 3929 ejus
844 3861 1221 3930 perquirerent
1249 3878 1261 3915 :
1289 3877 1475 3917 verum
1520 3863 1724 3917 inutilis
1756 3880 1877 3934 per-

279 3952 498 4021 quisitio
547 3951 667 4018 fuit,
714 3967 813 4007 nec
852 3953 1143 4024 quidquam
1197 3954 1613 4023 reprehensione
1657 3956 1876 4025 dignum

279 4039 555 4097 inventum
578 4052 681 4097 est.
711 4043 910 4098 Deinde
930 4045 1145 4099 mittunt
1178 4044 1245 4098 ad
1269 4044 1621 4114 TheOphilunt
1646 4047 1879 4102 Alexan-

279 4138 521 4202 drinum,
557 4138 647 4208 qtti
679 4141 952 4193 cothurnus
988 4137 1297 4192 vocabatur.
1345 4138 1476 4204 Quis
1520 4147 1664 4195 esset
1702 4140 1879 4195 Theo-

280 4228 404 4296 phili
432 4228 644 4283 animus
664 4244 787 4299 erga
810 4229 1065 4284 Joannem
1085 4229 1195 4299 jam
1213 4228 1463 4297 vidimus,
1485 4246 1604 4284 cum
1627 4231 1693 4286 de
1716 4233 1878 4301 ipsius

280 4318 500 4373 Joannis
530 4320 866 4375 ordinatione
891 4322 942 4375 in
984 4321 1294 4391 episcopum
1335 4320 1878 4393 Constantitmpolita-

280 4422 405 4464 num
447 4424 773 4481 ageremus:
816 4412 1046 4467 vidimus
1094 4411 1243 4465 illum
1285 4412 1507 4466 invitum
1547 4411 1879 4468 ordinavisse

276 4501 567 4570 Joannem,
591 4502 744 4573 cujus
764 4510 817 4557 et
844 4503 1007 4557 animi
1032 4503 1337 4558 firmitatem
1359 4511 1414 4557 et
1442 4503 1689 4573 loquendi
1719 4503 1879 4559 liber-

279 4603 442 4651 tatem
482 4597 773 4662 metuebat,
805 4613 978 4668 neque
1018 4613 1270 4669 umquam
1300 4598 1568 4654 destitisse
1596 4597 1879 4667 putabatur

277 4703 307 4742 ι
334 4689 610 4759 proposito
632 4689 779 4745 illum
796 4686 839 4744 ~a
870 4691 1001 4746 sede
1028 4690 1369 4758 deturbandi,
1398 4691 1565 4746 sicubi
1584 4705 1704 4747 sese
1724 4705 1877 4745 occa-

276 4781 361 4836 sio
386 4780 623 4835 oﬂ'erret.

348 4872 562 4943 Accidit
580 4882 757 4928 autem
781 4872 883 4929 hoc
903 4874 1118 4931 circiter
1140 4884 1377 4946 tempore
1405 4876 1648 4931 Fratrum
1673 4877 1882 4948 Longo.

277 4976 400 5017 rum
444 4965 740 5033 negotium,
779 4964 921 5035 quod
969 4965 1227 5019 tumultus
1264 4981 1486 5036 magnos
1526 4967 1578 5020 in
1624 4967 1878 5022 Orientali

278 5056 527 5111 Ecclesia
550 5058 855 5126 concitavit,
886 5067 941 5113 et
958 5058 1083 5114 inde
1104 5058 1431 5128 Theophilus
1453 5074 1635 5115 ansam
1659 5061 1882 5129 arripuit

278 5157 339 5204 ut
377 5149 432 5203 in
474 5138 912 5225 Chrysostomum
957 5151 1188 5206 stertit-et.
1230 5150 1425 5206 Verum
1467 5166 1553 5206 res
1596 5162 1678 5206 est
1723 5152 1882 5209 altius

278 5238 596 5309 repetenda.

349 5330 548 5386 Narrat
573 5331 841 5387 Palladius
885 5332 1122 5399 (Pallad.
1155 5351 1208 5403 p.
1230 5334 1311 5405 ⁵50
1335 5343 1382 5388 et
1418 5336 1574 5406 sqq.),
1620 5334 1879 5390 lsidornm

278 5424 570 5493 quemdam
609 5423 980 5496 presbyterum
1026 5427 1460 5495 octogenarium,
1509 5442 1540 5481 a
1585 5426 1881 5495 TheOpl:ilo

278 5513 645 5569 Alexandrino
675 5516 901 5585 praesule
939 5516 1120 5587 inique
1161 5526 1428 5582 vexatum,
1479 5517 1548 5573 ad
1590 5518 1881 5572 monachos

281 5607 483 5663 mentis
525 5606 712 5663 Nitriae
756 5608 1078 5681 conlegisse.
1123 5609 1483 5681 TheOpbilum
1527 5625 1675 5673 vero,
1723 5626 1880 5679 quem

283 5698 402 5766 ipse
428 5708 485 5754 ut
503 5700 747 5755 omnium
775 5700 1117 5756 vaferrimum
1149 5709 1200 5755 et
1228 5702 1663 5757 scelestissimum
1691 5701 1880 5772 depin-

284 5802 380 5859 ιιι,
416 5794 469 5846 in
494 5790 792 5847 monachos
823 5793 944 5849 illos
970 5794 1226 5863 sccviisse,
1266 5794 1594 5864 jussisseque
1619 5792 1877 5867 quosdam

3465 330 3571 388 190

1979 477 2008 515 e
2039 458 2300 529 primariis
2342 469 2405 510 ex
2450 452 2702 508 interiore
2728 462 2910 504 eremo
2941 445 3157 518 depelli.
3186 445 3262 499 llli
3301 459 3429 500 vero
3456 462 3574 499 mo.

1980 548 2131 604 naebi
2174 562 2289 601 eum
2337 543 2619 599 Atnmonio
2646 541 2899 611 quodam,
2930 540 3045 592 viro
3075 536 3359 607 grandaeva
3398 545 3449 591 et
3479 552 3570 591 ve-

1980 640 2227 705 nerabili,
2259 636 2610 706 'l‘he0philum
2640 634 2856 695 adeunt,
2889 644 2941 684 et
2970 645 3073 698 qua
3096 629 3162 683 de
3185 644 3345 684 causa
3374 630 3575 698 pellan»

1982 742 2066 786 tur
2106 738 2328 801 rogant;
2374 738 2481 781 tum
2532 726 2619 780 ille
2670 722 3010 778 Ammonium
3058 719 3221 791 plagis
3268 729 3475 785 onerat,
3521 730 3575 773 et

1982 826 2273 879 nionaehos
2302 824 2451 890 quasi
2492 818 2734 888 Origenis
2777 814 3049 871 erroribus
3090 815 3313 868 infectos
3345 814 3575 883 repellit.

1988 917 2063 969 Illi
2096 930 2220 970 vero
2246 915 2309 968 ad
2343 915 2548 967 Montes
2589 910 2833 975 redeunt,
2864 917 2917 962 et
2946 910 3295 962 monasticam
3326 908 3487 960 Vitam
3520 916 3575 960 ut

1984 1009 2129 1077 prius
2174 1014 2441 1061 exercent.
2494 1004 2643 1058 Tunc
2691 1000 3021 1069 Thc0p|tilus
3072 1000 3343 1053 advocatis
3391 998 3579 1053 vicinis

1985 1096 2245 1164 episcopis
2284 1093 2555 1166 Synodum
2597 1092 2851 1157 celebrat,
2896 1090 3204 1145 monachos.
3231 1104 3331 1144 nec
3373 1090 3579 1143 auditos

1983 1188 2235 1252 damnat;
2280 1196 2385 1241 tres
2424 1200 2547 1239 vero
2584 1199 2643 1237 ex
2679 1183 2977 1252 praecipuis,
3019 1196 3247 1252 quormn
3289 1196 3424 1235 unus
3453 1184 3579 1235 Am—

1988 1280 2194 1333 monius
2224 1288 2357 1343 erat,
2392 1275 2836 1331 cxcommunicat.
2863 1273 3014 1327 Mittit
3039 1274 3127 1343 qui
3158 1275 3449 1327 monachos
3477 1274 3584 1341 pei-

1987 1372 2094 1425 lant
2123 1386 2188 1424 ex
2220 1370 2364 1424 cellis
2394 1379 2443 1422 et
2477 1368 2814 1422 monasteriis
2846 1368 2974 1419 suis.
3003 1366 3080 1420 Illi
3107 1382 3232 1421 vero
3264 1368 3313 1419 in
3348 1367 3585 1421 l’alxsti-

1988 1478 2106 1516 natn
2144 1463 2367 1530 primum
2397 1460 2613 1529 profecti
2643 1468 2784 1513 sunt.

2062 1556 2185 1609 lude
2203 1571 2327 1609 vero
2355 1552 2854 1620 Constantinopolin
2884 1561 3167 1615 venerunt,
3204 1552 3289 1606 ubi
3321 1554 3577 1623 quinqua-

1986 1648 2129 1717 ginta
2179 1661 2400 1700 numero
2448 1644 2511 1697 ad
2543 1644 2762 1697 Joannis
2812 1645 3051 1712 episcopi
3104 1659 3270 1713 genua
3321 1646 3584 1714 provoluti

1986 1747 2195 1806 rogant,
2244 1755 2300 1792 se
2347 1754 2463 1791 cum
2512 1736 2811 1806 Theophilo
2852 1737 3104 1807 episcopo
3154 1738 3483 1803 reconciliet,
3533 1749 3586 1793 ut

1987 1841 2197 1885 montes
2225 1842 2277 1885 et
2302 1832 2415 1884 loca
2444 1845 2534 1883 sua
2564 1837 2812 1898 repetere
2844 1830 3044 1898 possint
3073 1848 3083 1881 :
3110 1830 3340 1899 alioquin
3371 1846 3498 1885 vero
3530 1848 3589 1885 se

1988 1923 2366 1993 Imperatorem
2410 1923 2681 1987 adituros,
2736 1930 2791 1975 ut
2841 1938 3005 1991 prava
3052 1923 3190 1976 illius
3239 1924 3289 1977 in
3334 1924 3589 1979 Ecclesia:

1986 2014 2365 2068 contmneliam
2411 2013 2641 2066 facinora
2672 2023 2960 2081 exponant.
3003 2012 3135 2065 Tum
3168 2013 3584 2084 Cltrysostomus

1988 2106 2108 2160 illos
2156 2106 2384 2160 libenter
2429 2105 2657 2173 excepit,
2709 2119 2871 2173 seque
2919 2103 3214 2174 'l‘beophilo
3263 2105 3585 2173 scripturum

1988 2200 2255 2269 pollicitus
2282 2208 2362 2253 est
2421 2199 2494 2253 De
2524 2207 2720 2252 caetero
2751 2198 3044 2253 monachos
3077 2199 3216 2263 illos,
3252 2200 3339 2267 qui
3375 2196 3588 2253 Fratres

1990 2295 2157 2365 Longi
2188 2310 2217 2345 at
2242 2303 2443 2348 statura
2482 2302 2759 2356 vocantur,
2809 2292 3015 2346 monuit
3050 2300 3106 2345 ut
3130 2307 3243 2345 rem
3270 2292 3483 2347 silentio
3512 2300 3590 2346 te»

1986 2396 2195 2453 gerent,
2221 2385 2391 2439 donec
2418 2383 2542 2453 quid
2572 2384 2621 2437 in
2649 2390 2826 2438 mente
2848 2382 3067 2438 haberet
3092 2382 3420 2452 Theophilus
3442 2398 3591 2438 com-

1990 2477 2291 2545 perissent:
2327 2476 2615 2545 hospitium
2654 2483 2829 2529 autem
2863 2474 2968 2528 illis
3010 2473 3300 2544 assignavit
3332 2474 3384 2528 in
3414 2475 3588 2529 eccle-

1986 2569 2103 2633 sia,
2160 2585 2278 2637 qm:
2330 2567 2609 2621 Anastasio
2669 2565 2975 2619 vocabatur.
3031 2563 3112 2618 Ad
3166 2567 3359 2619 victum
3412 2574 3591 2619 autem

1990 2659 2292 2712 necessaria
2319 2658 2447 2726 ipsis
2464 2654 2877 2725 suppeditabant
2904 2654 3157 2710 mulieres
3184 2654 3425 2725 quaedam
3460 2657 3586 2709 reli-

1987 2753 2187 2819 giosm;
2244 2752 2341 2822 ipsi
2382 2765 2591 2821 queque
2635 2748 2876 2803 nonnihil
2925 2748 3273 2803 conferebant
3317 2763 3383 2801 ex
3430 2764 3593 2816 opere

1987 2858 2256 2896 manuum.
2312 2842 2481 2896 Erant
2506 2850 2629 2896 tunc
2668 2839 3130 2911 Constantinopoli
3171 2841 3384 2911 quidam
3416 2840 3593 2895 Theo-

1986 2934 2119 3004 phili
2148 2934 2353 2997 clerici,
2394 2934 2507 3001 ejus
2540 2934 2751 3002 negotia
2790 2940 3056 3002 gerentes.
3092 2931 3185 2986 His
3214 2933 3397 2985 accitis
3425 2931 3589 2986 Joan-

1985 3041 2082 3080 nes
2110 3035 2448 3095 percontatus
2473 3034 2573 3088 est,
2597 3039 2663 3077 an
2692 3022 2982 3077 monachos
3010 3023 3140 3077 istos
3167 3035 3403 3076 nossent.
3433 3023 3507 3075 illi
3531 3038 3594 3078 se

1983 3117 2153 3189 probe
2183 3117 2301 3171 illos
2333 3118 2546 3169 novisse
2588 3115 2856 3178 dixerunt,
2902 3122 2957 3167 et
2990 3114 3296 3167 violentiam
3342 3128 3588 3182 magnam

1985 3224 2270 3281 perpessos
2308 3222 2428 3262 esse.
2470 3206 2595 3260 fassi
2640 3215 2783 3259 sunt.
2818 3205 2894 3259 De
2936 3213 3130 3259 cmtero
3171 3203 3431 3260 Joannem
3470 3220 3587 3259 meo

1983 3316 2169 3366 nuere,
2206 3308 2259 3353 ut
2303 3314 2369 3353 ne
2411 3298 2531 3352 illos
2571 3296 2637 3351 ad
2679 3295 3111 3351 communionem
3146 3296 3472 3362 admitteret,
3520 3313 3589 3353 ne

1984 3390 2340 3460 Theophilum
2379 3389 2762 3454 exacerbaret;
2814 3403 2933 3442 eum
2983 3387 3086 3442 illis
3132 3398 3304 3444 tamen
3358 3387 3589 3460 benigne

1982 3473 2184 3557 ageret,
2215 3497 2274 3540 ut
2293 3485 2515 3541 decebat
2536 3484 2870 3553 episcopum.

2056 3579 2145 3633 Sic
2181 3578 2416 3633 Joannes
2454 3577 2576 3631 illos
2608 3576 2675 3630 ad
2718 3575 3151 3630 communionem
3193 3590 3301 3629 non
3337 3574 3586 3640 admisit;

1982 3673 2077 3728 sed
2127 3672 2192 3727 ad
2238 3671 2591 3741 Theophilum
2649 3671 2882 3739 scripsit,
2939 3685 2998 3724 se
3048 3669 3213 3725 filium
3265 3682 3320 3726 et
3370 3674 3586 3725 fratrem

1983 3765 2149 3834 ipsius
2177 3764 2383 3825 dicens,
2414 3778 2608 3832 rogans
2640 3761 2758 3815 illos
2786 3761 3003 3815 demum
3033 3761 3341 3815 admitteret
3382 3770 3437 3815 et
3481 3775 3589 3814 am-

1984 3856 2324 3924 plecteretur.
2350 3853 2403 3907 ld
2435 3853 2645 3923 negavit
2674 3850 3041 3920 TheOphilus;
3074 3850 3168 3906 sed
3198 3851 3459 3920 quosdam
3492 3851 3593 3906 mi-

1984 3949 2051 4001 sit
2077 3947 2139 4001 ad
2173 3947 2535 4001 contentiosas
2564 3945 2853 3999 verborqu
2889 3957 3091 4014 pugnas
3126 3945 3467 4009 exercitatos,
3499 3944 3590 4014 qui

1984 4040 2219 4095 libellum
2252 4054 2467 4109 precum
2494 4037 2682 4093 Joanni
2713 4036 2926 4101 darent,
2965 4035 3257 4091 mendaciis
3285 4044 3335 4090 et
3380 4034 3588 4089 calum-

1985 4133 2088 4187 niis
2106 4132 2361 4186 adversus
2390 4128 3105 4197 monachosplenissimum,
3138 4138 3193 4180 ut
3224 4125 3472 4179 monachi
3514 4126 3590 4180 illi

1984 4226 2037 4278 in
2085 4224 2288 4279 Palatio
2315 4223 2464 4292 quasi
2498 4221 2913 4292 prtesdgiatores
2941 4220 3109 4290 digito
3138 4226 3587 4274 monstrarentur.

1984 4316 2227 4373 Monachi
2256 4330 2407 4381 vero,
2433 4324 2491 4369 ut
2518 4315 2767 4369 viderunt
2795 4312 2997 4367 nullam
3028 4311 3126 4367 sibi
3160 4310 3444 4380 Theophili
3474 4312 3589 4382 pla-

1985 4408 2141 4463 candi
2184 4408 2324 4462 viam
2374 4420 2679 4476 superesse,
2727 4418 2788 4459 se
2829 4412 3042 4473 paratos
3070 4417 3201 4457 esse
3237 4402 3478 4456 dicentes
3523 4403 3591 4456 ad

1984 4517 2201 4557 omnem
2230 4501 2418 4556 falsam
2450 4499 2749 4554 doctrinam
2776 4494 3342 4558 anathentatiaandam;
3383 4494 3601 4564 suppli-

1984 4610 2075 4649 ces
2121 4594 2332 4648 libellos
2371 4592 2565 4648 Joanni
2607 4589 2857 4654 offerunt,
2904 4589 2990 4644 ubi
3029 4586 3313 4658 TheOphili
3352 4589 3590 4659 tyranni-

1985 4687 2106 4741 dem
2149 4685 2331 4741 multis
2368 4683 2769 4754 exprimebant,
2804 4682 3016 4750 aliaque
3057 4680 3435 4751 adjungebant,
3469 4695 3589 4749 qua.

1988 4778 2191 4835 referre
2232 4778 2447 4848 pudeat.
2492 4777 2629 4832 Tum
2669 4774 2906 4831 Joannes
2931 4782 2986 4829 et
3014 4789 3110 4844 per
3148 4789 3207 4829 se
3251 4783 3305 4829 et
3332 4789 3427 4845 per
3454 4774 3588 4829 alios

1986 4876 2266 4945 episcopos
2290 4873 2535 4928 hortatur
2559 4871 2682 4927 illos
2706 4879 2766 4925 ut
2794 4869 2917 4923 talia
2938 4868 3008 4923 de
3035 4868 3335 4939 TheOphilo
3355 4868 3595 4923 scribere

1988 4968 2255 5033 desinant,
2287 4974 2544 5036 quantum
2575 4964 2701 5019 hinc
2746 4962 2873 5017 mali
2909 4968 3363 5032 conscquuturnm
3399 4960 3469 5017 sit
3495 4960 3593 5015 de-

1988 5060 2200 5113 elarans
2224 5074 2237 5111 :
2266 5055 2671 5126 Theophiloque
2694 5052 2974 5122 rescripsit
3001 5068 3226 5107 narrans
3246 5052 3322 5106 illi
3346 5066 3592 5124 quamam

1989 5152 2237 5207 monachi
2285 5150 2353 5206 de
2397 5151 2514 5219 ipso
2558 5147 2881 5218 proferrent,
2929 5145 3332 5216 testiﬁcantique
3374 5159 3433 5201 se
3473 5143 3595 5199 illos

1994 5243 2189 5298 frustra
2243 5242 2513 5297 hortatum
2565 5254 2686 5295 esse
2736 5250 2794 5295 ut
2837 5236 3298 5308 Constantinopoli
3345 5237 3584 5293 discede‘

1991 5346 2142 5402 rent;
2191 5346 2444 5392 caeterum
2488 5350 2608 5405 quae
2652 5332 2753 5388 sibi
2798 5332 3053 5403 expedire
3102 5330 3411 5387 viderentur
3459 5329 3595 5386 indi.

1989 5440 2151 5484 caret.

2061 5518 2389 5589 Theophilus
2409 5535 2558 5585 vero,
2591 5518 2681 5588 qui
2712 5517 2904 5573 Joanni
2934 5525 3040 5570 tam
3063 5514 3361 5581 moderato,
3386 5515 3513 5586 quin
3543 5524 3598 5570 et

1987 5611 2163 5677 amico
2186 5610 2366 5666 animo
2390 5625 2572 5665 secum
2599 5608 2797 5681 agenti,
2827 5611 3051 5679 gratiam
3081 5607 3282 5662 habere
3307 5606 3509 5671 debuit,
3540 5607 3597 5660 in

1994 5700 2225 5757 furorem
2272 5711 2445 5766 actus,
2489 5701 2669 5756 statim
2717 5700 2785 5755 ab
2814 5701 3051 5755 Ecclesia
3099 5698 3333 5755 excludit
3373 5697 3598 5753 Diones»

1995 5808 2112 5847 rum
2146 5792 2476 5863 episcopum,
2511 5806 2671 5863 quem
2705 5784 2865 5849 vocat
2898 5790 3189 5859 Palladius,
3223 5788 3443 5845 fratrem
3484 5801 3600 5843 mo-
