4264 6306
675 324 762 379 191
1765 323 1820 376 S.
1861 325 2135 384 JOANNIS
2172 327 2643 385 CllRYSOSTOMl
2688 332 2868 403 VITA,

673 437 983 503 nat-horum,
1014 437 1101 506 qui
1145 440 1196 493 in
1243 440 1479 494 Ecclesia
1520 449 1786 499 seuuerat,
1824 447 1877 492 et
1901 438 2088 493 Joanui
2135 441 2245 507 epi-

669 544 833 598 scopo
861 528 975 583 hzcc
1004 531 1188 585 scribit
1221 549 1235 586 :
1270 531 1495 584 Arbitror
1534 532 1762 601 equidem
1802 547 1903 584 non
1945 532 2180 601 ignorare
2202 540 2249 583 te

674 639 917 676 :nnonum
948 621 1273 677 Nicenorum
1304 624 1574 689 decretum,
1605 639 1701 691 quo
1745 623 1986 687 sancitur,
2035 637 2098 674 ne
2140 621 2246 690 epi-

670 730 851 782 scopus
876 712 1013 767 litem
1042 724 1182 767 extra
1208 715 1332 781 ﬁnes
1360 730 1476 766 suos
1496 714 1690 783 judice:
1717 714 1798 766 :si
1825 722 1991 765 autem
2019 712 2241 779 ignoras,

671 802 825 869 disce,
857 813 901 857 et
927 820 957 856 a
988 804 1165 856 libellis
1192 802 1429 855 adversus
1455 819 1531 855 me
1553 802 1759 855 abstine.
1792 800 1929 854 Nam
1959 802 2002 854 si
2021 800 2248 870 judicari

670 914 750 950 me
769 906 1031 966 oporteret,
1058 895 1118 949 ab
1137 894 1400 967 {Egyptiis
1421 894 1981 964 cpiscopisjudicandus
1999 909 2128 955 sum,
2148 909 2248 945 non

670 1003 703 1039 a
736 997 796 1050 te,
826 989 911 1057 qni
950 988 1262 1058 septuaginta
1289 987 1503 1057 quinque
1531 988 1723 1039 dierum
1761 987 1935 1040 itinere
1964 986 2079 1039 hinc
2110 983 2242 1039 abes.

743 1078 817 1132 Ex
852 1077 933 1133 his
960 1093 1084 1133 vero
1124 1079 1288 1132 literis
1316 1078 1487 1147 palam
1532 1089 1612 1132 est
1642 1093 1823 1132 verum
1866 1092 1985 1132 esse
2030 1076 2080 1130 id
2105 1075 2244 1145 quod

672 1169 917 1222 Socrates
962 1168 1119 1222 refert
1170 1168 1339 1239 (Socr.
1374 1168 1408 1221 l.
1447 1169 1496 1223 6.
1528 1186 1572 1222 c.
1605 1168 1681 1237 9),
1716 1183 1903 1236 nempe
1944 1168 2128 1221 falsum
2160 1182 2248 1219 ru-

679 1275 880 1314 morem
931 1259 996 1314 ad
1032 1276 1188 1314 aures
1240 1260 1516 1330 Theophili
1571 1260 1826 1328 perlatum
1872 1260 2054 1322 fuisse,
2105 1258 2244 1328 quod

678 1368 866 1419 nempe
892 1352 1123 1407 Joannes
1152 1352 1269 1406 illos
1300 1351 1361 1405 ad
1393 1366 1540 1404 saera
1569 1351 1888 1415 admisisset,
1919 1361 1972 1404 et
1997 1351 2061 1404 ad
2090 1366 2243 1419 opem

674 1444 775 1496 i.lis
807 1442 1078 1497 ferendum
1114 1452 1325 1511 paratus
1351 1450 1511 1496 esset.
1535 1441 1912 1508 Quamobrem,
1942 1441 2109 1509 pergit
2132 1440 2241 1503 ille,

666 1534 990 1603 Theophilus
1037 1542 1177 1587 totus
1222 1534 1272 1587 in
1320 1533 1420 1588 hoc
1459 1534 1620 1601 coepit.
1668 1534 1989 1596 incumbere,
2039 1539 2094 1584 ut
2141 1547 2245 1584 non

664 1627 823 1681 modo
873 1628 1179 1681 Dioscorqu
1236 1635 1288 1680 et
1336 1625 1590 1679 Isidorum
1644 1626 2011 1690 ulcisceretur,
2058 1638 2245 1678 verum

666 1720 827 1773 etiam
853 1718 1109 1773 Joannem
1141 1733 1204 1771 ex
1237 1719 1521 1788 episc0pali
1553 1717 1677 1772 sede
1694 1716 1978 1786 dejiceret.
2004 1717 2246 1785 Misitque

664 1812 911 1879 epistolas
941 1810 1005 1864 ad
1053 1810 1374 1879 singularum
1410 1811 1679 1864 civitatum
1721 1812 2019 1879 episcopos,
2062 1812 2243 1864 consi-

668 1904 791 1955 lium
822 1902 1037 1971 quidem
1087 1916 1238 1954 suum
1285 1901 1577 1966 occultans,
1618 1903 1792 1973 palam
1820 1918 1947 1957 vero
1978 1902 2027 1954 in
2070 1902 2132 1956 iis
2162 1917 2245 1957 re-

664 1994 1000 2061 prehendens
1024 1995 1187 2049 libros
1211 1996 1473 2065 Origenis,
1497 2010 1718 2063 quorum
1746 2004 1917 2048 tamen
1943 1995 2246 2049 testimonio

665 2089 752 2141 diu
782 2098 903 2143 ante
950 2089 1093 2143 illum
1127 2090 1445 2145 Athanasius
1484 2096 1666 2143 centra
1707 2089 1932 2143 Arianos
1975 2105 2102 2143 usus
2130 2088 2243 2143 fue—

668 2193 766 2235 rat.
809 2182 933 2237 llmc
975 2183 1240 2247 Socrates,
1288 2182 1515 2251 idipsum
1562 2179 1670 2235 fere
1714 2181 2039 2236 Sozomenus
2089 2181 2245 2235 habet

667 2273 897 2338 (Sozam.
935 2274 968 2327 l.
1004 2274 1056 2327 8.
1087 2291 1133 2327 c.
1169 2274 1232 2327 12
1254 2284 1297 2327 et
1330 2274 1442 2345 15).

736 2366 963 2419 Joannes
993 2382 1115 2419 vero
1145 2376 1358 2436 accepta
1398 2367 1636 2435 lectaque
1666 2366 1943 2435 Theophili
1984 2367 2206 2437 epistola
2228 2407 2241 2430 ,

666 2475 781 2511 eam
813 2474 972 2528 penes
1001 2473 1057 2513 se
1083 2460 1332 2514 servavit.
1366 2458 1434 2513 Ει
1460 2460 1577 2526 quia
1606 2460 1929 2529 Theophilus
1960 2461 2246 2515 monachos

666 2552 799 2603 alios
829 2551 925 2603 sibi
958 2549 1194 2605 addictos
1220 2548 1713 2621 Constantinopolin
1749 2552 1966 2606 miserat
1996 2553 2083 2621 qui
2126 2566 2247 2605 suas

669 2653 845 2709 partes
875 2650 1181 2703 tuerentur,
1215 2641 1488 2695 monachis
1520 2642 1794 2712 utriusque
1830 2643 1997 2711 partis
2025 2642 2248 2696 suadere

667 2741 889 2786 conatus
913 2742 992 2786 est
1017 2732 1430 2803 Cltrysoslomus
1467 2745 1519 2786 ut
1561 2748 1742 2802 pacem
1774 2736 1911 2788 inter
1934 2751 1991 2788 se
2033 2735 2244 2791 inirent.

669 2824 871 2890 Quibus
909 2823 1101 2878 auditis
1141 2825 1210 2877 illi
1252 2825 1517 2893 utrimque
1557 2826 1722 2894 magis
1757 2827 2051 2894 exasperati
2083 2837 2207 2881 sunt
2232 2870 2245 2890 ,

668 2915 881 2970 Fratres
910 2917 1119 2984 quidem
1150 2916 1312 2987 Longi
1339 2927 1393 2969 ut
1420 2918 1698 2988 Theophili
1727 2920 2005 2990 tyrannide
2032 2935 2252 2989 oppres-

667 3007 746 3066 si;
776 3006 862 3059 alii
893 3022 1015 3060 vero
1043 3006 1319 3072 dicebant,
1352 3022 1410 3061 se
1442 3008 1642 3077 absque
1669 3008 1945 3077 TheOphili
1987 3026 2249 3065 consensu

667 3106 718 3148 et
744 3097 896 3166 jussu
935 3095 1232 3151 facultatem
1266 3113 1369 3151 non
1399 3097 1596 3153 habere
1632 3098 1873 3153 ineunda:
1908 3102 2070 3168 pacis.
2102 3101 2249 3156 Tunc

669 3188 901 3244 Joannes
931 3187 1150 3258 hujusce
1178 3190 1255 3243 rei
1285 3204 1463 3243 curam
1494 3190 1710 3244 omnino
1735 3190 2000 3261 deposuit.

740 3280 873 3331 Tum
916 3280 1194 3342 monachi,
1227 3280 1315 3349 qui
1344 3295 1371 3333 a
1403 3279 1698 3347 Theophila
1726 3282 1861 3351 pulsi
1902 3282 2143 3346 fuerant,
2184 3285 2251 3337 li-

670 3370 836 3424 hellos
878 3370 1107 3438 prolixos
1138 3369 1450 3436 ediderunt,
1490 3372 1639 3441 queis
1686 3371 1975 3427 monachos
2016 3374 2252 3429 adversa:

671 3463 834 3529 partis
871 3472 1134 3530 tamquam
1167 3463 1578 3517 calumniatores
1619 3464 2037 3535 propulsabant;
2068 3476 2250 3521 contra

670 3555 1022 3624 Theophilum
1048 3555 1208 3609 multa
1233 3555 1497 3621 dicebant,
1522 3572 1636 3626 quae
1659 3558 1903 3613 omnibus
1932 3571 2053 3613 nota
2078 3570 2246 3613 erant.

672 3646 903 3701 Libellos
945 3656 1120 3700 autem
1168 3648 1418 3717 Augustis
1466 3649 1806 3715 obtulerunt,
1857 3651 2253 3722 Eudoxiamque

670 3737 1063 3804 lmperatriccm
1094 3737 1372 3803 adierunt,
1404 3748 1526 3793 ttmc
1569 3742 1617 3793 in
1663 3743 1917 3813 martyrio
1946 3742 1999 3796 S.
2031 3744 2252 3799 Joannis

668 3839 969 3885 versantem
1006 3849 1017 3885 :
1048 3831 1318 3901 ipsamque
1345 3832 1544 3903 precati
1579 3842 1735 3894 sunt,
1777 3843 1833 3887 ut
1871 3835 2251 3890 monachorum

672 3922 910 3977 adversm
939 3924 1101 3991 partis
1123 3923 1336 3977 libellus
1357 3923 1494 3991 apud
1524 3924 1804 3979 Pra‘fectos
1826 3927 2251 3991 exanimaretur;

671 4012 997 4081 Theophilus
1019 4028 1145 4068 vero
1174 4014 1252 4068 vel
1284 4014 1476 4068 invitus
1502 4016 1733 4077 adesset.
1764 4017 1933 4087 deque
1961 4019 2049 4073 illo
2074 4034 2252 4074 coram

669 4103 874 4161 Joanne
895 4103 1243 4173 judicaretur.
1276 4104 1516 4159 Admissa
1547 4108 1917 4174 postulatione,
1950 4109 2251 4165 mandatum

672 4197 799 4262 fuit,
834 4206 890 4251 ut
919 4196 1245 4265 Theoplulus
1270 4213 1451 4251 γοιριιε
1480 4198 1663 4252 nolens
1682 4240 1699 4265 ,
1729 4200 1992 4254 exhibitus
2026 4218 2118 4269 per
2143 4202 2252 4255 Ma-

670 4290 891 4358 gistrum
920 4303 1097 4343 coram
1129 4287 1334 4343 Joanne
1363 4289 1661 4354 sisteretur,
1690 4299 1747 4342 ut
1773 4306 1985 4344 causam
2017 4292 2250 4357 diceret;

672 4380 916 4435 monachi
961 4395 1087 4435 vero
1127 4380 1361 4435 adversa:
1406 4381 1568 4449 partis
1597 4383 1679 4435 vel
1724 4384 2012 4451 probarent
2046 4400 2106 4439 ea
2136 4401 2252 4454 qua:

670 4475 926 4530 adversus
956 4482 1169 4530 sanctos
1197 4488 1355 4530 senes
1394 4474 1754 4543 protulerant,
1785 4475 1868 4530 vel
1899 4476 2255 4531 calumniato-

669 4582 787 4624 rum
817 4582 1000 4637 prunas
1026 4568 1281 4623 subirent.

728 4657 795 4721 ,ln
825 4657 1114 4714 monachos
1144 4670 1321 4713 autem
1353 4674 1380 4712 a
1408 4657 1705 4728 Theophilo
1734 4659 1927 4713 missos
1964 4659 2108 4729 leges
2139 4659 2255 4731 qui.-

668 4750 791 4806 dem
833 4750 1133 4819 instabant,
1179 4751 1496 4822 illorumque
1536 4766 1695 4806 causa
1736 4752 2086 4806 examinanda
2132 4768 2251 4806 mox

668 4855 783 4900 erat
815 4862 827 4897 :
862 4844 937 4898 illi
982 4859 1110 4901 vero
1148 4853 1395 4900 eventum
1443 4845 1625 4911 veriti,
1668 4860 1780 4898 rem
1822 4843 2021 4898 dill'erri
2069 4855 2255 4915 rogant

669 4954 834 5008 usque
860 4938 923 4992 ad
953 4936 1235 5007 Theophili
1265 4939 1571 5002 adventum,
1602 4936 1689 5007 qui
1724 4936 1840 4990 illos
1868 4936 2254 4992 subornaverat

670 5044 723 5086 et
754 5031 964 5087 libellos
994 5030 1303 5086 dictaverat.
1336 5030 1580 5085 Prrcfecti
1607 5044 1731 5084 vero
1758 5029 1877 5084 illos
1904 5031 1953 5083 in
1983 5046 2251 5086 carcerem

668 5122 1008 5191 conjcceruut
1034 5138 1200 5192 usque
1222 5123 1285 5177 ad
1307 5121 1584 5191 Theophili
1607 5122 1913 5187 adventum,
1939 5122 2179 5177 uolentes
2204 5123 2253 5176 in

670 5216 757 5268 tali
786 5229 945 5269 causa
974 5214 1137 5270 vades
1165 5215 1421 5283 accipere.
1459 5213 1654 5269 llorum
1682 5213 1895 5283 quidam
1924 5216 1975 5267 in
2000 5230 2217 5269 carcere
2237 5256 2250 5275 .

669 5307 738 5362 ob
761 5306 1043 5375 Theophili
1074 5307 1330 5363 venientis
1362 5306 1656 5362 tarditatem
1689 5305 1777 5360 diu
1808 5306 2024 5371 morati,
2061 5308 2253 5361 mortui

667 5386 826 5459 sunt;
857 5397 946 5452 alii
978 5414 1103 5453 vero
1133 5408 1249 5468 post
1275 5397 1555 5451 adventum
1578 5395 1877 5466 Theophili,
1905 5396 1958 5450 in
1989 5406 2252 5466 postrema

668 5489 1119 5559 interrogatione,
1158 5500 1423 5559 tamquam
1459 5487 1903 5555 calumniatores,
1948 5488 2255 5544 Proconne-

670 5598 782 5638 sum
812 5586 838 5634 a
868 5581 1135 5651 judicibus
1162 5581 1485 5652 relegantur.

741 5670 1053 5743 Theophilus
1079 5672 1229 5726 libros
1255 5672 1483 5742 Origenis
1510 5672 1733 5726 damnat.
1759 5703 1827 5712 —-
1854 5674 2060 5728 Interea
2083 5673 2258 5728 Theo-

670 5766 865 5838 philus,
894 5761 984 5835 qui
1010 5765 1123 5822 dira
1155 5765 1471 5821 ntolienatur
1498 5767 1546 5818 in
1575 5763 1852 5831 Joannem,
1885 5766 1948 5820 ad
1976 5767 2253 5837 episcopos

3820 343 3950 399 ’129

2360 438 2551 506 ubique
2608 456 2797 496 omnes
2856 444 3098 514 scripsit.
3154 446 3317 503 libros
3362 449 3604 521 Origenis
3653 454 3943 520 incusans,

2357 530 2654 598 multosque
2678 531 2741 584 ad
2767 535 3082 589 sententiam
3114 552 3261 591 suam
3288 543 3545 608 pertraxit
3567 542 3795 612 (Sozam.
3824 546 3859 598 Ι.
3884 546 3944 601 8.

2354 635 2399 669 c.
2434 618 2519 672 14.
2553 620 2699 674 Socr.
2730 621 2768 674 ι.
2800 620 2854 676 6.
2886 639 2931 675 c.
2964 623 3076 691 10).
3110 625 3413 697 Putansqne
3442 645 3633 699 magno
3662 633 3761 687 sibi
3789 648 3945 688 emo-

2356 704 2591 761 iumento
2636 708 2781 776 fore,
2824 712 2867 765 si
2913 712 3303 782 Epiphaniam,
3345 718 3629 774 Salaminis
3673 722 3726 776 iu
3764 723 3947 795 Cypro

2353 798 2691 867 episcopum,
2728 803 2897 857 virum
2938 806 3327 860 sanctissimum
3363 819 3417 863 et
3452 811 3802 866 clarissimum
3826 856 3839 878 ,
3872 816 3941 869 ad

2353 902 2475 940 suas
2503 897 2680 957 partes
2709 890 2921 947 allicere
2949 906 3145 963 posset,
3180 913 3245 951 eo
3276 914 3467 952 nervos
3497 901 3771 957 industria:
3802 914 3946 958 totos

2353 979 2611 1035 adhibuit.
2641 982 2789 1036 Illum
2822 1000 2948 1040 vero
2978 987 3183 1055 pridem
3220 988 3575 1059 incusaverat,
3603 993 3744 1062 quod
3774 994 3943 1047 Deum

2354 1068 2584 1125 humana
2620 1072 2786 1128 forma
2823 1077 3100 1144 prmditum
3143 1094 3262 1134 esse
3304 1083 3631 1150 opinaretur,
3670 1100 3787 1153 qua:
3827 1095 3947 1139 erat

2353 1160 2573 1217 luercsis
2610 1163 3301 1238 Anthropomorphitarum.
3347 1171 3496 1226 Tunc
3525 1187 3697 1240 vero,
3728 1176 3771 1227 si
3809 1173 3947 1229 ﬁdes

2353 1254 2422 1307 sit
2446 1254 2650 1311 Socrati
2675 1268 2723 1313 et
2752 1258 3051 1315 Sozomeno
3070 1302 3085 1327 ,
3114 1276 3174 1317 se
3200 1262 3429 1333 idipsum
3466 1279 3528 1318 ea
3565 1265 3629 1319 de
3656 1280 3714 1319 re
3742 1268 3945 1320 sentire

2352 1346 2649 1415 simulavit,
2678 1356 2735 1402 ut
2762 1350 3113 1420 Epiphanium
3146 1354 3246 1409 sibi
3278 1354 3605 1410 conciliaret.
3640 1355 3767 1410 Erat
3796 1357 3942 1410 enim

2352 1437 2678 1507 Epiphanius
2707 1441 2789 1494 vir
2814 1443 3007 1510 pietate
3034 1445 3374 1513 conspicuus,
3408 1446 3504 1501 sed
3534 1448 3620 1514 qui
3659 1462 3764 1501 nou
3795 1454 3943 1502 sem-

2352 1543 2447 1598 per
2506 1531 2753 1584 tuliorcm
2815 1534 3195 1604 melioremque
3254 1546 3457 1606 partem
3510 1538 3941 1607 amplecteretur.

2351 1619 2468 1674 Jam
2501 1622 2727 1675 vidimus
2759 1624 2808 1676 iu
2844 1624 2957 1679 Vita
2987 1626 3293 1690 Athanasii,
3327 1645 3482 1699 quam
3511 1647 3651 1685 anno
3686 1632 3819 1687 1693
3848 1650 3948 1701 pu-

2351 1710 2542 1765 blicam
2568 1713 2807 1778 fecimus,
2836 1715 3187 1785 Epiphanium
3204 1735 3331 1772 cum
3352 1721 3417 1774 de
3437 1721 3643 1776 Melctio
3664 1725 3771 1792 agit
3794 1723 3949 1793 (Epi-

2350 1804 2506 1873 phan.
2533 1804 2729 1860 Htrresi
2756 1808 2866 1878 68),
2891 1809 2977 1878 qui
3005 1810 3269 1865 Meletiani
3299 1813 3599 1869 schismatis
3620 1827 3803 1870 auctor
3826 1816 3943 1885 fuit,

2350 1897 2545 1966 quique
2577 1913 2605 1951 a
2633 1896 2688 1952 S.
2722 1898 2878 1953 Petro
2901 1908 3154 1971 martyre,
3181 1903 3541 1958 Alexandrino
3567 1907 3812 1974 praesule,
3836 1917 3890 1961 et
3916 1923 3945 1961 a

2350 1988 2568 2060 Synodo
2598 1991 2883 2046 multorum
2917 1994 3181 2048 scelerum
3219 2011 3378 2050 causa
3422 1998 3702 2053 damnatus
3730 1999 3945 2068 deposi-

2352 2089 2539 2150 tusque
2580 2080 2785 2148 fuerat,
2836 2082 2957 2138 facti
3006 2086 3257 2140 invidiam
3307 2088 3465 2143 Petro
3511 2090 3731 2161 martyri
3777 2093 3948 2162 magis

2350 2187 2507 2241 quam
2538 2173 2751 2228 Melelio
2778 2175 3026 2229 conferre
3061 2194 3074 2229 :
3109 2178 3178 2230 ita
3219 2187 3277 2231 ut
3319 2178 3491 2248 palam
3530 2181 3595 2234 sit
3626 2196 3748 2235 eum
3789 2182 3949 2237 Mele-

2353 2265 2477 2318 tiani
2506 2265 2778 2333 cujusdam
2810 2265 2993 2322 fraude
3035 2268 3137 2323 tale
3177 2282 3533 2325 commentqu
3575 2272 3829 2337 edidisse,
3861 2274 3947 2327 cui

2351 2357 2643 2411 reclamant
2681 2373 2800 2412 cum
2841 2360 3132 2414 Athanasio
3171 2376 3360 2415 omnes
3409 2362 3767 2417 Ecclesiastici
3809 2364 3947 2417 scri-

2352 2458 2551 2520 plores.

2425 2541 2487 2595 S.
2524 2541 2845 2612 Epiphanius
2876 2543 3027 2598 libros
3057 2543 3288 2615 Origcnis
3319 2546 3417 2615 legi
3448 2546 3693 2616 prohibet.
3716 2578 3786 2587 —-
3815 2547 3949 2602 Cum

2354 2635 2512 2687 sciret
2540 2642 2715 2697 autem
2758 2635 3088 2705 Theophilus
3120 2637 3470 2706 Epiphanium
3512 2638 3673 2693 libros
3704 2638 3951 2709 Origenis

2351 2726 2605 2792 aversari,
2634 2727 2698 2781 ad
2729 2741 2849 2781 eum
2880 2743 3091 2798 quoque
3119 2728 3301 2782 literas
3330 2729 3490 2794 misit,
3522 2731 3673 2797 queis
3699 2730 3953 2785 hortaba-

2354 2824 2438 2869 tur
2466 2817 2631 2881 illum,
2658 2826 2713 2871 ut
2739 2826 2791 2870 ct
2820 2819 2932 2887 ipse
2960 2827 3146 2873 eontra
3173 2818 3417 2888 Origcttis
3444 2820 3610 2873 libros
3631 2823 3951 2876 sententiam

2355 2906 2537 2963 ferret.
2568 2908 2896 2979 Epiphanius
2927 2926 3075 2975 vero,
3107 2921 3291 2966 coacta
3322 2911 3637 2982 Cypriorum
3666 2914 3953 2984 episeopo.

2354 3016 2471 3056 rum
2510 3002 2726 3073 Synodo
2747 3044 2760 3068 ,
2790 3004 3032 3073 Origenis
3071 3005 3234 3059 libros
3264 3005 3362 3075 legi
3406 3005 3673 3075 prohibuit
3703 3025 3715 3061 :
3747 3007 3955 3077 episto-

2356 3092 2538 3163 lasque
2569 3095 2712 3148 misit
2736 3104 2844 3148 tum
2878 3094 2942 3148 ad
2969 3096 3102 3149 alios
3131 3096 3433 3164 episcopos,
3463 3106 3570 3149 tum
3598 3096 3663 3150 ad
3692 3097 3958 3154 Constan-

2356 3186 2763 3257 tinopolitanum
2792 3187 3096 3257 prresulem,
3120 3188 3246 3257 quid
3273 3203 3302 3240 a
3328 3186 3519 3259 Cypria
3548 3188 3765 3259 Synodo
3786 3200 3956 3243 statu-

2358 3289 2467 3333 tum
2490 3279 2678 3335 fuisset
2697 3280 2998 3347 declarans,
3020 3280 3414 3351 cohortansquc
3438 3282 3574 3344 illos,
3603 3292 3656 3336 ut
3678 3282 3956 3353 Synodum

2358 3366 2714 3426 convocarent
2743 3371 3039 3442 eademque
3067 3371 3436 3427 decernerent.
3460 3373 3786 3442 Theophilus
3815 3392 3960 3445 quo-

2357 3480 2459 3533 que
2485 3478 2605 3518 cum
2634 3460 2900 3533 {Egyptiis
2935 3463 3199 3533 episcopis
3237 3463 3421 3518 eadem
3461 3475 3643 3518 contra
3671 3465 3959 3534 Origenetn

2358 3557 2663 3624 constituit,
2696 3557 2985 3627 literasque
3011 3557 3157 3611 misit
3190 3556 3257 3611 ad
3284 3557 3566 3627 episcopos
3595 3568 3647 3612 et
3682 3558 3745 3612 ad
3785 3558 3959 3613 Joan-

2360 3667 2500 3715 nem,
2523 3660 2651 3705 utet
2674 3651 2745 3703 illi
2772 3651 2915 3719 paria
2942 3659 3273 3719 prteslareut.
3299 3649 3532 3705 Joannes
3554 3665 3679 3704 vero
3701 3649 3814 3705 hmc
3835 3667 3959 3720 qum

2358 3745 2457 3799 sibi
2497 3742 2935 3813 significabantur
2975 3742 3365 3813 parvipendens
3390 3784 3403 3808 ,
3439 3758 3597 3796 unam
3641 3742 3956 3798 instituendi

2359 3847 2412 3889 et
2446 3836 2526 3903 pia
2558 3835 2798 3889 doctrina
2826 3834 3099 3888 imbuendi
3134 3834 3311 3905 populi
3340 3833 3441 3888 sibi
3473 3833 3743 3889 commissi
3771 3848 3958 3888 curam

2360 3925 2598 3992 gerebat,
2631 3935 2680 3977 et
2709 3939 2769 3979 ea
2803 3925 2853 3978 in
2886 3940 2945 3978 re
2972 3925 3255 3979 admodum
3284 3924 3525 3978 florebat.
3557 3923 3798 3987 Insidias,
3824 3940 3960 3994 quas

2360 4015 2458 4070 sibi
2487 4015 2656 4084 parari
2687 4016 2930 4084 ignorare
2962 4031 3065 4069 non
3093 4025 3322 4085 poterat,
3347 4024 3690 4069 contemnere
3714 4031 3771 4070 sc
3801 4030 3961 4085 posse

2362 4107 2614 4175 putabat,
2644 4106 2968 4160 conscientia
3001 4107 3131 4161 mnil
3158 4106 3441 4161 adversum
3472 4106 3810 4161 testificante.

2431 4197 2774 4251 Tillemontio
2808 4197 3195 4268 adstipulamur
3221 4196 3317 4267 (T.
3349 4198 3402 4253 5.
3438 4215 3483 4251 c.
3514 4191 3772 4268 499)‘qui
3807 4208 3959 4269 putat

2361 4290 2618 4343 liomilias
2656 4288 2790 4344 duas
2840 4290 2889 4343 in
2938 4289 3062 4345 illud
3109 4290 3303 4345 Psalmi
3338 4290 3443 4357 48,
3479 4288 3562 4343 Ne
3586 4291 3813 4345 timueris
3847 4308 3963 4346 cum

2361 4387 2496 4439 dives
2536 4388 2700 4457 factus
2740 4385 2890 4457 fuerit
2922 4384 3071 4437 homo
3097 4426 3111 4451 ,
3147 4395 3250 4438 etc.
3277 4426 3291 4449 ,
3322 4384 3425 4439 hoc
3462 4383 3678 4439 circiter
3717 4393 3964 4453 tempore

2362 4478 2568 4532 habitas
2607 4476 2789 4533 fuisse.
2839 4478 2892 4531 In
2939 4478 3108 4545 prima
3149 4490 3276 4531 vero
3326 4485 3604 4545 postquam
3644 4474 3959 4529 divitiarum

2362 4570 2647 4623 vanitatem
2692 4567 3082 4637 descripserat.
3114 4566 3254 4620 dicta
3293 4580 3387 4620 sua
3423 4565 3682 4634 exemplis
3708 4580 3960 4633 compro«

2358 4662 2487 4716 bare
2530 4661 2734 4714 nititur.
2767 4659 2942 4714 Nostis
2970 4673 3053 4713 vos
3074 4702 3088 4725 ,
3122 4659 3320 4729 inquit,
3350 4658 3612 4711 innumera
3646 4658 3878 4727 exempla
3908 4658 3963 4711 in

2362 4754 2455 4807 hac
2482 4754 2603 4806 urbe
2631 4753 2764 4805 circa
2795 4751 3191 4822 intempestivam
3221 4750 3511 4820 hujusmodi
3542 4749 3833 4802 divitiarum
3865 4750 3961 4819 ja-

2359 4856 2553 4899 cturam
2588 4862 2606 4899 :
2635 4854 2679 4899 et
2718 4843 3001 4902 didicistis.
3044 4842 3233 4895 vivente
3273 4856 3554 4911 possessore
3595 4840 3961 4911 possessionem

2361 4940 2566 5009 periisse
2596 4954 2614 4991 :
2643 4936 2931 4991 divitiarum
2958 4935 3088 4988 enim
3119 4933 3235 5001 ﬁnis
3263 4943 3333 4987 est
3361 4934 3571 4985 mutatio
3596 4933 3647 4984 in
3678 4944 3960 5003 pauperta-

2360 5043 2478 5086 tem.
2509 5029 2771 5101 Perpende
2794 5030 2947 5100 igitur
2967 5044 3119 5098 quant
3141 5027 3297 5080 brevis
3328 5027 3390 5079 sit
3418 5026 3655 5095 temporis
3686 5028 3956 5094 possessio.

2362 5122 2497 5177 Nam
2539 5137 2794 5192 possessor
2833 5122 2948 5174 vivit
2986 5129 3095 5189 post
3124 5119 3384 5190 jacturant
3418 5118 3762 5187 possessionis.
3796 5120 3961 5186 Atque

2361 5217 2551 5267 utinam
2587 5212 2812 5283 periisset
2844 5212 3115 5280 possessio,
3150 5226 3304 5279 neque
3331 5210 3382 5262 in
3414 5207 3681 5277 perniciem
3722 5211 3960 5265 traxisset

2361 5308 2525 5376 ipsum
2553 5305 2925 5376 possessorem!
2955 5303 3073 5357 Non
3102 5303 3343 5356 erraveris
3369 5301 3540 5373 igitur.
3572 5302 3616 5355 si
3653 5302 3843 5357 dixeris
3870 5302 3955 5356 di-

2361 5399 2502 5453 vitias
2528 5414 2633 5451 esse
2658 5397 2982 5450 domesticum
3008 5396 3281 5464 ingratum,
3309 5393 3690 5464 sanguinarium
3719 5402 3765 5446 et
3796 5394 3958 5445 homi-

2360 5490 2545 5555 cidam,
2574 5489 2919 5550 domesticum,
2947 5487 3033 5557 qui
3064 5487 3114 5538 in
3153 5486 3605 5540 remunerationem
3635 5487 3755 5539 hero
3788 5502 3958 5540 necem

2361 5581 2530 5649 infert.
2565 5578 2664 5635 Ubi
2699 5578 2938 5648 Eutropii
2969 5578 3092 5632 olim
3123 5584 3387 5648 potestate
3413 5584 3466 5630 et
3494 5575 3686 5645 opibus
3715 5574 3958 5631 ﬂorentis

2360 5674 2713 5729 calamitatem
2741 5681 2795 5727 et
2825 5687 3009 5727 necem
3050 5683 3470 5725 commemorare
3510 5669 3728 5723 omnino
3771 5668 3959 5724 viden-

2367 5777 2450 5820 tur
2478 5784 2489 5817 :
2520 5780 2723 5821 necnon
2755 5764 2980 5819 aliorum
3010 5762 3322 5830 multorum,
3343 5764 3431 5834 qui
3458 5776 3553 5834 per
3579 5760 3692 5816 hmo
3716 5772 3959 5833 tempora
