4264 6306
799 328 903 388 195

797 441 813 501 (
843 440 989 488 Socr.
1020 468 1055 489 ..
1089 435 1139 485 6.
1184 450 1227 485 c.
1257 433 1360 502 15)
1395 450 1406 484 :
1440 440 1491 485 et
1529 445 1652 484 vero
1698 445 1837 496 smpe
1877 429 2021 481 iLlum
2057 428 2281 482 vidimus
2318 427 2371 481 in

796 526 1142 580 concionibus
1164 525 1441 577 mulierum
1474 523 1674 584 luxum,
1707 520 1896 574 fastum
1925 529 2217 586 caJteraque
2249 517 2371 569 vitia

796 619 1171 673 insectantem.
1206 617 1508 671 Orationem
1542 618 1609 668 ita
1642 614 1827 684 vulgus
1854 615 2081 681 excepit,
2111 628 2171 664 ae
2193 613 2235 664 si
2265 612 2374 663 Au-

791 720 1002 775 gusmm
1035 706 1119 762 ille
1149 706 1542 775 perstringeret.
1564 704 1734 758 'Tunc
1772 704 1839 767 ii,
1878 703 1963 776 gui
1995 700 2371 770 Chrysostomo

794 797 985 850 int‘ensi
1017 806 1163 850 erant
1186 838 1198 861 ,
1236 810 1349 849 rem
1392 795 1457 849 ad
1498 797 1782 865 Augustam
1830 793 2085 847 referunt.
2115 793 2207 846 illa
2234 789 2369 860 apud

794 887 1170 955 Imperatorem
1195 896 1505 956 conquesta,
1539 886 1885 955 Theophilum
1917 900 2103 955 urgere
2128 886 2288 955 empit
2314 895 2375 939 ut

793 980 1183 1046 quamprimum
1211 978 1415 1031 veniret
1440 987 1489 1030 et
1516 975 1785 1047 Synodum
1811 984 2175 1044 congregaret.
2210 975 2261 1029 Id
2291 990 2375 1030 ne-

794 1068 921 1136 gotii
964 1073 1121 1121 etiam
1154 1068 1496 1137 promovebat
1541 1067 1858 1120 Severianus
1897 1065 2243 1130 Gabalensis,
2286 1068 2372 1134 qui

796 1174 913 1212 eum
948 1159 1329 1229 Chrysostomo
1356 1159 1600 1213 simulate
1639 1157 2006 1212 reconciliatus
2047 1157 2241 1210 nullam
2281 1171 2373 1211 ne—

793 1252 1025 1319 gligcbat
1055 1252 1151 1321 ipsi
1185 1252 1411 1305 nocendi
1437 1250 1790 1305 occasionem.
1826 1249 1986 1302 Erant
2011 1250 2098 1302 alii
2129 1249 2276 1302 multi
2307 1264 2369 1303 ex

794 1342 953 1396 tLlero
977 1358 1097 1409 erga
1125 1342 1381 1397 Joannem
1405 1341 1542 1395 male
1563 1339 1755 1401 allecti,
1783 1349 1837 1393 ut
1860 1340 2102 1403 vidimus,
2123 1340 2207 1408 qui
2234 1339 2371 1407 apud

795 1430 1148 1501 TheOphilum
1199 1432 1496 1495 instabant,
1546 1439 1601 1485 ut
1638 1429 1950 1499 quantocius
1986 1430 2209 1483 veniret.
2258 1428 2373 1495 Ipse

797 1536 921 1575 \ern
950 1522 1158 1576 tandem
1190 1522 1453 1588 prolectus
1478 1529 1559 1574 est
1588 1518 1878 1590 (Chrysost.
1915 1521 1983 1574 ad
2018 1517 2196 1571 lmtoc.
2239 1528 2275 1570 ι.
2318 1520 2371 1571 5.

798 1630 844 1669 r.
873 1615 977 1669 530
1012 1612 1062 1681 ),
1092 1621 1146 1666 et
1170 1628 1288 1667 cum
1320 1612 1540 1682 jubente
1567 1612 1885 1679 lmperatnre
1911 1610 2056 1664 solus
2081 1610 2261 1663 venire
2282 1610 2376 1662 de-

797 1703 1035 1768 buisset,
1076 1718 1194 1757 cum
1239 1704 1416 1758 inultis
1460 1713 1636 1757 tamen
1680 1701 1797 1756 aliis
1842 1702 2105 1771 episcopis
2130 1700 2292 1766 venit,
2322 1708 2376 1753 et

794 1793 993 1851 dixisse
1018 1793 1186 1850 fertur
1212 1812 1224 1848 :
1249 1793 1304 1847 lu
1330 1791 1648 1847 Comitatum
1684 1793 2008 1864 proﬁciscor,
2042 1802 2098 1847 ut
2116 1791 2371 1848 Joannem

793 1889 1084 1958 deponam.
1120 1884 1289 1958 Quam
1318 1904 1429 1948 rem
1457 1884 1512 1946 in
1541 1883 1701 1961 Lycia
1716 1904 1930 1959 quoque
1962 1887 2211 1957 repetiit;
2242 1898 2370 1938 nam

793 1984 1026 2043 pedestri
1053 1982 1243 2037 itinere
1275 1980 1667 2037 Chalcedonem
1695 1979 1856 2043 venit,
1884 1978 2164 2051 Egyptios
2196 1987 2372 2036 autem

793 2078 1071 2142 episcopos
1094 2073 1586 2142 Constantinopolin
1612 2073 1857 2141 navigare
1874 2072 2052 2140 jussit.
2075 2071 2369 2128 Chalcedo-

794 2181 913 2217 nem
958 2173 1133 2219 autem
1180 2179 1299 2218 cunt
1328 2165 1575 2229 venisset,
1620 2179 1684 2217 eo
1727 2178 1782 2217 se
1830 2162 2166 2217 contulerunt
2212 2163 2371 2217 etiam

794 2254 880 2307 alii
902 2254 1160 2323 episcopi.
1194 2262 1304 2308 tum
1331 2271 1359 2307 a
1386 2254 1680 2323 The0philo
1709 2264 1815 2307 tum
1845 2254 1911 2307 ab
1940 2254 2260 2324 lmperatore
2281 2267 2370 2307 ac-

791 2345 880 2399 citi
919 2361 1161 2401 :venere
1210 2362 1419 2418 quoque
1465 2346 1695 2419 Aigyptii
1743 2347 1987 2416 (Sozam.
2031 2348 2065 2399 Ι.
2107 2347 2159 2401 8.
2202 2363 2245 2399 c.
2283 2345 2369 2401 i6.

796 2438 941 2492 Socr.
974 2438 1010 2491 ι.
1043 2439 1094 2494 6.
1122 2457 1167 2492 c.
1197 2440 1262 2493 15
1366 2438 1606 2507 Cumque
1634 2439 1861 2493 universi
1904 2438 2056 2492 simul
2097 2440 2375 2492 convenis-

792 2538 933 2595 sent,
962 2529 1097 2584 inter
1136 2545 1196 2585 se
1234 2530 1605 2584 consultabant
1634 2546 1735 2598 qua
1767 2531 1970 2585 ratione
2001 2531 2131 2599 ipsis
2154 2540 2374 2586 conatus

791 2619 1050 2672 adversus
1074 2619 1330 2674 Joannem
1359 2637 1423 2675 ex
1448 2633 1572 2674 voto
1596 2622 1925 2679 succederet.
1954 2622 2080 2675 Erat
2109 2631 2235 2676 tunc
2262 2624 2375 2691 epi-

790 2725 983 2778 scapus
1012 2710 1361 2766 Chalcedonis
1401 2714 1627 2783 Cyrinus
1652 2754 1666 2778 ,
1707 2729 1902 2783 genere
1931 2713 2241 2784 Aigyptius,
2283 2714 2372 2783 qui

793 2802 959 2854 multa
1007 2810 1191 2857 contra
1234 2802 1491 2859 Joannem
1543 2804 1934 2868 deblaterabat,
1978 2805 2195 2873 impium
2227 2804 2374 2859 illum

791 2906 988 2946 vorans
1010 2934 1023 2955 ,
1052 2902 1386 2962 arrogantem
1410 2902 1457 2948 et
1493 2894 1898 2957 inexorabilem,
1924 2909 2037 2948 rem
2067 2902 2269 2963 gratam
2299 2894 2375 2947 fa-

788 2984 937 3035 ciens
975 2983 1095 3037 aliis
1133 2984 1395 3054 episcopis
1433 2983 1652 3038 Joannis
1682 2983 1927 3038 inimicis.
1971 2983 2073 3038 Sed
2105 2983 2375 3039 Maruthas

788 3071 1182 3142 Mesopotamia:
1202 3074 1504 3143 episcopus,
1536 3073 1674 3128 forte
1701 3073 2027 3143 imprudens,
2060 3074 2246 3143 pedem
2278 3074 2379 3145 Uy-

788 3163 890 3217 riui
920 3164 1161 3217 calcavit.
1207 3164 1296 3219 Ille
1338 3181 1405 3219 eo
1431 3165 1645 3218 vulnere
1682 3165 1914 3234 graviter
1950 3164 2204 3233 allectus,
2236 3165 2375 3220 Con-

788 3253 1169 3323 stantinopolin
1206 3269 1325 3308 cum
1356 3255 1573 3324 reliquis
1605 3254 1865 3324 episcopis
1899 3255 2243 3311 transfretare
2271 3273 2376 3311 non

788 3346 985 3414 potuit;
1016 3346 1108 3401 sed
1133 3347 1245 3415 ipse
1272 3349 1462 3400 mansit
1493 3346 1850 3411 Chalcedone,
1884 3350 2062 3402 caeteri
2089 3365 2216 3402 vero
2236 3347 2377 3404 Cett-

787 3437 1167 3506 stantinopnlin
1196 3438 1533 3506 traiecerunt.
1568 3437 1679 3493 Etsi
1710 3454 1870 3507 porro
1897 3453 1960 3492 ex
1992 3439 2203 3494 clericis
2231 3442 2371 3493 (lon-

789 3526 1273 3594 stantinopolitauis
1301 3527 1447 3580 multi
1472 3534 1624 3581 erant
1644 3527 1829 3580 Joanni
1855 3528 2065 3593 infensi,
2087 3529 2228 3600 quod
2249 3530 2373 3584 vitia

778 3630 975 3671 eorum
1006 3617 1345 3687 redargueret
1372 3628 1424 3672 et
1455 3617 1740 3673 en'iemlarc
1761 3630 2058 3688 sat-ageret;
2091 3622 2264 3675 nullus
2295 3631 2371 3676 ta-

786 3728 910 3768 men
938 3729 965 3767 e
988 3714 1142 3769 Clero
1167 3714 1381 3769 obviam
1409 3713 1700 3784 Theophila
1723 3715 1885 3780 venit,
1916 3731 2089 3785 neque
2118 3715 2374 3771 honorem

786 3816 1096 3863 consuetum
1120 3806 1220 3876 ipsi
1242 3808 1510 3865 exhibuit:
1535 3806 1705 3876 palam
1727 3799 1869 3861 enim
1891 3807 2377 3864 Joannisinimicus

787 3898 1175 3966 agnoscebatur
1199 3915 1212 3951 :
1245 3897 1382 3950 unde
1411 3897 1652 3951 fortassis
1676 3897 1869 3961 evenit,
1893 3898 2055 3966 utqui
2085 3899 2227 3968 paria
2252 3913 2376 3953 cum

789 3987 881 4043 illo
903 3987 1222 4053 sentiebant,
1255 4004 1359 4041 non
1385 3988 1647 4042 auderent
1669 4002 1852 4042 coram
1877 3990 2086 4058 pepulo,
2110 4004 2234 4059 erga
2260 4005 2376 4045 san~

787 4087 931 4133 etum
977 4080 1257 4148 praesulem
1285 4078 1501 4147 eptime
1545 4077 1773 4146 allecto,
1821 4080 2065 4148 concepti
2119 4079 2375 4136 adversus

788 4172 934 4226 illum
988 4170 1092 4224 odii
1141 4170 1287 4240 signa
1329 4169 1475 4223 dare.
1529 4169 1726 4224 Verum
1770 4178 1944 4223 nautae
1993 4171 2371 4239 Alexandrini,

745 4316 751 4323 ,
789 4278 1007 4331 quorum
1039 4260 1396 4316 h‘timentariae
1417 4274 1582 4315 naves
1602 4260 1733 4313 forte
1754 4260 1993 4327 aderant,
2020 4261 2205 4316 faustis
2226 4262 2372 4317 illum

789 4353 1257 4407 :wclamationibus
1284 4366 1565 4420 excepere.

858 4443 1168 4513 Theophilus
1233 4443 1701 4513 Const/mlitiotiolin
1750 4443 1905 4503 venit.
1937 4473 2007 4484 --
2049 4444 2376 4516 Theophilus

785 4552 931 4603 0.3",
972 4535 1060 4604 qui
1090 4549 1220 4590 auro
1250 4542 1300 4587 ct
1326 4533 1570 4602 pretiosis
1600 4518 1760 4589 robus
1795 4518 2131 4605 [Egyptiacis
2152 4547 2201 4591 et
2233 4536 2376 4592 ludi-

788 4646 817 4672 ('
841 4641 865 4676 s
887 4634 1109 4678 Ullllslils
1128 4623 1397 4688 veniebat,
1423 4632 1478 4677 ut
1500 4624 1701 4677 amicos
1726 4623 1823 4679 sibi
1856 4606 2101 4697 pararet;
2122 4628 2380 4686 Constan-

799 4714 832 4763 ti
862 4710 1055 4778 .oizolin
1080 4710 1354 4778 ingressus
1375 4717 1454 4763 est
1476 4724 1662 4762 mense
1685 4710 1900 4762 circiter
1919 4710 2104 4763 Junio.
2127 4714 2379 4768 llortatus

797 4816 876 4859 est
909 4803 1056 4859 illum
1084 4802 1336 4868 Joannes,
1362 4814 1418 4857 ut
1443 4804 1584 4874 apud
1605 4818 1662 4857 se
1687 4804 2051 4860 diversaretur
2081 4821 2202 4871 eum
2240 4811 2373 4873 suis,

795 4897 848 4950 in
881 4888 1212 4953 domicilium
1246 4912 1436 4967 nempe
1465 4908 1783 4968 apparatum
1812 4908 1867 4953 et
1907 4902 2225 4971 necessariis
2257 4914 2377 4956 om-

795 4991 951 5045 nibus
983 4992 1300 5048 instructum
1317 4992 1625 5083 (llnlladﬂi.
1642 4994 1729 5049 64-.
1752 4994 1867 5073 (ὦ).
1884 4993 2083 5049 Bennit
2109 4995 2215 5063 ille,
2240 5005 2295 5053 et
2310 5010 2379 5057 ne

795 5086 845 5138 in
879 5085 1161 5139 ecclesiam
1191 5085 1405 5154 quidem
1438 5087 1641 5156 ingredi
1674 5086 1867 5151 voluit;
1897 5087 1991 5143 sed
2020 5088 2072 5142 in
2089 5087 2373 5159 quamdam

793 5175 1128 5245 ltnperialen't
1160 5176 1614 5235 domuu‘tdivct‘tit
1638 5178 1925 5249 (Chia/sou.
1952 5180 2018 5233 ad
2042 5182 2224 5236 lance.
2257 5182 2374 5239 1.5.

793 5286 834 5323 ι’.
856 5267 1035 5325 550.1.
1058 5269 1093 5324 5
1112 5280 1155 5324 cz
1178 5270 1333 5340 amp),
1357 5288 1477 5341 qua?
1494 5272 1798 5343 Placidiana
1814 5274 2191 5342 appellabatur
2217 5292 2230 5325 :
2266 5276 2374 5330 imo

796 5364 1055 5418 Joannem
1101 5376 1385 5435 numquam
1437 5348 1615 5413 videre
1650 5358 1734 5413 vel
1776 5358 1973 5435 alloqui.
2010 5354 2192 5415 voluit.
2218 5348 2373 5427 Saepe

789 5458 940 5511 illum
984 5430 1212 5516 Joannes
1248 5430 1429 5521 rogari
1473 5449 1678 5505 curavit
1721 5463 1787 5504 an
1832 5430 1971 5519 quid:
1996 5446 2211 5503 iecisset
2239 5449 2370 5521 ipse,

795 5550 931 5610 ιιιιιμὶ
963 5547 1032 5600 illi
1064 5542 1365 5617 diSplieeret
1392 5586 1405 5609 ,
1439 5558 1499 5598 se
1539 5544 1606 5597 ad
1650 5541 1824 5598 omni:
1855 5537 2182 5607 emendanda
2214 5554 2371 5617 para-

796 5648 907 5692 tum
937 5654 1055 5693 esse
1083 5653 1422 5702 asseverans;
1473 5637 1566 5691 sed
1601 5632 1792 5693 obnixe
1821 5634 2133 5703 supplicanti
2174 5651 2240 5689 ne
2285 5649 2373 5690 re-

811 5732 1076 5803 sponlere
1134 5726 1350 5800 qnitlt‘m
1431 5728 1518 5782 ille
1586 5725 1844 5795 dignatus
1894 5730 2010 5784 est;
2069 5739 2187 5792 qua:
2248 5738 2380 5775 sane

1896 317 1951 371 S.
1992 317 2268 373 JOANNIS
2297 316 2765 374 CHRYSOSTOMI
2805 313 2987 377 VITA,

3960 309 4079 363 196

2483 428 2718 478 remeent
2750 425 3019 479 hominem
3045 432 3101 478 et
3126 421 3511 479 intractabilem
3540 422 3703 479 fuisse
3729 429 3979 488 arguunt.

2560 515 2763 571 interea
2786 527 3042 587 urgenant
3070 519 3351 588 Theophili
3394 529 3751 585 accusatores,
3791 526 3878 587 qttl
3923 521 4089 572 irru-

2485 611 2760 679 ptionem,
2818 611 2989 665 caedes
3037 620 3092 666 et
3136 611 3237 665 alia
3286 613 3561 666 innumera
3608 613 3705 680 ipsi
3744 611 4091 679 objiciebant

2488 699 2718 770 (Pallad.
2754 720 2803 771 p.
2844 700 2931 755 12.
2970 704 3089 771 l5).
3119 702 3231 767 Qua
3259 719 3315 757 re
3342 714 3613 771 comperta
3644 704 3934 772 imperator
3960 705 4000 754 Α
4015 719 4091 752 r-

2483 792 2666 845 eadius
2706 791 2961 846 Joannem
3006 794 3280 846 advocavit
3312 794 3602 864 (Chrysosl.
3635 796 3702 847 ad
3729 792 3907 847 lmtoc.
3939 803 3977 845 ι.
4012 794 4089 845 3-.

2491 899 2536 933 τ.
2567 880 2662 935 551
2688 882 2728 951 ),
2749 881 3010 950 jussitque
3039 882 3181 936 illum
3210 883 3276 937 de
3306 898 3464 938 causa
3496 883 3772 951 Theophili
3799 884 4084 951 judicare,

2481 989 2637 1042 quem
2680 983 2734 1026 ut
2776 975 3057 1027 scelestum
3104 974 3255 1027 multi
3303 974 3635 1030 incusabant.
3675 973 3908 1029 Joannes
3935 990 4089 1027 vero

2483 1078 2588 1117 non
2618 1063 2681 1116 ad
2709 1078 2767 1117 se
2797 1066 3063 1133 pertinere
3089 1064 3219 1118 dixit
3239 1064 3305 1119 de
3327 1064 3606 1133 TheOphili
3629 1064 3789 1134 gestis
3804 1063 4085 1133 judicium

2482 1155 2639 1216 terre,
2677 1153 2770 1205 sed
2798 1153 2861 1207 ad
2892 1152 3261 1224 Egyptiorum
3301 1157 3583 1222 praesulqu
3611 1155 3881 1225 Synodqu
3913 1172 3929 1207 :
3960 1171 4085 1208 non

2483 1246 2619 1312 quod
2651 1246 2917 1314 ignoraret
2946 1246 3035 1300 ille
3066 1260 3222 1313 posse
3257 1245 3629 1314 Theophilum,
3660 1247 3760 1300 etsi
3782 1245 4083 1315 prmsulew

2482 1335 2935 1402 Alexandrinum,
2982 1351 3010 1389 a
3054 1334 3290 1391 Concilio
3341 1335 3686 1391 Orientalium
3734 1336 3971 1407 generali
4015 1336 4083 1390 in

2480 1441 2693 1480 onustm
2718 1427 2891 1481 vocari
2914 1436 2967 1482 et
2987 1427 3258 1494 damnari;
3287 1428 3382 1482 sed
3406 1443 3473 1483 ex
3499 1429 3777 1497 Theophili
3798 1430 3981 1498 gestis,
4002 1444 4081 1481 ex

2481 1517 2546 1571 iis
2576 1531 2765 1586 nempe
2790 1531 2910 1587 qua!
2936 1528 3337 1586 prmcesserant,
3368 1535 3437 1574 ex
3460 1521 3693 1574 motibus
3717 1534 3850 1589 quos
3880 1519 4074 1572 hacte-

2481 1621 2582 1661 nus
2604 1609 2981 1670 concitaverat,
3003 1624 3069 1663 ex
3089 1607 3295 1663 valritie
3319 1618 3372 1664 et
3398 1609 3688 1665 calliditate
3711 1625 3812 1679 qua
3831 1611 3911 1663 vel
3936 1627 4023 1661 :Itll
4040 1624 4084 1663 ο

2481 1707 2537 1751 et
2565 1698 2906 1764 muneribus,
2933 1699 3019 1754 vel
3057 1700 3173 1755 aliis
3210 1700 3413 1755 artibus
3451 1703 3645 1755 multos
3678 1702 3779 1754 sibi
3807 1702 4081 1754 concilia-

2481 1801 2650 1859 verat,
2675 1792 3035 1863 prospiciebat
3059 1792 3293 1849 Joaunes
3322 1793 3436 1848 fore
3462 1803 3555 1860 ut,
3584 1793 3631 1847 si
3658 1793 3990 1862 Theophilus
4018 1795 4084 1847 in

2480 1880 2702 1958 Synodo
2725 1881 3089 1951 damnaretur,
3111 1900 3399 1954 numquam
3428 1885 3517 1939 ille
3540 1885 3905 1955 acquiesceret
3923 1925 3940 1952 ,
3975 1885 4085 1940 sed

2481 1979 2723 2050 ingentes
2752 1979 2933 2037 turbas
2960 1980 3325 2038 concitaturus
3349 1984 3514 2030 esset.

2552 2071 3101 2145 Theophilus‘contra
3140 2073 3275 2127 nihil
3318 2089 3424 2127 non
3469 2074 3659 2144 agebat
3703 2074 3764 2129 ut
3806 2066 4085 2130 Ιηκιιηθω

2481 2180 2588 2220 non
2629 2165 2787 2218 modo
2822 2165 3080 2235 pelleret,
3127 2166 3218 2221 sed
3268 2175 3319 2221 et
3360 2168 3471 2236 ipsa
3511 2169 3618 2221 vita
3666 2168 3935 2238 privaret,
3984 2168 4085 2221 in-

2479 2254 2593 2325 quit
2638 2254 2902 2309 l’alladius
2942 2256 3043 2325 (p.
3071 2257 3143 2310 65
3175 2253 3232 2324 ),
3279 2258 3469 2326 partim
3514 2257 3794 2328 largitione
3845 2258 3960 2311 auri
4019 2267 4085 2312 et

2480 2361 2761 2403 munerum
2789 2350 3113 2416 potentiores
3141 2349 3237 2403 sibi
3265 2350 3575 2413 concilians,
3609 2350 3800 2418 partim
3832 2350 4087 2405 lautiori-

2482 2440 2582 2494 bus
2609 2439 2778 2509 epulis
2802 2438 2939 2509 gula:
2963 2438 3172 2494 deditos
3195 2439 3437 2494 alliciens
3453 2480 3468 2506 ,
3497 2441 3691 2510 partim
3721 2439 3996 2495 blanditiis
4020 2450 4083 2495 et

2480 2544 2575 2599 spe
2615 2529 2831 2597 majoris
2864 2529 3141 2599 dignitatis
3165 2529 3387 2584 clericos
3428 2528 3494 2583 ad
3532 2544 3655 2584 suas
3685 2539 3864 2596 partes
3891 2529 4074 2583 abdu-

2479 2637 2627 2677 cens.
2658 2620 2790 2676 Cum
2812 2623 2973 2676 sciret
2998 2630 3173 2674 autem
3203 2621 3458 2675 diaconos
3484 2621 3637 2685 duos,
3663 2622 3889 2675 alterum
3917 2622 4080 2676 adul-

2481 2713 2621 2778 terii,
2652 2712 2880 2767 alterum
2923 2711 3193 2766 homicidii
3235 2726 3395 2765 causa
3421 2727 3451 2766 a
3477 2713 3685 2769 Joanne
3719 2712 3788 2765 ab
3831 2712 4081 2767 Ecclesia

2480 2804 2681 2872 eiectos
2726 2802 2920 2867 fuisse;
2967 2802 3135 2857 suasit
3173 2801 3275 2856 illis
3308 2811 3365 2856 ut
3392 2803 3600 2858 libellos
3622 2802 3879 2857 adversus
3909 2802 4084 2857 Joan-

2481 2911 2603 2948 nem
2632 2893 2905 2959 oll'errent,
2930 2895 3196 2963 pollicitus
3223 2910 3282 2949 se
3310 2896 3429 2949 illos
3455 2896 3507 2950 in
3535 2886 3817 2966 pristinum
3846 2896 4080 2965 gradum

2480 2995 2530 3039 et
2553 2986 2901 3041 ministerium
2929 2986 3297 3041 restituturum
3319 2985 3556 3041 esse.th
3584 3002 3698 3041 rem
3714 2988 4084 3043 libentissime

2481 3078 2708 3144 amplexi
2758 3087 2918 3142 sunt,
2958 3078 3271 3148 libellosque
3300 3079 3397 3146 ipsi
3425 3077 3755 3143 obtulerunt,
3783 3095 3922 3148 quos
3962 3081 4085 3151 ipse

2481 3170 2811 3240 Theophilus
2849 3169 3158 3235 dictaverat,
3194 3171 3245 3224 in
3277 3171 3472 3239 quibus
3507 3183 3699 3226 etetera
3729 3173 3910 3225 omnia
3942 3172 4081 3226 falsa

2482 3269 2537 3316 et
2560 3262 2913 3330 supposititia,
2941 3276 3102 3315 unum
3129 3271 3303 3316 autem
3332 3270 3534 3317 tantum
3555 3276 3741 3317 verum
3767 3272 3905 3325 erat,
3930 3262 4078 3331 quod

2484 3367 2676 3421 nempe
2716 3351 2952 3408 Joannes
2992 3368 3179 3407 omnes
3222 3362 3481 3419 moneret,
3510 3361 3566 3408 ut
3597 3361 3713 3423 post
3735 3355 4081 3408 communio-

2481 3460 2623 3509 netu,
2648 3460 2839 3515 aquam
2860 3455 2952 3499 aut
2983 3446 3250 3513 pastillum
3277 3444 3640 3515 degustarent.
3665 3462 3735 3499 ne
3758 3460 3880 3500 cum
3904 3446 4077 3500 saliva

2482 3546 2573 3595 aut
2598 3536 2786 3606 pituita
2823 3550 2854 3590 e
2892 3535 3135 3606 symbolo
3161 3536 3489 3591 Sacrantenti
3516 3536 3715 3605 aliquid
3740 3546 3941 3606 praeter
3967 3552 4075 3592 vo-

2480 3629 2736 3683 luntatem
2759 3635 3109 3697 exspueretur
3139 3642 3152 3679 :
3181 3626 3322 3696 quod
3347 3635 3397 3681 et
3422 3627 3535 3696 ipse
3558 3626 3803 3682 faciebat.
3828 3626 3963 3696 Quas
3989 3644 4081 3683 res

2482 3727 2629 3774 certe
2654 3718 2783 3772 nulli
2811 3717 2979 3785 cullxc
3001 3716 3229 3771 obnoxia
3257 3716 3551 3772 videbatur.

2557 3809 2802 3878 Acceptis
2842 3807 3035 3863 libellis
3075 3802 3398 3876 TheOphilus
3437 3808 3489 3862 in
3528 3807 3845 3877 Eugraphirc
3868 3807 4076 3864 {edibus

2483 3899 2803 3967 colloquium
2821 3897 3003 3951 habuit
3022 3911 3143 3951 cum
3160 3896 3469 3963 Severiano,
3495 3896 3762 3951 Antiocho
3776 3905 3832 3952 et
3850 3898 4058 3955 Acacio

2483 3988 2799 4057 exterisque
2847 3986 3065 4043 Joannis
3120 3987 3387 4051 inimicis,
3437 3973 3526 4058 qui
3574 4002 3715 4057 liene
3762 4002 3953 4044 omnes
4005 4002 4075 4046 ea

2482 4078 2709 4145 Joannis
2730 4078 2947 4132 monitis
2971 4077 3113 4147 juste
3142 4076 3486 4147 modestiaque
3508 4077 3650 4133 datis
3675 4118 3690 4143 ,
3718 4076 3981 4135 adversus
4010 4081 4078 4136 ἰΙ-

2482 4172 2593 4228 lum
2618 4170 2905 4227 exulcerati
2934 4178 3109 4225 erant.
3153 4168 3304 4227 Unus
3329 4184 3459 4226 vero
3497 4185 3563 4225 ex
3598 4170 3662 4224 iis
3694 4171 3782 4241 qui
3812 4171 4073 4235 aderant,

2479 4264 2599 4319 aliis
2628 4262 2889 4339 suggessit
2916 4271 2973 4316 ut
3003 4260 3166 4329 libelli
3210 4261 3467 4319 darentur
3500 4259 3833 4331 Imperatori,
3862 4272 3922 4318 ut
3949 4263 4071 4332 ipse

2481 4357 2740 4417 Joannem
2772 4354 2851 4409 vel
2880 4354 3101 4409 invitum
3130 4352 3495 4424 adSynodum
3532 4367 3594 4408 se
3618 4353 3812 4410 sistere
3834 4363 4074 4423 cogeret.

2483 4446 2616 4512 Quia
2644 4459 2793 4533 vero)
2818 4453 2878 4497 ut
2897 4443 3091 4512 sacpius
3116 4443 3443 4512 experientia
3468 4453 3800 4511 compertum
3826 4442 3947 4509 fuit,
3978 4459 4079 4517 pu-

2485 4551 2599 4589 ram
2623 4534 2794 4589 omnia
2827 4550 2993 4605 prona
3016 4534 3295 4603 faciliaque
3322 4534 3525 4599 reddit;
3559 4534 3671 4593 hac:
3694 4536 3774 4587 via
3805 4532 4079 4605 Theophi-

2481 4628 2563 4681 lus
2592 4628 2835 4683 ell'eccrat
2869 4637 2927 4681 ut
2953 4627 3105 4682 aulici
3134 4626 3288 4681 multi
3317 4640 3412 4696 pro
3449 4642 3506 4682 se
3542 4636 3761 4693 starent,
3806 4634 3967 4696 atque
3996 4626 4075 4684 sic

2481 4737 2598 4790 qua:
2619 4720 2670 4774 iu
2696 4720 2888 4787 optatis
2913 4720 3011 4775 sibi
3024 4730 3193 4790 lerant
3217 4720 3534 4789 impstravit.

2554 4811 2881 4882 Synoduand
2904 4778 3175 4878 ρωέτειιη.
3202 4841 3271 4851 —-
3300 4810 3419 4865 Etsi
3438 4824 3561 4865 vero
3586 4811 3927 4881 imperatoris
3942 4826 4074 4869 con-

2481 4917 2644 4957 sensu
2668 4882 2719 4965 ei
2746 4903 2897 4972 jussu
2924 4900 3041 4956 anu
3067 4901 3397 4971 TheOphilus
3415 4912 3469 4957 ιιι
3486 4900 3995 4973 εοείῃωυῃεοαηι.
4018 4906 4071 4961 3.

2486 5012 2532 5047 c.
2562 4995 2667 5049 443
2690 4990 2744 5063 j,
2775 5006 2883 5047 non
2907 4992 3021 5049 ausi
3050 5002 3171 5048 sunt
3201 5003 3375 5047 tamen
3409 4992 3547 5047 intra
3580 4992 3769 5048 urbem
3801 4993 4075 5051 Constar-

2482 5083 2741 5156 tinopolin
2767 5083 3038 5156 Synodum
3066 5090 3297 5152 cogere,
3321 5092 3376 5135 ut
3410 5098 3477 5137 ne
3519 5083 3733 5153 plebem
3754 5084 3950 5153 pastori
3973 5094 4077 5156 suo

2480 5150 2894 5234 addictirsimam
2919 5186 3347 5237 conrmovcrcnt,
3390 5184 3441 5230 et
3478 5175 3760 5231 adversum
3788 5191 3846 5231 se
3877 5178 4052 5236 (mnu!

2482 5276 2601 5329 tum
2626 5269 2954 5333 excitarent;
3002 5280 3173 5339 negtte
3213 5274 3381 5323 tutum
3425 5268 3525 5323 sibi
3567 5270 3685 5335 fore
3726 5268 4002 5337 putabam,
4031 5271 4073 5324 si

2483 5357 2795 5420 caltunnias,
2822 5373 2953 5431 quas
2979 5356 3097 5413 falsi
3127 5357 3441 5412 convincere
3466 5357 3625 5413 facile
3648 5366 3763 5411 erat
3774 5400 3785 5423 ,
3814 5357 4074 5413 in‘medio

2483 5448 2844 5517 imperatoria:
2883 5448 3031 5521 urbis
3062 5446 3379 5517 proferrent.
3425 5447 3752 5517 Theophilus
3791 5449 3961 5521 igitur
3976 5464 4069 5518 per

2483 5512 2596 5597 tres
2642 5512 3007 5599 hebdomadas
3045 5512 3502 5611 (lonstautinopoh
3547 5512 4073 5608 continera'tusi-So—

2481 5646 2616 5685 sam.
2648 5630 2686 5687 ι.
2716 5627 2769 5687 8.
2800 5646 2828 5685 c
2878 5631 3011 5700 17),
3054 5646 3177 5707 eiu}:
3224 5631 3342 5687 aliis
3390 5640 3567 5697 secum
3609 5628 4075 5688 consentientibus

2490 5721 2763 5789 episcopis
2797 5716 3193 5776 Chalcedonem
3229 5714 3469 5790 perrexit
3496 5719 3731 5787 indeque
3776 5722 3843 5773 a-i
3886 5716 4064 5783 (lucro
