4264 6306
270 370 365 424 197
1432 358 1614 415 NUNC
1653 358 1921 414 PRIMUM
1961 359 2354 416 ADORNATA.

263 499 399 545 eum,
425 479 778 535 Chalcedonis
803 477 1182 538 suburbanum,
1216 475 1265 528 iu
1309 474 1531 528 ceclcsia
1571 471 1666 526 SS.
1699 472 1844 539 Apo-

263 575 517 628 su-lorum
547 573 687 626 Petri
715 579 768 623 et
800 569 967 634 l‘auli,
999 583 1153 637 quam
1189 566 1405 619 Rufinus
1435 573 1807 643 construxerat
1832 603 1845 624 ,

265 664 531 734 Synodum
553 662 782 732 collegit,
805 669 860 715 et
883 676 1003 714 eum
1036 659 1249 723 Acacio,
1271 656 1560 712 Severiano
1591 664 1644 709 et
1673 654 1850 708 Antio-

261 756 359 809 cho
383 755 621 818 iniquum
648 753 973 822 propositum
1002 749 1253 818 explevit.

328 844 468 898 Nihil
515 845 586 897 ibi
631 846 699 897 de
740 843 985 911 Origeuis
1015 841 1225 908 scriptis
1270 839 1321 892 in
1363 837 1540 892 medio
1585 837 1845 905 Prolatqu

263 937 372 1000 fuit,
401 937 530 990 nihil
557 936 624 990 de
651 935 923 988 Fratribus
947 933 1143 1002 Longis
1170 930 1452 984 Ammonio
1483 939 1536 984 et
1563 929 1700 993 aliis,
1730 945 1848 996 qure

263 1039 431 1080 tamen
473 1042 574 1080 una
620 1025 876 1079 hactenus
918 1022 1218 1091 Theophila
1261 1021 1468 1074 fuerant
1509 1021 1845 1089 querelarum

262 1133 413 1172 causa
443 1135 454 1168 :
489 1132 589 1185 pax
626 1116 762 1169 facta
807 1130 929 1169 cum
975 1115 1081 1168 iliis
1120 1121 1252 1167 erat.
1302 1110 1691 1166 Conscelcratis
1728 1126 1847 1164 sese

260 1209 494 1277 adjunxit
525 1208 770 1278 Cyrinus,
803 1205 1157 1260 Chalcedonis
1195 1206 1498 1273 episcopus,
1530 1218 1686 1272 quem
1714 1201 1847 1254 vidi-

261 1316 372 1354 mus
413 1316 479 1354 ex
521 1299 808 1368 improviso
855 1297 1113 1351 Marutha:
1150 1311 1334 1366 gressu
1379 1295 1525 1362 pedis
1572 1294 1846 1347 doloribus

261 1392 609 1455 laborantem,
636 1391 722 1459 qui
749 1399 873 1445 tunc
899 1402 997 1444 nec
1027 1388 1197 1442 morbi
1222 1388 1406 1441 dolore
1433 1386 1770 1455 prmpctlitus,
1794 1386 1843 1438 in

256 1481 506 1536 Joannem
539 1496 636 1536 ceu
667 1481 835 1534 hostis
875 1478 1162 1533 insurrexit
1205 1476 1452 1549 (Sozam.
1482 1479 1519 1530 ι.
1551 1477 1603 1531 8.
1637 1493 1682 1529 c.
1713 1476 1842 1547 16).

261 1572 382 1627 lllud
411 1589 561 1636 vero,
588 1583 642 1626 ut
667 1571 893 1640 carptim
921 1570 1115 1635 dicam,
1140 1583 1244 1624 non
1271 1569 1486 1637 impune
1513 1568 1635 1622 fecit
1664 1586 1676 1620 :
1709 1577 1846 1637 post-

257 1677 312 1717 ea
352 1663 492 1716 enim
539 1678 661 1715 cum
703 1661 842 1716 male
886 1659 1142 1724 haberet,
1168 1674 1293 1714 crus
1321 1661 1368 1715 ei
1402 1673 1546 1728 smpe
1569 1673 1598 1712 a
1626 1658 1847 1713 medicis

257 1755 538 1808 dissenlum
569 1761 672 1810 est.
699 1753 1090 1822 Superveniens
1116 1752 1260 1808 enim
1283 1751 1507 1822 putredo
1534 1760 1702 1806 totum
1727 1766 1844 1806 cor-

257 1859 348 1913 pus
373 1845 794 1913 depasccbatur;
821 1843 957 1898 adeo
992 1852 1049 1898 ut
1077 1843 1214 1899 alter
1232 1858 1444 1913 quoque
1469 1858 1564 1913 pes
1588 1843 1724 1898 idem
1753 1859 1846 1914 pa—

259 1944 452 1988 teretur
478 1950 541 1989 ex
574 1943 752 1988 mutua
783 1933 984 1988 doloris
1010 1935 1514 1998 communicatione,
1543 1943 1707 2004 atque
1733 1951 1842 1991 non

255 2026 414 2080 multo
452 2034 574 2095 post
609 2027 661 2080 iu
687 2026 960 2082 doloribus
983 2013 1277 2083 exstinctus
1304 2036 1405 2082 est.
1447 2027 1527 2082 Ad
1576 2027 1848 2097 TheOphio

256 2117 357 2170 lum
387 2117 516 2170 item
546 2115 741 2172 defecit
769 2116 965 2171 Paulus
996 2117 1372 2184 Heracleotes,
1414 2117 1504 2189 qui
1536 2133 1640 2173 non
1676 2119 1842 2174 semel

255 2223 282 2260 a
314 2207 518 2263 Joanne
561 2209 613 2262 in
654 2208 881 2279 negotiis
919 2207 1187 2264 adhibitus
1229 2207 1418 2265 fuerat.
1463 2209 1600 2277 Quid
1627 2209 1668 2262 si
1699 2209 1844 2262 dica-

255 2313 385 2361 mus,
427 2313 552 2350 cum
598 2297 897 2366 .TheOphilo
937 2307 1126 2366 patruo
1170 2313 1271 2351 suo
1312 2297 1542 2352 adfuisse
1585 2297 1840 2368 Cyrillum

254 2388 512 2458 juwnem.
544 2388 633 2458 qui
665 2399 841 2458 postea
871 2388 1169 2456 Tltcophilt)
1198 2389 1472 2456 successit,
1502 2403 1562 2444 ac
1601 2388 1838 2443 doctrina

253 2481 706 2548 muetimoniaque
729 2480 958 2535 celebris
988 2480 1116 2534 fuit?

317 2568 709 2624 Criminationes
755 2579 932 2623 contra
975 2569 1388 2639 Cltrysostoumm
1429 2568 1630 2623 oblatae.
1661 2599 1732 2608 —
1774 2569 1837 2622 lli

252 2663 402 2718 simul
424 2662 655 2731 judices,
688 2671 1025 2717 accusatores
1054 2670 1107 2716 et
1146 2670 1308 2716 testes
1345 2670 1496 2714 erant
1516 2702 1530 2726 ,
1560 2659 1646 2715 vel
1677 2669 1839 2713 testes

252 2757 405 2810 falsos
437 2756 764 2810 advocarant
807 2753 826 2826 (
852 2753 1065 2806 Pltotius
1104 2751 1348 2807 Bibliolh.
1377 2753 1489 2806 cod.
1524 2768 1605 2804 th
1627 2750 1668 2820 ).
1709 2751 1840 2805 Tre-

251 2847 412 2901 decim
446 2847 566 2900 haec.
589 2845 885 2900 actionibus
913 2853 1121 2914 peracta
1154 2853 1277 2898 sunt
1301 2863 1315 2898 :
1341 2843 1620 2898 duodecim
1645 2857 1839 2915 nempe

250 2946 426 2990 contra
456 2936 723 2991 Joannem
764 2935 983 3004 prolatae
1025 2943 1182 3000 sunt,
1231 2935 1383 2989 tertia
1414 2934 1624 2989 decima
1651 2942 1835 2989 contra

255 3027 566 3082 Heracliden
595 3036 730 3090 erat,
761 3041 918 3095 quem
950 3025 1198 3094 Ephesiis
1220 3025 1309 3078 ille
1329 3025 1601 3078 ordinarat
1625 3024 1841 3093 episco-

253 3133 366 3184 pum
397 3135 410 3171 :
442 3116 597 3186 cujus
626 3125 802 3170 tamen
829 3115 1216 3185 depositionem
1248 3114 1532 3169 invalidam
1568 3114 1795 3168 reddere
1817 3155 1833 3180 ,

251 3207 360 3260 aliis
385 3207 660 3261 nonnullis
690 3205 1114 3275 prohibentibus,
1145 3205 1363 3259 minime
1387 3212 1693 3273 potuerunt.
1725 3205 1834 3260 lle-

251 3298 456 3352 mclidze
473 3306 654 3351 autem
676 3304 952 3350 accusator
978 3295 1073 3349 fuit
1097 3295 1375 3358 lllacarius,
1400 3293 1698 3364 Magnetum
1718 3295 1835 3363 epi-

250 3402 452 3456 scapus.
517 3386 742 3442 Joannis
787 3400 918 3440 vero
978 3384 1344 3456 Cbrysostomi
1405 3393 1685 3439 accusator
1740 3384 1840 3440 fuit

249 3478 471 3532 Joannes
502 3479 787 3542 Diaeonus,
821 3476 1054 3546 episcOpi
1094 3477 1177 3530 sui
1216 3477 1387 3546 palam
1416 3475 1604 3542 hostis,
1629 3477 1718 3545 qui
1749 3491 1836 3532 se-

250 3582 463 3638 quentes
490 3571 895 3625 criminationes
929 3569 982 3624 iu
1023 3568 1282 3624 Joannem
1309 3567 1616 3638 episcopum
1638 3569 1832 3623 attulit.

318 3662 390 3714 l’.
432 3661 589 3728 Quod
617 3677 676 3717 se
700 3676 731 3717 e
760 3660 1041 3716 diaconatu
1069 3660 1378 3726 amovisset,
1408 3660 1531 3730 quia
1563 3659 1678 3730 ipse
1705 3675 1837 3728 pue-

249 3765 356 3804 rum
381 3767 536 3806 suum
569 3752 920 3806 domesticum
943 3751 1334 3806 verberaverat.

313 3841 390 3896 2°.
419 3841 575 3910 Quod
602 3840 837 3896 Joannes
860 3841 1074 3910 quidam
1101 3841 1392 3895 Monachus
1414 3840 1566 3910 jussu
1596 3839 1712 3910 ejus
1736 3855 1833 3894 va-

250 3929 505 3998 pulasset,
559 3939 934 4001 raptatusque,
984 3944 1048 3985 ac
1091 3945 1214 3986 cum
1261 3929 1608 3987 dazmoniacis
1645 3941 1835 3987 catena

251 4019 414 4075 ferrea
432 4021 760 4074 constrictus
791 4019 1010 4074 fuisseta

315 4111 390 4166 3'.
418 4111 575 4180 Quod
596 4111 930 4170 eimeliorum
959 4108 1259 4184 (Ecclesiae)
1292 4124 1540 4180 magnam
1566 4110 1676 4164 vim
1704 4125 1837 4164 vcn-

249 4203 480 4260 didisset.

314 4295 391 4351 ι’.
417 4295 575 4362 Quod
621 4308 921 4370 marmora,
953 4307 1071 4363 quas
1099 4291 1390 4356 ,Nectarius
1428 4291 1722 4360 reliquerat
1763 4292 1831 4346 ad

251 4391 534 4446 ornandam
574 4395 775 4444 sach
813 4383 1111 4442 Anastasite
1148 4383 1435 4459 ecclesiam
1458 4425 1475 4451 ,
1501 4383 1616 4454 ipse
1641 4383 1832 4440 vendi-

251 4481 400 4536 derit.

315 4573 394 4629 5'.
439 4572 596 4640 Quod
641 4570 868 4628 clericos
908 4569 1204 4641 appellaret
1228 4569 1386 4637 viles,
1415 4577 1716 4640 corruptos,
1747 4568 1833 4622 in-

252 4666 417 4732 utiles,
451 4666 790 4720 triobolares.

318 4756 393 4810 6⁸.
437 4757 596 4826 Quod
636 4756 704 4822 S.,
727 4753 1082 4826 Epiphaniam
1110 4753 1350 4818 delirum
1369 4753 1744 4826 appellaverit,
1779 4761 1833 4808 et

256 4861 462 4914 (mrum
487 4847 876 4908 dmmonimnv

319 4938 394 4992 7'.
414 4938 570 5006 Quod
597 4937 889 4992 Severiano
915 4935 1136 4992 insidias
1155 4935 1441 4999 struxerit,
1472 4933 1704 4989 incitatis
1740 4933 1835 4989 ad~

256 5043 438 5084 versus
457 5030 614 5092 illum
635 5027 871 5084 dccanis.

319 5119 391 5174 8⁸.
435 5109 594 5186 Quod
619 5125 808 5173 contra
837 5117 1042 5172 clerum
1082 5115 1274 5188 librum
1311 5115 1674 5190 sycophantiis
1716 5115 1832 5184 ple-

259 5227 370 5263 num
395 5209 692 5281 scripserit.
723 5241 734 5244 ~
1412 5252 1417 5257 .

322 5303 397 5356 9°.
423 5303 579 5370 Quod
608 5302 770 5372 totius
795 5301 926 5357 cieri
951 5312 1216 5358 conventu
1237 5301 1384 5370 ﬂictu
1402 5346 1414 5367 ,
1446 5309 1555 5356 tres
1578 5300 1832 5356 diamnos

259 5392 453 5470 citaritx,
499 5395 774 5458 Acacium,
820 5391 1117 5461 Edapbinm
1157 5401 1210 5452 et
1247 5391 1544 5456 Joannem,
1585 5401 1640 5446 et
1683 5391 1834 5458 quasi

262 5481 520 5549 humeraile
573 5475 752 5568 ςιυιιώχ
782 5481 956 5546 furati,
995 5493 1208 5570 essentv
1252 5485 1512 5539 accusarit
1535 5526 1552 5548 ,
1588 5499 1836 5554 quaerens

263 5584 425 5652 utrum
455 5579 520 5632 ad
545 5580 707 5636 alium
733 5578 964 5648 aliquem
986 5592 1138 5633 usum
1171 5571 1298 5631 illud
1327 5578 1617 5645 cepissent.

326 5669 433 5724 lil'.
462 5663 620 5738 Quod
639 5668 1350 5736 Autonium,‘sepulcr0rum
1371 5666 1678 5720 violatorem
1707 5681 1834 5721 cou-

267 5759 474 5828 tictum,
501 5759 1183 5831 episeopuut‘ordinavcrit.

3448 376 3548 432 193

2034 470 2142 527 ll'.
2176 474 2324 541 Quod
2354 476 2610 531 Joannem
2637 479 2886 534 comitem
2937 482 2987 536 in
3027 483 3252 538 militum
3286 488 3548 545 seditione

1959 562 2272 630 prodiderit.

2032 654 2140 706 12'.
2195 656 2343 721 Quod
2396 673 2565 728 neque
2606 660 2656 712 in
2700 660 2977 716 ecclesiam
3016 665 3340 734 ingrediens,
3378 684 3550 740 neque

1959 745 2162 811 exiens,
2189 757 2515 814 precaretur.

2029 836 2141 889 15°.
2166 837 2319 903 Quod
2347 840 2460 892 sine
2485 840 2637 894 altari
2664 841 3008 899 diaeenorum
3037 857 3089 901 et
3112 850 3547 922 presbyterorum

1957 927 2322 983 ordinationes
2350 930 2552 985 fecerit.

2028 1017 2139 1101 M'.
2168 1018 2319 1084 Quod
2350 1035 2450 1074 una
2478 1023 2812 1079 ordinatione
2838 1036 3066 1097 quatuor
3084 1031 3239 1085 simul
3266 1034 3546 1105 episc0pos

1955 1123 2075 1162 erea
2087 1112 2173 1162 rit.
3213 1180 3215 1183 ι

2028 1199 2137 1253 l5°.
2167 1199 2317 1267 Quod
2337 1203 2589 1259 mulieres
2611 1207 2922 1277 susciperet,
2948 1212 3092 1265 solus
3112 1227 3230 1267 cum
3261 1217 3407 1282 solis,
3433 1218 3548 1272 aliis

1954 1291 2201 1344 omnibus
2230 1291 2374 1348 foras
2402 1296 2630 1350 emissis.

1979 1402 1981 1404 ·
2029 1382 2140 1436 lluc
2187 1386 2452 1452 respicere
2497 1386 2706 1441 videtur
2749 1391 2887 1458 quod
2933 1394 3004 1445 ait
3048 1392 3460 1467 Chrysostomus
3496 1401 3548 1453 in

1953 1474 2191 1543 Epistula
2244 1477 2310 1531 ad
2355 1479 2658 1548 (Syriacum,
2694 1491 2836 1536 tomo
2874 1486 3078 1541 tertio:
3129 1488 3257 1553 Quin
3300 1507 3379 1543 me
3421 1509 3552 1561 quo-

1952 1583 2048 1636 que
2101 1584 2217 1620 cum
2285 1569 2492 1624 muliere
2559 1573 2886 1628 concubuisse
2953 1577 3302 1632 criminantur.
3365 1580 3549 1636 Ea'uite

1954 1672 2141 1726 corpus
2194 1675 2402 1725 meum,
2442 1670 2492 1716 et
2550 1664 2885 1718 membrorum
2938 1669 3374 1737 mortiﬁcationem
3433 1690 3551 1744 repe

1950 1750 2106 1802 rietis.
3646 1824 3652 1829 .

2024 1840 2134 1894 16⁸.
2163 1840 2314 1909 Quod
2341 1842 2705 1901 haereditatem
2727 1861 2754 1900 a
2778 1846 2972 1903 Thecla
2996 1850 3232 1906 relictam
3258 1869 3352 1924 per
3372 1854 3550 1911 Theo-

1957 1929 2138 1984 dulum
2170 1933 2486 1988 vendiderit.

2023 2018 2134 2075 17°.
2171 2021 2323 2090 Quod
2384 2023 2638 2081 Ecclesiae
2696 2026 2901 2085 reditus
2958 2045 3116 2088 nemo
3180 2036 3387 2089 noverit
3445 2051 3550 2107 quo

1952 2119 2165 2174 abeant.

2022 2210 2134 2266 18⁸.
2168 2211 2318 2278 Quod
2342 2213 2707 2283 Serapionem,
2730 2215 2781 2271 in
2808 2218 3009 2274 crimen
3036 2229 3300 2289 vocatum,
3330 2225 3553 2296 presby-

1950 2307 2121 2354 terum
2150 2302 2494 2358 nrdiuaverit.

2029 2393 2134 2449 l9°.
2168 2395 2316 2461 Quod
2350 2411 2462 2462 eos,
2492 2399 2578 2466 qui
2611 2414 2728 2454 eum
2757 2409 2869 2455 toto
2899 2403 3028 2457 orbe
3048 2408 3510 2463 communicabant
3531 2451 3547 2475 ,

1949 2484 2112 2552 ipsius
2142 2489 2400 2540 sententia
2440 2488 2674 2544 inclusos
2700 2498 2752 2544 et
2781 2492 2830 2545 iu
2859 2509 3074 2548 carcere
3103 2496 3381 2550 defunctos
3413 2513 3545 2552 cou-

1949 2578 2229 2645 tcnipserit
2255 2595 2269 2642 ;
2300 2579 2370 2631 ita
2415 2590 2469 2633 ut
2502 2595 2570 2634 ne
2599 2596 2821 2651 corpora
2864 2585 3075 2654 quidem
3108 2587 3340 2658 ipsorum
3373 2590 3550 2660 sepul-

1952 2675 2085 2721 turai
2115 2669 2370 2725 mandare
2397 2672 2639 2742 dignatus
2670 2675 2760 2729 sit.

2019 2758 2134 2812 20°.
2167 2760 2319 2825 Quod
2349 2765 2742 2818 sanctissimum
2773 2767 3026 2825 Acacium
3059 2769 3247 2841 injuria
3273 2772 3544 2840 alfecerit,

1947 2855 2001 2901 ct
2030 2862 2097 2903 ne
2123 2849 2190 2903 ad
2219 2851 2544 2920 colloquium
2573 2856 2788 2924 quidem
2823 2858 2992 2928 ipsum
3039 2861 3332 2917 admiserit.

2015 2939 2129 2995 25°.
2175 2941 2326 3007 Quod
2379 2945 2728 3018 Porphyrium
2776 2951 3149 3023 presbyterum
3179 2955 3456 3028 Eutropio,
3492 2967 3546 3014 ut

1944 3030 1998 3087 lu
2029 3032 2271 3086 exsilium
2304 3035 2612 3104 pelleretur,
2658 3039 2951 3094 tradiderit.

2016 3121 2129 3176 23°.
2161 3123 2312 3190 Quod
2341 3124 2628 3180 Venerium
2677 3130 2799 3182 item
2843 3133 3211 3204 presbyterum
3252 3152 3372 3190 cum
3412 3154 3542 3194 cou-

1949 3212 2166 3266 lumelia
2199 3215 2361 3268 multa
2397 3216 2690 3271 tradiderit.

2015 3301 2132 3358 25°.
2183 3303 2333 3370 Quod
2381 3307 2455 3359 illi
2505 3308 2600 3361 soli
2649 3309 2894 3363 balneum
2945 3315 3317 3382 succendatur,
3358 3329 3412 3375 et
3455 3324 3541 3377 ubi

1942 3391 2171 3460 laverit,
2221 3394 2478 3467 Serapion
2539 3401 2740 3454 aditum
2804 3404 3032 3472 claudat,
3093 3418 3148 3462 ut
3200 3411 3336 3466 alius
3385 3429 3543 3472 nemo

1943 3481 2102 3539 lavet.
2143 3498 2146 3502 '

2011 3575 2129 3633 ρι’.
2159 3576 2308 3644 Quod
2340 3580 2455 3634 sine
2485 3582 2705 3636 testibus
2734 3586 2929 3640 multos
2955 3589 3232 3646 ordinarit.

2015 3667 2134 3724 25°.
2168 3671 2318 3738 Quod
2349 3674 2494 3727 solus
2530 3674 2653 3728 edat
2682 3675 3116 3749 intemperanter,
3141 3683 3431 3758 Cyclopum
3461 3689 3540 3742 vi-

1943 3766 2051 3813 tam
2079 3775 2266 3830 agens.

2010 3850 2124 3904 26".
2159 3852 2309 3917 Quod
2354 3854 2465 3923 ipse
2491 3866 2723 3920 accuset,
2752 3857 2925 3926 sitque
2953 3861 3103 3916 testis
3136 3872 3189 3916 et
3208 3863 3390 3934 judex.
3426 3867 3541 3923 Pla-

1947 3954 2182 4010 numque
2206 3941 2259 3996 id
2289 3956 2410 4000 esse
2435 3958 2500 3998 ex
2542 3944 2628 4011 iis,
2657 3961 2776 4015 quae
2823 3964 2944 4003 cum
2988 3950 3240 4023 Martyrio
3267 3959 3538 4026 protodia-

1943 4044 2100 4098 cono,
2141 4040 2196 4086 et
2235 4032 2592 4102 Prohmresio,
2622 4035 2794 4106 Lycia:
2823 4039 3092 4111 epise0po,
3122 4055 3270 4113 gesta
3300 4047 3538 4104 referun-

1941 4129 2043 4174 tur.

2010 4210 2129 4264 27°.
2188 4211 2343 4279 Quod
2395 4213 2729 4271 Memnonem
2774 4219 2825 4271 in
2870 4221 3097 4278 ecclesia
3159 4224 3536 4294 Apostoloqu

1939 4315 2116 4392 pugno
2145 4305 2484 4372 percusserit,
2515 4315 2570 4360 et
2611 4309 2866 4379 sanguine
2889 4324 2958 4365 ex
2985 4325 3079 4367 ore
3117 4325 3387 4383 manante,
3413 4335 3536 4392 my-

1938 4391 2100 4445 steria
2134 4400 2313 4446 tamen
2341 4393 2612 4449 obtulerit.

2010 4483 2136 4538 28’.
2167 4484 2319 4552 Quod
2370 4487 2421 4539 in
2471 4489 2664 4542 throno
2707 4500 2993 4547 emeretur
3032 4502 3089 4548 et
3125 4495 3449 4566 iudueretur,
3481 4511 3536 4557 et

1939 4573 2211 4641 pastillum
2239 4574 2440 4630 ederet.

2007 4663 2126 4718 29'.
2154 4663 2306 4731 Quod
2332 4667 2596 4737 episcopis
2633 4669 2702 4724 ab
2723 4685 2784 4725 se
2810 4672 3068 4730 ordinatis
3096 4678 3347 4746 pecunias
3375 4679 3536 4751 largi.

1937 4761 2110 4819 retur,
2132 4763 2192 4808 ut
2213 4770 2310 4824 per
2338 4756 2458 4811 illos
2483 4755 2694 4812 Clemm
2721 4761 3071 4831 opprimeret.

2011 4843 2399 4914 Chrymlomus
2418 4848 2490 4901 ad
2513 4845 2783 4916 Synodum
2836 4860 3049 4904 vocatus
3069 4853 3275 4908 abnuit.
3298 4887 3373 4902 --
3441 4861 3536 4915 llis

1938 4935 2134 4988 oblatis
2169 4937 2568 4991 accusationum
2596 4939 3236 5014 capitibus,'l‘heophilus
3261 4956 3316 5002 et
3351 4955 3532 5006 caueri

1939 5027 2176 5097 episcopi
2206 5028 2482 5099 Synodum
2505 5032 2913 5098 constituentes,
2941 5034 3200 5092 Joannem
3223 5040 3455 5096 citarunt
3476 5052 3532 5098 ut

1938 5118 2007 5170 ad
2031 5117 2303 5187 Synodum
2332 5130 2668 5189 compareret
2711 5120 2952 5189 (Pharius
2974 5141 3029 5195 ρ.
3057 5127 3124 5182 55
3151 5137 3198 5180 et
3221 5146 3360 5200 seqq.
3394 5130 3522 5186 Pal-

1940 5209 2044 5263 lad.
2102 5208 2354 5281 Diologn).
2405 5210 2571 5268 Erant
2609 5221 2736 5269 tunc
2773 5230 2894 5269 cum
2935 5215 3143 5274 Joanne
3184 5222 3532 5294 quadraginta

1941 5301 2195 5368 episcOpi,
2241 5301 2494 5358 sedentes
2535 5304 2586 5357 in
2640 5306 2872 5362 triclinio
2919 5310 3206 5382 episcopii,
3257 5322 3532 5385 stupentes

1939 5390 2208 5458 quomodo
2249 5406 2391 5455 reus,
2423 5401 2477 5448 et
2509 5405 2724 5466 propter
2766 5398 3179 5455 erimina'solus
3202 5402 3268 5456 ad
3295 5403 3534 5460 Comitas

1943 5491 2051 5534 tum
2081 5491 2136 5534 et
2177 5481 2508 5552 lmperialcm
2546 5485 2815 5546 civitatem
2855 5491 3038 5545 venire
3072 5491 3276 5562 jussus,
3305 5511 3424 5551 cum
3456 5507 3530 5554 tot

1939 5575 2207 5644 episcopis
2231 5576 2534 5633 advenisset
2562 5597 2576 5632 :
2607 5594 2714 5648 quo
2757 5592 2914 5650 pacto
2941 5584 3234 5654 principum
3262 5596 3315 5648 et
3359 5591 3529 5660 magi.

1940 5676 2202 5720 stratuum
2249 5667 2540 5722 sententias
2579 5669 2755 5725 subito
2799 5683 3218 5743 commutasset,
3265 5679 3534 5751 plerisque

1941 5767 2006 5811 tte
2035 5758 2192 5812 (Ilero
2225 5759 2320 5828 ipsi
2349 5761 2721 5816 auuuentibus.
2758 5762 2949 5818 Verum
2996 5780 3129 5821 auro
3157 5769 3334 5822 omnia
3361 5784 3525 5840 prona
