4276 6316
714 348 820 403 190

707 480 761 522 ct
789 465 961 520 facilia
983 460 1316 516 redduntur.
1352 459 1555 514 interea
1600 470 1729 511 vero
1772 455 2007 511 Joannes
2032 469 2059 507 a
2088 453 2304 524 Synodo

707 560 772 614 ad
806 558 1071 625 Qttereunt
1102 553 1297 609 citatur
1319 562 1376 610 ot
1397 564 1706 619 comparere
1726 548 1960 620 jnbetur.
2003 547 2310 616 Respondet

708 650 796 704 ille
826 667 839 700 :
874 646 937 703 Si
962 657 1164 716 apertos
1193 646 1358 700 hostes
1382 659 1445 698 ea:
1476 641 1713 712 judicum
1741 640 1920 694 ordine
1938 638 2304 703 submovet-itis,

707 750 894 810 prtl’slo
936 730 1079 806 sunt,
1134 753 1310 807 meque
1355 735 1566 797 sistam;
1596 742 1671 797 ut,
1704 733 1749 787 si
1793 733 1903 802 quis
1954 748 2032 784 me
2059 739 2303 796 accuset,

705 847 917 885 causam
938 830 1106 884 dicunt
1131 846 1150 883 :
1175 830 1254 883 sin
1290 827 1347 880 id
1374 827 1541 891 facere
1565 823 1970 888 detrectaveritis,
2001 824 2192 892 quoties
2230 822 2306 874 ci-

708 922 896 987 nbitis,
928 920 1055 975 nihil
1082 919 1375 989 proﬁciatis.
1409 918 1486 970 llli
1526 930 1652 970 vero
1678 929 1813 986 quos
1849 912 2059 968 excludi
2092 912 2304 968 volebat

706 1022 861 1067 erant
923 1010 1284 1083 Theophilus,
1329 1007 1685 1072 Severianus,
1734 1004 1960 1060 Aeacius
2019 1012 2074 1059 et.
2118 1003 2304 1058 Antio-

706 1105 860 1159 chus.

784 1198 963 1252 Primo
1000 1195 1371 1252 examinaruut
1413 1200 1573 1262 caput
1615 1190 1843 1259 primum
1883 1196 1937 1242 et
1965 1184 2255 1241 secundum
2287 1225 2300 1249 ,

710 1305 829 1360 qua:
870 1288 1128 1344 Joannem
1157 1287 1438 1343 diaconum
1466 1294 1520 1339 et
1542 1282 1802 1338 Joannem
1832 1280 2147 1335 Monachum
2178 1292 2304 1347 spe-

710 1384 946 1438 ctabant.
976 1381 1111 1435 liinc
1138 1384 1415 1448 cmperunt
1436 1382 1621 1429 contra
1648 1372 1967 1427 Heracliden
1996 1370 2211 1439 Ephesi,
2251 1377 2306 1423 et

714 1476 1005 1531 Palladium
1035 1472 1425 1541 llelenopoleos
1451 1471 1731 1537 episcopos
1757 1464 2044 1535 inquirere.
2071 1462 2303 1518 Joannes

710 1582 838 1621 vero
882 1562 1191 1629 Monachus,
1233 1562 1323 1633 qui
1371 1562 1422 1614 in
1452 1557 1687 1614 secundo
1713 1558 1883 1624 capite
1910 1569 2069 1623 supra
2098 1567 2303 1607 memo-

711 1671 887 1718 ratur,
933 1655 1168 1710 libellum
1220 1653 1430 1717 obtulit,
1478 1663 1733 1706 accusans
1780 1646 2115 1710 Heracliden,
2163 1643 2302 1714 quod

708 1746 1010 1817 tirigenista
1037 1752 1197 1807 esset,
1226 1753 1275 1796 et
1318 1741 1457 1811 quod
1484 1740 1741 1795 Caesarea:
1767 1738 2061 1793 Palaestina:
2090 1735 2140 1789 in
2165 1734 2303 1789 furto

708 1837 1074 1908 deprehensus
1103 1834 1311 1898 fuisset,
1344 1830 1575 1901 Aquiliui
1604 1829 1813 1884 diaconi
1856 1829 2170 1880 vestimenta
2220 1824 2302 1876 fn-

709 1938 855 1983 t‘atus
887 1946 899 1980 :
932 1936 978 1981 et
1021 1924 1245 1997 quamvis
1295 1924 1411 1977 talis
1459 1931 1615 1985 esset,
1667 1917 2116 1989 inquit,Joannes
2158 1916 2303 1968 illum

711 2017 902 2087 Ephesi
931 2018 1221 2088 episcopum
1240 2012 1509 2068 ordinavit.
1537 2011 1832 2066 Accusabat
1862 2016 2116 2077 praeterea
2142 2005 2303 2061 Joan-

709 2125 852 2177 nem,
885 2108 1026 2178 quod
1059 2107 1221 2161 multa
1253 2104 1390 2158 mala
1445 2101 1595 2173 (Haec
1634 2102 1805 2154 vitiata
1833 2099 2085 2168 videntur)
2114 2097 2303 2166 Orige-

711 2204 965 2259 nistarum
995 2214 1153 2256 causa
1181 2211 1366 2268 passus
1397 2202 1560 2260 esset,
1590 2208 1686 2263 per
1736 2192 2105 2261 Serapionem,
2136 2188 2303 2257 quod-

706 2312 810 2365 que
872 2295 1017 2347 illum
1085 2292 1338 2346 misisset.
1409 2289 1613 2343 Horum
1678 2286 1952 2356 praemisso
2012 2285 2300 2349 examine,

709 2385 1011 2455 inquisitum
1040 2392 1121 2437 est
1144 2381 1336 2436 deinde
1367 2380 1417 2434 in
1451 2386 1609 2447 caput
1634 2392 1832 2433 nonum
1861 2376 2256 2429 accusationum
2282 2416 2298 2441 ,

709 2475 846 2545 quod
876 2483 985 2528 tres
1012 2472 1265 2526 diaconos
1295 2471 1362 2524 de
1394 2469 1532 2523 furto
1561 2467 1851 2521 humeralis
1878 2466 1958 2520 sui
1998 2465 2300 2520 accnsavis-

708 2576 787 2619 set
810 2582 823 2628 ;
856 2574 907 2619 et
932 2564 1244 2635 vigesimum
1272 2562 1577 2632 septimum,
1603 2561 1742 2631 quod
1769 2559 2102 2614 Memnonem
2126 2574 2303 2629 pugno

710 2657 1078 2725 percussisset.
1112 2665 1215 2710 etc.

780 2750 909 2802 Alia:
928 2750 979 2801 in
1014 2746 1423 2819 Cltrysostomum
1451 2746 1844 2798 criminationes.
1874 2774 1945 2783 —
1973 2744 2161 2797 Postea
2186 2759 2303 2797 rur-

706 2856 822 2892 sunt
852 2840 1080 2895 lsaacins
1106 2839 1409 2908 episc0putn
1440 2834 1753 2890 lleracliden
1784 2833 2049 2887 accusavit
2078 2842 2136 2887 ut
2178 2832 2300 2886 Ori-

705 2934 1000 3002 geuistam,
1050 2930 1139 3001 qui
1194 2946 1222 2983 a
1277 2929 1611 2982 sanctissimo
1668 2925 1967 2995 Epiphanio
2025 2938 2199 2993 neque
2250 2924 2301 2975 in

710 3024 1046 3093 precationis,
1094 3037 1265 3091 neque
1308 3021 1373 3074 ad
1426 3034 1624 3073 mensa:
1671 3018 1996 3071 consortium
2038 3016 2303 3069 admissus

711 3115 916 3169 fuisset.
951 3113 1174 3169 Protulit
1201 3112 1337 3166 idem
1366 3100 1596 3164 lsaacius
1620 3108 1855 3163 libclhun
1901 3116 2085 3161 contra
2124 3105 2301 3176 Chry-

708 3215 1024 3269 soslomum,
1051 3202 1167 3257 lucc
1207 3203 1593 3257 continentem.

782 3298 856 3349 l".
895 3297 964 3349 De
992 3294 1196 3350 Joanne
1225 3291 1481 3347 Monatho
1508 3294 1615 3359 jam
1648 3297 1964 3355 memorato,
1994 3288 2134 3359 quod
2174 3303 2301 3361 pro-

708 3398 825 3457 pter
851 3386 1178 3456 Origenistas
1205 3384 1505 3452 vapulasset
1529 3393 1580 3436 et
1608 3381 1748 3436 ferro
1780 3383 1986 3435 vinctus
2025 3380 2228 3435 fuisset.

775 3480 852 3533 2°.
881 3479 1030 3547 Quod
1060 3480 1119 3532 Β.
1169 3476 1498 3546 Epiphanius
1546 3484 1761 3545 propter
1806 3476 1904 3529 hos
1930 3472 2257 3544 Origenistus
2282 3516 2295 3536 ,

710 3571 1073 3635 Ammonium,
1119 3567 1484 3638 Euthymium,
1528 3566 1840 3630 Eusebium,
1890 3565 2207 3620 Heracliden
2250 3575 2302 3619 et

710 3660 1020 3722 Palladium,
1052 3673 1172 3713 cum
1200 3659 1289 3711 illo
1321 3658 1575 3711 noluisset
1602 3658 2013 3711 communicare.

779 3749 854 3802 5°.
886 3749 1037 3817 Quod
1083 3748 1521 3818 hospitalitatem,
1553 3747 1699 3802 solus
1726 3748 1963 3816 quotidie
1990 3747 2297 3813 comedens,

707 3842 1027 3908 despiceret.
1720 3833 1731 3851 ’

777 3934 857 3986 4⁸³.
889 3932 1040 3999 Quod
1073 3932 1124 3985 in
1150 3930 1371 3987 ecclesia
1396 3931 1615 3986 dixisset
1639 3930 1869 3984 Mensam
1897 3944 2017 3985 esse
2046 3929 2300 3985 furiarum

709 4027 939 4094 plenam.

884 4114 1036 4181 Quod
1081 4115 1132 4169 in
1176 4115 1396 4171 ecclesia
1439 4113 1715 4186 gloriando
1752 4113 1975 4167 dixisset
2008 4130 2122 4168 nmo
2150 4124 2197 4168 et
2226 4115 2305 4168 in-

703 4210 865 4263 sanio.

778 4301 873 4354 llic
901 4310 1083 4356 notare
1111 4301 1318 4355 videtur
1357 4300 1560 4353 initium
1594 4301 1822 4353 humilia:
1851 4300 1987 4353 illius
2017 4300 2302 4370 singularis

707 4406 862 4448 antea
894 4394 1124 4457 inedita),
1177 4409 1332 4463 quam
1369 4394 1569 4457 habuit,
1604 4402 1881 4461 po~tquatn
1933 4392 2168 4446 Eudoxia
2201 4394 2302 4447 lm-

710 4483 975 4553 peratrit-e
997 4484 1286 4538 comitante
1315 4494 1368 4537 et
1410 4482 1629 4552 pedibus
1674 4485 1774 4536 iter
1815 4492 2005 4552 agente
2032 4482 2301 4553 Reliquias

712 4583 1003 4644 martyrum
1035 4575 1377 4628 transtulerat
1420 4575 1469 4627 in
1510 4574 1791 4628 ecclesiam
1838 4590 2026 4630 novem
2058 4577 2301 4632 milliari-

709 4667 805 4719 hus
845 4666 1303 4736 Constantinopoli
1324 4666 1638 4721 ~distantem.
1680 4666 1767 4721 Sic
1810 4669 1951 4722 enim
1983 4670 2032 4722 in
2075 4669 2298 4724 ecclesia

709 4756 794 4809 illa
842 4755 1114 4810 homiliam
1159 4756 1358 4825 incipit,
1413 4756 1544 4821 Quid
1596 4757 1782 4821 dicunt,
1827 4768 1875 4811 ct
1917 4760 2035 4827 quia
2080 4760 2302 4830 loquar?

711 4844 930 4901 Exsulta
1000 4852 1048 4897 et
1102 4844 1329 4899 insanio.
1365 4844 1439 4914 (ld
1472 4852 1788 4916 sequentem
1817 4844 1977 4901 etiam
2017 4851 2297 4907 articulum

704 4935 966 5007 suspicit.)

776 5028 854 5082 6°.
883 5029 1032 5093 Quod
1060 5031 1327 5099 explicare
1367 5031 1577 5096 debeat,
1620 5048 1737 5104 quae
1780 5034 1887 5089 sint
1919 5035 2021 5090 illic
2052 5034 2222 5101 furiw,
2247 5047 2301 5092 et

706 5117 850 5187 quid'
887 5119 987 5172 sibi
1031 5122 1157 5175 velit
1203 5122 1352 5188 illud,
1402 5122 1615 5178 Exsulta
1657 5135 1704 5179 et
1752 5126 1952 5181 insanio
1985 5144 2002 5181 :
2031 5128 2126 5184 has
2157 5130 2298 5183 enim

709 5209 944 5262 lict-lesia
975 5225 1132 5265 voces
1161 5212 1385 5283 ignorat.

774 5300 856 5354 7°.
896 5302 1048 5369 Quod
1079 5303 1343 5359 licentiam
1377 5308 1741 5375 peccatoribus
1770 5310 2036 5378 praeberet
2075 5312 2295 5366 dicens:

718 5389 773 5444 Si
800 5392 978 5445 iterum
1009 5396 1244 5463 peccasti,
1276 5398 1458 5452 iterum
1495 5402 1833 5470 paenitentiam
1859 5420 1972 5469 age,
2022 5414 2067 5456 et
2109 5405 2300 5471 quoties
2332 5399 2336 5403 ’

708 5487 1008 5554 peccaveris,
1042 5488 1152 5542 ueni
1180 5490 1247 5543 ad
1273 5508 1351 5545 me
1378 5508 1397 5547 :
1421 5502 1467 5547 et
1499 5509 1589 5563 ego
1628 5505 1674 5547 te
1701 5496 1908 5549 sonabo.

783 5579 862 5634 8⁸.
894 5580 1047 5648 Quod
1092 5582 1146 5638 in
1185 5586 1414 5643 ecclesia
1457 5586 1879 5656 blasphemasset
1921 5588 2125 5658 dicens,
2150 5588 2301 5646 Chri-

710 5679 850 5724 stum
884 5682 1188 5740 precantem
1216 5674 1333 5731 ideo
1355 5691 1457 5729 non
1488 5677 1792 5732 exauditum
1821 5678 2001 5747 fuisse,
2032 5680 2172 5752 quod
2195 5696 2300 5737 non

713 5774 767 5813 ut
794 5764 1069 5831 oportebat
1098 5777 1341 5836 precatus
1363 5776 1520 5824 esset.

1788 340 1845 395 S.
1886 336 2167 394 JOANNIS
2204 335 2683 396 CilliYSOSTOMI
2732 340 2908 407 VITA.

3915 349 4020 407 900

2490 452 2567 507 9°.
2615 456 2767 524 Quod
2797 457 2862 512 ad
2893 458 3209 518 seditionem
3254 463 3505 533 populum
3550 464 3828 531 excitaret,
3860 475 4023 522 etiam

2414 548 2670 604 adversus
2704 550 3005 621 Synodum.

2488 640 2598 695 l0°.
2631 641 2783 708 Quod
2836 643 3096 712 gentiles,
3145 645 3235 715 qui
3288 647 3453 700 multa
3504 647 3641 700 mala
3698 645 4021 701 Christianis

2416 730 2724 797 intulerant,
2757 735 3101 804 suscepisset,
3135 745 3189 790 et
3213 735 3263 789 in
3289 734 3517 791 ecclesia
3560 737 3816 792 retineret
3858 748 4024 807 atque

2412 818 2740 875 defenderet.

2487 910 2600 964 ll'.
2646 911 2797 977 Quod
2831 912 3033 968 alienas
3079 914 3354 969 invaderet
3382 915 3703 985 provincias,
3736 926 3789 970 et
3817 917 4021 970 ibidetn

2412 1001 2697 1071 episcopos
2733 1002 3028 1058 ordinaret.

2486 1094 2597 1147 12⁸.
2631 1094 2783 1159 Quod
2814 1096 3096 1165 episcopos
3119 1097 3441 1153 contumelia
3477 1098 3734 1162 afficeret,
3762 1107 3817 1152 et
3855 1104 4014 1163 lustr

2409 1189 2595 1249 γάτους-
2624 1182 2779 1251 (Ηατ
2831 1201 2929 1239 eoa:
2979 1186 3153 1240 uitiata
3209 1188 3448 1260 videtur)
3497 1188 3711 1258 juberet
3762 1190 3955 1257 expelli
3990 1204 4022 1243 e

2410 1273 2571 1328 domo
2601 1290 2718 1329 sua.

2489 1367 2604 1422 15⁸.
2664 1368 2815 1435 Quod
2869 1371 3096 1427 clericos
3143 1372 3409 1430 inusitatis
3452 1374 3789 1429 contumeliis
3840 1374 4022 1429 allice-

2410 1469 2513 1516 ret.

2484 1554 2596 1608 Μ’.
2628 1554 2781 1621 Quod
2808 1554 3037 1609 aliorum
3066 1555 3308 1626 deposita
3346 1558 3395 1612 vi
3423 1569 3655 1628 raperet.

2484 1647 2597 1700 15°.
2630 1646 2783 1713 Quod
2812 1649 2928 1703 sine
2971 1660 3236 1704 conventu
3281 1661 3336 1705 et
3377 1661 3569 1721 prmter
3597 1652 3735 1708 Cleri
3765 1652 4020 1709 volunta-

2412 1744 2517 1795 tem
2550 1737 2913 1793 ordinationes
2938 1738 3156 1795 faceret.

2483 1828 2594 1885 l6”.
2633 1830 2784 1897 Quod
2830 1829 3160 1900 Origenistas
3208 1832 3509 1902 reciperet,
3553 1833 4019 1889 communicantes

2410 1936 2541 1976 vero
2583 1937 2704 1975 eum
2754 1921 3017 1987 Ecclesia,
3064 1923 3273 1977 etiamsi
3321 1922 3783 1978 commendatitias
3833 1925 4019 1978 literas

2410 2012 2687 2079 afferrent,
2723 2014 2773 2066 in
2817 2028 3091 2069 carcerem
3136 2015 3411 2083 eoujeetos
3453 2030 3556 2068 non
3608 2017 3862 2086 eriperet,
3907 2016 4019 2070 imo

2410 2102 2532 2158 illos
2578 2104 2632 2158 in
2660 2120 2877 2160 carcere
2920 2106 3211 2161 morientes
3241 2122 3346 2160 non
3380 2106 3651 2161 inviseret.

2482 2197 2595 2251 l7”.
2650 2197 2802 2264 Quod
2846 2198 3049 2254 alienos
3096 2213 3283 2253 servos
3335 2199 3570 2253 nondum
3615 2199 3971 2254 manumissos
3998 2240 4014 2265 ,

2410 2289 2518 2344 imo
2542 2290 2702 2344 etiam
2728 2300 3028 2356 accusatos,
3062 2292 3346 2361 episcopos
3376 2292 3695 2347 ordinasset.

2484 2381 2594 2436 18°.
2623 2380 2777 2446 Quod
2808 2382 2983 2451 ipsum
3002 2381 3258 2436 lsaacium
3278 2383 3417 2437 male
3444 2398 3585 2451 sche
3611 2384 3937 2437 mulctasset.

2482 2473 2716 2527 Primum
2746 2488 2874 2528 vero
2901 2483 3061 2543 caput
3085 2473 3152 2528 de
3179 2472 3386 2528 Joanne
3412 2473 3691 2539 Monacho,
3734 2475 3875 2543 quod
3901 2475 4015 2543 jam

2409 2575 2565 2620 antea
2599 2565 2958 2619 examinatum
2988 2564 3179 2632 fuerat,
3208 2565 3386 2621 denuo
3422 2576 3678 2620 excutere
3703 2566 4012 2621 noluerunt.

2408 2656 2511 2711 Sed
2554 2656 2622 2711 de
2649 2656 2887 2711 secundo
2916 2656 3059 2727 quod
3092 2672 3282 2726 nempe
3322 2656 3380 2711 S.
3410 2656 3738 2727 Epiphanius
3778 2673 3843 2711 eo
3869 2660 4016 2728 quod

2408 2748 2727 2819 Origenistis
2754 2749 2977 2817 faveret,
3024 2765 3145 2805 cum
3174 2752 3267 2805 illo
3309 2752 3705 2812 communicare
3731 2751 4016 2816 noluisset,

2409 2844 2758 2915 perquisitum
2810 2844 2938 2909 fuit;
2994 2845 3347 2914 similiterque
3394 2845 3460 2899 de
3504 2845 3752 2913 septimo,
3802 2844 3853 2898 iu
3906 2860 4020 2912 quo

2409 2946 2554 2993 certe
2585 2937 2718 2992 nihil
2740 2952 2769 2991 a
2801 2938 3100 2993 Christiana
3132 2938 3411 3008 disciplina
3456 2938 3686 2991 alienum
3714 2937 4020 3005 deprehen-

2409 3029 2574 3084 ditur.
2621 3030 2697 3085 De
2754 3031 2911 3085 tertio
2957 3040 3140 3099 postea
3182 3040 3359 3085 actum
3406 3029 3524 3096 fuit,
3573 3030 3636 3083 in-
3672 3044 3779 3099 quo
3823 3029 4021 3085 dicitur

2408 3120 2874 3192 (Zhrysostomum,
2900 3124 2987 3193 qui
3017 3124 3166 3178 solus
3193 3122 3435 3192 quotidie
3472 3122 3797 3185 eomederct.
3830 3121 4019 3191 ltOSpi-

2412 3212 2667 3267 talitatem
2698 3212 2975 3283 despicere
3006 3214 3320 3269 videretur:
3350 3223 3616 3283 testesque
3642 3214 3863 3268 adhibiti
3890 3225 4021 3269 sunt

2412 3302 2665 3358 Arsacias
2707 3303 3006 3375 presbyter,
3039 3305 3127 3373 qui
3162 3313 3344 3374 postea
3383 3304 3765 3375 Chrysostomo
3793 3319 4017 3359 succes-

2412 3392 2480 3446 sit
2533 3412 2545 3447 :
2595 3393 2833 3464 itemque
2891 3395 3098 3449 Atticus
3154 3403 3208 3450 et
3258 3394 3500 3465 Elpidius
3550 3395 3869 3466 presbyteri,
3923 3398 4019 3465 qui

2411 3485 2592 3538 nescio
2612 3485 2739 3554 quid
2768 3485 2891 3540 inde
2917 3486 3304 3541 eriminationis
3330 3502 3520 3542 eruere
3542 3495 3846 3557 potuerunt,
3871 3488 4020 3555 quod

2411 3590 2603 3645 nempe
2630 3578 2826 3645 prtesul
2858 3584 2965 3631 tam
3007 3577 3378 3647 frequentibus
3414 3578 3655 3647 corporis
3681 3577 4019 3646 mgritudini-

2409 3667 2508 3721 bus
2544 3668 2794 3722 laborans
2826 3668 2975 3722 solus
3001 3668 3325 3723 eomederct.
3361 3669 3462 3737 Ipsi
3491 3683 3700 3738 quoque
3728 3684 3848 3722 cum
3878 3672 4020 3724 Aea-

2409 3757 2493 3809 cio
2524 3758 2841 3829 presbytero
2867 3757 2936 3812 de
2966 3768 3156 3828 quarto
3184 3758 3615 3813 eriminationum
3645 3761 3837 3826 capite,
3867 3762 4020 3827 quod

2412 3864 2603 3917 nempe
2648 3848 2884 3904 Joannes
2928 3848 2979 3902 in
3036 3850 3261 3904 ecclesia
3310 3850 3559 3916 dixisset,
3606 3850 3842 3905 Mensam
3890 3867 4019 3908 esse

2412 3938 2672 3993 furiarum
2725 3939 2970 4007 plenam,
3019 3950 3183 3995 testes
3227 3939 3459 3995 fuerunt.
3504 3940 3791 4012 Postquam
3831 3954 4015 3998 autent

2412 4032 2527 4085 ha‘c
2555 4045 2775 4085 excussa
2811 4030 2977 4095 fuere,
3010 4031 3248 4100 prardicti
3280 4032 3597 4104 presbyteri,
3636 4043 3689 4087 et
3717 4048 3836 4089 cum
3880 4035 4014 4104 ipsis

2410 4123 2570 4175 etiam
2598 4121 2891 4177 Euda‘mon
2923 4131 2974 4175 et
3012 4121 3318 4191 Onesimus,
3351 4124 3670 4180 sententiam
3714 4126 4016 4182 accelerarl

2411 4213 2763 4280 postularunt.

2482 4305 2606 4359 llarc
2643 4316 2759 4359 acta
2791 4320 2820 4359 a
2852 4305 3043 4360 Pliotio
3068 4306 3224 4361 allata
3273 4316 3330 4361 ιιι
3358 4318 3605 4378 suspecta
3640 4308 3813 4379 rejieit
3841 4309 4001 4364 Baro.

2410 4399 2561 4463 nius;
2595 4415 2781 4453 verum
2808 4414 2838 4453 a
2869 4400 3209 4455 Tillemontio
3245 4402 3471 4472 aliisque
3511 4403 3640 4457 viris
3682 4402 4001 4457 doctissimit

2404 4489 2526 4559 jure
2573 4490 2894 4561 exploditur.
2947 4493 3077 4545 Acta
3125 4493 3267 4547 enim
3314 4493 3402 4547 illa
3446 4508 3535 4549 res
3585 4502 3641 4549 ut
3686 4509 3810 4549 vere
3841 4505 3997 4564 gesta

2409 4589 2534 4635 sunt
2560 4584 2857 4649 enuntiant,
2888 4592 3087 4637 etcum
3118 4583 3352 4638 Palladio
3378 4586 3430 4639 in
3461 4587 3708 4640 omnibus
3733 4586 3845 4641 fere
3872 4602 4011 4641 con-

2408 4674 2647 4729 sentiunt
2694 4691 2707 4727 :
2753 4675 2806 4728 in
2852 4675 3171 4745 quibusdam
3216 4676 3359 4730 enim
3411 4676 3570 4731 etiam
3622 4677 3840 4731 Palladzi
3892 4694 4010 4733 aevo

2408 4765 2550 4820 circa
2578 4779 2667 4820 res
2694 4773 2750 4820 et
2788 4775 2903 4821 acta
2950 4766 3193 4836 quaedam
3222 4768 3383 4821 varia:
3423 4776 3576 4822 erant
3618 4770 3917 4839 opiniones,
3951 4779 4012 4824 ut

2409 4858 2461 4913 in
2506 4858 2855 4929 sequentibus
2896 4859 3181 4915 videbitur.
3234 4862 3490 4916 Actorum
3539 4862 3700 4917 etiam
3744 4880 3772 4914 a
3816 4857 4013 4919 Photio

2408 4950 2803 5020 descripturum
2834 4951 3114 5008 veritatem
3161 4952 3355 5021 probat
3382 4954 3650 5008 accusatio
3681 4953 3768 5007 illa
3796 4956 4010 5024 quinta,

2407 5058 2511 5113 qua
2534 5042 2731 5097 dicitur
2764 5044 2817 5097 in
2846 5044 3105 5098 concione
3138 5043 3365 5113 quadam
3395 5043 3495 5098 hoc
3530 5045 3835 5114 protulisse.
3868 5047 4016 5101 insa-

2408 5136 2511 5189 nio.
2560 5138 2691 5200 Quzc
2719 5151 2823 5190 vox
2870 5134 3093 5190 habetur
3119 5135 3269 5189 initio
3296 5136 3589 5203 concionis,
3620 5151 3778 5205 quam
3825 5136 4014 5195 habuit

2412 5224 2652 5280 Eudoxia
2698 5228 2936 5297 Augusta
2983 5234 3267 5295 praesente,
3309 5242 3466 5296 quam
3506 5227 3824 5283 concionem
3867 5244 4012 5287 nunc

2410 5315 2640 5385 primum
2669 5316 2930 5372 edidimus
2956 5316 3018 5372 Τ.
3046 5316 3158 5372 ΧΙΙ.

2481 5408 2560 5464 Ex
2588 5409 2723 5464 actis
2751 5410 2879 5479 ipsis
2926 5419 3195 5465 mutuatus
3237 5409 3458 5465 Photius
3502 5409 3786 5481 episcopos
3831 5409 4013 5483 Syno-

2409 5500 2536 5557 dum
2566 5503 2709 5556 Illam
2739 5502 3127 5557 constituentes
3152 5501 3502 5574 quadraginta
3528 5503 3764 5575 quinque
3786 5521 4015 5563 numero

2409 5591 2576 5649 fuisse
2624 5594 2770 5649 dicit.
2824 5593 3021 5649 Verum
3070 5593 3205 5649 ﬁdes
3254 5596 3432 5666 potius
3488 5594 3728 5651 habenda
3774 5596 4017 5655 Palladio

2413 5681 2648 5754 (Pallad.
2678 5685 2872 5755 ΗΜΛ),
2907 5686 2994 5755 qui
3027 5686 3237 5757 triginta
3260 5700 3352 5742 sex
3381 5696 3583 5742 tantum
3606 5685 3772 5743 fuisse
3798 5702 4016 5743 asseve-

2417 5782 2534 5841 rat;
2568 5776 2636 5831 ita
2678 5785 2734 5830 ut
2778 5778 2946 5846 major
2990 5787 3113 5832 tunc
3157 5777 3531 5849 episcoporum
3580 5793 3835 5835 numerus
3885 5793 4015 5837 cum
