4276 6316
191 365 274 421 901
1383 357 1566 414 NUNC
1605 356 1868 413 PRIMUM
1911 358 2307 417 ADORNATA.

187 480 380 534 Joanne
415 485 560 533 esset
589 496 602 532 :
632 492 752 531 nam
799 474 1145 546 quadraginta
1190 486 1415 527 numero
1444 480 1598 526 erant
1636 486 1769 525 con-

186 568 408 639 gregati;
432 569 520 639 qui
550 569 810 623 adversus
825 565 1178 635 Theophilum
1206 562 1540 632 septuaginta
1563 560 1773 616 libellos

189 659 481 723 habebant,
535 659 804 727 manifesta
855 655 1060 727 piacula
1127 653 1463 709 continentes
1508 650 1769 721 (Pallad.

184 730 427 821 DiaIOg.).
461 748 603 803 Dum
638 748 711 802 illi
756 748 824 802 de
852 746 1012 801 rebus
1046 742 1421 800 ecclesiasticis
1468 755 1770 795 sermonem

164 830 461 904 baberent,
488 841 786 894 nuntiatum
814 847 898 892 est
921 836 1109 891 adesse
1133 835 1275 905 quia
1300 833 1597 902 Theophila
1624 833 1770 885 missi

185 939 383 995 essent,
433 946 624 1000 nempe
668 930 978 983 Dioscorum
1030 938 1084 981 et
1123 926 1369 988 Paulum,
1414 924 1502 995 qui
1548 939 1772 992 uupcre

186 1021 339 1093 Libya
366 1022 596 1076 ordinati
634 1022 859 1076 fuerant.
884 1020 1120 1075 Juvenes
1144 1018 1295 1088 jubet
1315 1018 1405 1073 ille
1432 1018 1649 1072 intrare.
1684 1017 1770 1070 ln-

184 1114 337 1183 gressi
357 1115 429 1168 illi
451 1114 734 1170 schedulas
758 1112 1053 1182 proferunt,
1070 1126 1203 1181 quas
1218 1110 1623 1165 voluitJoannes
1642 1111 1766 1180 legi.

184 1206 321 1259 Tunc
347 1205 534 1275 jnbent
574 1205 647 1259 illi
691 1204 971 1272 Theophili
1014 1217 1239 1272 puerum
1284 1190 1494 1270 legere;
1523 1200 1639 1255 bmc
1669 1216 1759 1254 au-

185 1306 279 1349 tem
308 1296 359 1349 in
386 1294 601 1350 schedis
631 1293 938 1349 ferebantur
968 1312 981 1347 :
1014 1293 1207 1347 Sancta
1238 1290 1479 1355 Synodus
1507 1291 1574 1343 ad
1606 1292 1771 1357 Quer-

182 1402 285 1437 cum
312 1396 635 1457 congregata.
666 1385 889 1440 Libellos
919 1384 1202 1453 accepimus
1246 1384 1510 1438 adversum
1552 1393 1617 1443 te,
1651 1383 1770 1450 inﬁ-

182 1478 276 1530 nita
311 1477 523 1530 crimina
558 1478 882 1531 continentes.
912 1476 1095 1529 Adesto
1119 1475 1292 1544 igitur,
1326 1483 1486 1527 tecum
1512 1474 1768 1527 adducens

184 1569 502 1639 Serapionem
545 1580 590 1623 ct
633 1566 859 1640 Tigrium
908 1567 1221 1638 presbyteros
1265 1583 1282 1620 :
1328 1568 1391 1621 iis
1453 1569 1584 1621 enim
1638 1584 1765 1635 opus

181 1670 259 1712 (Si.

241 1752 489 1814 Joannes,
522 1753 594 1805 uti
628 1768 785 1820 supra
818 1751 1049 1805 diximus
1075 1793 1090 1816 ,
1128 1766 1185 1805 se
1216 1761 1453 1819 paratum
1486 1764 1603 1805 csse
1636 1766 1763 1819 pro-

184 1841 337 1897 fessus
390 1842 565 1897 fuerat
610 1844 661 1897 in
714 1842 931 1914 Synodo
982 1842 1049 1896 ad
1099 1842 1366 1910 Quercum
1416 1857 1759 1910 comparere,

180 1934 454 1988 dummodo
474 1951 536 1988 ex
551 1933 789 2003 judic'um
812 1949 1036 1988 numero
1057 1933 1373 1988 tollerentur
1394 1933 1447 1995 ii,
1474 1933 1561 2002 qui
1581 1941 1763 2001 aperte

180 2024 360 2078 inimici
402 2024 486 2079 sui
520 2034 673 2079 erant
722 2042 735 2079 :
776 2039 968 2092 nempe
1008 2023 1359 2092 Theophilus,
1404 2023 1755 2088 Severianus,

179 2118 457 2173 Antiochus
508 2127 565 2173 et
611 2118 858 2173 Aeacius.
916 2116 1115 2172 Verum
1166 2116 1400 2186 episcopi
1458 2126 1584 2171 tunc
1637 2131 1757 2170 cum

179 2210 366 2266 Joanne
411 2212 859 2282 congregati,tres
902 2210 1181 2281 episcopos
1208 2209 1468 2264 miserunt
1492 2209 1555 2263 ad
1584 2209 1760 2263 Theo-

180 2304 383 2369 philum,
419 2317 613 2371 nempe
642 2301 982 2371 Lupicinum,
1018 2300 1343 2355 Demetrium
1373 2310 1426 2355 et
1455 2301 1752 2371 Eulysium,

178 2395 612 2465 presbyterosque
653 2394 821 2456 duos,
869 2392 1195 2447 Germanum
1242 2402 1402 2462 atque
1456 2390 1711 2447 Severum
1738 2434 1753 2455 ,

183 2484 307 2539 viros
331 2495 547 2539 sanctos
568 2493 622 2539 et
662 2485 765 2538 ﬁde
790 2485 1001 2554 dignos,
1031 2483 1120 2552 qui
1151 2484 1448 2553 Theophilo
1476 2483 1752 2537 dicerent:

180 2574 288 2628 Noli
315 2592 391 2629 res
421 2574 666 2629 Ecclesia:
692 2573 994 2637 subvertere,
1042 2589 1131 2627 nec
1182 2572 1459 2627 Ecclesiam
1488 2573 1715 2626 scindere
1737 2615 1752 2638 ,

178 2678 362 2735 propter
412 2684 567 2734 quam
618 2664 756 2718 Deus
804 2664 856 2717 in
903 2681 1107 2718 carnem
1160 2663 1436 2718 descendit.
1486 2661 1545 2717 Si
1588 2672 1755 2716 autem

178 2759 443 2812 inordinate
472 2756 715 2810 Nicwnos
760 2772 977 2810 canones
1019 2756 1260 2809 subvertis
1309 2764 1637 2808 trecentorum
1668 2753 1755 2807 de-

175 2864 265 2899 rem
290 2858 332 2901 et
356 2858 471 2901 octo
503 2848 874 2915 episcoporum,
905 2856 950 2897 et
980 2854 1122 2897 extra
1149 2844 1328 2897 limites
1357 2845 1491 2897 litem
1512 2838 1717 2913 j‘udicas
1737 2860 1755 2896 :

175 2938 262 3003 itm
292 2938 466 2991 melius
507 2936 682 3006 facito,
715 2935 875 2987 transi
915 2935 983 2986 ad
1012 2950 1101 2986 nos
1142 2934 1195 2986 in
1239 2932 1411 2986 urbem
1441 2934 1643 3001 optimis
1683 2934 1755 2985 le-

177 3030 304 3093 qibus
350 3034 641 3101 fundatam,
689 3043 779 3080 nec
818 3044 956 3080 more
1002 3026 1147 3080 Caini
1190 3026 1391 3079 Abelem
1431 3040 1664 3093 provoces
1703 3026 1755 3078 in

176 3137 423 3191 campum;
476 3131 531 3173 ut
581 3135 672 3172 nos
723 3128 770 3171 te
818 3118 1293 3188 priusjaudiamus.
1337 3116 1592 3170 Habemus
1623 3117 1755 3171 enim

174 3211 392 3265 adversus
444 3223 494 3264 te
546 3209 739 3264 libellos
805 3209 1124 3278 septuaginta
1180 3210 1402 3277 capitum
1475 3208 1752 3263 manifesta

177 3304 359 3367 piacula
389 3302 700 3355 continentes
745 3316 761 3353 :
804 3310 849 3353 et
880 3300 1046 3369 plures
1075 3316 1265 3358 sumus,
1294 3315 1444 3362 quam
1488 3307 1572 3352 tua
1594 3316 1751 3370 syno-

176 3395 272 3455 «ἕως,
298 3391 387 3445 Dei
410 3391 578 3462 gratia
595 3390 901 3460 congregati,
939 3405 1038 3442 non
1069 3388 1137 3441 ad
1162 3389 1463 3443 eversionem
1490 3388 1750 3455 Ecclesitc,

175 3484 248 3534 sud
271 3485 333 3535 ad
375 3499 554 3554 pacem
583 3482 882 3535 curandam.
920 3480 995 3534 Tu
1023 3482 1156 3534 enim
1188 3482 1466 3535 tricesimus
1490 3492 1662 3537 sextus
1701 3500 1752 3536 es

176 3591 227 3626 es
253 3577 392 3628 unica
439 3575 741 3645 provincia;
766 3590 857 3627 nos
894 3590 1007 3627 vero
1051 3590 1224 3627 sumus
1254 3574 1593 3644 quadraginta
1618 3591 1645 3628 e
1674 3575 1752 3627 di-

178 3667 307 3720 versis
329 3667 622 3736 provinciis,
645 3666 775 3719 inter
798 3681 923 3734 quos
967 3681 1142 3718 sumus
1165 3666 1322 3718 etiam
1341 3676 1528 3735 septem
1567 3677 1752 3720 metro-

180 3758 343 3821 polita'.
374 3756 441 3811 Et
466 3767 857 3810 consentaneum
885 3763 974 3821 est,
998 3765 1054 3807 ut
1073 3756 1236 3808 minor
1259 3772 1495 3810 numerus
1515 3773 1546 3809 a
1568 3759 1752 3827 majori

178 3856 306 3915 atque
348 3848 533 3917 potiori
572 3846 846 3900 secundum
902 3862 1118 3899 canones
1168 3847 1449 3916 jttdicetur.
1496 3846 1751 3903 Habemus

178 3939 289 3991 enim
316 3949 358 3992 et
383 3939 649 4008 epistolam
680 3948 837 4002 tuam,
880 3954 968 4007 per
1000 3953 1155 4006 quam
1200 3954 1369 3992 mones
1401 3940 1751 4009 coepiscopum

180 4038 377 4083 nostrum
415 4029 713 4095 Joannem,
743 4030 1111 4082 accusationem
1150 4040 1290 4083 extra
1328 4031 1512 4084 limites
1535 4048 1635 4085 non
1666 4034 1751 4085 de-

181 4122 274 4174 bere
298 4123 515 4175 admitti.
553 4121 719 4187 Unde,
749 4121 1093 4176 ecclesiasticis
1115 4123 1302 4193 legibus
1339 4123 1629 4193 obsequens,
1662 4142 1747 4178 ac-

180 4223 404 4270 cusatores
426 4227 541 4269 tuos
564 4232 788 4285 precare,
815 4224 868 4268 ut
909 4216 984 4269 vel
1005 4217 1067 4269 ab
1089 4217 1374 4270 accusando
1397 4226 1442 4271 te
1473 4218 1714 4271 desistant
1733 4262 1745 4281 ,

182 4308 242 4358 ad
261 4323 315 4360 ne
340 4316 611 4375 provocent
637 4317 683 4360 te
705 4316 755 4360 ut
775 4307 843 4359 ad
864 4305 1118 4361 Joannem
1140 4308 1368 4362 accedas.
1398 4309 1512 4361 Alia
1540 4325 1750 4379 quoque

183 4397 251 4450 his
274 4400 601 4469 adjecerunt,
632 4414 751 4468 quae
782 4398 849 4452 ab
877 4399 1066 4454 eodem
1097 4399 1331 4454 Palladio
1355 4401 1675 4454 referuntur.

237 4492 314 4543 Ait
360 4506 491 4547 vero
533 4490 948 4563 Cbrysostomus
986 4492 1038 4545 in
1089 4492 1326 4561 Epistula
1367 4510 1459 4549 sua
1492 4496 1555 4549 ad
1588 4496 1748 4550 lnnn-

180 4583 384 4637 crntium
426 4584 627 4653 Papam
645 4626 659 4649 ,
679 4587 742 4641 T.
760 4586 813 4641 5.
830 4600 879 4640 c.
896 4586 992 4641 551
1008 4628 1018 4640 .
1037 4586 1071 4642 l.
1087 4584 1177 4651 2'3,
1201 4583 1562 4654 Theophilum
1581 4587 1747 4641 advo-

182 4680 359 4734 cavisse
410 4677 847 4733 archidiaconum
907 4676 1592 4749 Constanttnopolitanum,
1658 4682 1747 4751 qui

183 4769 300 4825 laud
347 4769 508 4826 dubie
538 4769 777 4839 partibus
821 4769 933 4824 suis
952 4768 1224 4837 haerebat;
1269 4780 1429 4842 atque
1468 4774 1583 4843 ejus
1623 4789 1752 4842 ope-

181 4872 227 4911 ra
265 4860 470 4917 Clarum
517 4876 732 4917 omnem
773 4861 873 4917 sibi
914 4861 1239 4932 adjunxisse.
1284 4863 1399 4917 Jam
1436 4866 1577 4919 enim
1616 4866 1751 4919 vidi-

183 4965 282 5008 mus
316 4954 526 5010 Clernm
567 4954 1215 5023 Constantinopolitanum
1240 4996 1253 5020 ,
1287 4956 1437 5023 cujus
1464 4956 1750 5011 dissolutos

184 5061 336 5103 mores
364 5049 663 5104 incessebat
685 5046 1098 5117 Chrysostomus
1118 5088 1133 5113 ,
1163 5046 1411 5101 infestum
1439 5048 1536 5117 ipsi
1562 5048 1743 5103 fuisse.

240 5138 459 5196 Joannes
478 5154 631 5205 vero,
655 5147 933 5209 postquam
961 5137 1208 5210 Synodus
1235 5139 1353 5194 haec
1372 5140 1743 5209 responderat,

184 5228 226 5279 in
255 5230 407 5299 prima
427 5231 535 5298 jam
562 5245 656 5284 sua
684 5229 1052 5301 responsione,
1082 5229 1151 5285 de
1174 5244 1276 5298 qua
1306 5231 1555 5300 superius
1575 5275 1589 5297 ,
1614 5234 1743 5287 insi-

184 5328 328 5380 stens.
354 5322 469 5378 inec
493 5321 635 5377 datis
664 5321 834 5375 literis
863 5319 1172 5390 respondit,
1201 5336 1260 5376 se
1290 5323 1341 5375 in
1386 5324 1575 5392 quovis
1606 5326 1745 5387 loco,

185 5411 267 5462 risi
292 5412 338 5465 id
364 5412 413 5465 iu
440 5413 655 5467 civitate
685 5410 797 5466 lleri
824 5409 1078 5481 oportu'it,
1104 5418 1344 5480 paratum
1373 5428 1492 5468 esse
1514 5414 1577 5467 ad
1602 5415 1745 5483 judi-

188 5498 305 5553 rium
330 5502 684 5566 subeundum,
711 5501 1000 5556 dummodo
1021 5501 1330 5556 manifestos
1354 5504 1596 5561 inimicos
1621 5522 1748 5561 suos

189 5604 240 5643 ex
265 5601 518 5648 conventu
550 5608 646 5649 suo
675 5594 952 5662 ejicerent,
983 5609 1177 5664 nempe
1202 5593 1584 5665 Theophilum,
1612 5601 1748 5652 Aca-

190 5680 306 5734 cium
324 5724 337 5742 ,
364 5684 707 5739 Severianum
735 5693 789 5740 et
816 5685 1137 5740 Antiochum
1161 5727 1175 5749 ,
1205 5700 1338 5754 quos
1361 5688 1528 5756 aperti
1556 5688 1662 5743 odii
1695 5700 1747 5744 et

191 5767 446 5832 inimicitiae
467 5778 613 5849 signa
641 5778 850 5833 dedisse
880 5779 1131 5848 probabat
1151 5796 1165 5845 ;
1183 5778 1461 5834 declarans
1483 5797 1539 5836 se
1556 5783 1744 5835 ctiam-

3369 366 3478 419 2&1

1883 472 1935 524 si
1971 471 2151 528 decies
2181 474 2377 530 millies
2421 476 2684 546 miserint,
2718 478 2903 534 eadem
2934 494 3149 550 semper
3179 495 3472 550 responsu-

1882 578 1999 615 rum
2025 578 2166 618 esse.

1955 655 2067 711 Illis
2095 667 2271 712 autem
2295 660 2383 728 qui
2412 662 2758 717 mittebantur
2783 664 3037 734 egressis,
3063 666 3206 721 venit
3226 665 3479 723 Notarius

1880 743 2085 800 habens
2106 748 2426 817 rescriptum
2456 747 2829 820 Imperatoris,
2859 755 2942 807 cui
2976 754 3176 810 inserta
3207 767 3322 810 erat
3352 772 3478 826 sup-

1879 835 2092 902 plieatio
2129 839 2499 908 episcoporum
2542 843 2840 910 petentium
2880 854 2938 898 ut
2973 845 3209 902 Joannes
3241 847 3307 902 ad
3334 847 3477 916 judi-

1877 925 2016 978 cium
2061 926 2257 982 iuvitus
2300 929 2600 997 sisteretur,
2648 932 2905 1004 illumque
2938 934 3190 991 Notarius
3227 939 3294 992 ad
3330 939 3476 1008 judi-

1877 1018 2017 1072 cium
2051 1020 2272 1089 urgebat
2301 1038 2314 1073 :
2349 1021 2463 1089 ipse
2490 1037 2618 1077 vero
2644 1024 2830 1079 eadem
2868 1026 2980 1094 ipsa
3021 1044 3139 1097 qua:
3173 1044 3333 1098 supra
3356 1027 3473 1099 ⁸Νο-

1878 1113 2013 1165 tario
2044 1113 2337 1181 respondit.
2363 1114 2599 1171 Subinde
2620 1126 2798 1173 autem
2821 1159 2834 1181 ,
2864 1134 2963 1173 nec
2991 1134 3137 1174 mora
3159 1161 3176 1186 ,
3207 1131 3473 1177 venerunt

1875 1202 1981 1257 duo
2012 1204 2305 1274 presbyteri
2343 1205 2565 1262 Joannis
2585 1250 2599 1272 ,
2641 1209 2913 1279 Eugenius
2935 1251 2950 1274 ,
2988 1211 3076 1280 qui
3106 1212 3469 1281 episcopatum

1876 1292 2145 1348 Heraclea:
2183 1296 2234 1348 in
2265 1297 2677 1365 conspirationis
2715 1300 3019 1354 mercedem
3056 1311 3375 1371 acceperat,
3410 1313 3464 1357 et

1873 1384 2105 1441 lsaaeius
2131 1388 2452 1451 Monachus,
2480 1405 2584 1443 non
2615 1392 2851 1446 melioris
2878 1404 3019 1447 notae
3050 1394 3210 1449 homo
3230 1436 3243 1460 ,
3273 1394 3338 1449 ad
3371 1393 3468 1466 Sy-

1874 1478 2069 1532 nodum
2097 1479 2240 1533 illum
2267 1481 2654 1550 compellantes
2678 1525 2693 1550 ,
2726 1494 2782 1538 ut
2810 1484 3014 1555 objecta
3045 1487 3268 1540 crimina
3295 1487 3466 1543 diluc-

1874 1577 1974 1623 ret.
2010 1569 2101 1623 llis
2126 1572 2401 1640 respondit
2429 1574 2665 1629 Joannes
2694 1591 2785 1646 per
2812 1578 3091 1647 episcopos
3119 1580 3169 1632 iu
3191 1577 3464 1650 Synodum

1870 1660 1935 1712 ad
1967 1660 2230 1727 Quercum
2267 1664 2480 1719 missos.
2516 1666 2928 1737 Proximumque
2972 1670 3084 1724 fore
3124 1671 3372 1739 videbat,
3406 1684 3461 1728 ut

1871 1752 1921 1804 in
1953 1761 2058 1805 tam
2086 1753 2372 1810 damnabili
2404 1765 2543 1812 cmtu
2574 1758 2686 1828 ipse
2714 1760 2961 1816 innoxius
2994 1762 3148 1828 licet,
3180 1779 3337 1819 causa
3366 1780 3461 1820 ca-

1870 1841 2039 1896 deret.

1941 1934 2018 1988 illi
2046 1950 2173 1990 vero
2202 1938 2438 2008 episcOpi
2465 1941 2531 1995 ad
2568 1941 2841 2014 Synodum
2874 1946 3019 2000 missi
3047 1990 3060 2011 ,
3095 1949 3328 2018 pessime
3362 1966 3459 2005 es-

1866 2027 2005 2094 ccpti
2036 2025 2217 2093 fuere;
2252 2030 2411 2085 alium
2439 2034 2581 2088 enim
2613 2037 2925 2092 verberibus
2956 2038 3248 2096 aliecernut
3271 2083 3285 2108 ,
3324 2043 3459 2099 alte-

1866 2116 1978 2171 rius
2007 2128 2181 2173 vestes
2207 2119 2631 2191 discerpserunt,
2657 2125 2806 2181 alteri
2831 2138 3048 2183 catenas
3078 2130 3280 2187 ferreas
3318 2134 3459 2189 collo

1864 2206 2297 2279 circumposuere
2322 2252 2336 2275 ,
2364 2227 2495 2281 quas
2532 2224 2717 2269 sancto
2762 2215 2954 2271 Joauni
3000 2229 3356 2289 paraverant,
3403 2232 3460 2276 ut

1865 2299 1942 2353 sic
1972 2301 2249 2369 conjectus
2283 2302 2333 2356 in
2365 2305 2662 2359 naviculam
2703 2308 2753 2360 iu
2801 2308 3035 2377 ignotum
3072 2310 3244 2364 locum
3276 2314 3461 2365 aman-

1862 2392 2101 2458 daretur,
2132 2393 2375 2449 daemone
2405 2396 2544 2460 illos,
2571 2397 2737 2467 inquit
2767 2398 3055 2466 Palladius,
3085 2403 3245 2455 veluti
3276 2402 3457 2459 leoucs

1860 2481 2134 2537 afferente.
2165 2483 2389 2549 Quidam
2416 2500 2547 2540 vero
2585 2502 2650 2542 ex
2695 2488 2759 2542 iis
2782 2491 2869 2559 qui
2909 2490 3055 2544 missi
3090 2490 3303 2545 fuerant
3332 2507 3455 2561 per-

1862 2572 2033 2626 territi
2076 2572 2142 2626 ad
2196 2573 2456 2628 Joannem
2505 2592 2609 2630 non
2647 2587 2988 2633 reverterunt
3029 2581 3046 2648 (
3081 2579 3286 2634 Sozam.
3330 2583 3367 2635 l.
3398 2583 3451 2637 8.

1860 2677 1905 2713 c.
1938 2660 2027 2733 l7)
2054 2680 2067 2716 :
2097 2662 2397 2717 Demetrius
2420 2673 2619 2730 autem,
2652 2677 2706 2721 et
2732 2668 3053 2739 quicumque
3077 2669 3300 2725 Joannis
3325 2686 3456 2726 cou-

1860 2754 2082 2808 sortium
2105 2755 2309 2809 cunctis
2336 2754 2493 2809 rebus
2511 2758 2924 2826 anteponebant,
2952 2760 3018 2813 ad
3040 2760 3188 2813 illum
3220 2762 3451 2817 rediere.

1860 2845 2065 2899 Eodem
2115 2846 2201 2900 die
2236 2863 2412 2900 cursor
2453 2857 2497 2901 et
2535 2850 2760 2903 notarius
2784 2892 2798 2914 ,
2836 2867 2899 2905 ex
2943 2850 3144 2905 Palatio
3172 2853 3451 2908 venientes

1860 2936 2118 2991 Joannem
2162 2939 2418 3008 urgebant
2456 2949 2514 2993 ut
2556 2940 2620 2993 ad
2659 2941 2938 3010 episcopos
2978 2942 3260 2997 accederet
3291 2962 3303 2997 :
3334 2945 3453 3000 illos

1858 3041 1988 3080 vero
2008 3028 2199 3081 hortati
2221 3038 2363 3092 sunt,
2383 3036 2440 3083 ut
2457 3029 2715 3098 judicium
2744 3032 3124 3087 accelerareut.
3152 3034 3274 3088 lltnc
3293 3051 3453 3103 porro

1860 3118 2037 3171 omnia
2063 3158 2077 3180 ,
2119 3126 2177 3172 ut
2216 3118 2435 3173 credere
2464 3128 2581 3186 est,
2618 3121 2938 3175 moliebatur
2979 3122 3215 3177 Eudoxio
3255 3123 3451 3181 Joanni

1861 3217 2045 3262 nostro
2075 3208 2299 3263 infensa.

1930 3297 2315 3369 Cltrysostomus
2331 3300 2381 3354 in
2406 3300 2617 3371 Synodo
2645 3303 2712 3356 ad
2737 3302 2985 3368 Quercum
3010 3306 3282 3360 damnatur
3301 3316 3345 3360 et
3366 3309 3454 3362 de-

1859 3392 2083 3462 ponitur.
2115 3423 2185 3433 —
2208 3393 2343 3447 Aliis
2369 3409 2500 3448 vero
2522 3395 2874 3463 instantibus,
2902 3397 3096 3451 Paulus
3137 3398 3450 3454 Heracleota

1859 3485 2060 3553 primus
2100 3491 2288 3539 omnes
2324 3488 2642 3541 sententiam
2683 3489 2861 3544 dicere
2896 3490 3119 3560 rogavit.
3164 3491 3452 3547 Statutum-

1857 3591 1961 3645 que
1994 3575 2087 3630 fuit
2113 3576 2370 3631 Joannem
2399 3592 2427 3630 a
2454 3578 2581 3632 sede
2611 3580 2918 3647 pellendum
2950 3596 3069 3635 esse
3099 3600 3111 3634 :
3140 3599 3300 3652 quam
3327 3598 3452 3638 seu-

1859 3668 2078 3722 tentiam
2118 3669 2333 3737 protulit
2370 3668 2688 3740 Gymnasius
2725 3673 3043 3742 episcopus,
3070 3683 3123 3729 et
3149 3686 3453 3745 postremus

1858 3761 2208 3831 Theophilus.
2236 3760 2445 3837 Omnes
2470 3770 2644 3817 autem
2680 3764 2913 3833 episc0pi
2960 3781 3186 3819 numero
3222 3767 3451 3837 quadra-

1855 3852 1999 3921 ginta
2026 3852 2257 3921 quinque
2281 3859 2434 3906 erant
2452 3892 2467 3916 ,
2500 3852 2543 3906 si
2567 3851 2698 3907 lides
2727 3854 2796 3908 sit
2824 3855 2957 3909 actis
2985 3869 3013 3908 a
3040 3855 3230 3910 Pbotio
3252 3858 3447 3913 allatis.

1858 3944 1983 3996 lltec
2013 3957 2173 4012 porro
2214 3950 2331 3996 acta
2372 3940 2559 4011 rejeeit
2589 3943 2849 3997 Baronius
2873 3986 2886 4007 ,
2920 3947 3007 4014 qui
3051 3961 3080 3999 a
3111 3946 3282 4001 doctis
3320 3950 3450 4005 viris

1850 4034 1973 4102 jure
2017 4033 2339 4102 exploditur.
2385 4032 2517 4096 Nam
2556 4042 2671 4088 acta
2704 4035 2793 4089 illa
2822 4051 2949 4090 vera
2976 4051 3096 4091 esse
3125 4048 3309 4106 putant
3335 4049 3447 4095 tum

1856 4127 1942 4178 alii
1975 4125 2115 4179 docti
2139 4126 2259 4189 viri,
2287 4137 2395 4179 tum
2433 4126 2811 4196 sagacissimus
2839 4127 3229 4184 Tillemontius.
3260 4130 3451 4186 Crimi-

1856 4218 2100 4272 nationes
2143 4231 2308 4286 porro
2347 4217 2463 4271 illas
2487 4258 2502 4283 ,
2542 4217 2627 4272 vel
2669 4218 2883 4284 nullas,-
2917 4219 2997 4273 vel
3027 4229 3336 4287 contortas,
3363 4224 3447 4278 vel

1855 4309 2074 4363 omnino
2101 4308 2257 4365 falsas
2280 4325 2400 4365 esse
2426 4318 2614 4379 putant
2642 4318 2749 4363 tum
2781 4310 3021 4377 Phatius,
3049 4322 3157 4366 tum
3185 4324 3449 4385 quotquot

1856 4401 1967 4455 \‘Cl‘l
2014 4417 2197 4456 amore
2240 4410 2511 4456 tenentur.
2540 4394 2597 4455 in
2627 4400 2985 4456 damnationis
3015 4419 3143 4457 νει-ο
3181 4411 3445 4461 sententia

1857 4497 1988 4550 nihil
2018 4495 2157 4550 aliud
2191 4494 2475 4559 ferebatur,
2508 4508 2666 4564 quam
2698 4494 2840 4564 quod
2877 4496 2927 4549 in
2959 4494 3177 4567 Synodo
3217 4512 3436 4569 compa-

1858 4605 1978 4644 rere
2008 4587 2288 4645 noluisset.

1929 4682 2119 4736 Postea
2166 4680 2391 4735 mittitur
2416 4678 2482 4734 ad
2527 4676 2743 4735 Clerum
2786 4679 3442 4750 Constantinopolitanum

1857 4771 2080 4841 epistola
2111 4769 2307 4841 (Phot.
2336 4768 2462 4824 Cod.
2495 4786 2584 4825 ιιι
2609 4768 2649 4835 ),
2679 4784 2780 4839 qua
2810 4769 3156 4825 nuntiabatur
3180 4770 3441 4827 Joannem

1858 4880 1884 4915 a
1914 4861 2043 4917 sede
2074 4862 2343 4931 dejeetnm
2375 4860 2539 4916 fuisse
2560 4903 2574 4929 ,
2603 4861 2937 4931 idipsumque
2964 4861 3273 4931 imperatori
3304 4880 3443 4918 nun-

1859 4955 2057 5007 tiatur:
2090 4953 2385 5007 addebatur
2420 4954 2582 5009 etiam
2607 4953 2754 5008 illum
2797 4954 2937 5008 lzesa:
2968 4954 3263 5025 majestatls
3292 4971 3442 5011 reum

1857 5045 2138 5099 declarari.
2174 5045 2499 5098 Hortabatur
2524 5054 2701 5100 autem
2738 5044 3121 5114 Imperatorem
3156 5046 3439 5117 Synodus,

1857 5148 1913 5193 ut
1936 5139 2147 5207 juberet
2173 5138 2318 5192 illum
2344 5137 2488 5207 ejiei,
2522 5147 2575 5192 et
2603 5152 2788 5207 pmnas
2809 5139 2950 5193 ltesaa
2975 5138 3267 5209 majestatis
3292 5140 3439 5194 dare.

1856 5230 2061 5285 Lcrsam
2090 5239 2267 5285 autem
2300 5230 2633 5300 majestatem
2662 5230 2911 5286 dicebant
2950 5230 3091 5300 quod
3135 5231 3442 5302 lmperatri-

1854 5340 1969 5380 cem
2010 5323 2311 5379 Jezabelem
2359 5324 2682 5393 appellasset
2737 5341 2749 5377 :
2790 5322 2857 5377 ad
2918 5323 3032 5379 haec
3070 5323 3232 5379 oblati
3278 5324 3442 5380 libelli

1854 5431 1975 5471 sunt
2002 5432 2028 5467 a
2058 5414 2336 5478 Gerontio,
2366 5415 2587 5471 Paulino
2613 5426 2666 5472 et
2689 5416 3079 5486 Eugnomonio,
3102 5417 3193 5487 qui
3216 5432 3277 5472 se
3306 5417 3445 5485 inju-

1853 5519 1933 5563 ste
1959 5524 1987 5561 a
2018 5507 2223 5562 Joanne
2261 5508 2567 5576 episcopatu
2611 5508 2795 5577 pulsos
2834 5508 3212 5576 querebantur.
3243 5507 3442 5563 Verum

1851 5601 1943 5670 qui
1973 5600 2280 5669 episcopatu
2310 5599 2378 5653 ab
2408 5614 2473 5654 eo
2503 5596 2656 5667 ejeéti
2691 5599 2919 5663 fuerant,
2953 5602 3165 5656 nonnisi
3206 5610 3327 5670 post
3353 5614 3443 5655 see

1852 5696 2085 5752 cundum
2126 5695 2374 5750 exsilium
2416 5693 2531 5763 ejus
2557 5694 2784 5747 restituti
2821 5705 2986 5759 sunt,
3016 5704 3151 5750 teste
3184 5693 3439 5749 Palladio.

1856 5786 1984 5839 l‘ust
2011 5785 2126 5839 hare
2155 5794 2330 5838 autem
2344 5783 2678 5853 ‘l‘heophilus
2698 5798 2818 5837 cum
2846 5784 3120 5839 Fratribus
3149 5785 3339 5853 Longis
3367 5785 3431 5838 la,
