4276 6316
866 348 967 402 203

864 460 1057 514 citlime
1083 454 1453 510 reconeiiiatus
1478 461 1595 516 est;
1623 456 1763 503 tanta
1789 446 1928 500 enim
1953 442 2259 499 eliminandi
2284 441 2442 495 Joan-

866 552 945 604 nis
972 545 1219 616 cupidine
1260 544 1567 607 tenebatur,
1608 548 1665 595 ut
1696 546 1884 594 caetera
1926 537 2104 591 omnia
2138 548 2319 604 parum
2350 548 2440 587 cu.

863 648 1021 694 fﬂl'L‘l.

934 727 1195 783 Arcadius
1235 726 1448 798 Synodo
1487 721 1761 789 rescripsit
1800 730 1853 775 et
1894 718 2112 774 Joannis
2152 714 2440 784 depositio-

863 835 981 875 nem
1015 819 1349 873 confirmavit
1380 814 1575 887 (Phot.
1609 828 1691 867 ιιι
1716 853 1729 877 ,
1756 828 1820 865 ιι
1844 810 1882 879 ).
1909 810 2101 863 Verum
2132 806 2271 876 quod
2300 806 2437 857 lmsre

860 910 1151 978 majestatis
1178 910 1377 962 crimen
1407 912 1630 973 spectat,
1663 917 1766 955 nou
1792 898 2081 954 attcndisse
2111 898 2313 950 videtur
2338 896 2437 947 im—

860 1010 1103 1069 pcrator;
1160 997 1286 1063 sed,
1320 997 1487 1066 inquit
1535 993 1793 1049 Palladius
1849 994 1865 1059 (
1898 990 2104 1045 Pallad.
2144 988 2347 1059 Dialog.
2382 988 2433 1058 ),

861 1092 999 1145 Deus
1036 1106 1129 1145 eor
1164 1090 1277 1159 ejus
1309 1088 1563 1142 emollivit
1594 1125 1609 1151 ,
1654 1093 1711 1139 ut
1746 1100 1839 1139 cor
1864 1084 2075 1137 leonum
2109 1084 2437 1137 emolliverat

857 1198 979 1249 erga
1012 1179 1299 1233 Danielem.
1344 1179 1469 1233 Haec
1496 1178 1715 1232 Joannis
1742 1175 2001 1244 depositio
2033 1175 2129 1227 sub
2162 1189 2434 1243 vesperam

856 1274 1089 1327 nuntiata
1131 1272 1299 1325 fuerat
1324 1288 1337 1324 :
1366 1286 1470 1341 quo
1510 1278 1778 1337 comperto
1816 1267 2039 1337 populus
2076 1266 2140 1319 ad
2181 1266 2431 1335 gravissi-

856 1381 995 1419 mam
1038 1365 1350 1419 seditionem
1391 1364 1646 1417 excitatus
1675 1370 1751 1413 est
1788 1377 1800 1412 :
1836 1369 2046 1430 totaque
2086 1367 2240 1412 nocte
2270 1373 2431 1412 etcu-

854 1457 1037 1510 bantes
1066 1497 1079 1519 ,
1124 1470 1244 1508 cum
1273 1454 1339 1506 ab
1358 1452 1584 1508 ecclesia
1614 1450 1801 1505 adduci
1834 1464 1936 1502 non
1970 1450 2106 1517 passi
2140 1457 2304 1512 sunt,
2337 1450 2429 1501 sed

852 1561 1061 1599 causam
1088 1545 1201 1613 ejus
1230 1546 1279 1598 in
1309 1544 1507 1613 majore
1527 1542 1753 1597 concilio
1773 1540 2161 1609 dijudicandam
2186 1556 2303 1596 esse
2326 1541 2432 1594 cla-

853 1638 1083 1691 mabant.
1114 1636 1181 1689 Et
1205 1650 1326 1689 cura
1354 1643 1598 1704 urgerent
1626 1635 1693 1701 ii,
1725 1633 1913 1703 quibus
1940 1632 1989 1686 id
2016 1632 2081 1685 ab
2110 1633 2431 1702 imperatore

852 1725 1155 1779 mandatum
1194 1724 1384 1787 fuerat,
1409 1736 1464 1778 ut
1486 1739 1605 1779 eum
1634 1724 1685 1778 in
1708 1724 1953 1779 exsilium
1987 1722 2327 1785 abducerent,
2356 1723 2431 1777 illi

854 1815 1264 1870 reiuctabantur.

922 1906 1307 1977 C/trysostomus
1344 1907 1396 1959 in
1438 1906 1667 1961 exsilium
1709 1904 1927 1960 ducitur.
1958 1935 2027 1947 -——
2052 1904 2235 1975 Neque
2261 1905 2429 1974 jussui

857 1998 1195 2067 imperatoris
1225 1996 1323 2051 sibi
1351 1997 1527 2051 statim
1555 1994 1994 2067 acquieseendum
2036 1996 2240 2065 putavit
2264 1994 2432 2066 Chry~

849 2096 1116 2143 sostomus
1145 2087 1162 2159 (
1187 2085 1500 2157 Chrysole.
1531 2085 1584 2140 ὅ.
1614 2105 1661 2143 c.
1689 2084 1851 2154 ιδης
1890 2084 2104 2141 nonnisi
2148 2084 2290 2142 enim
2314 2094 2431 2153 post

852 2180 1067 2233 biduum
1098 2193 1156 2233 se
1184 2179 1245 2233 iis
1276 2177 1484 2231 tradidit
1510 2218 1523 2241 ,
1562 2177 1655 2247 qui
1697 2192 1756 2232 se
1797 2177 1851 2233 in
1877 2178 2120 2233 exsilium
2149 2178 2428 2249 deportare

850 2268 1120 2325 curabant.
1152 2266 1445 2323 Excubanti
1473 2277 1649 2323 autem
1678 2277 1732 2323 et
1752 2282 1810 2324 se
1834 2269 1963 2323 tueri
1993 2271 2205 2324 conanti
2237 2271 2427 2340 populo

849 2360 1138 2413 orationem
1166 2358 1365 2424 habuit,
1389 2359 1441 2412 in
1462 2373 1564 2428 qua
1585 2358 1774 2412 mirum
1800 2367 2047 2428 quantam
2070 2361 2233 2414 animi
2261 2360 2426 2415 ﬁrmi-

850 2457 1008 2503 tatem
1034 2448 1301 2513 exhibeat,
1329 2463 1426 2503 nec
1453 2457 1677 2503 mortem
1712 2464 1771 2503 se
1797 2458 2034 2503 metuere
2058 2449 2179 2503 dicit
2217 2468 2229 2503 :
2261 2467 2429 2521 popu-

849 2539 1061 2607 lmuque
1087 2538 1325 2591 hortatur
1346 2538 1409 2592 ad
1434 2538 1736 2607 patientiam
1767 2540 1815 2591 in
1843 2538 2083 2593 adversis
2106 2558 2119 2591 :
2139 2540 2425 2608 hostesque

849 2643 973 2680 suos
1000 2628 1206 2681 mordet
1231 2628 1440 2681 acriter.
1466 2626 1586 2680 Non
1607 2629 1760 2693 enim,
1786 2628 1971 2697 inquit,
1998 2638 2201 2697 propter
2226 2630 2425 2683 divitias

849 2717 1022 2769 mundi
1056 2717 1263 2771 insidias
1290 2718 1451 2787 patior
1480 2734 1497 2769 :
1522 2718 1657 2785 quod
1676 2718 1721 2771 si
1744 2728 1900 2785 esset,
1934 2720 2103 2787 utique
2138 2721 2424 2774 contrirtari

848 2808 1069 2860 deberent
1094 2823 1112 2861 :
1140 2825 1227 2861 nec
1252 2808 1674 2879 prapteraliquod
1698 2819 1969 2876 peccatum,
1996 2810 2083 2861 sed
2104 2821 2305 2879 propter
2330 2828 2420 2864 ca-

846 2901 1042 2953 ritatem
1069 2940 1081 2963 ,
1110 2914 1258 2968 quant
1296 2915 1412 2967 erga
1450 2914 1535 2951 vos
1560 2899 1714 2951 ltabeo
1744 2915 1763 2951 :
1791 2900 1905 2967 quia
1937 2900 2107 2954 omnia
2132 2917 2229 2970 ago
2255 2911 2307 2953 ut
2336 2918 2422 2957 cos

846 2989 1118 3057 proficiatis
1137 3030 1150 3052 ,
1178 3001 1220 3042 et
1247 3006 1307 3042 ne
1330 2991 1437 3058 quis
1462 2990 1767 3043 subintroeat
1797 2990 1863 3042 ad
1884 2992 2282 3044 conturbandnm
2304 3010 2420 3062 gre-

843 3096 952 3149 gem
974 3080 1093 3132 bene
1112 3080 1407 3144 institutum,
1432 3081 1519 3133 sed
1549 3088 1602 3133 ut
1637 3082 1971 3150 perntaneatis
2010 3081 2063 3135 in
2102 3083 2420 3151 simplicitate

844 3168 979 3235 ﬁdei.
1012 3168 1133 3221 "(BC
1160 3179 1231 3221 est
1253 3185 1407 3221 causa
1438 3170 1773 3238 periculorum
1800 3186 2021 3223 meorum
2048 3211 2061 3237 ,
2085 3180 2129 3224 et
2158 3174 2265 3227 lucc
2283 3175 2419 3243 sufﬁo

842 3258 977 3309 ciunt
1004 3258 1126 3309 mihi
1149 3258 1214 3309 ad
1234 3274 1490 3310 coronant.
1518 3256 1754 3312 Tandem
1784 3258 2014 3314 Joannes
2039 3260 2223 3314 videns
2250 3260 2419 3333 lmpe.

845 3358 1091 3413 ratorum,
1118 3363 1174 3402 se
1202 3349 1253 3401 in
1274 3348 1517 3401 exsilium
1542 3349 1727 3403 abduci
1746 3349 2039 3417 jubentem,
2068 3351 2118 3404 in
2146 3354 2418 3421 proposito

841 3438 1121 3507 persistere
1144 3479 1157 3500 ,
1191 3439 1343 3492 tertio
1379 3448 1495 3507 post
1533 3439 1923 3495 damnationem
1953 3441 2039 3495 die
2068 3443 2207 3496 circa
2251 3445 2414 3498 meri-

842 3529 982 3581 diem
1009 3528 1147 3579 ultro
1172 3542 1230 3581 se
1261 3530 1372 3596 ipse
1402 3529 1635 3593 tradidit,
1656 3530 1817 3584 inscia
1838 3532 2016 3600 populi
2043 3534 2410 3589 multitudine:

840 3619 1056 3673 cavebat
1095 3620 1234 3673 enim
1276 3635 1341 3674 ne
1381 3620 1545 3689 ipsius
1572 3636 1731 3675 causa
1778 3626 2029 3678 tumultus
2073 3627 2411 3680 excitaretur.

840 3710 928 3764 Sic
958 3711 1023 3765 ab
1055 3711 1288 3765 Ecclesia
1314 3711 1569 3780 expulsus
1603 3711 1832 3767 Joannes
1857 3754 1871 3779 ,
1915 3714 2105 3769 ductus
2143 3725 2223 3770 est
2253 3733 2281 3771 a
2312 3716 2416 3771 Co-

841 3802 969 3855 mite
1010 3815 1129 3854 cum
1174 3798 1385 3855 militari
1417 3818 1573 3856 manu
1602 3802 1665 3857 ad
1707 3804 1891 3858 navale
1917 3804 1968 3858 in
1994 3807 2131 3860 ostio
2156 3807 2307 3863 Ponti
2335 3809 2410 3861 si-

842 3900 952 3943 tum
979 3931 993 3955 ,
1034 3891 1171 3959 quod
1205 3892 1396 3944 liieron
1424 3892 1685 3946 vocabant
1714 3908 1729 3956 ;
1777 3891 1902 3946 bine
1942 3910 2067 3948 vero
2104 3896 2168 3948 ad
2194 3912 2411 3966 campos

842 3979 1065 4034 i‘ratiteti
1095 3980 1353 4051 Bithyniae
1377 3980 1637 4037 adductus
1663 3990 1766 4049 est,
1792 3982 1929 4052 quod
1968 3994 2084 4039 crat
2122 4000 2154 4040 e
2196 3980 2413 4058 regione

838 4067 1178 4123 Nicomedim.

910 4161 981 4215 ita
1023 4162 1204 4230 pulsus
1231 4162 1461 4219 Joannes
1493 4164 1689 4234 gratias
1729 4164 1918 4236 agebat
1960 4167 2107 4231 Deo,
2157 4168 2243 4223 illa
2288 4168 2409 4226 Jobi

836 4255 995 4310 verba
1012 4265 1255 4325 repetens
1276 4256 1293 4326 (
1324 4256 1506 4326 Chrys.
1530 4266 1568 4311 t.
1586 4257 1639 4311 3.
1664 4274 1710 4310 c.
1728 4256 1851 4312 439.
1872 4254 2294 4323 ui):Dotninus
2319 4263 2408 4317 de-

841 4348 912 4400 dit
943 4388 960 4411 ,
1015 4347 1261 4403 Dominus
1284 4348 1528 4403 abstulit:
1555 4350 1683 4402 sicut
1711 4349 1927 4406 Dontino
1955 4351 2144 4419 placuit
2165 4394 2178 4419 ,
2212 4354 2285 4408 ita
2327 4356 2410 4425 {a-

838 4446 974 4489 ctum
1009 4444 1083 4490 est
1113 4452 1132 4490 :
1177 4437 1243 4492 sit
1289 4453 1467 4491 nomen
1506 4436 1716 4492 Domini
1754 4437 2063 4494 benedictum
2103 4442 2159 4496 in
2199 4446 2406 4501 secula.

836 4526 1003 4594 Quem
1035 4528 1085 4581 in
1116 4526 1291 4582 locum
1319 4527 1578 4583 adductus
1604 4536 1754 4583 esset
1778 4529 2088 4600 ignorabant
2111 4532 2195 4587 vel
2224 4548 2405 4589 sacer-

832 4613 985 4669 dotes
1013 4615 1088 4668 illi
1118 4614 1313 4670 invidia
1349 4617 1638 4683 excmcati,
1662 4617 1753 4686 qui
1796 4618 1897 4686 ipsi
1940 4618 2159 4677 insidias
2194 4631 2406 4680 struxe-

832 4715 988 4760 rant:
1009 4704 1147 4775 qnod
1174 4714 1395 4762 curante
1419 4706 1715 4776 Theopbiio
1740 4706 1937 4764 factum
1972 4724 2093 4767 esse
2122 4714 2407 4770 verisimile

831 4803 934 4853 est.
964 4796 1290 4864 TlteOphilus
1317 4810 1463 4862 vero,
1491 4796 1585 4866 qui
1624 4796 1896 4870 Synodum
1925 4814 2075 4854 suam
2105 4802 2403 4859 Constanti-

833 4887 1013 4955 mpoli
1049 4887 1329 4942 celebrare
1359 4902 1522 4943 ausus
1563 4903 1670 4943 non
1710 4898 1824 4953 est,
1867 4901 2149 4961 postquam
2174 4892 2407 4951 Joannes

830 4978 1013 5047 pulsus
1040 4976 1207 5032 fuerat
1234 4978 1255 5049 (
1278 4976 1479 5033 Ibidem
1504 4980 1543 5049 ),
1573 4980 1627 5035 in
1665 4981 1849 5037 urbem
1904 4983 2119 5038 intravit
2146 4994 2307 5056 atque
2349 4988 2405 5044 in

827 5068 1107 5122 ecclesiam
1130 5068 1280 5123 renit
1300 5082 1423 5123 cum
1445 5071 1666 5127 asseclis
1689 5072 1821 5125 suis.
1842 5073 1899 5127 Si
1926 5074 2060 5129 ﬁdes
2082 5076 2155 5131 sit
2178 5058 2407 5148 Georgio

826 5155 1191 5211 Alexandrino
1210 5195 1233 5221 ,
1272 5157 1617 5214 barbarorum
1645 5160 1737 5216 ille
1760 5176 1913 5218 more
1940 5177 2060 5219 eam
2089 5165 2403 5222 satellitibus

826 5249 936 5301 suis
962 5247 1193 5301 intravit.
1216 5246 1350 5314 Quia
1377 5264 1502 5304 vero
1527 5250 1686 5306 mina
1706 5253 1901 5321 saepius
1939 5253 2159 5310 intentas
2180 5271 2286 5312 non
2311 5272 2406 5327 po-

827 5344 1000 5392 terant
1041 5338 1295 5407 populum
1322 5338 1512 5401 sedare
1535 5379 1552 5405 ,
1579 5341 1715 5409 pulsi
1742 5342 1961 5397 Joannis
1985 5359 2271 5401 mererem
2297 5362 2405 5403 non

826 5426 1103 5494 ferentem,
1128 5428 1322 5483 violata
1347 5428 1448 5485 fuit
1468 5434 1764 5487 reverentia
1786 5433 2027 5491 ccclesiis
2044 5436 2242 5493 debita.
2267 5438 2403 5498 Cum

825 5521 967 5574 enim
1011 5520 1366 5590 imperatores
1396 5523 1455 5577 in
1493 5525 1607 5580 haec
1638 5538 1819 5582 sancta
1846 5527 1989 5597 pacis
2015 5531 2163 5599 loca,
2192 5535 2405 5589 nonnisi

831 5610 1017 5679 positis
1046 5614 1211 5666 armis
1235 5628 1299 5669 ac
1323 5614 1621 5672 diademate
1659 5619 1861 5687 ingredi
1899 5618 2165 5688 solerent;
2200 5633 2325 5679 tunc
2350 5626 2401 5680 in

826 5703 1076 5761 ccdcsias
1100 5705 1323 5777 ingressi
1350 5718 1470 5763 sunt
1498 5709 1827 5767 inimicorum
1858 5714 2042 5780 instar,
2071 5718 2257 5771 armati
2286 5718 2402 5773 telis

1918 334 1972 388 S.
2005 329 2282 388 JOANNIS
2319 324 2787 382 CHR‘t’SOSTOMi
2834 324 3013 394 νιτΑ,

4043 326 4141 381 ξω

2551 448 2602 490 et
2637 438 2813 490 clavas
2849 446 3137 506 gestantes,
3171 436 3529 505 populumque
3557 452 3617 491 ex
3654 437 3895 493 eeclesnis
3920 436 4139 504 depute-

2549 537 2709 591 runt,
2744 529 2831 596 qui
2862 529 3106 595 patientia
3137 538 3190 580 et
3233 529 3477 596 precibus
3506 539 3701 582 tantum
3741 530 3957 583 illorum
3996 534 4135 581 lusu-

2548 633 2660 670 rem
2681 632 3020 685 coittpesccre
3042 618 3342 684 studebant,
3363 628 3413 672 et
3437 626 3609 673 tamen
3631 620 3996 691 baptisterium
4024 636 4133 673 san-

2547 706 2704 775 guine
2735 707 2808 759 illi
2837 707 3259 776 compleverunt.

2618 796 2747 851 Cum
2792 798 2868 852 sic
2907 799 3257 853 abduceretur
3296 800 3525 855 Joannes
3550 842 3565 868 ,
3608 803 3695 855 ubi
3732 818 3843 856 rem
3886 802 4119 872 cognovi

2547 889 2803 957 populus,
2836 890 3140 944 tumultuari
3170 892 3351 959 ccepit,
3378 904 3429 945 et
3459 892 3835 959 imperatorem
3870 906 4135 962 totamque

2544 981 2815 1050 Synodum
2838 1024 2852 1047 ,
2891 983 3260 1052 prmcipuequc
3292 983 3645 1051 Tchphilum
3678 994 3729 1039 et
3761 985 4133 1045 Severianum,

2545 1074 2838 1127 maledictis
2884 1076 3102 1144 appetiit
3152 1076 3169 1145 (
3212 1076 3360 1129 Socr.
3405 1078 3440 1130 l.
3475 1076 3527 1130 6.
3578 1094 3619 1128 c.
3654 1078 3737 1130 l7.
3772 1078 3979 1130 Sozam.
4018 1080 4053 1129 l.
4083 1078 4135 1129 ἓ.

2544 1182 2587 1216 c.
2618 1167 2683 1220 i8
2711 1166 2749 1236 ).
2780 1167 2949 1221 Ambo
2981 1170 3122 1221 enim
3154 1168 3461 1221 insidiarum
3496 1170 3547 1222 in
3580 1181 3818 1223 sanetum
3852 1172 4137 1237 praesulem-

2543 1268 2783 1311 auctores
2830 1275 2950 1313 esse
3002 1259 3333 1313 ferebantur.
3388 1259 3707 1314 Severianus
3757 1278 3881 1315 vero
3922 1278 4042 1315 cum
4088 1264 4137 1315 ir:

2541 1350 2763 1403 ecclesia
2802 1366 2897 1421 per
2937 1351 2989 1404 id
3030 1360 3237 1419 tempus
3268 1367 3569 1406 sermonem
3610 1352 3870 1419 haberet,
3918 1364 4125 1407 senten-

2544 1444 2690 1509 tiam,
2726 1458 2828 1514 qua
2857 1444 3089 1499 Joannes
3118 1444 3390 1511 depositus
3422 1445 3610 1510 fuerat,
3645 1445 3895 1509 laudavit,
3929 1458 3985 1498 ut
4013 1460 4137 1498 con~

2540 1541 2617 1587 tra
2648 1534 2917 1588 hominem
2966 1545 3303 1604 arrogantem
3347 1535 3507 1587 latam
3535 1575 3549 1599 ,
3589 1536 3793 1589 Ciiithl
3838 1551 3949 1589 non
3990 1536 4136 1589 aliut:

2538 1625 2740 1677 crimen
2770 1624 2927 1692 obiici
2957 1635 3157 1692 posset.
3187 1624 3391 1679 Cretera
3417 1625 3558 1679 enim
3588 1627 3800 1690 delicta,
3835 1626 4135 1694 inquiebat.

2542 1716 2680 1769 Deus
2714 1716 3020 1771 hominibus
3051 1718 3293 1781 remittit,
3319 1720 3561 1787 superbis
3596 1728 3767 1771 autem
3804 1721 4030 1773 resistit.
4063 1720 4135 1773 Ea

2537 1822 2662 1860 vero
2685 1807 2749 1861 de
2771 1822 2927 1862 causa
2955 1809 3177 1878 populus
3203 1809 3503 1879 indignatus
3529 1812 3581 1864 in
3605 1812 3973 1881 majoremque
4002 1812 4134 1864 iram

2535 1898 2832 1951 concitatus
2871 1906 2971 1952 est.
3017 1899 3196 1968 Neque
3240 1900 3462 1955 ulterius
3503 1915 3531 1953 a
3580 1902 3841 1955 seditione
3891 1904 4135 1955 revocari

2539 2000 2765 2059 poterat,
2785 1990 2878 2045 sed
2897 2002 2951 2045 et
2978 1992 3029 2045 in
3059 1992 3297 2046 ecclesiis
3324 1993 3451 2061 ipsis
3468 2002 3519 2048 et
3556 1994 3607 2046 in
3627 1992 3741 2047 foro
3774 1994 4135 2049 tumultuaba~

2535 2090 2639 2133 tur.
2672 2081 2859 2151 lugens
2885 2096 3012 2137 vero
3044 2084 3221 2152 populi
3248 2084 3400 2137 turba
3428 2084 3495 2138 ad
3523 2084 3777 2139 Palatium
3805 2087 4049 2154 perrexit
4081 2096 4133 2140 et
4196 2140 4199 2141 ν

2535 2170 2916 2240 imperatorem
2956 2172 3238 2245 deprecata
3288 2184 3451 2230 estut
3493 2174 3594 2230 sibi
3641 2186 3909 2245 pastorem
3972 2193 4131 2233 suum

2533 2264 2857 2319 restitueret.

2604 2352 2687 2407 Ea:
2712 2364 2858 2409 terra:
2880 2366 3018 2409 motu
3044 2354 3429 2426 Chrysostomus
3454 2368 3736 2412 revocatur.
3752 2390 3821 2399 -
3840 2360 3985 2415 inter
4014 2360 4131 2414 inter.

2530 2452 2708 2497 autent
2732 2444 2917 2498 Palatii
2943 2446 3245 2500 cubiculum
3278 2462 3595 2501 concussum
3624 2458 3723 2511 est,
3751 2458 3804 2503 ct
3827 2459 3984 2504 terras
4013 2466 4134 2506 mo-

2532 2540 2615 2585 tus
2652 2549 2875 2603 magnus
2907 2535 3091 2589 urbem
3123 2538 3397 2604 quassavit
3435 2536 3675 2609 (Pallad.
3708 2538 3848 2591 Dial.
3882 2537 4128 2594 Theodo-

2529 2631 2623 2673 ret.
2647 2622 2684 2675 ι.
2712 2625 2765 2677 ὅ.
2793 2622 2967 2694 c.5l).
2991 2625 3107 2693 Quo
3134 2624 3327 2679 factum
3352 2636 3405 2680 ut
3434 2630 3710 2695 perterrita
3731 2629 3991 2697 Eudoxio,
4020 2630 4127 2685 im-

2529 2723 2776 2779 peratore
2804 2715 2962 2768 etiam
2988 2725 3275 2783 annuente,
3306 2718 3503 2784 populo
3528 2720 3913 2786 conciamantc,
3939 2721 4008 2775 de
4038 2739 4128 2776 re-

2528 2807 2766 2860 vocando
2800 2804 3006 2860 Joanne
3045 2814 3301 2860 statutum
3341 2807 3518 2861 fuerit.
3564 2809 3761 2864 Eadem
3809 2812 3919 2877 ipsa
3966 2823 4127 2867 nocte

2527 2898 2763 2952 Eudoxia
2789 2898 2995 2953 litteras
3019 2898 3087 2952 ad
3113 2898 3369 2953 Joannem
3399 2899 3564 2964 misit,
3587 2915 3811 2968 quarum
3838 2904 4123 2957 exordium

2525 2989 2615 3043 ille
2644 2988 2806 3043 refert
2832 2988 2851 3058 (
2876 2988 3063 3059 Chrys.
3088 2999 3127 3041 t.
3154 2988 3211 3042 5.
3232 3004 3277 3042 c.
3306 2988 3981 3061 445.!40):Nearbitretur
4012 3010 4129 3046 san-

2523 3079 2668 3132 ctitas
2699 3089 2803 3143 tua,
2828 3078 3016 3147 inquit,
3048 3094 3128 3133 nte
3154 3078 3243 3132 illa
3266 3080 3459 3132 novisse
3477 3094 3590 3149 qua:
3616 3089 3753 3151 gesta
3779 3091 3895 3133 sunt
3924 3096 3942 3133 :
3973 3086 4127 3135 inno—

2523 3186 2639 3223 cens
2656 3185 2745 3239 ego
2762 3186 2871 3223 sum
2894 3186 2925 3221 a
2940 3168 3187 3239 sanguine
3212 3178 3321 3222 tuo.
3350 3168 3377 3221 Ι
3386 3170 3583 3237 mprobi
3612 3182 3655 3224 et
3684 3172 3869 3239 perditi
3890 3174 4126 3226 homines

2524 3260 2654 3313 hanc
2678 3270 2907 3315 struxere
2926 3260 3233 3313 machinam.
3264 3259 3318 3312 Μ
3325 3276 3497 3314 earum
3522 3261 3863 3331 lacrymarum
3888 3263 4028 3315 testis
4051 3275 4126 3315 cst

2523 3348 2680 3414 Deus,
2697 3351 2779 3403 cui
2795 3367 2940 3404 sacra
2956 3351 3109 3421 facio.
3126 3350 3305 3420 Pergit
3326 3365 3453 3404 vero
3474 3351 3886 3423 Ciirysustomus
3910 3370 3923 3405 :
3949 3353 4124 3420 Quam

2521 3440 2810 3493 libationem
2834 3440 3060 3505 effudit?
3090 3440 3332 3511 lacrynuz
3359 3443 3468 3510 ejus
3501 3442 3672 3495 libatio
3703 3454 3863 3497 erant.
3893 3442 3989 3498 Cui
4029 3462 4125 3498 sa-

2518 3544 2607 3584 era
2638 3528 2792 3583 iacio.
2826 3529 3078 3584 Sacerdos
3106 3531 3199 3584 illa
3232 3546 3411 3599 nempe
3430 3571 3444 3593 ,
3483 3549 3571 3601 per
3596 3533 3811 3602 seipsam
3836 3534 4081 3587 ordinata
4104 3576 4120 3599 ,

2518 3634 2632 3688 quia
2662 3619 2771 3672 Deo
2806 3618 3042 3685 offerebat
3078 3620 3329 3689 lacrymas
3352 3661 3368 3685 ,
3399 3624 3762 3691 confessionem
3792 3632 3838 3676 et
3867 3626 4123 3692 pceniten-

2518 3711 2657 3775 tiam,
2692 3726 2791 3763 non
2820 3726 2914 3780 pro
2946 3710 3236 3775 sacerdote,
3264 3712 3351 3763 sed
3377 3728 3469 3779 pro
3501 3711 3765 3777 Ecclesia,
3803 3729 3896 3782 pro
3922 3718 4121 3785 populo

2516 3802 2763 3871 disperso.
2802 3799 3000 3854 Mentor
3039 3810 3171 3855 certe
3208 3812 3314 3856 erat
3351 3814 3399 3856 et
3443 3804 3666 3871 ﬁliorum
3695 3813 3741 3858 et
3770 3806 4116 3875 baptismatis.

2516 3890 2792 3945 Recordor
2820 3906 2916 3960 per
2941 3907 3131 3946 manus
3162 3901 3277 3946 tuas
3307 3893 3443 3951 ﬁlios
3472 3908 3622 3948 meos
3664 3894 3826 3949 fuisse
3865 3896 4117 3964 baptiza-

2517 3990 2617 4035 tos.
2659 3979 2785 4034 Harc
2826 3981 3162 4050 lmperatrt'x.
3202 3982 3336 4035 iliue
3374 3982 3461 4035 illa
3508 3983 3890 4053 imperatorem
3933 3986 4069 4040 adiit
4095 4029 4112 4053 ,

2515 4071 2739 4141 ejusque
2766 4087 2939 4143 genua
2976 4072 3227 4143 tangebat
3256 4089 3377 4129 cum
3411 4075 3659 4145 lacrymis
3692 4075 4022 4147 obsecrans,
4057 4092 4115 4134 ut

2514 4162 2845 4217 sacerdotem
2874 4172 3151 4218 revocaret
3182 4181 3196 4217 :
3231 4162 3392 4217 Nulla
3422 4166 3565 4219 nobis
3586 4206 3602 4231 ,
3643 4167 3949 4235 inquiebat,
3995 4185 4116 4240 spes

2512 4253 2726 4324 Imperii
2752 4266 2997 4325 superest,
3029 4256 3127 4309 nisi
3151 4256 3320 4323 ipsum
3346 4256 3665 4309 reducamus.
3692 4256 3839 4311 Illam
3864 4272 3995 4312 vero
4018 4274 4113 4315 vo-

2513 4355 2600 4399 cat
2624 4343 3035 4416 Cbrysostomus
3059 4354 3281 4400 matrem
3310 4344 3689 4412 Ecclesiarum,
3719 4347 3965 4402 altricem
3993 4364 4113 4403 rno-

2512 4436 2828 4504 nachorum,
2855 4444 3162 4491 sanctorum
3188 4444 3487 4505 patronam,
3519 4450 3809 4506 pauperum
3834 4437 4111 4498 baculum.

2513 4528 2625 4583 llas
2645 4543 2805 4598 porro
2820 4527 3006 4583 laudes
3024 4526 3422 4592 Tillemontius,
3438 4542 3471 4581 α
3494 4526 3723 4598 Georgio
3740 4530 4113 4589 Alexandrino

2510 4618 2769 4689 deceptus
2789 4659 2807 4684 ,
2835 4617 2989 4688 quasi
3014 4617 3083 4672 ab
3108 4617 3348 4672 Eudoxi:
3376 4617 3548 4673 dictas
3588 4619 3639 4674 in
3677 4618 3899 4675 Joannis
3931 4624 4110 4678 bono.

2509 4724 2647 4775 rem,
2678 4708 2777 4779 ipsi
2804 4708 3002 4764 Joanni
3028 4707 3232 4774 tribuit,
3254 4724 3360 4763 non
3384 4708 3818 4766 animadverteris
3841 4712 3909 4766 ad
3936 4711 4111 4771 Joan-

2510 4815 2633 4855 nem
2660 4815 2765 4854 non
2787 4799 3057 4871 quadrare
3080 4798 3234 4867 illud,
3266 4798 3486 4853 Matrem
3515 4797 3858 4855 Ecclesiarum
3884 4802 4108 4876 (Clu-ys.

2510 4900 2551 4945 ι.
2579 4893 2637 4947 3.
2662 4906 2711 4944 c.
2737 4890 2863 4949 M6.
2886 4888 2923 4944 ι.
2952 4885 3065 4960 15).

2583 4983 2916 5054 Theophilus
2928 4999 3079 5053 vero,
3097 4985 3368 5056 qpi,teste
3387 4985 3623 5042 Palladio
3647 4984 3891 5059 (Pallad.
3908 4982 4108 5065 ωσι),

2508 5073 2769 5131 diaconos
2786 5074 2943 5141 duos,
2968 5089 3199 5147 quorum
3226 5074 3365 5131 alter
3393 5075 3666 5133 homicidii
3682 5118 3697 5143 ,
3726 5077 3866 5134 alter
3885 5079 4110 5139 adulte-

2509 5166 2574 5221 rii
2602 5181 2762 5221 eam
2786 5165 3014 5236 depositi
3038 5164 3271 5232 fuerant,
3302 5166 3354 5221 in
3380 5165 3667 5236 pristinum
3689 5167 3911 5239 gradum
3938 5174 4111 5228 restis

2510 5267 2705 5325 tuerat,
2724 5259 2835 5330 jam
2856 5267 2990 5315 teste
3004 5258 3235 5330 Georgio
3258 5258 3621 5314 Alexandrino
3648 5260 3702 5315 in
3728 5260 3907 5317 locum
3934 5261 4111 5319 Joan-

2510 5349 2594 5402 nis
2621 5348 2691 5404 ab
2728 5363 2788 5403 se
2829 5347 3070 5418 improbe
3096 5347 3325 5417 depositi
3349 5388 3369 5412 ,
3398 5347 3562 5402 alium
3587 5350 3900 5421 episcopum
3929 5352 4107 5410 desti-

2510 5448 2735 5498 naverat
2778 5447 2832 5495 et
2860 5440 3231 5495 nominaverst
3248 5481 3269 5505 ,
3297 5446 3353 5493 et
3386 5440 3699 5510 rescriptum
3726 5456 3791 5496 ea
3816 5441 3886 5497 de
3911 5458 3975 5500 re
4004 5445 4107 5500 hs-

2511 5532 2672 5589 bebat
2697 5547 2863 5604 penes
2883 5547 2967 5599 se,
2984 5532 3075 5587 cui
3100 5526 3534 5602 subscripseruni
3554 5532 3771 5601 plurimi
3791 5533 4107 5593 Constanti-

2511 5624 2803 5694 nopolitani
2829 5624 3087 5695 episcopi.
3112 5624 3181 5678 At
3199 5638 3304 5679 non
3329 5622 3570 5693 permisit
3595 5624 3739 5681 Deus
3758 5667 3772 5693 ,
3792 5626 4108 5700 improbum

2510 5718 2812 5789 imjustnodi
2841 5716 3159 5788 rescriptum
3188 5715 3239 5771 in
3269 5716 3442 5773 lucem
3470 5716 3701 5787 prodire.
