  <div class='ocr_page' id='page_1' title='image "/cluster/home/n/w/nwhite01/storage/ocr_20150623/47/pst.000005712441/200.png"; bbox 0 0 4276 6316; ppageno 0'>
   <div class='ocr_carea' id='block_1_1' title="bbox 163 358 2238 425">
    <p class='ocr_par' dir='ltr' id='par_1_1' title="bbox 163 358 2238 425">
     <span class='ocr_line' id='line_1_1' title="bbox 163 358 2238 425; baseline 0.005 -20"><span class='ocrx_word' id='word_1_1' title='bbox 163 369 251 425; x_wconf 61' lang='grc' dir='ltr'><strong>ρος</strong></span> <span class='ocrx_word' id='word_1_2' title='bbox 1325 359 1504 416; x_wconf 79' lang='lat' dir='ltr'><strong>NUNC</strong></span> <span class='ocrx_word' id='word_1_3' title='bbox 1543 358 1803 415; x_wconf 74' lang='lat' dir='ltr'><strong>PRIMUM</strong></span> <span class='ocrx_word' id='word_1_4' title='bbox 1845 359 2238 417; x_wconf 77' lang='lat' dir='ltr'><strong>ADORNATA.</strong></span> 
     </span>
    </p>
   </div>
   <div class='ocr_carea' id='block_1_2' title="bbox 223 473 1724 553">
    <p class='ocr_par' dir='ltr' id='par_1_2' title="bbox 223 473 1724 553">
     <span class='ocr_line' id='line_1_2' title="bbox 223 473 1724 553; baseline -0.007 -16"><span class='ocrx_word' id='word_1_5' title='bbox 223 486 450 553; x_wconf 72' lang='lat' dir='ltr'><strong>Roganti:</strong></span> <span class='ocrx_word' id='word_1_6' title='bbox 467 484 646 552; x_wconf 90' lang='lat' dir='ltr'><strong>itaque</strong></span> <span class='ocrx_word' id='word_1_7' title='bbox 667 480 922 546; x_wconf 74' lang='lat' dir='ltr'><strong>Eudoxio,</strong></span> <span class='ocrx_word' id='word_1_8' title='bbox 938 478 1231 548; x_wconf 86' lang='lat' dir='ltr'><strong>Imperator</strong></span> <span class='ocrx_word' id='word_1_9' title='bbox 1247 477 1447 544; x_wconf 78' lang='lat' dir='ltr'><strong>legatos</strong></span> <span class='ocrx_word' id='word_1_10' title='bbox 1468 473 1610 528; x_wconf 90' lang='lat' dir='ltr'><strong>misit</strong></span> <span class='ocrx_word' id='word_1_11' title='bbox 1635 473 1724 542; x_wconf 87' lang='lat' dir='ltr'><strong>qui</strong></span> 
     </span>
    </p>
   </div>
   <div class='ocr_carea' id='block_1_3' title="bbox 167 563 1728 635">
    <p class='ocr_par' dir='ltr' id='par_1_3' title="bbox 167 563 1728 635">
     <span class='ocr_line' id='line_1_3' title="bbox 167 563 1728 635; baseline -0.007 -9"><span class='ocrx_word' id='word_1_12' title='bbox 167 573 399 628; x_wconf 76' lang='lat' dir='ltr'><strong>Joannem</strong></span> <span class='ocrx_word' id='word_1_13' title='bbox 433 573 786 635; x_wconf 85' lang='lat' dir='ltr'><strong>reducerent,</strong></span> <span class='ocrx_word' id='word_1_14' title='bbox 816 571 1153 624; x_wconf 84' lang='lat' dir='ltr'><strong>etcivitatem</strong></span> <span class='ocrx_word' id='word_1_15' title='bbox 1181 565 1414 635; x_wconf 88' lang='lat' dir='ltr'><strong>periculo</strong></span> <span class='ocrx_word' id='word_1_16' title='bbox 1441 563 1728 618; x_wconf 75' lang='lat' dir='ltr'><strong>liberarent</strong></span> 
     </span>
    </p>
   </div>
   <div class='ocr_carea' id='block_1_4' title="bbox 165 653 1726 736">
    <p class='ocr_par' dir='ltr' id='par_1_4' title="bbox 165 653 1726 736">
     <span class='ocr_line' id='line_1_4' title="bbox 165 653 1726 736; baseline -0.006 -18"><span class='ocrx_word' id='word_1_17' title='bbox 165 665 310 736; x_wconf 66' lang='lat' dir='ltr'><strong>(Socr.</strong></span> <span class='ocrx_word' id='word_1_18' title='bbox 335 664 372 717; x_wconf 80' lang='grc' dir='ltr'><strong>Ι.</strong></span> <span class='ocrx_word' id='word_1_19' title='bbox 399 663 452 718; x_wconf 85' lang='lat'><strong>6.</strong></span> <span class='ocrx_word' id='word_1_20' title='bbox 477 679 523 717; x_wconf 85' lang='lat' dir='ltr'><strong>c.</strong></span> <span class='ocrx_word' id='word_1_21' title='bbox 555 663 637 716; x_wconf 88' lang='lat' dir='ltr'><strong>l6.</strong></span> <span class='ocrx_word' id='word_1_22' title='bbox 672 661 882 716; x_wconf 76' lang='lat' dir='ltr'><strong>Sozam.</strong></span> <span class='ocrx_word' id='word_1_23' title='bbox 900 661 936 714; x_wconf 87' lang='grc' dir='ltr'><strong>ι.</strong></span> <span class='ocrx_word' id='word_1_24' title='bbox 955 661 1006 714; x_wconf 87' lang='grc'><strong>8.</strong></span> <span class='ocrx_word' id='word_1_25' title='bbox 1027 677 1072 713; x_wconf 86' lang='lat' dir='ltr'><strong>c.</strong></span> <span class='ocrx_word' id='word_1_26' title='bbox 1095 660 1206 727; x_wconf 77' lang='grc'><strong>18).</strong></span> <span class='ocrx_word' id='word_1_27' title='bbox 1237 658 1361 710; x_wconf 79' lang='lat' dir='ltr'><strong>Post</strong></span> <span class='ocrx_word' id='word_1_28' title='bbox 1391 656 1485 708; x_wconf 90' lang='lat' dir='ltr'><strong>hos</strong></span> <span class='ocrx_word' id='word_1_29' title='bbox 1507 653 1726 708; x_wconf 87' lang='lat' dir='ltr'><strong>secundi</strong></span> 
     </span>
    </p>
   </div>
   <div class='ocr_carea' id='block_1_5' title="bbox 162 743 1728 817">
    <p class='ocr_par' dir='ltr' id='par_1_5' title="bbox 162 743 1728 817">
     <span class='ocr_line' id='line_1_5' title="bbox 162 743 1728 817; baseline -0.006 -12"><span class='ocrx_word' id='word_1_30' title='bbox 162 753 435 817; x_wconf 77' lang='lat' dir='ltr'><strong>missisuut,</strong></span> <span class='ocrx_word' id='word_1_31' title='bbox 463 763 518 805; x_wconf 87' lang='lat' dir='ltr'><strong>et</strong></span> <span class='ocrx_word' id='word_1_32' title='bbox 561 759 678 816; x_wconf 89' lang='lat' dir='ltr'><strong>post</strong></span> <span class='ocrx_word' id='word_1_33' title='bbox 707 749 970 804; x_wconf 82' lang='lat' dir='ltr'><strong>secundos</strong></span> <span class='ocrx_word' id='word_1_34' title='bbox 1008 749 1168 811; x_wconf 88' lang='lat' dir='ltr'><strong>tertii,</strong></span> <span class='ocrx_word' id='word_1_35' title='bbox 1191 749 1260 800; x_wconf 90' lang='lat' dir='ltr'><strong>ita</strong></span> <span class='ocrx_word' id='word_1_36' title='bbox 1286 755 1342 800; x_wconf 91' lang='lat' dir='ltr'><strong>ut</strong></span> <span class='ocrx_word' id='word_1_37' title='bbox 1363 745 1630 812; x_wconf 83' lang='lat' dir='ltr'><strong>Bosporus</strong></span> <span class='ocrx_word' id='word_1_38' title='bbox 1653 743 1728 796; x_wconf 86' lang='lat' dir='ltr'><strong>ie-</strong></span> 
     </span>
    </p>
   </div>
   <div class='ocr_carea' id='block_1_6' title="bbox 161 831 1727 912">
    <p class='ocr_par' dir='ltr' id='par_1_6' title="bbox 161 831 1727 912">
     <span class='ocr_line' id='line_1_6' title="bbox 161 831 1727 912; baseline -0.007 -17"><span class='ocrx_word' id='word_1_39' title='bbox 161 855 374 912; x_wconf 81' lang='lat' dir='ltr'><strong>gatorum</strong></span> <span class='ocrx_word' id='word_1_40' title='bbox 431 839 774 894; x_wconf 86' lang='lat' dir='ltr'><strong>multitudine</strong></span> <span class='ocrx_word' id='word_1_41' title='bbox 843 838 1162 908; x_wconf 87' lang='lat' dir='ltr'><strong>operiretur.</strong></span> <span class='ocrx_word' id='word_1_42' title='bbox 1217 836 1304 890; x_wconf 89' lang='lat' dir='ltr'><strong>Sic</strong></span> <span class='ocrx_word' id='word_1_43' title='bbox 1359 831 1727 887; x_wconf 87' lang='lat' dir='ltr'><strong>Theodoretus</strong></span> 
     </span>
    </p>
   </div>
   <div class='ocr_carea' id='block_1_7' title="bbox 159 923 1728 1000">
    <p class='ocr_par' dir='ltr' id='par_1_7' title="bbox 159 923 1728 1000">
     <span class='ocr_line' id='line_1_7' title="bbox 159 923 1728 1000; baseline -0.005 -16"><span class='ocrx_word' id='word_1_44' title='bbox 159 932 216 1000; x_wconf 71' lang='grc' dir='ltr'><strong>(Ι.</strong></span> <span class='ocrx_word' id='word_1_45' title='bbox 249 933 294 985; x_wconf 82' lang='lat'><strong>5.</strong></span> <span class='ocrx_word' id='word_1_46' title='bbox 315 947 360 984; x_wconf 87' lang='lat' dir='ltr'><strong>c.</strong></span> <span class='ocrx_word' id='word_1_47' title='bbox 393 931 510 1000; x_wconf 70' lang='grc'><strong>54).</strong></span> <span class='ocrx_word' id='word_1_48' title='bbox 533 930 724 983; x_wconf 80' lang='lat' dir='ltr'><strong>\‘erum</strong></span> <span class='ocrx_word' id='word_1_49' title='bbox 757 929 1006 983; x_wconf 76' lang='lat' dir='ltr'><strong>Socrates</strong></span> <span class='ocrx_word' id='word_1_50' title='bbox 1041 935 1096 982; x_wconf 86' lang='lat' dir='ltr'><strong>et</strong></span> <span class='ocrx_word' id='word_1_51' title='bbox 1129 928 1454 980; x_wconf 84' lang='lat' dir='ltr'><strong>Sozomenus</strong></span> <span class='ocrx_word' id='word_1_52' title='bbox 1485 923 1728 978; x_wconf 81' lang='lat' dir='ltr'><strong>hacctan—</strong></span> 
     </span>
    </p>
   </div>
   <div class='ocr_carea' id='block_1_8' title="bbox 163 1014 1720 1087">
    <p class='ocr_par' dir='ltr' id='par_1_8' title="bbox 163 1014 1720 1087">
     <span class='ocr_line' id='line_1_8' title="bbox 163 1014 1720 1087; baseline -0.004 -15"><span class='ocrx_word' id='word_1_53' title='bbox 163 1033 251 1072; x_wconf 79' lang='lat' dir='ltr'><strong>tum</strong></span> <span class='ocrx_word' id='word_1_54' title='bbox 271 1020 442 1073; x_wconf 84' lang='lat' dir='ltr'><strong>dicunt</strong></span> <span class='ocrx_word' id='word_1_55' title='bbox 468 1037 480 1071; x_wconf 88' lang='lat'><strong>:</strong></span> <span class='ocrx_word' id='word_1_56' title='bbox 507 1019 800 1087; x_wconf 76' lang='lat' dir='ltr'><strong>imperator</strong></span> <span class='ocrx_word' id='word_1_57' title='bbox 821 1033 941 1073; x_wconf 86' lang='lat' dir='ltr'><strong>eum</strong></span> <span class='ocrx_word' id='word_1_58' title='bbox 961 1017 1241 1072; x_wconf 81' lang='lat' dir='ltr'><strong>celerrime</strong></span> <span class='ocrx_word' id='word_1_59' title='bbox 1261 1015 1500 1070; x_wconf 86' lang='lat' dir='ltr'><strong>revocari</strong></span> <span class='ocrx_word' id='word_1_60' title='bbox 1541 1014 1720 1081; x_wconf 90' lang='lat' dir='ltr'><strong>jussit.</strong></span> 
     </span>
    </p>
   </div>
   <div class='ocr_carea' id='block_1_9' title="bbox 159 1104 1723 1179">
    <p class='ocr_par' dir='ltr' id='par_1_9' title="bbox 159 1104 1723 1179">
     <span class='ocr_line' id='line_1_9' title="bbox 159 1104 1723 1179; baseline -0.006 -15"><span class='ocrx_word' id='word_1_61' title='bbox 159 1111 323 1164; x_wconf 71' lang='lat' dir='ltr'><strong>iiissus</strong></span> <span class='ocrx_word' id='word_1_62' title='bbox 355 1111 510 1177; x_wconf 76' lang='lat' dir='ltr'><strong>igitur</strong></span> <span class='ocrx_word' id='word_1_63' title='bbox 543 1111 694 1162; x_wconf 84' lang='lat' dir='ltr'><strong>Briso</strong></span> <span class='ocrx_word' id='word_1_64' title='bbox 723 1113 972 1179; x_wconf 76' lang='lat' dir='ltr'><strong>Augusta:</strong></span> <span class='ocrx_word' id='word_1_65' title='bbox 1009 1106 1301 1171; x_wconf 89' lang='lat' dir='ltr'><strong>eunuchus,</strong></span> <span class='ocrx_word' id='word_1_66' title='bbox 1352 1104 1573 1160; x_wconf 78' lang='lat' dir='ltr'><strong>oﬂ‘endit</strong></span> <span class='ocrx_word' id='word_1_67' title='bbox 1601 1118 1723 1157; x_wconf 88' lang='lat' dir='ltr'><strong>eum</strong></span> 
     </span>
    </p>
   </div>
   <div class='ocr_carea' id='block_1_10' title="bbox 159 1193 1725 1268">
    <p class='ocr_par' dir='ltr' id='par_1_10' title="bbox 159 1193 1725 1268">
     <span class='ocr_line' id='line_1_10' title="bbox 159 1193 1725 1268; baseline -0.005 -16"><span class='ocrx_word' id='word_1_68' title='bbox 159 1201 376 1258; x_wconf 69' lang='lat' dir='ltr'><strong>Przeneti.</strong></span> <span class='ocrx_word' id='word_1_69' title='bbox 397 1199 538 1268; x_wconf 88' lang='lat' dir='ltr'><strong>quod</strong></span> <span class='ocrx_word' id='word_1_70' title='bbox 561 1199 856 1268; x_wconf 88' lang='lat' dir='ltr'><strong>emporium</strong></span> <span class='ocrx_word' id='word_1_71' title='bbox 879 1207 1046 1252; x_wconf 84' lang='lat' dir='ltr'><strong>estex</strong></span> <span class='ocrx_word' id='word_1_72' title='bbox 1069 1196 1293 1250; x_wconf 83' lang='lat' dir='ltr'><strong>adverso</strong></span> <span class='ocrx_word' id='word_1_73' title='bbox 1313 1193 1633 1248; x_wconf 71' lang='lat' dir='ltr'><strong>Nicomedia:</strong></span> <span class='ocrx_word' id='word_1_74' title='bbox 1655 1193 1725 1245; x_wconf 88' lang='lat' dir='ltr'><strong>si-</strong></span> 
     </span>
    </p>
   </div>
   <div class='ocr_carea' id='block_1_11' title="bbox 159 1282 1725 1356">
    <p class='ocr_par' dir='ltr' id='par_1_11' title="bbox 159 1282 1725 1356">
     <span class='ocr_line' id='line_1_11' title="bbox 159 1282 1725 1356; baseline -0.003 -16"><span class='ocrx_word' id='word_1_75' title='bbox 159 1299 332 1354; x_wconf 83' lang='lat' dir='ltr'><strong>tnm,et</strong></span> <span class='ocrx_word' id='word_1_76' title='bbox 351 1287 843 1356; x_wconf 83' lang='lat' dir='ltr'><strong>ConstantinOpolin</strong></span> <span class='ocrx_word' id='word_1_77' title='bbox 873 1286 1046 1340; x_wconf 88' lang='lat' dir='ltr'><strong>redire</strong></span> <span class='ocrx_word' id='word_1_78' title='bbox 1069 1285 1236 1353; x_wconf 88' lang='lat' dir='ltr'><strong>jubet.</strong></span> <span class='ocrx_word' id='word_1_79' title='bbox 1267 1284 1322 1337; x_wconf 88' lang='lat' dir='ltr'><strong>Id</strong></span> <span class='ocrx_word' id='word_1_80' title='bbox 1345 1300 1464 1336; x_wconf 88' lang='lat' dir='ltr'><strong>cum</strong></span> <span class='ocrx_word' id='word_1_81' title='bbox 1491 1282 1725 1336; x_wconf 75' lang='lat' dir='ltr'><strong>novisset</strong></span> 
     </span>
    </p>
   </div>
   <div class='ocr_carea' id='block_1_12' title="bbox 161 1372 1718 1448">
    <p class='ocr_par' dir='ltr' id='par_1_12' title="bbox 161 1372 1718 1448">
     <span class='ocr_line' id='line_1_12' title="bbox 161 1372 1718 1448; baseline -0.004 -18"><span class='ocrx_word' id='word_1_82' title='bbox 161 1381 376 1448; x_wconf 74' lang='lat' dir='ltr'><strong>populus,</strong></span> <span class='ocrx_word' id='word_1_83' title='bbox 403 1389 458 1432; x_wconf 92' lang='lat' dir='ltr'><strong>ut</strong></span> <span class='ocrx_word' id='word_1_84' title='bbox 479 1381 689 1432; x_wconf 79' lang='lat' dir='ltr'><strong>obviam</strong></span> <span class='ocrx_word' id='word_1_85' title='bbox 715 1379 786 1431; x_wconf 89' lang='lat' dir='ltr'><strong>illi</strong></span> <span class='ocrx_word' id='word_1_86' title='bbox 811 1377 1142 1447; x_wconf 88' lang='lat' dir='ltr'><strong>procederet,</strong></span> <span class='ocrx_word' id='word_1_87' title='bbox 1163 1375 1354 1428; x_wconf 87' lang='lat' dir='ltr'><strong>ostium</strong></span> <span class='ocrx_word' id='word_1_88' title='bbox 1379 1372 1718 1441; x_wconf 84' lang='lat' dir='ltr'><strong>Propontidis</strong></span> 
     </span>
    </p>
   </div>
   <div class='ocr_carea' id='block_1_13' title="bbox 171 1466 1722 1540">
    <p class='ocr_par' dir='ltr' id='par_1_13' title="bbox 171 1466 1722 1540">
     <span class='ocr_line' id='line_1_13' title="bbox 171 1466 1722 1540; baseline -0.004 -16"><span class='ocrx_word' id='word_1_89' title='bbox 171 1473 366 1540; x_wconf 76' lang='lat' dir='ltr'><strong>navigiis</strong></span> <span class='ocrx_word' id='word_1_90' title='bbox 397 1473 620 1525; x_wconf 82' lang='lat' dir='ltr'><strong>obtexit.</strong></span> <span class='ocrx_word' id='word_1_91' title='bbox 653 1471 738 1525; x_wconf 88' lang='lat' dir='ltr'><strong>Sic</strong></span> <span class='ocrx_word' id='word_1_92' title='bbox 769 1469 1030 1524; x_wconf 89' lang='lat' dir='ltr'><strong>innumeri</strong></span> <span class='ocrx_word' id='word_1_93' title='bbox 1051 1469 1101 1521; x_wconf 92' lang='lat' dir='ltr'><strong>in</strong></span> <span class='ocrx_word' id='word_1_94' title='bbox 1123 1481 1402 1520; x_wconf 88' lang='lat' dir='ltr'><strong>occursum</strong></span> <span class='ocrx_word' id='word_1_95' title='bbox 1423 1466 1536 1534; x_wconf 82' lang='lat' dir='ltr'><strong>ejus</strong></span> <span class='ocrx_word' id='word_1_96' title='bbox 1563 1478 1722 1518; x_wconf 82' lang='lat' dir='ltr'><strong>vene-</strong></span> 
     </span>
    </p>
   </div>
   <div class='ocr_carea' id='block_1_14' title="bbox 159 1553 1717 1628">
    <p class='ocr_par' dir='ltr' id='par_1_14' title="bbox 159 1553 1717 1628">
     <span class='ocr_line' id='line_1_14' title="bbox 159 1553 1717 1628; baseline -0.004 -16"><span class='ocrx_word' id='word_1_97' title='bbox 159 1569 278 1624; x_wconf 78' lang='lat' dir='ltr'><strong>runt,</strong></span> <span class='ocrx_word' id='word_1_98' title='bbox 303 1575 484 1614; x_wconf 85' lang='lat' dir='ltr'><strong>cereas</strong></span> <span class='ocrx_word' id='word_1_99' title='bbox 541 1561 684 1614; x_wconf 79' lang='lat' dir='ltr'><strong>faces</strong></span> <span class='ocrx_word' id='word_1_100' title='bbox 731 1559 1092 1628; x_wconf 68' lang='lat' dir='ltr'><strong>praeferentes.</strong></span> <span class='ocrx_word' id='word_1_101' title='bbox 1125 1556 1196 1609; x_wconf 90' lang='lat' dir='ltr'><strong>Ita</strong></span> <span class='ocrx_word' id='word_1_102' title='bbox 1241 1555 1406 1609; x_wconf 83' lang='lat' dir='ltr'><strong>redux</strong></span> <span class='ocrx_word' id='word_1_103' title='bbox 1451 1553 1717 1614; x_wconf 86' lang='lat' dir='ltr'><strong>Joannes,</strong></span> 
     </span>
    </p>
   </div>
   <div class='ocr_carea' id='block_1_15' title="bbox 156 1644 1720 1718">
    <p class='ocr_par' dir='ltr' id='par_1_15' title="bbox 156 1644 1720 1718">
     <span class='ocr_line' id='line_1_15' title="bbox 156 1644 1720 1718; baseline -0.004 -15"><span class='ocrx_word' id='word_1_104' title='bbox 156 1651 304 1703; x_wconf 73' lang='lat' dir='ltr'><strong>statim</strong></span> <span class='ocrx_word' id='word_1_105' title='bbox 323 1655 546 1718; x_wconf 81' lang='lat' dir='ltr'><strong>negabat</strong></span> <span class='ocrx_word' id='word_1_106' title='bbox 569 1665 627 1702; x_wconf 90' lang='lat' dir='ltr'><strong>se</strong></span> <span class='ocrx_word' id='word_1_107' title='bbox 649 1651 696 1702; x_wconf 89' lang='lat' dir='ltr'><strong>in</strong></span> <span class='ocrx_word' id='word_1_108' title='bbox 719 1649 900 1702; x_wconf 85' lang='lat' dir='ltr'><strong>urbem</strong></span> <span class='ocrx_word' id='word_1_109' title='bbox 922 1648 1281 1717; x_wconf 76' lang='lat' dir='ltr'><strong>ingressurum</strong></span> <span class='ocrx_word' id='word_1_110' title='bbox 1301 1661 1438 1706; x_wconf 87' lang='lat' dir='ltr'><strong>esse,</strong></span> <span class='ocrx_word' id='word_1_111' title='bbox 1456 1645 1554 1697; x_wconf 84' lang='lat' dir='ltr'><strong>nisi</strong></span> <span class='ocrx_word' id='word_1_112' title='bbox 1577 1644 1720 1710; x_wconf 87' lang='lat' dir='ltr'><strong>prius</strong></span> 
     </span>
    </p>
   </div>
   <div class='ocr_carea' id='block_1_16' title="bbox 157 1737 1716 1809">
    <p class='ocr_par' dir='ltr' id='par_1_16' title="bbox 157 1737 1716 1809">
     <span class='ocr_line' id='line_1_16' title="bbox 157 1737 1716 1809; baseline -0.001 -19"><span class='ocrx_word' id='word_1_113' title='bbox 157 1739 197 1792; x_wconf 77' lang='lat' dir='ltr'><strong>in</strong></span> <span class='ocrx_word' id='word_1_114' title='bbox 222 1743 406 1808; x_wconf 83' lang='lat' dir='ltr'><strong>majore</strong></span> <span class='ocrx_word' id='word_1_115' title='bbox 459 1739 697 1809; x_wconf 90' lang='lat' dir='ltr'><strong>judicum</strong></span> <span class='ocrx_word' id='word_1_116' title='bbox 721 1753 982 1792; x_wconf 77' lang='lat' dir='ltr'><strong>consessu</strong></span> <span class='ocrx_word' id='word_1_117' title='bbox 1017 1739 1270 1791; x_wconf 75' lang='lat' dir='ltr'><strong>innocens</strong></span> <span class='ocrx_word' id='word_1_118' title='bbox 1313 1737 1674 1790; x_wconf 83' lang='lat' dir='ltr'><strong>dcclararetur</strong></span> <span class='ocrx_word' id='word_1_119' title='bbox 1703 1752 1716 1788; x_wconf 90' lang='lat'><strong>:</strong></span> 
     </span>
    </p>
   </div>
   <div class='ocr_carea' id='block_1_17' title="bbox 157 1825 1721 1898">
    <p class='ocr_par' dir='ltr' id='par_1_17' title="bbox 157 1825 1721 1898">
     <span class='ocr_line' id='line_1_17' title="bbox 157 1825 1721 1898; baseline -0.005 -15"><span class='ocrx_word' id='word_1_120' title='bbox 157 1831 196 1883; x_wconf 75' lang='lat' dir='ltr'><strong>in</strong></span> <span class='ocrx_word' id='word_1_121' title='bbox 219 1829 532 1894; x_wconf 82' lang='lat' dir='ltr'><strong>suburbano,</strong></span> <span class='ocrx_word' id='word_1_122' title='bbox 559 1827 698 1898; x_wconf 88' lang='lat' dir='ltr'><strong>quod</strong></span> <span class='ocrx_word' id='word_1_123' title='bbox 723 1827 969 1880; x_wconf 72' lang='lat' dir='ltr'><strong>Mariana:</strong></span> <span class='ocrx_word' id='word_1_124' title='bbox 987 1828 1181 1880; x_wconf 87' lang='lat' dir='ltr'><strong>dicitur</strong></span> <span class='ocrx_word' id='word_1_125' title='bbox 1205 1826 1559 1894; x_wconf 82' lang='lat' dir='ltr'><strong>(Sozomcnus</strong></span> <span class='ocrx_word' id='word_1_126' title='bbox 1577 1825 1721 1878; x_wconf 82' lang='lat' dir='ltr'><strong>Ana-</strong></span> 
     </span>
    </p>
   </div>
   <div class='ocr_carea' id='block_1_18' title="bbox 157 1918 1718 1988">
    <p class='ocr_par' dir='ltr' id='par_1_18' title="bbox 157 1918 1718 1988">
     <span class='ocr_line' id='line_1_18' title="bbox 157 1918 1718 1988; baseline -0.003 -16"><span class='ocrx_word' id='word_1_127' title='bbox 157 1925 274 1988; x_wconf 75' lang='lat' dir='ltr'><strong>ptum</strong></span> <span class='ocrx_word' id='word_1_128' title='bbox 293 1925 482 1986; x_wconf 80' lang='lat' dir='ltr'><strong>vocat),</strong></span> <span class='ocrx_word' id='word_1_129' title='bbox 501 1920 758 1982; x_wconf 78' lang='lat' dir='ltr'><strong>substitit,</strong></span> <span class='ocrx_word' id='word_1_130' title='bbox 774 1919 952 1988; x_wconf 90' lang='lat' dir='ltr'><strong>ibique</strong></span> <span class='ocrx_word' id='word_1_131' title='bbox 973 1918 1322 1970; x_wconf 81' lang='lat' dir='ltr'><strong>mansit.Cum</strong></span> <span class='ocrx_word' id='word_1_132' title='bbox 1339 1927 1516 1969; x_wconf 86' lang='lat' dir='ltr'><strong>autem</strong></span> <span class='ocrx_word' id='word_1_133' title='bbox 1541 1929 1718 1968; x_wconf 87' lang='lat' dir='ltr'><strong>moras</strong></span> 
     </span>
    </p>
   </div>
   <div class='ocr_carea' id='block_1_19' title="bbox 155 2006 1714 2078">
    <p class='ocr_par' dir='ltr' id='par_1_19' title="bbox 155 2006 1714 2078">
     <span class='ocr_line' id='line_1_19' title="bbox 155 2006 1714 2078; baseline -0.003 -16"><span class='ocrx_word' id='word_1_134' title='bbox 155 2019 380 2074; x_wconf 80' lang='lat' dir='ltr'><strong>necteret,</strong></span> <span class='ocrx_word' id='word_1_135' title='bbox 415 2025 586 2078; x_wconf 77' lang='lat' dir='ltr'><strong>neque</strong></span> <span class='ocrx_word' id='word_1_136' title='bbox 617 2009 818 2078; x_wconf 76' lang='lat' dir='ltr'><strong>ingredi</strong></span> <span class='ocrx_word' id='word_1_137' title='bbox 849 2009 1023 2070; x_wconf 81' lang='lat' dir='ltr'><strong>vellet,</strong></span> <span class='ocrx_word' id='word_1_138' title='bbox 1051 2007 1199 2075; x_wconf 85' lang='lat' dir='ltr'><strong>plebs</strong></span> <span class='ocrx_word' id='word_1_139' title='bbox 1225 2007 1274 2058; x_wconf 89' lang='lat' dir='ltr'><strong>in</strong></span> <span class='ocrx_word' id='word_1_140' title='bbox 1300 2006 1714 2074; x_wconf 75' lang='lat' dir='ltr'><strong>indignatiomnn</strong></span> 
     </span>
    </p>
   </div>
   <div class='ocr_carea' id='block_1_20' title="bbox 157 2099 1714 2170">
    <p class='ocr_par' dir='ltr' id='par_1_20' title="bbox 157 2099 1714 2170">
     <span class='ocr_line' id='line_1_20' title="bbox 157 2099 1714 2170; baseline -0.001 -17"><span class='ocrx_word' id='word_1_141' title='bbox 157 2102 379 2170; x_wconf 73' lang='lat' dir='ltr'><strong>prorupit,</strong></span> <span class='ocrx_word' id='word_1_142' title='bbox 421 2103 710 2170; x_wconf 81' lang='lat' dir='ltr'><strong>statimque</strong></span> <span class='ocrx_word' id='word_1_143' title='bbox 739 2101 789 2154; x_wconf 89' lang='lat' dir='ltr'><strong>in</strong></span> <span class='ocrx_word' id='word_1_144' title='bbox 837 2101 979 2168; x_wconf 86' lang='lat' dir='ltr'><strong>ipsos</strong></span> <span class='ocrx_word' id='word_1_145' title='bbox 1031 2099 1386 2168; x_wconf 83' lang='lat' dir='ltr'><strong>imperatores</strong></span> <span class='ocrx_word' id='word_1_146' title='bbox 1434 2099 1714 2152; x_wconf 77' lang='lat' dir='ltr'><strong>maledicta</strong></span> 
     </span>
    </p>
   </div>
   <div class='ocr_carea' id='block_1_21' title="bbox 157 2189 1714 2260">
    <p class='ocr_par' dir='ltr' id='par_1_21' title="bbox 157 2189 1714 2260">
     <span class='ocr_line' id='line_1_21' title="bbox 157 2189 1714 2260; baseline -0.001 -18"><span class='ocrx_word' id='word_1_147' title='bbox 157 2191 414 2260; x_wconf 61' lang='lat' dir='ltr'><strong>cu’nigessit.</strong></span> <span class='ocrx_word' id='word_1_148' title='bbox 447 2191 679 2260; x_wconf 85' lang='lat' dir='ltr'><strong>ideoque</strong></span> <span class='ocrx_word' id='word_1_149' title='bbox 721 2190 1135 2258; x_wconf 77' lang='lat' dir='ltr'><strong>Chrysostomus</strong></span> <span class='ocrx_word' id='word_1_150' title='bbox 1181 2191 1232 2242; x_wconf 89' lang='lat' dir='ltr'><strong>in</strong></span> <span class='ocrx_word' id='word_1_151' title='bbox 1283 2189 1464 2243; x_wconf 90' lang='lat' dir='ltr'><strong>urbem</strong></span> <span class='ocrx_word' id='word_1_152' title='bbox 1513 2189 1714 2258; x_wconf 84' lang='lat' dir='ltr'><strong>ingredi</strong></span> 
     </span>
    </p>
   </div>
   <div class='ocr_carea' id='block_1_22' title="bbox 157 2278 1713 2348">
    <p class='ocr_par' dir='ltr' id='par_1_22' title="bbox 157 2278 1713 2348">
     <span class='ocr_line' id='line_1_22' title="bbox 157 2278 1713 2348; baseline -0.001 -16"><span class='ocrx_word' id='word_1_153' title='bbox 157 2291 338 2334; x_wconf 71' lang='lat' dir='ltr'><strong>coactus</strong></span> <span class='ocrx_word' id='word_1_154' title='bbox 361 2291 459 2345; x_wconf 85' lang='lat' dir='ltr'><strong>est,</strong></span> <span class='ocrx_word' id='word_1_155' title='bbox 487 2281 700 2334; x_wconf 82' lang='lat' dir='ltr'><strong>obviam</strong></span> <span class='ocrx_word' id='word_1_156' title='bbox 744 2279 816 2333; x_wconf 83' lang='lat' dir='ltr'><strong>illi</strong></span> <span class='ocrx_word' id='word_1_157' title='bbox 853 2279 992 2332; x_wconf 82' lang='lat' dir='ltr'><strong>venit</strong></span> <span class='ocrx_word' id='word_1_158' title='bbox 1019 2278 1298 2333; x_wconf 85' lang='lat' dir='ltr'><strong>multitudo</strong></span> <span class='ocrx_word' id='word_1_159' title='bbox 1329 2279 1486 2348; x_wconf 76' lang='lat' dir='ltr'><strong>vulgi,</strong></span> <span class='ocrx_word' id='word_1_160' title='bbox 1515 2287 1568 2331; x_wconf 89' lang='lat' dir='ltr'><strong>et</strong></span> <span class='ocrx_word' id='word_1_161' title='bbox 1595 2294 1713 2332; x_wconf 89' lang='lat' dir='ltr'><strong>cum</strong></span> 
     </span>
    </p>
   </div>
   <div class='ocr_carea' id='block_1_23' title="bbox 155 2369 1715 2435">
    <p class='ocr_par' dir='ltr' id='par_1_23' title="bbox 155 2369 1715 2435">
     <span class='ocr_line' id='line_1_23' title="bbox 155 2369 1715 2435; baseline -0.001 -13"><span class='ocrx_word' id='word_1_162' title='bbox 155 2385 329 2424; x_wconf 79' lang='lat' dir='ltr'><strong>surmna</strong></span> <span class='ocrx_word' id='word_1_163' title='bbox 365 2373 662 2425; x_wconf 83' lang='lat' dir='ltr'><strong>reverentia</strong></span> <span class='ocrx_word' id='word_1_164' title='bbox 695 2371 747 2424; x_wconf 92' lang='lat' dir='ltr'><strong>in</strong></span> <span class='ocrx_word' id='word_1_165' title='bbox 777 2371 1058 2424; x_wconf 88' lang='lat' dir='ltr'><strong>ecclesiam</strong></span> <span class='ocrx_word' id='word_1_166' title='bbox 1085 2369 1320 2434; x_wconf 87' lang='lat' dir='ltr'><strong>deducit,</strong></span> <span class='ocrx_word' id='word_1_167' title='bbox 1354 2384 1512 2424; x_wconf 85' lang='lat' dir='ltr'><strong>orans</strong></span> <span class='ocrx_word' id='word_1_168' title='bbox 1541 2377 1596 2422; x_wconf 91' lang='lat' dir='ltr'><strong>ut</strong></span> <span class='ocrx_word' id='word_1_169' title='bbox 1619 2383 1715 2435; x_wconf 91' lang='lat' dir='ltr'><strong>pro</strong></span> 
     </span>
    </p>
   </div>
   <div class='ocr_carea' id='block_1_24' title="bbox 157 2459 1714 2528">
    <p class='ocr_par' dir='ltr' id='par_1_24' title="bbox 157 2459 1714 2528">
     <span class='ocr_line' id='line_1_24' title="bbox 157 2459 1714 2528; baseline 0 -18"><span class='ocrx_word' id='word_1_170' title='bbox 157 2478 276 2514; x_wconf 67' lang='lat' dir='ltr'><strong>more</strong></span> <span class='ocrx_word' id='word_1_171' title='bbox 318 2477 410 2514; x_wconf 85' lang='lat' dir='ltr'><strong>suo</strong></span> <span class='ocrx_word' id='word_1_172' title='bbox 459 2462 510 2515; x_wconf 88' lang='lat' dir='ltr'><strong>in</strong></span> <span class='ocrx_word' id='word_1_173' title='bbox 561 2461 848 2528; x_wconf 85' lang='lat' dir='ltr'><strong>episc0pali</strong></span> <span class='ocrx_word' id='word_1_174' title='bbox 899 2459 1148 2514; x_wconf 80' lang='lat' dir='ltr'><strong>cathedra</strong></span> <span class='ocrx_word' id='word_1_175' title='bbox 1191 2459 1393 2520; x_wconf 86' lang='lat' dir='ltr'><strong>sedeat,</strong></span> <span class='ocrx_word' id='word_1_176' title='bbox 1439 2469 1490 2512; x_wconf 89' lang='lat' dir='ltr'><strong>et</strong></span> <span class='ocrx_word' id='word_1_177' title='bbox 1531 2474 1714 2526; x_wconf 85' lang='lat' dir='ltr'><strong>pacem</strong></span> 
     </span>
    </p>
   </div>
   <div class='ocr_carea' id='block_1_25' title="bbox 159 2548 1714 2620">
    <p class='ocr_par' dir='ltr' id='par_1_25' title="bbox 159 2548 1714 2620">
     <span class='ocr_line' id='line_1_25' title="bbox 159 2548 1714 2620; baseline -0.001 -16"><span class='ocrx_word' id='word_1_178' title='bbox 159 2552 317 2618; x_wconf 64' lang='lat' dir='ltr'><strong>:ropalo</strong></span> <span class='ocrx_word' id='word_1_179' title='bbox 345 2561 682 2620; x_wconf 74' lang='lat' dir='ltr'><strong>apprecatur.</strong></span> <span class='ocrx_word' id='word_1_180' title='bbox 713 2548 842 2603; x_wconf 81' lang='lat' dir='ltr'><strong>Cum</strong></span> <span class='ocrx_word' id='word_1_181' title='bbox 887 2558 1157 2603; x_wconf 82' lang='lat' dir='ltr'><strong>recusaret</strong></span> <span class='ocrx_word' id='word_1_182' title='bbox 1205 2550 1291 2603; x_wconf 90' lang='lat' dir='ltr'><strong>ille</strong></span> <span class='ocrx_word' id='word_1_183' title='bbox 1315 2564 1380 2602; x_wconf 90' lang='lat' dir='ltr'><strong>ac</strong></span> <span class='ocrx_word' id='word_1_184' title='bbox 1409 2549 1630 2612; x_wconf 78' lang='lat' dir='ltr'><strong>diceret,</strong></span> <span class='ocrx_word' id='word_1_185' title='bbox 1663 2548 1714 2602; x_wconf 89' lang='lat' dir='ltr'><strong>id</strong></span> 
     </span>
    </p>
   </div>
   <div class='ocr_carea' id='block_1_26' title="bbox 157 2640 1714 2709">
    <p class='ocr_par' dir='ltr' id='par_1_26' title="bbox 157 2640 1714 2709">
     <span class='ocr_line' id='line_1_26' title="bbox 157 2640 1714 2709; baseline 0.001 -17"><span class='ocrx_word' id='word_1_186' title='bbox 157 2645 358 2706; x_wconf 59' lang='lat' dir='ltr'><strong>iudicum</strong></span> <span class='ocrx_word' id='word_1_187' title='bbox 401 2643 620 2696; x_wconf 86' lang='lat' dir='ltr'><strong>decreto</strong></span> <span class='ocrx_word' id='word_1_188' title='bbox 667 2641 779 2694; x_wconf 82' lang='lat' dir='ltr'><strong>ﬁeri</strong></span> <span class='ocrx_word' id='word_1_189' title='bbox 817 2656 948 2708; x_wconf 79' lang='lat' dir='ltr'><strong>Opus</strong></span> <span class='ocrx_word' id='word_1_190' title='bbox 983 2655 1130 2706; x_wconf 86' lang='lat' dir='ltr'><strong>esse,</strong></span> <span class='ocrx_word' id='word_1_191' title='bbox 1163 2649 1213 2692; x_wconf 86' lang='lat' dir='ltr'><strong>ct</strong></span> <span class='ocrx_word' id='word_1_192' title='bbox 1249 2649 1497 2709; x_wconf 87' lang='lat' dir='ltr'><strong>oportere</strong></span> <span class='ocrx_word' id='word_1_193' title='bbox 1528 2647 1586 2692; x_wconf 87' lang='lat' dir='ltr'><strong>ut</strong></span> <span class='ocrx_word' id='word_1_194' title='bbox 1633 2640 1714 2693; x_wconf 81' lang='lat' dir='ltr'><strong>iia</strong></span> 
     </span>
    </p>
   </div>
   <div class='ocr_carea' id='block_1_27' title="bbox 159 2731 1712 2800">
    <p class='ocr_par' dir='ltr' id='par_1_27' title="bbox 159 2731 1712 2800">
     <span class='ocr_line' id='line_1_27' title="bbox 159 2731 1712 2800; baseline -0.001 -16"><span class='ocrx_word' id='word_1_195' title='bbox 159 2733 312 2800; x_wconf 72' lang='lat' dir='ltr'><strong>quibus</strong></span> <span class='ocrx_word' id='word_1_196' title='bbox 347 2735 734 2787; x_wconf 81' lang='lat' dir='ltr'><strong>condemnatus</strong></span> <span class='ocrx_word' id='word_1_197' title='bbox 757 2731 947 2795; x_wconf 81' lang='lat' dir='ltr'><strong>fuerat,</strong></span> <span class='ocrx_word' id='word_1_198' title='bbox 977 2732 1144 2799; x_wconf 82' lang='lat' dir='ltr'><strong>ipsum</strong></span> <span class='ocrx_word' id='word_1_199' title='bbox 1177 2731 1513 2784; x_wconf 65' lang='lat' dir='ltr'><strong>absolverent</strong></span> <span class='ocrx_word' id='word_1_200' title='bbox 1543 2739 1712 2782; x_wconf 81' lang='lat' dir='ltr'><strong>:‘tunc</strong></span> 
     </span>
    </p>
   </div>
   <div class='ocr_carea' id='block_1_28' title="bbox 159 2821 1713 2896">
    <p class='ocr_par' dir='ltr' id='par_1_28' title="bbox 159 2821 1713 2896">
     <span class='ocr_line' id='line_1_28' title="bbox 159 2821 1713 2896; baseline -0.001 -24"><span class='ocrx_word' id='word_1_201' title='bbox 159 2828 346 2892; x_wconf 57' lang='lat' dir='ltr'><strong>papulas</strong></span> <span class='ocrx_word' id='word_1_202' title='bbox 377 2827 542 2896; x_wconf 79' lang='lat' dir='ltr'><strong>magis</strong></span> <span class='ocrx_word' id='word_1_203' title='bbox 573 2825 844 2893; x_wconf 77' lang='lat' dir='ltr'><strong>magisque</strong></span> <span class='ocrx_word' id='word_1_204' title='bbox 867 2823 1161 2876; x_wconf 88' lang='lat' dir='ltr'><strong>concitatus</strong></span> <span class='ocrx_word' id='word_1_205' title='bbox 1190 2823 1358 2889; x_wconf 80' lang='lat' dir='ltr'><strong>ipsum</strong></span> <span class='ocrx_word' id='word_1_206' title='bbox 1393 2821 1713 2873; x_wconf 71' lang='lat' dir='ltr'><strong>concionari-</strong></span> 
     </span>
    </p>
   </div>
   <div class='ocr_carea' id='block_1_29' title="bbox 161 2911 1709 2979">
    <p class='ocr_par' dir='ltr' id='par_1_29' title="bbox 161 2911 1709 2979">
     <span class='ocr_line' id='line_1_29' title="bbox 161 2911 1709 2979; baseline -0.005 -12"><span class='ocrx_word' id='word_1_207' title='bbox 161 2929 240 2967; x_wconf 67' lang='lat' dir='ltr'><strong>tein</strong></span> <span class='ocrx_word' id='word_1_208' title='bbox 279 2917 448 2970; x_wconf 73' lang='lat' dir='ltr'><strong>ridere</strong></span> <span class='ocrx_word' id='word_1_209' title='bbox 501 2915 722 2968; x_wconf 80' lang='lat' dir='ltr'><strong>cumino</strong></span> <span class='ocrx_word' id='word_1_210' title='bbox 765 2915 966 2976; x_wconf 76' lang='lat' dir='ltr'><strong>voluit,</strong></span> <span class='ocrx_word' id='word_1_211' title='bbox 1012 2913 1322 2974; x_wconf 80' lang='lat' dir='ltr'><strong>etJoannes</strong></span> <span class='ocrx_word' id='word_1_212' title='bbox 1365 2911 1464 2979; x_wconf 87' lang='lat' dir='ltr'><strong>ipsi</strong></span> <span class='ocrx_word' id='word_1_213' title='bbox 1507 2925 1709 2961; x_wconf 83' lang='lat' dir='ltr'><strong>tnorem</strong></span> 
     </span>
    </p>
   </div>
   <div class='ocr_carea' id='block_1_30' title="bbox 161 3000 1252 3075">
    <p class='ocr_par' dir='ltr' id='par_1_30' title="bbox 161 3000 1252 3075">
     <span class='ocr_line' id='line_1_30' title="bbox 161 3000 1252 3075; baseline -0.001 -15"><span class='ocrx_word' id='word_1_214' title='bbox 161 3023 314 3075; x_wconf 69' lang='lat' dir='ltr'><strong>gerere</strong></span> <span class='ocrx_word' id='word_1_215' title='bbox 335 3016 546 3062; x_wconf 86' lang='lat' dir='ltr'><strong>coactus</strong></span> <span class='ocrx_word' id='word_1_216' title='bbox 573 3017 674 3061; x_wconf 87' lang='lat' dir='ltr'><strong>est.</strong></span> <span class='ocrx_word' id='word_1_217' title='bbox 1249 3000 1252 3002; x_wconf 58' lang='grc'>’</span> 
     </span>
    </p>
   </div>
   <div class='ocr_carea' id='block_1_31' title="bbox 215 3095 1714 3169">
    <p class='ocr_par' dir='ltr' id='par_1_31' title="bbox 215 3095 1714 3169">
     <span class='ocr_line' id='line_1_31' title="bbox 215 3095 1714 3169; baseline -0.002 -18"><span class='ocrx_word' id='word_1_218' title='bbox 215 3097 372 3153; x_wconf 69' lang='lat' dir='ltr'><strong>Redit]:</strong></span> <span class='ocrx_word' id='word_1_219' title='bbox 395 3099 779 3169; x_wconf 76' lang='lat' dir='ltr'><strong>Chrysostomus</strong></span> <span class='ocrx_word' id='word_1_220' title='bbox 801 3098 1051 3152; x_wconf 81' lang='lat' dir='ltr'><strong>orationes</strong></span> <span class='ocrx_word' id='word_1_221' title='bbox 1071 3097 1198 3148; x_wconf 81' lang='lat' dir='ltr'><strong>duas</strong></span> <span class='ocrx_word' id='word_1_222' title='bbox 1224 3095 1525 3149; x_wconf 68' lang='lat' dir='ltr'><strong>Itobet.—~in</strong></span> <span class='ocrx_word' id='word_1_223' title='bbox 1544 3095 1714 3150; x_wconf 85' lang='lat' dir='ltr'><strong>eccle-</strong></span> 
     </span>
    </p>
   </div>
   <div class='ocr_carea' id='block_1_32' title="bbox 160 3189 1708 3260">
    <p class='ocr_par' dir='ltr' id='par_1_32' title="bbox 160 3189 1708 3260">
     <span class='ocr_line' id='line_1_32' title="bbox 160 3189 1708 3260; baseline -0.002 -18"><span class='ocrx_word' id='word_1_224' title='bbox 160 3189 216 3242; x_wconf 75' lang='lat' dir='ltr'><strong>sia</strong></span> <span class='ocrx_word' id='word_1_225' title='bbox 239 3205 396 3244; x_wconf 81' lang='lat' dir='ltr'><strong>autem</strong></span> <span class='ocrx_word' id='word_1_226' title='bbox 425 3193 828 3260; x_wconf 80' lang='lat' dir='ltr'><strong>Apostolorum,</strong></span> <span class='ocrx_word' id='word_1_227' title='bbox 863 3189 914 3242; x_wconf 88' lang='lat' dir='ltr'><strong>in</strong></span> <span class='ocrx_word' id='word_1_228' title='bbox 941 3204 1097 3258; x_wconf 89' lang='lat' dir='ltr'><strong>quam</strong></span> <span class='ocrx_word' id='word_1_229' title='bbox 1141 3198 1265 3241; x_wconf 86' lang='lat' dir='ltr'><strong>tunc</strong></span> <span class='ocrx_word' id='word_1_230' title='bbox 1297 3190 1566 3258; x_wconf 78' lang='lat' dir='ltr'><strong>ingressus</strong></span> <span class='ocrx_word' id='word_1_231' title='bbox 1607 3196 1708 3253; x_wconf 85' lang='lat' dir='ltr'><strong>est,</strong></span> 
     </span>
    </p>
   </div>
   <div class='ocr_carea' id='block_1_33' title="bbox 161 3278 1710 3348">
    <p class='ocr_par' dir='ltr' id='par_1_33' title="bbox 161 3278 1710 3348">
     <span class='ocr_line' id='line_1_33' title="bbox 161 3278 1710 3348; baseline -0.001 -15"><span class='ocrx_word' id='word_1_232' title='bbox 161 3282 430 3336; x_wconf 79' lang='lat' dir='ltr'><strong>concionem</strong></span> <span class='ocrx_word' id='word_1_233' title='bbox 471 3281 889 3348; x_wconf 77' lang='lat' dir='ltr'><strong>extemporalem</strong></span> <span class='ocrx_word' id='word_1_234' title='bbox 919 3287 971 3332; x_wconf 91' lang='lat' dir='ltr'><strong>et</strong></span> <span class='ocrx_word' id='word_1_235' title='bbox 1001 3278 1370 3332; x_wconf 87' lang='lat' dir='ltr'><strong>brevissimam</strong></span> <span class='ocrx_word' id='word_1_236' title='bbox 1415 3278 1600 3330; x_wconf 85' lang='lat' dir='ltr'><strong>habuit</strong></span> <span class='ocrx_word' id='word_1_237' title='bbox 1646 3278 1710 3332; x_wconf 89' lang='lat' dir='ltr'><strong>ad</strong></span> 
     </span>
    </p>
   </div>
   <div class='ocr_carea' id='block_1_34' title="bbox 161 3367 1708 3438">
    <p class='ocr_par' dir='ltr' id='par_1_34' title="bbox 161 3367 1708 3438">
     <span class='ocr_line' id='line_1_34' title="bbox 161 3367 1708 3438; baseline -0.003 -14"><span class='ocrx_word' id='word_1_238' title='bbox 161 3373 388 3438; x_wconf 71' lang='lat' dir='ltr'><strong>cr-pulum,</strong></span> <span class='ocrx_word' id='word_1_239' title='bbox 415 3372 503 3426; x_wconf 90' lang='lat' dir='ltr'><strong>ubi</strong></span> <span class='ocrx_word' id='word_1_240' title='bbox 535 3373 645 3425; x_wconf 86' lang='lat' dir='ltr'><strong>Deo</strong></span> <span class='ocrx_word' id='word_1_241' title='bbox 673 3370 942 3424; x_wconf 84' lang='lat' dir='ltr'><strong>multoties</strong></span> <span class='ocrx_word' id='word_1_242' title='bbox 967 3369 1258 3431; x_wconf 75' lang='lat' dir='ltr'><strong>benedixit,</strong></span> <span class='ocrx_word' id='word_1_243' title='bbox 1277 3378 1328 3422; x_wconf 93' lang='lat' dir='ltr'><strong>et</strong></span> <span class='ocrx_word' id='word_1_244' title='bbox 1347 3367 1482 3423; x_wconf 90' lang='lat' dir='ltr'><strong>hanc</strong></span> <span class='ocrx_word' id='word_1_245' title='bbox 1501 3383 1708 3434; x_wconf 88' lang='lat' dir='ltr'><strong>vocem,</strong></span> 
     </span>
    </p>
   </div>
   <div class='ocr_carea' id='block_1_35' title="bbox 163 3458 1706 3529">
    <p class='ocr_par' dir='ltr' id='par_1_35' title="bbox 163 3458 1706 3529">
     <span class='ocr_line' id='line_1_35' title="bbox 163 3458 1706 3529; baseline 0 -19"><span class='ocrx_word' id='word_1_246' title='bbox 163 3459 416 3515; x_wconf 65' lang='lat' dir='ltr'><strong>Praedicta;</strong></span> <span class='ocrx_word' id='word_1_247' title='bbox 467 3461 636 3528; x_wconf 79' lang='lat' dir='ltr'><strong>Dens,</strong></span> <span class='ocrx_word' id='word_1_248' title='bbox 689 3460 992 3528; x_wconf 81' lang='lat' dir='ltr'><strong>frequenter</strong></span> <span class='ocrx_word' id='word_1_249' title='bbox 1033 3458 1393 3528; x_wconf 81' lang='lat' dir='ltr'><strong>pronuntiavit</strong></span> <span class='ocrx_word' id='word_1_250' title='bbox 1422 3458 1706 3529; x_wconf 75' lang='lat' dir='ltr'><strong>(Chrysost.</strong></span> 
     </span>
    </p>
   </div>
   <div class='ocr_carea' id='block_1_36' title="bbox 161 3550 1708 3620">
    <p class='ocr_par' dir='ltr' id='par_1_36' title="bbox 161 3550 1708 3620">
     <span class='ocr_line' id='line_1_36' title="bbox 161 3550 1708 3620; baseline 0.004 -23"><span class='ocrx_word' id='word_1_251' title='bbox 161 3557 190 3598; x_wconf 71' lang='grc' dir='ltr'><strong>ε.</strong></span> <span class='ocrx_word' id='word_1_252' title='bbox 223 3561 258 3604; x_wconf 76' lang='grc' dir='ltr'><strong>ι’.</strong></span> <span class='ocrx_word' id='word_1_253' title='bbox 297 3550 434 3617; x_wconf 68' lang='grc' dir='ltr'><strong>ιὲ-ὗυ)</strong></span> <span class='ocrx_word' id='word_1_254' title='bbox 493 3571 506 3606; x_wconf 90' lang='lat'>:</span> <span class='ocrx_word' id='word_1_255' title='bbox 561 3552 795 3620; x_wconf 82' lang='lat' dir='ltr'><strong>dicitque</strong></span> <span class='ocrx_word' id='word_1_256' title='bbox 841 3551 1083 3604; x_wconf 86' lang='lat' dir='ltr'><strong>inimicos</strong></span> <span class='ocrx_word' id='word_1_257' title='bbox 1125 3565 1251 3604; x_wconf 88' lang='lat' dir='ltr'><strong>suos</strong></span> <span class='ocrx_word' id='word_1_258' title='bbox 1293 3561 1559 3603; x_wconf 85' lang='lat' dir='ltr'><strong>amatores</strong></span> <span class='ocrx_word' id='word_1_259' title='bbox 1609 3551 1708 3604; x_wconf 81' lang='lat' dir='ltr'><strong>sibi</strong></span> 
     </span>
    </p>
   </div>
   <div class='ocr_carea' id='block_1_37' title="bbox 163 3641 1712 3712">
    <p class='ocr_par' dir='ltr' id='par_1_37' title="bbox 163 3641 1712 3712">
     <span class='ocr_line' id='line_1_37' title="bbox 163 3641 1712 3712; baseline 0.003 -22"><span class='ocrx_word' id='word_1_260' title='bbox 163 3643 320 3694; x_wconf 78' lang='lat' dir='ltr'><strong>multos</strong></span> <span class='ocrx_word' id='word_1_261' title='bbox 365 3645 734 3698; x_wconf 73' lang='lat' dir='ltr'><strong>conciliavisse</strong></span> <span class='ocrx_word' id='word_1_262' title='bbox 773 3647 1040 3712; x_wconf 78' lang='lat' dir='ltr'><strong>etiamque</strong></span> <span class='ocrx_word' id='word_1_263' title='bbox 1067 3641 1301 3706; x_wconf 79' lang='lat' dir='ltr'><strong>Judacos,</strong></span> <span class='ocrx_word' id='word_1_264' title='bbox 1333 3641 1472 3710; x_wconf 87' lang='lat' dir='ltr'><strong>quod</strong></span> <span class='ocrx_word' id='word_1_265' title='bbox 1503 3649 1556 3694; x_wconf 91' lang='lat' dir='ltr'><strong>et</strong></span> <span class='ocrx_word' id='word_1_266' title='bbox 1577 3641 1712 3694; x_wconf 78' lang='lat' dir='ltr'><strong>infra</strong></span> 
     </span>
    </p>
   </div>
   <div class='ocr_carea' id='block_1_38' title="bbox 165 3731 1711 3801">
    <p class='ocr_par' dir='ltr' id='par_1_38' title="bbox 165 3731 1711 3801">
     <span class='ocr_line' id='line_1_38' title="bbox 165 3731 1711 3801; baseline 0 -17"><span class='ocrx_word' id='word_1_267' title='bbox 165 3735 334 3798; x_wconf 63' lang='lat' dir='ltr'><strong>f‘rpetit.</strong></span> <span class='ocrx_word' id='word_1_268' title='bbox 367 3735 436 3788; x_wconf 73' lang='lat' dir='ltr'><strong>Ac</strong></span> <span class='ocrx_word' id='word_1_269' title='bbox 469 3735 536 3788; x_wconf 85' lang='lat' dir='ltr'><strong>de</strong></span> <span class='ocrx_word' id='word_1_270' title='bbox 569 3743 716 3787; x_wconf 81' lang='lat' dir='ltr'><strong>tanta</strong></span> <span class='ocrx_word' id='word_1_271' title='bbox 748 3733 1086 3787; x_wconf 86' lang='lat' dir='ltr'><strong>multitudine</strong></span> <span class='ocrx_word' id='word_1_272' title='bbox 1113 3732 1368 3801; x_wconf 78' lang='lat' dir='ltr'><strong>gaudens,</strong></span> <span class='ocrx_word' id='word_1_273' title='bbox 1391 3731 1569 3784; x_wconf 66' lang='lat' dir='ltr'><strong>laetitia</strong></span> <span class='ocrx_word' id='word_1_274' title='bbox 1589 3747 1711 3800; x_wconf 86' lang='lat' dir='ltr'><strong>pcr-</strong></span> 
     </span>
    </p>
   </div>
   <div class='ocr_carea' id='block_1_39' title="bbox 167 3823 1714 3892">
    <p class='ocr_par' dir='ltr' id='par_1_39' title="bbox 167 3823 1714 3892">
     <span class='ocr_line' id='line_1_39' title="bbox 167 3823 1714 3892; baseline 0.001 -19"><span class='ocrx_word' id='word_1_275' title='bbox 167 3823 278 3878; x_wconf 76' lang='lat' dir='ltr'><strong>t&#39;asus</strong></span> <span class='ocrx_word' id='word_1_276' title='bbox 317 3829 476 3882; x_wconf 80' lang='lat' dir='ltr'><strong>dicit:</strong></span> <span class='ocrx_word' id='word_1_277' title='bbox 515 3828 686 3881; x_wconf 80' lang='lat' dir='ltr'><strong>Hodie</strong></span> <span class='ocrx_word' id='word_1_278' title='bbox 729 3829 977 3882; x_wconf 76' lang='lat' dir='ltr'><strong>circenses</strong></span> <span class='ocrx_word' id='word_1_279' title='bbox 1019 3835 1154 3892; x_wconf 81' lang='lat' dir='ltr'><strong>sunt,</strong></span> <span class='ocrx_word' id='word_1_280' title='bbox 1181 3835 1225 3878; x_wconf 85' lang='lat' dir='ltr'><strong>et</strong></span> <span class='ocrx_word' id='word_1_281' title='bbox 1253 3841 1396 3878; x_wconf 87' lang='lat' dir='ltr'><strong>nemo</strong></span> <span class='ocrx_word' id='word_1_282' title='bbox 1443 3825 1600 3889; x_wconf 75' lang='lat' dir='ltr'><strong>adest,</strong></span> <span class='ocrx_word' id='word_1_283' title='bbox 1627 3823 1714 3876; x_wconf 85' lang='lat' dir='ltr'><strong>sed</strong></span> 
     </span>
    </p>
   </div>
   <div class='ocr_carea' id='block_1_40' title="bbox 165 3917 1714 3987">
    <p class='ocr_par' dir='ltr' id='par_1_40' title="bbox 165 3917 1714 3987">
     <span class='ocr_line' id='line_1_40' title="bbox 165 3917 1714 3987; baseline 0.005 -24"><span class='ocrx_word' id='word_1_284' title='bbox 165 3931 300 3970; x_wconf 69' lang='lat' dir='ltr'><strong>natura</strong></span> <span class='ocrx_word' id='word_1_285' title='bbox 335 3921 384 3971; x_wconf 79' lang='lat' dir='ltr'><strong>in</strong></span> <span class='ocrx_word' id='word_1_286' title='bbox 425 3921 687 3973; x_wconf 68' lang='lat' dir='ltr'><strong>cccicsium</strong></span> <span class='ocrx_word' id='word_1_287' title='bbox 737 3937 824 3973; x_wconf 79' lang='lat' dir='ltr'><strong>ceu</strong></span> <span class='ocrx_word' id='word_1_288' title='bbox 879 3930 1118 3972; x_wconf 77' lang='lat' dir='ltr'><strong>torrentes</strong></span> <span class='ocrx_word' id='word_1_289' title='bbox 1162 3919 1534 3987; x_wconf 69' lang='lat' dir='ltr'><strong>conﬂuxerunt.</strong></span> <span class='ocrx_word' id='word_1_290' title='bbox 1563 3917 1632 3970; x_wconf 89' lang='lat' dir='ltr'><strong>Se</strong></span> <span class='ocrx_word' id='word_1_291' title='bbox 1663 3918 1714 3970; x_wconf 89' lang='lat' dir='ltr'><strong>in</strong></span> 
     </span>
    </p>
   </div>
   <div class='ocr_carea' id='block_1_41' title="bbox 169 4007 1713 4080">
    <p class='ocr_par' dir='ltr' id='par_1_41' title="bbox 169 4007 1713 4080">
     <span class='ocr_line' id='line_1_41' title="bbox 169 4007 1713 4080; baseline 0.001 -22"><span class='ocrx_word' id='word_1_292' title='bbox 169 4009 352 4064; x_wconf 76' lang='lat' dir='ltr'><strong>ecclesia</strong></span> <span class='ocrx_word' id='word_1_293' title='bbox 379 4012 468 4066; x_wconf 84' lang='lat' dir='ltr'><strong>SS.</strong></span> <span class='ocrx_word' id='word_1_294' title='bbox 505 4012 880 4080; x_wconf 72' lang='lat' dir='ltr'><strong>Apostolorum</strong></span> <span class='ocrx_word' id='word_1_295' title='bbox 931 4011 1232 4066; x_wconf 89' lang='lat' dir='ltr'><strong>concionari</strong></span> <span class='ocrx_word' id='word_1_296' title='bbox 1265 4009 1588 4072; x_wconf 77' lang='lat' dir='ltr'><strong>testificatur,</strong></span> <span class='ocrx_word' id='word_1_297' title='bbox 1627 4007 1713 4060; x_wconf 88' lang='lat' dir='ltr'><strong>ubi</strong></span> 
     </span>
    </p>
   </div>
   <div class='ocr_carea' id='block_1_42' title="bbox 167 4099 1714 4172">
    <p class='ocr_par' dir='ltr' id='par_1_42' title="bbox 167 4099 1714 4172">
     <span class='ocr_line' id='line_1_42' title="bbox 167 4099 1714 4172; baseline -0.001 -21"><span class='ocrx_word' id='word_1_298' title='bbox 167 4112 286 4154; x_wconf 77' lang='lat' dir='ltr'><strong>erant</strong></span> <span class='ocrx_word' id='word_1_299' title='bbox 309 4103 358 4156; x_wconf 87' lang='lat' dir='ltr'><strong>S.</strong></span> <span class='ocrx_word' id='word_1_300' title='bbox 387 4103 651 4157; x_wconf 81' lang='lat' dir='ltr'><strong>Timothei</strong></span> <span class='ocrx_word' id='word_1_301' title='bbox 695 4103 952 4172; x_wconf 59' lang='lat' dir='ltr'><strong>reliquiae.</strong></span> <span class='ocrx_word' id='word_1_302' title='bbox 987 4103 1041 4155; x_wconf 90' lang='lat' dir='ltr'><strong>ln</strong></span> <span class='ocrx_word' id='word_1_303' title='bbox 1071 4103 1174 4156; x_wconf 72' lang='lat' dir='ltr'><strong>fine</strong></span> <span class='ocrx_word' id='word_1_304' title='bbox 1215 4117 1340 4155; x_wconf 88' lang='lat' dir='ltr'><strong>vero</strong></span> <span class='ocrx_word' id='word_1_305' title='bbox 1371 4101 1523 4169; x_wconf 89' lang='lat' dir='ltr'><strong>lupos</strong></span> <span class='ocrx_word' id='word_1_306' title='bbox 1563 4099 1714 4151; x_wconf 80' lang='lat' dir='ltr'><strong>aufu-</strong></span> 
     </span>
    </p>
   </div>
   <div class='ocr_carea' id='block_1_43' title="bbox 168 4188 1713 4262">
    <p class='ocr_par' dir='ltr' id='par_1_43' title="bbox 168 4188 1713 4262">
     <span class='ocr_line' id='line_1_43' title="bbox 168 4188 1713 4262; baseline 0 -20"><span class='ocrx_word' id='word_1_307' title='bbox 168 4191 276 4257; x_wconf 71' lang='lat' dir='ltr'><strong>gisse</strong></span> <span class='ocrx_word' id='word_1_308' title='bbox 300 4193 435 4261; x_wconf 86' lang='lat' dir='ltr'><strong>dicit,</strong></span> <span class='ocrx_word' id='word_1_309' title='bbox 455 4209 560 4262; x_wconf 89' lang='lat' dir='ltr'><strong>quo</strong></span> <span class='ocrx_word' id='word_1_310' title='bbox 579 4193 914 4246; x_wconf 84' lang='lat' dir='ltr'><strong>subindicare</strong></span> <span class='ocrx_word' id='word_1_311' title='bbox 929 4193 1139 4246; x_wconf 86' lang='lat' dir='ltr'><strong>videtur</strong></span> <span class='ocrx_word' id='word_1_312' title='bbox 1165 4192 1333 4260; x_wconf 90' lang='lat' dir='ltr'><strong>ipsum</strong></span> <span class='ocrx_word' id='word_1_313' title='bbox 1356 4188 1713 4258; x_wconf 85' lang='lat' dir='ltr'><strong>Theophilum</strong></span> 
     </span>
    </p>
   </div>
   <div class='ocr_carea' id='block_1_44' title="bbox 169 4279 1714 4354">
    <p class='ocr_par' dir='ltr' id='par_1_44' title="bbox 169 4279 1714 4354">
     <span class='ocr_line' id='line_1_44' title="bbox 169 4279 1714 4354; baseline 0 -23"><span class='ocrx_word' id='word_1_314' title='bbox 169 4283 248 4348; x_wconf 73' lang='lat' dir='ltr'><strong>jam</strong></span> <span class='ocrx_word' id='word_1_315' title='bbox 274 4301 330 4340; x_wconf 87' lang='lat' dir='ltr'><strong>ex</strong></span> <span class='ocrx_word' id='word_1_316' title='bbox 355 4287 566 4341; x_wconf 82' lang='lat' dir='ltr'><strong>civitate</strong></span> <span class='ocrx_word' id='word_1_317' title='bbox 596 4300 869 4354; x_wconf 79' lang='lat' dir='ltr'><strong>egressum</strong></span> <span class='ocrx_word' id='word_1_318' title='bbox 898 4298 1016 4337; x_wconf 93' lang='lat' dir='ltr'><strong>esse</strong></span> <span class='ocrx_word' id='word_1_319' title='bbox 1049 4301 1060 4335; x_wconf 96' lang='lat'>:</span> <span class='ocrx_word' id='word_1_320' title='bbox 1094 4298 1210 4351; x_wconf 75' lang='lat' dir='ltr'><strong>qum</strong></span> <span class='ocrx_word' id='word_1_321' title='bbox 1239 4291 1412 4340; x_wconf 88' lang='lat' dir='ltr'><strong>tamen</strong></span> <span class='ocrx_word' id='word_1_322' title='bbox 1457 4295 1543 4332; x_wconf 88' lang='lat' dir='ltr'><strong>res</strong></span> <span class='ocrx_word' id='word_1_323' title='bbox 1571 4279 1714 4332; x_wconf 72' lang='lat' dir='ltr'><strong>ditii-</strong></span> 
     </span>
    </p>
   </div>
   <div class='ocr_carea' id='block_1_45' title="bbox 171 4373 1714 4446">
    <p class='ocr_par' dir='ltr' id='par_1_45' title="bbox 171 4373 1714 4446">
     <span class='ocr_line' id='line_1_45' title="bbox 171 4373 1714 4446; baseline -0.001 -20"><span class='ocrx_word' id='word_1_324' title='bbox 171 4377 328 4432; x_wconf 76' lang='lat' dir='ltr'><strong>tultate</strong></span> <span class='ocrx_word' id='word_1_325' title='bbox 351 4395 448 4432; x_wconf 88' lang='lat' dir='ltr'><strong>non</strong></span> <span class='ocrx_word' id='word_1_326' title='bbox 481 4386 654 4433; x_wconf 87' lang='lat' dir='ltr'><strong>vacat.</strong></span> <span class='ocrx_word' id='word_1_327' title='bbox 685 4379 1002 4446; x_wconf 85' lang='lat' dir='ltr'><strong>insequente</strong></span> <span class='ocrx_word' id='word_1_328' title='bbox 1028 4375 1112 4430; x_wconf 87' lang='lat' dir='ltr'><strong>die</strong></span> <span class='ocrx_word' id='word_1_329' title='bbox 1151 4375 1308 4428; x_wconf 87' lang='lat' dir='ltr'><strong>aliam</strong></span> <span class='ocrx_word' id='word_1_330' title='bbox 1358 4373 1540 4426; x_wconf 88' lang='lat' dir='ltr'><strong>habuit</strong></span> <span class='ocrx_word' id='word_1_331' title='bbox 1581 4388 1714 4425; x_wconf 80' lang='lat' dir='ltr'><strong>cott-</strong></span> 
     </span>
    </p>
   </div>
   <div class='ocr_carea' id='block_1_46' title="bbox 169 4463 1711 4540">
    <p class='ocr_par' dir='ltr' id='par_1_46' title="bbox 169 4463 1711 4540">
     <span class='ocr_line' id='line_1_46' title="bbox 169 4463 1711 4540; baseline 0.001 -22"><span class='ocrx_word' id='word_1_332' title='bbox 169 4467 336 4522; x_wconf 81' lang='lat' dir='ltr'><strong>cionetn</strong></span> <span class='ocrx_word' id='word_1_333' title='bbox 371 4471 664 4540; x_wconf 76' lang='lat' dir='ltr'><strong>longiorem</strong></span> <span class='ocrx_word' id='word_1_334' title='bbox 697 4487 711 4524; x_wconf 85' lang='lat'><strong>:</strong></span> <span class='ocrx_word' id='word_1_335' title='bbox 745 4471 925 4537; x_wconf 90' lang='lat' dir='ltr'><strong>inqua</strong></span> <span class='ocrx_word' id='word_1_336' title='bbox 957 4469 1129 4535; x_wconf 89' lang='lat' dir='ltr'><strong>primo</strong></span> <span class='ocrx_word' id='word_1_337' title='bbox 1175 4467 1503 4519; x_wconf 78' lang='lat' dir='ltr'><strong>Pharaonem</strong></span> <span class='ocrx_word' id='word_1_338' title='bbox 1545 4463 1711 4532; x_wconf 66' lang='lat' dir='ltr'><strong>IEgy-</strong></span> 
     </span>
    </p>
   </div>
   <div class='ocr_carea' id='block_1_47' title="bbox 173 4555 1714 4629">
    <p class='ocr_par' dir='ltr' id='par_1_47' title="bbox 173 4555 1714 4629">
     <span class='ocr_line' id='line_1_47' title="bbox 173 4555 1714 4629; baseline -0.001 -20"><span class='ocrx_word' id='word_1_339' title='bbox 173 4559 303 4622; x_wconf 75' lang='lat' dir='ltr'><strong>ptiutn</strong></span> <span class='ocrx_word' id='word_1_340' title='bbox 323 4570 588 4629; x_wconf 87' lang='lat' dir='ltr'><strong>comparat</strong></span> <span class='ocrx_word' id='word_1_341' title='bbox 613 4575 732 4614; x_wconf 86' lang='lat' dir='ltr'><strong>cum</strong></span> <span class='ocrx_word' id='word_1_342' title='bbox 777 4560 880 4613; x_wconf 86' lang='lat' dir='ltr'><strong>alio</strong></span> <span class='ocrx_word' id='word_1_343' title='bbox 920 4558 1194 4628; x_wconf 65' lang='lat' dir='ltr'><strong>Algyptio,</strong></span> <span class='ocrx_word' id='word_1_344' title='bbox 1235 4557 1326 4626; x_wconf 88' lang='lat' dir='ltr'><strong>qui</strong></span> <span class='ocrx_word' id='word_1_345' title='bbox 1377 4555 1514 4609; x_wconf 87' lang='lat' dir='ltr'><strong>haud</strong></span> <span class='ocrx_word' id='word_1_346' title='bbox 1557 4555 1714 4608; x_wconf 89' lang='lat' dir='ltr'><strong>dubie</strong></span> 
     </span>
    </p>
   </div>
   <div class='ocr_carea' id='block_1_48' title="bbox 173 4645 1715 4719">
    <p class='ocr_par' dir='ltr' id='par_1_48' title="bbox 173 4645 1715 4719">
     <span class='ocr_line' id='line_1_48' title="bbox 173 4645 1715 4719; baseline 0 -22"><span class='ocrx_word' id='word_1_347' title='bbox 173 4657 230 4698; x_wconf 78' lang='lat' dir='ltr'><strong>est</strong></span> <span class='ocrx_word' id='word_1_348' title='bbox 257 4649 586 4719; x_wconf 81' lang='lat' dir='ltr'><strong>TheOphilus,</strong></span> <span class='ocrx_word' id='word_1_349' title='bbox 633 4651 910 4718; x_wconf 89' lang='lat' dir='ltr'><strong>cpiscopus</strong></span> <span class='ocrx_word' id='word_1_350' title='bbox 960 4647 1372 4710; x_wconf 81' lang='lat' dir='ltr'><strong>Alexandrinus,</strong></span> <span class='ocrx_word' id='word_1_351' title='bbox 1409 4645 1640 4712; x_wconf 87' lang='lat' dir='ltr'><strong>dicitque</strong></span> <span class='ocrx_word' id='word_1_352' title='bbox 1664 4645 1715 4697; x_wconf 88' lang='lat' dir='ltr'><strong>in</strong></span> 
     </span>
    </p>
   </div>
   <div class='ocr_carea' id='block_1_49' title="bbox 173 4721 1717 4794">
    <p class='ocr_par' dir='ltr' id='par_1_49' title="bbox 173 4721 1717 4794">
     <span class='ocr_line' id='line_1_49' title="bbox 173 4721 1717 4794; baseline -0.001 -8"><span class='ocrx_word' id='word_1_353' title='bbox 173 4734 248 4790; x_wconf 79' lang='lat' dir='ltr'><strong>hac</strong></span> <span class='ocrx_word' id='word_1_354' title='bbox 274 4738 510 4794; x_wconf 68' lang='lat' dir='ltr'><strong>Ecclesiae</strong></span> <span class='ocrx_word' id='word_1_355' title='bbox 553 4739 857 4794; x_wconf 84' lang='lat' dir='ltr'><strong>calamitate</strong></span> <span class='ocrx_word' id='word_1_356' title='bbox 891 4721 1172 4790; x_wconf 79' lang='lat' dir='ltr'><strong>haereticos</strong></span> <span class='ocrx_word' id='word_1_357' title='bbox 1201 4735 1263 4790; x_wconf 87' lang='lat' dir='ltr'><strong>ad</strong></span> <span class='ocrx_word' id='word_1_358' title='bbox 1291 4735 1449 4789; x_wconf 77' lang='lat' dir='ltr'><strong>[idem</strong></span> <span class='ocrx_word' id='word_1_359' title='bbox 1496 4748 1717 4788; x_wconf 86' lang='lat' dir='ltr'><strong>conver-</strong></span> 
     </span>
    </p>
   </div>
   <div class='ocr_carea' id='block_1_50' title="bbox 175 4823 1717 4894">
    <p class='ocr_par' dir='ltr' id='par_1_50' title="bbox 175 4823 1717 4894">
     <span class='ocr_line' id='line_1_50' title="bbox 175 4823 1717 4894; baseline -0.001 -18"><span class='ocrx_word' id='word_1_360' title='bbox 175 4841 240 4878; x_wconf 69' lang='lat' dir='ltr'><strong>sos</strong></span> <span class='ocrx_word' id='word_1_361' title='bbox 277 4828 443 4886; x_wconf 82' lang='lat' dir='ltr'><strong>fuisse.</strong></span> <span class='ocrx_word' id='word_1_362' title='bbox 471 4830 685 4884; x_wconf 83' lang='lat' dir='ltr'><strong>Judacos</strong></span> <span class='ocrx_word' id='word_1_363' title='bbox 729 4829 975 4883; x_wconf 84' lang='lat' dir='ltr'><strong>meliores</strong></span> <span class='ocrx_word' id='word_1_364' title='bbox 1001 4828 1255 4891; x_wconf 85' lang='lat' dir='ltr'><strong>evasisse,</strong></span> <span class='ocrx_word' id='word_1_365' title='bbox 1281 4834 1438 4894; x_wconf 89' lang='lat' dir='ltr'><strong>atque</strong></span> <span class='ocrx_word' id='word_1_366' title='bbox 1467 4825 1530 4876; x_wconf 88' lang='lat' dir='ltr'><strong>ad</strong></span> <span class='ocrx_word' id='word_1_367' title='bbox 1560 4823 1717 4876; x_wconf 87' lang='lat' dir='ltr'><strong>Chri-</strong></span> 
     </span>
    </p>
   </div>
   <div class='ocr_carea' id='block_1_51' title="bbox 177 4915 1718 4986">
    <p class='ocr_par' dir='ltr' id='par_1_51' title="bbox 177 4915 1718 4986">
     <span class='ocr_line' id='line_1_51' title="bbox 177 4915 1718 4986; baseline 0 -19"><span class='ocrx_word' id='word_1_368' title='bbox 177 4918 336 4973; x_wconf 65' lang='lat' dir='ltr'><strong>stianos</strong></span> <span class='ocrx_word' id='word_1_369' title='bbox 379 4922 706 4984; x_wconf 83' lang='lat' dir='ltr'><strong>accurrisse;</strong></span> <span class='ocrx_word' id='word_1_370' title='bbox 753 4921 806 4972; x_wconf 88' lang='lat' dir='ltr'><strong>in</strong></span> <span class='ocrx_word' id='word_1_371' title='bbox 851 4917 1154 4986; x_wconf 83' lang='lat' dir='ltr'><strong>hujusmodi</strong></span> <span class='ocrx_word' id='word_1_372' title='bbox 1213 4925 1386 4969; x_wconf 90' lang='lat' dir='ltr'><strong>autem</strong></span> <span class='ocrx_word' id='word_1_373' title='bbox 1418 4915 1718 4967; x_wconf 84' lang='lat' dir='ltr'><strong>calamitate</strong></span> 
     </span>
    </p>
   </div>
   <div class='ocr_carea' id='block_1_52' title="bbox 177 5005 1716 5082">
    <p class='ocr_par' dir='ltr' id='par_1_52' title="bbox 177 5005 1716 5082">
     <span class='ocr_line' id='line_1_52' title="bbox 177 5005 1716 5082; baseline 0.012 -22"><span class='ocrx_word' id='word_1_374' title='bbox 177 5007 494 5076; x_wconf 68' lang='lat' dir='ltr'><strong>iapiisterium</strong></span> <span class='ocrx_word' id='word_1_375' title='bbox 525 5007 780 5082; x_wconf 77' lang='lat' dir='ltr'><strong>sanguine</strong></span> <span class='ocrx_word' id='word_1_376' title='bbox 813 5011 1070 5078; x_wconf 83' lang='lat' dir='ltr'><strong>repletum</strong></span> <span class='ocrx_word' id='word_1_377' title='bbox 1111 5008 1292 5062; x_wconf 77' lang='lat' dir='ltr'><strong>fuisse.</strong></span> <span class='ocrx_word' id='word_1_378' title='bbox 1320 5005 1524 5060; x_wconf 84' lang='lat' dir='ltr'><strong>Laudat</strong></span> <span class='ocrx_word' id='word_1_379' title='bbox 1551 5021 1716 5073; x_wconf 70' lang='grc' dir='ltr'><strong>ρουιι-</strong></span> 
     </span>
    </p>
   </div>
   <div class='ocr_carea' id='block_1_53' title="bbox 179 5097 1719 5167">
    <p class='ocr_par' dir='ltr' id='par_1_53' title="bbox 179 5097 1719 5167">
     <span class='ocr_line' id='line_1_53' title="bbox 179 5097 1719 5167; baseline -0.001 -18"><span class='ocrx_word' id='word_1_380' title='bbox 179 5099 260 5152; x_wconf 77' lang='lat' dir='ltr'><strong>iuni</strong></span> <span class='ocrx_word' id='word_1_381' title='bbox 285 5119 310 5154; x_wconf 72' lang='grc' dir='ltr'><strong>ιι</strong></span> <span class='ocrx_word' id='word_1_382' title='bbox 345 5105 444 5158; x_wconf 74' lang='lat' dir='ltr'><strong>fide</strong></span> <span class='ocrx_word' id='word_1_383' title='bbox 479 5113 532 5158; x_wconf 85' lang='lat' dir='ltr'><strong>et</strong></span> <span class='ocrx_word' id='word_1_384' title='bbox 573 5105 896 5156; x_wconf 83' lang='lat' dir='ltr'><strong>constantia.</strong></span> <span class='ocrx_word' id='word_1_385' title='bbox 947 5101 1252 5167; x_wconf 81' lang='lat' dir='ltr'><strong>Deintlcque</strong></span> <span class='ocrx_word' id='word_1_386' title='bbox 1293 5097 1620 5152; x_wconf 86' lang='lat' dir='ltr'><strong>convertitur</strong></span> <span class='ocrx_word' id='word_1_387' title='bbox 1665 5097 1719 5148; x_wconf 88' lang='lat' dir='ltr'><strong>in</strong></span> 
     </span>
    </p>
   </div>
   <div class='ocr_carea' id='block_1_54' title="bbox 183 5185 1718 5260">
    <p class='ocr_par' dir='ltr' id='par_1_54' title="bbox 183 5185 1718 5260">
     <span class='ocr_line' id='line_1_54' title="bbox 183 5185 1718 5260; baseline 0.001 -24"><span class='ocrx_word' id='word_1_388' title='bbox 183 5189 326 5244; x_wconf 66' lang='lat' dir='ltr'><strong>tonics</strong></span> <span class='ocrx_word' id='word_1_389' title='bbox 352 5193 596 5247; x_wconf 78' lang='lat' dir='ltr'><strong>Eudoxize</strong></span> <span class='ocrx_word' id='word_1_390' title='bbox 623 5194 892 5260; x_wconf 78' lang='lat' dir='ltr'><strong>Augustae,</strong></span> <span class='ocrx_word' id='word_1_391' title='bbox 917 5189 1066 5259; x_wconf 86' lang='lat' dir='ltr'><strong>cujus</strong></span> <span class='ocrx_word' id='word_1_392' title='bbox 1093 5187 1330 5256; x_wconf 81' lang='lat' dir='ltr'><strong>epistolae</strong></span> <span class='ocrx_word' id='word_1_393' title='bbox 1359 5187 1422 5240; x_wconf 88' lang='lat' dir='ltr'><strong>ad</strong></span> <span class='ocrx_word' id='word_1_394' title='bbox 1452 5201 1510 5240; x_wconf 87' lang='lat' dir='ltr'><strong>se</strong></span> <span class='ocrx_word' id='word_1_395' title='bbox 1541 5185 1718 5238; x_wconf 71' lang='lat' dir='ltr'><strong>missze</strong></span> 
     </span>
    </p>
   </div>
   <div class='ocr_carea' id='block_1_55' title="bbox 184 5275 1715 5351">
    <p class='ocr_par' dir='ltr' id='par_1_55' title="bbox 184 5275 1715 5351">
     <span class='ocr_line' id='line_1_55' title="bbox 184 5275 1715 5351; baseline -0.002 -20"><span class='ocrx_word' id='word_1_396' title='bbox 184 5292 348 5346; x_wconf 62' lang='lat' dir='ltr'><strong>partem</strong></span> <span class='ocrx_word' id='word_1_397' title='bbox 407 5284 608 5346; x_wconf 77' lang='lat' dir='ltr'><strong>adfert,</strong></span> <span class='ocrx_word' id='word_1_398' title='bbox 664 5282 913 5351; x_wconf 90' lang='lat' dir='ltr'><strong>illamque</strong></span> <span class='ocrx_word' id='word_1_399' title='bbox 977 5279 1236 5334; x_wconf 83' lang='lat' dir='ltr'><strong>eoeomiis</strong></span> <span class='ocrx_word' id='word_1_400' title='bbox 1277 5277 1528 5332; x_wconf 81' lang='lat' dir='ltr'><strong>celebrat.</strong></span> <span class='ocrx_word' id='word_1_401' title='bbox 1581 5275 1715 5329; x_wconf 80' lang='lat' dir='ltr'><strong>Dicit</strong></span> 
     </span>
    </p>
   </div>
   <div class='ocr_carea' id='block_1_56' title="bbox 183 5371 1714 5445">
    <p class='ocr_par' dir='ltr' id='par_1_56' title="bbox 183 5371 1714 5445">
     <span class='ocr_line' id='line_1_56' title="bbox 183 5371 1714 5445; baseline -0.003 -18"><span class='ocrx_word' id='word_1_402' title='bbox 183 5385 320 5428; x_wconf 62' lang='lat' dir='ltr'><strong>mitem</strong></span> <span class='ocrx_word' id='word_1_403' title='bbox 347 5377 444 5445; x_wconf 84' lang='lat' dir='ltr'><strong>hic,</strong></span> <span class='ocrx_word' id='word_1_404' title='bbox 481 5386 536 5431; x_wconf 83' lang='lat' dir='ltr'><strong>ut</strong></span> <span class='ocrx_word' id='word_1_405' title='bbox 563 5391 742 5444; x_wconf 83' lang='lat' dir='ltr'><strong>supra,</strong></span> <span class='ocrx_word' id='word_1_406' title='bbox 779 5375 1018 5428; x_wconf 87' lang='lat' dir='ltr'><strong>inimicos</strong></span> <span class='ocrx_word' id='word_1_407' title='bbox 1049 5373 1098 5424; x_wconf 84' lang='lat' dir='ltr'><strong>in</strong></span> <span class='ocrx_word' id='word_1_408' title='bbox 1135 5371 1306 5439; x_wconf 80' lang='lat' dir='ltr'><strong>fugam</strong></span> <span class='ocrx_word' id='word_1_409' title='bbox 1350 5384 1530 5424; x_wconf 80' lang='lat' dir='ltr'><strong>versos</strong></span> <span class='ocrx_word' id='word_1_410' title='bbox 1576 5383 1714 5423; x_wconf 85' lang='lat' dir='ltr'><strong>esse.</strong></span> 
     </span>
    </p>
   </div>
   <div class='ocr_carea' id='block_1_57' title="bbox 189 5460 1720 5537">
    <p class='ocr_par' dir='ltr' id='par_1_57' title="bbox 189 5460 1720 5537">
     <span class='ocr_line' id='line_1_57' title="bbox 189 5460 1720 5537; baseline -0.001 -25"><span class='ocrx_word' id='word_1_411' title='bbox 189 5461 378 5520; x_wconf 67' lang='lat' dir='ltr'><strong>.iitcratn</strong></span> <span class='ocrx_word' id='word_1_412' title='bbox 401 5477 516 5537; x_wconf 89' lang='lat' dir='ltr'><strong>post</strong></span> <span class='ocrx_word' id='word_1_413' title='bbox 555 5465 780 5520; x_wconf 85' lang='lat' dir='ltr'><strong>reditum</strong></span> <span class='ocrx_word' id='word_1_414' title='bbox 823 5479 973 5518; x_wconf 84' lang='lat' dir='ltr'><strong>suum</strong></span> <span class='ocrx_word' id='word_1_415' title='bbox 1003 5463 1272 5515; x_wconf 89' lang='lat' dir='ltr'><strong>homiliam</strong></span> <span class='ocrx_word' id='word_1_416' title='bbox 1305 5460 1486 5513; x_wconf 83' lang='lat' dir='ltr'><strong>habuit</strong></span> <span class='ocrx_word' id='word_1_417' title='bbox 1515 5461 1720 5528; x_wconf 75' lang='lat' dir='ltr'><strong>longio-</strong></span> 
     </span>
    </p>
   </div>
   <div class='ocr_carea' id='block_1_58' title="bbox 187 5550 1717 5626">
    <p class='ocr_par' dir='ltr' id='par_1_58' title="bbox 187 5550 1717 5626">
     <span class='ocr_line' id='line_1_58' title="bbox 187 5550 1717 5626; baseline -0.002 -20"><span class='ocrx_word' id='word_1_418' title='bbox 187 5567 288 5618; x_wconf 76' lang='lat' dir='ltr'><strong>rem,</strong></span> <span class='ocrx_word' id='word_1_419' title='bbox 315 5573 420 5626; x_wconf 74' lang='lat' dir='ltr'><strong>qua:</strong></span> <span class='ocrx_word' id='word_1_420' title='bbox 445 5559 508 5612; x_wconf 90' lang='lat' dir='ltr'><strong>de</strong></span> <span class='ocrx_word' id='word_1_421' title='bbox 537 5557 832 5610; x_wconf 65' lang='lat' dir='ltr'><strong>(Iliananzca</strong></span> <span class='ocrx_word' id='word_1_422' title='bbox 863 5553 1189 5618; x_wconf 87' lang='lat' dir='ltr'><strong>inscribitur,</strong></span> <span class='ocrx_word' id='word_1_423' title='bbox 1215 5551 1280 5606; x_wconf 86' lang='lat' dir='ltr'><strong>de</strong></span> <span class='ocrx_word' id='word_1_424' title='bbox 1307 5567 1408 5622; x_wconf 88' lang='lat' dir='ltr'><strong>qua</strong></span> <span class='ocrx_word' id='word_1_425' title='bbox 1433 5550 1717 5604; x_wconf 84' lang='lat' dir='ltr'><strong>videndum</strong></span> 
     </span>
    </p>
   </div>
   <div class='ocr_carea' id='block_1_59' title="bbox 188 5641 1070 5714">
    <p class='ocr_par' dir='ltr' id='par_1_59' title="bbox 188 5641 1070 5714">
     <span class='ocr_line' id='line_1_59' title="bbox 188 5641 1070 5714; baseline -0.001 -20"><span class='ocrx_word' id='word_1_426' title='bbox 188 5642 394 5702; x_wconf 70' lang='lat' dir='ltr'><strong>iltniitnm</strong></span> <span class='ocrx_word' id='word_1_427' title='bbox 420 5660 654 5710; x_wconf 77' lang='lat' dir='ltr'><strong>nostrum</strong></span> <span class='ocrx_word' id='word_1_428' title='bbox 685 5646 747 5700; x_wconf 88' lang='lat' dir='ltr'><strong>T.</strong></span> <span class='ocrx_word' id='word_1_429' title='bbox 775 5647 829 5714; x_wconf 77' lang='lat'><strong>5,</strong></span> <span class='ocrx_word' id='word_1_430' title='bbox 869 5650 918 5694; x_wconf 74' lang='lat' dir='ltr'><strong>C.</strong></span> <span class='ocrx_word' id='word_1_431' title='bbox 949 5641 1070 5695; x_wconf 68' lang='grc'><strong>447.</strong></span> 
     </span>
    </p>
   </div>
   <div class='ocr_carea' id='block_1_60' title="bbox 227 5729 1713 5810">
    <p class='ocr_par' dir='ltr' id='par_1_60' title="bbox 227 5729 1713 5810">
     <span class='ocr_line' id='line_1_60' title="bbox 227 5729 1713 5810; baseline -0.007 -24"><span class='ocrx_word' id='word_1_432' title='bbox 227 5735 358 5790; x_wconf 74' lang='lat' dir='ltr'><strong>Aiunt</strong></span> <span class='ocrx_word' id='word_1_433' title='bbox 374 5737 608 5794; x_wconf 68' lang='lat' dir='ltr'><strong>Socrates</strong></span> <span class='ocrx_word' id='word_1_434' title='bbox 625 5735 796 5810; x_wconf 88' lang='lat' dir='ltr'><strong>(Socr.</strong></span> <span class='ocrx_word' id='word_1_435' title='bbox 815 5735 961 5789; x_wconf 82' lang='lat' dir='ltr'><strong>t.6.c.</strong></span> <span class='ocrx_word' id='word_1_436' title='bbox 981 5731 1068 5804; x_wconf 82' lang='grc' dir='ltr'><strong>ΓΙ)</strong></span> <span class='ocrx_word' id='word_1_437' title='bbox 1083 5732 1466 5788; x_wconf 82' lang='lat' dir='ltr'><strong>ctSozomcnus</strong></span> <span class='ocrx_word' id='word_1_438' title='bbox 1485 5729 1713 5801; x_wconf 73' lang='lat' dir='ltr'><strong>(Sozam.</strong></span> 
     </span>
    </p>
   </div>
   <div class='ocr_carea' id='block_1_61' title="bbox 3319 369 3425 424">
    <p class='ocr_par' dir='ltr' id='par_1_61' title="bbox 3319 369 3425 424">
     <span class='ocr_line' id='line_1_61' title="bbox 3319 369 3425 424; baseline 0.019 -2"><span class='ocrx_word' id='word_1_439' title='bbox 3319 369 3425 424; x_wconf 78' lang='lat'><strong>‘206</strong></span> 
     </span>
    </p>
   </div>
   <div class='ocr_carea' id='block_1_62' title="bbox 1836 474 3423 544">
    <p class='ocr_par' dir='ltr' id='par_1_62' title="bbox 1836 474 3423 544">
     <span class='ocr_line' id='line_1_62' title="bbox 1836 474 3423 544; baseline 0.008 -18"><span class='ocrx_word' id='word_1_440' title='bbox 1836 474 1872 526; x_wconf 77' lang='grc' dir='ltr'><strong>Ι.</strong></span> <span class='ocrx_word' id='word_1_441' title='bbox 1894 474 1944 529; x_wconf 83' lang='grc'><strong>8.</strong></span> <span class='ocrx_word' id='word_1_442' title='bbox 1963 489 2008 526; x_wconf 86' lang='lat' dir='ltr'><strong>c.</strong></span> <span class='ocrx_word' id='word_1_443' title='bbox 2029 475 2112 544; x_wconf 82' lang='lat' dir='ltr'><strong>i9)</strong></span> <span class='ocrx_word' id='word_1_444' title='bbox 2127 517 2139 538; x_wconf 83' lang='lat'><strong>,</strong></span> <span class='ocrx_word' id='word_1_445' title='bbox 2157 485 2429 544; x_wconf 85' lang='lat' dir='ltr'><strong>postquam</strong></span> <span class='ocrx_word' id='word_1_446' title='bbox 2447 476 2677 533; x_wconf 81' lang='lat' dir='ltr'><strong>Joannes</strong></span> <span class='ocrx_word' id='word_1_447' title='bbox 2695 478 2746 533; x_wconf 87' lang='lat' dir='ltr'><strong>in</strong></span> <span class='ocrx_word' id='word_1_448' title='bbox 2767 478 2946 534; x_wconf 84' lang='lat' dir='ltr'><strong>sedem</strong></span> <span class='ocrx_word' id='word_1_449' title='bbox 2973 495 3122 533; x_wconf 85' lang='lat' dir='ltr'><strong>suam</strong></span> <span class='ocrx_word' id='word_1_450' title='bbox 3147 483 3423 538; x_wconf 74' lang='lat' dir='ltr'><strong>restitutus</strong></span> 
     </span>
    </p>
   </div>
   <div class='ocr_carea' id='block_1_63' title="bbox 1837 563 3422 635">
    <p class='ocr_par' dir='ltr' id='par_1_63' title="bbox 1837 563 3422 635">
     <span class='ocr_line' id='line_1_63' title="bbox 1837 563 3422 635; baseline 0.007 -19"><span class='ocrx_word' id='word_1_451' title='bbox 1837 563 2007 618; x_wconf 70' lang='lat' dir='ltr'><strong>fuerat</strong></span> <span class='ocrx_word' id='word_1_452' title='bbox 2023 567 2374 635; x_wconf 81' lang='lat' dir='ltr'><strong>Theophilum</strong></span> <span class='ocrx_word' id='word_1_453' title='bbox 2398 567 2691 623; x_wconf 72' lang='lat' dir='ltr'><strong>Heraclidis</strong></span> <span class='ocrx_word' id='word_1_454' title='bbox 2707 584 2920 622; x_wconf 82' lang='lat' dir='ltr'><strong>causam</strong></span> <span class='ocrx_word' id='word_1_455' title='bbox 2948 581 3002 624; x_wconf 88' lang='lat' dir='ltr'><strong>et</strong></span> <span class='ocrx_word' id='word_1_456' title='bbox 3031 570 3422 627; x_wconf 80' lang='lat' dir='ltr'><strong>ordinationem</strong></span> 
     </span>
    </p>
   </div>
   <div class='ocr_carea' id='block_1_64' title="bbox 1835 656 3422 728">
    <p class='ocr_par' dir='ltr' id='par_1_64' title="bbox 1835 656 3422 728">
     <span class='ocr_line' id='line_1_64' title="bbox 1835 656 3422 728; baseline 0.006 -22"><span class='ocrx_word' id='word_1_457' title='bbox 1835 656 2104 724; x_wconf 79' lang='lat' dir='ltr'><strong>inquirere</strong></span> <span class='ocrx_word' id='word_1_458' title='bbox 2141 658 2393 721; x_wconf 82' lang='lat' dir='ltr'><strong>voluisse,</strong></span> <span class='ocrx_word' id='word_1_459' title='bbox 2439 668 2495 712; x_wconf 85' lang='lat' dir='ltr'><strong>ut</strong></span> <span class='ocrx_word' id='word_1_460' title='bbox 2541 657 2663 714; x_wconf 87' lang='lat' dir='ltr'><strong>inde</strong></span> <span class='ocrx_word' id='word_1_461' title='bbox 2691 659 3024 712; x_wconf 80' lang='lat' dir='ltr'><strong>occasionem</strong></span> <span class='ocrx_word' id='word_1_462' title='bbox 3069 661 3330 728; x_wconf 78' lang='lat' dir='ltr'><strong>arriperet</strong></span> <span class='ocrx_word' id='word_1_463' title='bbox 3356 661 3422 716; x_wconf 86' lang='lat' dir='ltr'><strong>ad</strong></span> 
     </span>
    </p>
   </div>
   <div class='ocr_carea' id='block_1_65' title="bbox 1835 744 3419 816">
    <p class='ocr_par' dir='ltr' id='par_1_65' title="bbox 1835 744 3419 816">
     <span class='ocr_line' id='line_1_65' title="bbox 1835 744 3419 816; baseline 0.003 -18"><span class='ocrx_word' id='word_1_464' title='bbox 1835 744 2091 798; x_wconf 84' lang='lat' dir='ltr'><strong>Joannem</strong></span> <span class='ocrx_word' id='word_1_465' title='bbox 2138 746 2517 800; x_wconf 85' lang='lat' dir='ltr'><strong>damnandum.</strong></span> <span class='ocrx_word' id='word_1_466' title='bbox 2567 747 2873 802; x_wconf 83' lang='lat' dir='ltr'><strong>Heraclides</strong></span> <span class='ocrx_word' id='word_1_467' title='bbox 2917 763 3043 802; x_wconf 86' lang='lat' dir='ltr'><strong>vero</strong></span> <span class='ocrx_word' id='word_1_468' title='bbox 3077 765 3181 802; x_wconf 89' lang='lat' dir='ltr'><strong>non</strong></span> <span class='ocrx_word' id='word_1_469' title='bbox 3215 750 3419 816; x_wconf 79' lang='lat' dir='ltr'><strong>aderat,</strong></span> 
     </span>
    </p>
   </div>
   <div class='ocr_carea' id='block_1_66' title="bbox 1839 837 3420 909">
    <p class='ocr_par' dir='ltr' id='par_1_66' title="bbox 1839 837 3420 909">
     <span class='ocr_line' id='line_1_66' title="bbox 1839 837 3420 909; baseline 0.003 -20"><span class='ocrx_word' id='word_1_470' title='bbox 1839 849 2118 906; x_wconf 85' lang='lat' dir='ltr'><strong>tamenque</strong></span> <span class='ocrx_word' id='word_1_471' title='bbox 2149 837 2216 891; x_wconf 92' lang='lat' dir='ltr'><strong>de</strong></span> <span class='ocrx_word' id='word_1_472' title='bbox 2247 838 2336 892; x_wconf 86' lang='lat' dir='ltr'><strong>illo</strong></span> <span class='ocrx_word' id='word_1_473' title='bbox 2363 837 2581 892; x_wconf 85' lang='lat' dir='ltr'><strong>absente</strong></span> <span class='ocrx_word' id='word_1_474' title='bbox 2603 838 2958 906; x_wconf 87' lang='lat' dir='ltr'><strong>judicabatur,</strong></span> <span class='ocrx_word' id='word_1_475' title='bbox 2991 840 3139 908; x_wconf 86' lang='lat' dir='ltr'><strong>quasi</strong></span> <span class='ocrx_word' id='word_1_476' title='bbox 3161 841 3420 909; x_wconf 85' lang='lat' dir='ltr'><strong>quosdam</strong></span> 
     </span>
    </p>
   </div>
   <div class='ocr_carea' id='block_1_67' title="bbox 1837 927 3420 998">
    <p class='ocr_par' dir='ltr' id='par_1_67' title="bbox 1837 927 3420 998">
     <span class='ocr_line' id='line_1_67' title="bbox 1837 927 3420 998; baseline 0.003 -18"><span class='ocrx_word' id='word_1_477' title='bbox 1837 927 2032 994; x_wconf 80' lang='lat' dir='ltr'><strong>injuste</strong></span> <span class='ocrx_word' id='word_1_478' title='bbox 2081 927 2423 992; x_wconf 87' lang='lat' dir='ltr'><strong>damnasset,</strong></span> <span class='ocrx_word' id='word_1_479' title='bbox 2461 937 2518 982; x_wconf 89' lang='lat' dir='ltr'><strong>et</strong></span> <span class='ocrx_word' id='word_1_480' title='bbox 2565 928 2768 982; x_wconf 88' lang='lat' dir='ltr'><strong>catenis</strong></span> <span class='ocrx_word' id='word_1_481' title='bbox 2813 928 3018 981; x_wconf 89' lang='lat' dir='ltr'><strong>vinctos</strong></span> <span class='ocrx_word' id='word_1_482' title='bbox 3061 944 3158 998; x_wconf 80' lang='lat' dir='ltr'><strong>per</strong></span> <span class='ocrx_word' id='word_1_483' title='bbox 3191 929 3420 984; x_wconf 86' lang='lat' dir='ltr'><strong>mediam</strong></span> 
     </span>
    </p>
   </div>
   <div class='ocr_carea' id='block_1_68' title="bbox 1833 1015 3421 1086">
    <p class='ocr_par' dir='ltr' id='par_1_68' title="bbox 1833 1015 3421 1086">
     <span class='ocr_line' id='line_1_68' title="bbox 1833 1015 3421 1086; baseline 0.003 -16"><span class='ocrx_word' id='word_1_484' title='bbox 1833 1015 2184 1086; x_wconf 78' lang='lat' dir='ltr'><strong>Ephesiorum</strong></span> <span class='ocrx_word' id='word_1_485' title='bbox 2237 1018 2419 1071; x_wconf 87' lang='lat' dir='ltr'><strong>urbem</strong></span> <span class='ocrx_word' id='word_1_486' title='bbox 2471 1017 3078 1086; x_wconf 66' lang='lat' dir='ltr'><strong>traduxisset.Cumque</strong></span> <span class='ocrx_word' id='word_1_487' title='bbox 3099 1017 3330 1072; x_wconf 83' lang='lat' dir='ltr'><strong>Joannes</strong></span> <span class='ocrx_word' id='word_1_488' title='bbox 3366 1029 3421 1075; x_wconf 88' lang='lat' dir='ltr'><strong>et</strong></span> 
     </span>
    </p>
   </div>
   <div class='ocr_carea' id='block_1_69' title="bbox 1833 1106 3420 1177">
    <p class='ocr_par' dir='ltr' id='par_1_69' title="bbox 1833 1106 3420 1177">
     <span class='ocr_line' id='line_1_69' title="bbox 1833 1106 3420 1177; baseline 0.003 -17"><span class='ocrx_word' id='word_1_489' title='bbox 1833 1107 1922 1175; x_wconf 87' lang='lat' dir='ltr'><strong>qui</strong></span> <span class='ocrx_word' id='word_1_490' title='bbox 1967 1121 2088 1160; x_wconf 87' lang='lat' dir='ltr'><strong>cum</strong></span> <span class='ocrx_word' id='word_1_491' title='bbox 2139 1108 2228 1160; x_wconf 89' lang='lat' dir='ltr'><strong>illo</strong></span> <span class='ocrx_word' id='word_1_492' title='bbox 2273 1107 2496 1160; x_wconf 88' lang='lat' dir='ltr'><strong>aderant</strong></span> <span class='ocrx_word' id='word_1_493' title='bbox 2539 1106 2780 1161; x_wconf 79' lang='lat' dir='ltr'><strong>dicerent</strong></span> <span class='ocrx_word' id='word_1_494' title='bbox 2817 1106 2884 1162; x_wconf 89' lang='lat' dir='ltr'><strong>de</strong></span> <span class='ocrx_word' id='word_1_495' title='bbox 2929 1107 3236 1163; x_wconf 84' lang='lat' dir='ltr'><strong>absentibus</strong></span> <span class='ocrx_word' id='word_1_496' title='bbox 3276 1108 3420 1177; x_wconf 81' lang='lat' dir='ltr'><strong>judi-</strong></span> 
     </span>
    </p>
   </div>
   <div class='ocr_carea' id='block_1_70' title="bbox 1831 1195 3414 1260">
    <p class='ocr_par' dir='ltr' id='par_1_70' title="bbox 1831 1195 3414 1260">
     <span class='ocr_line' id='line_1_70' title="bbox 1831 1195 3414 1260; baseline 0.002 -11"><span class='ocrx_word' id='word_1_497' title='bbox 1831 1199 1969 1250; x_wconf 87' lang='lat' dir='ltr'><strong>cium</strong></span> <span class='ocrx_word' id='word_1_498' title='bbox 2016 1195 2138 1250; x_wconf 77' lang='lat' dir='ltr'><strong>ferri</strong></span> <span class='ocrx_word' id='word_1_499' title='bbox 2187 1213 2288 1250; x_wconf 85' lang='lat' dir='ltr'><strong>non</strong></span> <span class='ocrx_word' id='word_1_500' title='bbox 2329 1197 2545 1260; x_wconf 86' lang='lat' dir='ltr'><strong>debere,</strong></span> <span class='ocrx_word' id='word_1_501' title='bbox 2579 1196 2920 1250; x_wconf 80' lang='lat' dir='ltr'><strong>Alexandrini</strong></span> <span class='ocrx_word' id='word_1_502' title='bbox 2969 1206 3153 1251; x_wconf 83' lang='lat' dir='ltr'><strong>contra</strong></span> <span class='ocrx_word' id='word_1_503' title='bbox 3197 1207 3414 1252; x_wconf 80' lang='lat' dir='ltr'><strong>conten-</strong></span> 
     </span>
    </p>
   </div>
   <div class='ocr_carea' id='block_1_71' title="bbox 1831 1287 3414 1354">
    <p class='ocr_par' dir='ltr' id='par_1_71' title="bbox 1831 1287 3414 1354">
     <span class='ocr_line' id='line_1_71' title="bbox 1831 1287 3414 1354; baseline 0 -12"><span class='ocrx_word' id='word_1_504' title='bbox 1831 1289 2058 1350; x_wconf 87' lang='lat' dir='ltr'><strong>debant,</strong></span> <span class='ocrx_word' id='word_1_505' title='bbox 2107 1287 2463 1342; x_wconf 85' lang='lat' dir='ltr'><strong>admittendos</strong></span> <span class='ocrx_word' id='word_1_506' title='bbox 2501 1302 2622 1341; x_wconf 88' lang='lat' dir='ltr'><strong>esse</strong></span> <span class='ocrx_word' id='word_1_507' title='bbox 2681 1295 3021 1342; x_wconf 87' lang='lat' dir='ltr'><strong>accusatores</strong></span> <span class='ocrx_word' id='word_1_508' title='bbox 3083 1287 3414 1354; x_wconf 76' lang='lat' dir='ltr'><strong>Heraclidis,</strong></span> 
     </span>
    </p>
   </div>
   <div class='ocr_carea' id='block_1_72' title="bbox 1831 1379 3416 1434">
    <p class='ocr_par' dir='ltr' id='par_1_72' title="bbox 1831 1379 3416 1434">
     <span class='ocr_line' id='line_1_72' title="bbox 1831 1379 3416 1434; baseline -0.001 0"><span class='ocrx_word' id='word_1_509' title='bbox 1831 1381 2099 1434; x_wconf 82' lang='lat' dir='ltr'><strong>licoteum</strong></span> <span class='ocrx_word' id='word_1_510' title='bbox 2129 1381 2400 1434; x_wconf 85' lang='lat' dir='ltr'><strong>absentem</strong></span> <span class='ocrx_word' id='word_1_511' title='bbox 2447 1389 2780 1434; x_wconf 84' lang='lat' dir='ltr'><strong>accuSarent.</strong></span> <span class='ocrx_word' id='word_1_512' title='bbox 2835 1379 3022 1433; x_wconf 84' lang='lat' dir='ltr'><strong>Gravis</strong></span> <span class='ocrx_word' id='word_1_513' title='bbox 3065 1379 3187 1434; x_wconf 84' lang='lat' dir='ltr'><strong>inde</strong></span> <span class='ocrx_word' id='word_1_514' title='bbox 3229 1381 3416 1434; x_wconf 86' lang='lat' dir='ltr'><strong>seditio</strong></span> 
     </span>
    </p>
   </div>
   <div class='ocr_carea' id='block_1_73' title="bbox 1833 1468 3412 1538">
    <p class='ocr_par' dir='ltr' id='par_1_73' title="bbox 1833 1468 3412 1538">
     <span class='ocr_line' id='line_1_73' title="bbox 1833 1468 3412 1538; baseline -0.001 -15"><span class='ocrx_word' id='word_1_515' title='bbox 1833 1471 1973 1524; x_wconf 87' lang='lat' dir='ltr'><strong>inter</strong></span> <span class='ocrx_word' id='word_1_516' title='bbox 2003 1470 2621 1538; x_wconf 76' lang='lat' dir='ltr'><strong>Constantinopolitanos</strong></span> <span class='ocrx_word' id='word_1_517' title='bbox 2647 1477 2702 1524; x_wconf 84' lang='lat' dir='ltr'><strong>et</strong></span> <span class='ocrx_word' id='word_1_518' title='bbox 2732 1468 3127 1522; x_wconf 79' lang='lat' dir='ltr'><strong>Alexandrinos</strong></span> <span class='ocrx_word' id='word_1_519' title='bbox 3154 1481 3266 1524; x_wconf 85' lang='lat' dir='ltr'><strong>orta</strong></span> <span class='ocrx_word' id='word_1_520' title='bbox 3293 1481 3412 1526; x_wconf 89' lang='lat' dir='ltr'><strong>est:</strong></span> 
     </span>
    </p>
   </div>
   <div class='ocr_carea' id='block_1_74' title="bbox 1828 1561 3413 1630">
    <p class='ocr_par' dir='ltr' id='par_1_74' title="bbox 1828 1561 3413 1630">
     <span class='ocr_line' id='line_1_74' title="bbox 1828 1561 3413 1630; baseline 0 -14"><span class='ocrx_word' id='word_1_521' title='bbox 1828 1563 2218 1630; x_wconf 70' lang='lat' dir='ltr'><strong>commissaque</strong></span> <span class='ocrx_word' id='word_1_522' title='bbox 2263 1577 2462 1630; x_wconf 74' lang='lat' dir='ltr'><strong>pugna,</strong></span> <span class='ocrx_word' id='word_1_523' title='bbox 2497 1561 2645 1615; x_wconf 87' lang='lat' dir='ltr'><strong>multi</strong></span> <span class='ocrx_word' id='word_1_524' title='bbox 2673 1561 2956 1626; x_wconf 79' lang='lat' dir='ltr'><strong>vulnerati,</strong></span> <span class='ocrx_word' id='word_1_525' title='bbox 2991 1561 3202 1630; x_wconf 87' lang='lat' dir='ltr'><strong>quidam</strong></span> <span class='ocrx_word' id='word_1_526' title='bbox 3251 1563 3413 1616; x_wconf 86' lang='lat' dir='ltr'><strong>etiam</strong></span> 
     </span>
    </p>
   </div>
   <div class='ocr_carea' id='block_1_75' title="bbox 1829 1651 3413 1721">
    <p class='ocr_par' dir='ltr' id='par_1_75' title="bbox 1829 1651 3413 1721">
     <span class='ocr_line' id='line_1_75' title="bbox 1829 1651 3413 1721; baseline 0.001 -17"><span class='ocrx_word' id='word_1_527' title='bbox 1829 1653 2128 1721; x_wconf 86' lang='lat' dir='ltr'><strong>interempti</strong></span> <span class='ocrx_word' id='word_1_528' title='bbox 2157 1661 2300 1706; x_wconf 86' lang='lat' dir='ltr'><strong>sunt.</strong></span> <span class='ocrx_word' id='word_1_529' title='bbox 2337 1653 2458 1706; x_wconf 67' lang='lat' dir='ltr'><strong>[laic</strong></span> <span class='ocrx_word' id='word_1_530' title='bbox 2501 1666 2620 1705; x_wconf 89' lang='lat' dir='ltr'><strong>cum</strong></span> <span class='ocrx_word' id='word_1_531' title='bbox 2645 1651 2852 1705; x_wconf 81' lang='lat' dir='ltr'><strong>videret</strong></span> <span class='ocrx_word' id='word_1_532' title='bbox 2883 1651 3239 1720; x_wconf 69' lang='lat' dir='ltr'><strong>Theophilus,</strong></span> <span class='ocrx_word' id='word_1_533' title='bbox 3271 1652 3413 1706; x_wconf 78' lang='lat' dir='ltr'><strong>illico</strong></span> 
     </span>
    </p>
   </div>
   <div class='ocr_carea' id='block_1_76' title="bbox 1827 1742 3414 1812">
    <p class='ocr_par' dir='ltr' id='par_1_76' title="bbox 1827 1742 3414 1812">
     <span class='ocr_line' id='line_1_76' title="bbox 1827 1742 3414 1812; baseline -0.001 -14"><span class='ocrx_word' id='word_1_534' title='bbox 1827 1744 2202 1798; x_wconf 71' lang='lat' dir='ltr'><strong>Alexandriam</strong></span> <span class='ocrx_word' id='word_1_535' title='bbox 2247 1743 2468 1812; x_wconf 72' lang='lat' dir='ltr'><strong>aufugit.</strong></span> <span class='ocrx_word' id='word_1_536' title='bbox 2503 1742 2644 1797; x_wconf 83' lang='lat' dir='ltr'><strong>idem</strong></span> <span class='ocrx_word' id='word_1_537' title='bbox 2675 1743 2763 1796; x_wconf 85' lang='lat' dir='ltr'><strong>alii</strong></span> <span class='ocrx_word' id='word_1_538' title='bbox 2796 1757 3005 1811; x_wconf 86' lang='lat' dir='ltr'><strong>quoque</strong></span> <span class='ocrx_word' id='word_1_539' title='bbox 3045 1742 3414 1812; x_wconf 68' lang='lat' dir='ltr'><strong>tecernntepi-</strong></span> 
     </span>
    </p>
   </div>
   <div class='ocr_carea' id='block_1_77' title="bbox 1825 1831 3408 1902">
    <p class='ocr_par' dir='ltr' id='par_1_77' title="bbox 1825 1831 3408 1902">
     <span class='ocr_line' id='line_1_77' title="bbox 1825 1831 3408 1902; baseline 0 -15"><span class='ocrx_word' id='word_1_540' title='bbox 1825 1835 1990 1902; x_wconf 80' lang='lat' dir='ltr'><strong>scopi,</strong></span> <span class='ocrx_word' id='word_1_541' title='bbox 2021 1845 2213 1902; x_wconf 69' lang='lat' dir='ltr'><strong>przcter</strong></span> <span class='ocrx_word' id='word_1_542' title='bbox 2259 1848 2452 1902; x_wconf 84' lang='lat' dir='ltr'><strong>paucos</strong></span> <span class='ocrx_word' id='word_1_543' title='bbox 2482 1833 2570 1902; x_wconf 88' lang='lat' dir='ltr'><strong>qui</strong></span> <span class='ocrx_word' id='word_1_544' title='bbox 2601 1831 2821 1886; x_wconf 80' lang='lat' dir='ltr'><strong>Joannis</strong></span> <span class='ocrx_word' id='word_1_545' title='bbox 2867 1843 3040 1900; x_wconf 82' lang='lat' dir='ltr'><strong>partes</strong></span> <span class='ocrx_word' id='word_1_546' title='bbox 3089 1833 3408 1887; x_wconf 76' lang='lat' dir='ltr'><strong>tuebantur:</strong></span> 
     </span>
    </p>
   </div>
   <div class='ocr_carea' id='block_1_78' title="bbox 1823 1922 3284 1994">
    <p class='ocr_par' dir='ltr' id='par_1_78' title="bbox 1823 1922 3284 1994">
     <span class='ocr_line' id='line_1_78' title="bbox 1823 1922 3284 1994; baseline -0.002 -16"><span class='ocrx_word' id='word_1_547' title='bbox 1823 1927 2105 1994; x_wconf 81' lang='lat' dir='ltr'><strong>cunctique</strong></span> <span class='ocrx_word' id='word_1_548' title='bbox 2133 1931 2342 1992; x_wconf 83' lang='lat' dir='ltr'><strong>arrepta</strong></span> <span class='ocrx_word' id='word_1_549' title='bbox 2365 1923 2483 1993; x_wconf 79' lang='lat' dir='ltr'><strong>fuga</strong></span> <span class='ocrx_word' id='word_1_550' title='bbox 2507 1922 2571 1976; x_wconf 85' lang='lat' dir='ltr'><strong>ad</strong></span> <span class='ocrx_word' id='word_1_551' title='bbox 2603 1938 2725 1976; x_wconf 86' lang='lat' dir='ltr'><strong>suas</strong></span> <span class='ocrx_word' id='word_1_552' title='bbox 2747 1922 2900 1976; x_wconf 85' lang='lat' dir='ltr'><strong>sedes</strong></span> <span class='ocrx_word' id='word_1_553' title='bbox 2931 1931 3284 1976; x_wconf 81' lang='lat' dir='ltr'><strong>reverterunt.</strong></span> 
     </span>
    </p>
   </div>
   <div class='ocr_carea' id='block_1_79' title="bbox 1894 2012 3410 2084">
    <p class='ocr_par' dir='ltr' id='par_1_79' title="bbox 1894 2012 3410 2084">
     <span class='ocr_line' id='line_1_79' title="bbox 1894 2012 3410 2084; baseline 0 -16"><span class='ocrx_word' id='word_1_554' title='bbox 1894 2016 2036 2080; x_wconf 78' lang='lat' dir='ltr'><strong>ilacc,</strong></span> <span class='ocrx_word' id='word_1_555' title='bbox 2055 2027 2332 2084; x_wconf 83' lang='lat' dir='ltr'><strong>postquam</strong></span> <span class='ocrx_word' id='word_1_556' title='bbox 2345 2014 2576 2068; x_wconf 76' lang='lat' dir='ltr'><strong>Joannes</strong></span> <span class='ocrx_word' id='word_1_557' title='bbox 2593 2014 2642 2066; x_wconf 92' lang='lat' dir='ltr'><strong>in</strong></span> <span class='ocrx_word' id='word_1_558' title='bbox 2659 2013 2839 2066; x_wconf 81' lang='lat' dir='ltr'><strong>sedem</strong></span> <span class='ocrx_word' id='word_1_559' title='bbox 2854 2029 3001 2066; x_wconf 84' lang='lat' dir='ltr'><strong>suam</strong></span> <span class='ocrx_word' id='word_1_560' title='bbox 3021 2014 3292 2066; x_wconf 85' lang='lat' dir='ltr'><strong>restitutus</strong></span> <span class='ocrx_word' id='word_1_561' title='bbox 3307 2012 3410 2068; x_wconf 78' lang='lat' dir='ltr'><strong>fue-</strong></span> 
     </span>
    </p>
   </div>
   <div class='ocr_carea' id='block_1_80' title="bbox 1822 2102 3406 2174">
    <p class='ocr_par' dir='ltr' id='par_1_80' title="bbox 1822 2102 3406 2174">
     <span class='ocr_line' id='line_1_80' title="bbox 1822 2102 3406 2174; baseline -0.001 -17"><span class='ocrx_word' id='word_1_562' title='bbox 1822 2115 1922 2166; x_wconf 81' lang='lat' dir='ltr'><strong>rat,</strong></span> <span class='ocrx_word' id='word_1_563' title='bbox 1947 2115 2092 2174; x_wconf 83' lang='lat' dir='ltr'><strong>gesta</strong></span> <span class='ocrx_word' id='word_1_564' title='bbox 2127 2104 2290 2158; x_wconf 79' lang='lat' dir='ltr'><strong>fuisse</strong></span> <span class='ocrx_word' id='word_1_565' title='bbox 2323 2103 2557 2158; x_wconf 79' lang='lat' dir='ltr'><strong>referunt</strong></span> <span class='ocrx_word' id='word_1_566' title='bbox 2587 2103 2833 2158; x_wconf 86' lang='lat' dir='ltr'><strong>Socrates</strong></span> <span class='ocrx_word' id='word_1_567' title='bbox 2857 2111 2908 2157; x_wconf 89' lang='lat' dir='ltr'><strong>ct</strong></span> <span class='ocrx_word' id='word_1_568' title='bbox 2935 2102 3294 2166; x_wconf 78' lang='lat' dir='ltr'><strong>Sozomcnus,</strong></span> <span class='ocrx_word' id='word_1_569' title='bbox 3317 2103 3406 2172; x_wconf 90' lang='lat' dir='ltr'><strong>qui</strong></span> 
     </span>
    </p>
   </div>
   <div class='ocr_carea' id='block_1_81' title="bbox 1827 2194 3408 2264">
    <p class='ocr_par' dir='ltr' id='par_1_81' title="bbox 1827 2194 3408 2264">
     <span class='ocr_line' id='line_1_81' title="bbox 1827 2194 3408 2264; baseline 0.002 -18"><span class='ocrx_word' id='word_1_570' title='bbox 1827 2205 2123 2264; x_wconf 83' lang='lat' dir='ltr'><strong>postremus</strong></span> <span class='ocrx_word' id='word_1_571' title='bbox 2157 2197 2300 2249; x_wconf 85' lang='lat' dir='ltr'><strong>iitum</strong></span> <span class='ocrx_word' id='word_1_572' title='bbox 2333 2195 2437 2264; x_wconf 86' lang='lat' dir='ltr'><strong>jam</strong></span> <span class='ocrx_word' id='word_1_573' title='bbox 2467 2195 2770 2249; x_wconf 87' lang='lat' dir='ltr'><strong>restitutum</strong></span> <span class='ocrx_word' id='word_1_574' title='bbox 2797 2195 2957 2248; x_wconf 80' lang='lat' dir='ltr'><strong>fuisse</strong></span> <span class='ocrx_word' id='word_1_575' title='bbox 2983 2203 3264 2262; x_wconf 86' lang='lat' dir='ltr'><strong>antequam</strong></span> <span class='ocrx_word' id='word_1_576' title='bbox 3295 2194 3408 2249; x_wconf 70' lang='lat' dir='ltr'><strong>haec</strong></span> 
     </span>
    </p>
   </div>
   <div class='ocr_carea' id='block_1_82' title="bbox 1821 2285 3406 2355">
    <p class='ocr_par' dir='ltr' id='par_1_82' title="bbox 1821 2285 3406 2355">
     <span class='ocr_line' id='line_1_82' title="bbox 1821 2285 3406 2355; baseline -0.001 -17"><span class='ocrx_word' id='word_1_577' title='bbox 1821 2299 2103 2355; x_wconf 78' lang='lat' dir='ltr'><strong>agerentur</strong></span> <span class='ocrx_word' id='word_1_578' title='bbox 2133 2297 2313 2355; x_wconf 79' lang='lat' dir='ltr'><strong>aperte</strong></span> <span class='ocrx_word' id='word_1_579' title='bbox 2345 2287 2490 2340; x_wconf 88' lang='lat' dir='ltr'><strong>dicit.</strong></span> <span class='ocrx_word' id='word_1_580' title='bbox 2530 2285 2778 2340; x_wconf 85' lang='lat' dir='ltr'><strong>Socrates</strong></span> <span class='ocrx_word' id='word_1_581' title='bbox 2810 2301 2936 2339; x_wconf 86' lang='lat' dir='ltr'><strong>vero</strong></span> <span class='ocrx_word' id='word_1_582' title='bbox 2979 2285 3205 2352; x_wconf 84' lang='lat' dir='ltr'><strong>idipsum</strong></span> <span class='ocrx_word' id='word_1_583' title='bbox 3251 2301 3406 2354; x_wconf 82' lang='lat' dir='ltr'><strong>pror-</strong></span> 
     </span>
    </p>
   </div>
   <div class='ocr_carea' id='block_1_83' title="bbox 1822 2377 3405 2446">
    <p class='ocr_par' dir='ltr' id='par_1_83' title="bbox 1822 2377 3405 2446">
     <span class='ocr_line' id='line_1_83' title="bbox 1822 2377 3405 2446; baseline -0.001 -16"><span class='ocrx_word' id='word_1_584' title='bbox 1822 2393 1912 2430; x_wconf 86' lang='lat' dir='ltr'><strong>sus</strong></span> <span class='ocrx_word' id='word_1_585' title='bbox 1956 2377 2208 2430; x_wconf 62' lang='lat' dir='ltr'><strong>insinuat.</strong></span> <span class='ocrx_word' id='word_1_586' title='bbox 2241 2377 2370 2430; x_wconf 71' lang='lat' dir='ltr'><strong>Nam</strong></span> <span class='ocrx_word' id='word_1_587' title='bbox 2423 2387 2700 2446; x_wconf 86' lang='lat' dir='ltr'><strong>postquam</strong></span> <span class='ocrx_word' id='word_1_588' title='bbox 2727 2377 2982 2431; x_wconf 84' lang='lat' dir='ltr'><strong>Joannem</strong></span> <span class='ocrx_word' id='word_1_589' title='bbox 3007 2379 3115 2444; x_wconf 87' lang='lat' dir='ltr'><strong>jam</strong></span> <span class='ocrx_word' id='word_1_590' title='bbox 3143 2379 3192 2430; x_wconf 87' lang='lat' dir='ltr'><strong>in</strong></span> <span class='ocrx_word' id='word_1_591' title='bbox 3225 2377 3405 2430; x_wconf 86' lang='lat' dir='ltr'><strong>sedem</strong></span> 
     </span>
    </p>
   </div>
   <div class='ocr_carea' id='block_1_84' title="bbox 1822 2467 3405 2535">
    <p class='ocr_par' dir='ltr' id='par_1_84' title="bbox 1822 2467 3405 2535">
     <span class='ocr_line' id='line_1_84' title="bbox 1822 2467 3405 2535; baseline -0.001 -14"><span class='ocrx_word' id='word_1_592' title='bbox 1822 2483 1970 2521; x_wconf 82' lang='lat' dir='ltr'><strong>suam</strong></span> <span class='ocrx_word' id='word_1_593' title='bbox 2011 2468 2289 2521; x_wconf 79' lang='lat' dir='ltr'><strong>reductum</strong></span> <span class='ocrx_word' id='word_1_594' title='bbox 2339 2467 2500 2520; x_wconf 81' lang='lat' dir='ltr'><strong>fuisse</strong></span> <span class='ocrx_word' id='word_1_595' title='bbox 2547 2476 2892 2532; x_wconf 84' lang='lat' dir='ltr'><strong>narraverat,</strong></span> <span class='ocrx_word' id='word_1_596' title='bbox 2939 2475 3098 2535; x_wconf 87' lang='lat' dir='ltr'><strong>caput</strong></span> <span class='ocrx_word' id='word_1_597' title='bbox 3141 2467 3405 2520; x_wconf 84' lang='lat' dir='ltr'><strong>decimum</strong></span> 
     </span>
    </p>
   </div>
   <div class='ocr_carea' id='block_1_85' title="bbox 1821 2557 3404 2626">
    <p class='ocr_par' dir='ltr' id='par_1_85' title="bbox 1821 2557 3404 2626">
     <span class='ocr_line' id='line_1_85' title="bbox 1821 2557 3404 2626; baseline -0.001 -16"><span class='ocrx_word' id='word_1_598' title='bbox 1821 2559 2104 2626; x_wconf 84' lang='lat' dir='ltr'><strong>septimum</strong></span> <span class='ocrx_word' id='word_1_599' title='bbox 2153 2559 2376 2622; x_wconf 77' lang='lat' dir='ltr'><strong>orditur,</strong></span> <span class='ocrx_word' id='word_1_600' title='bbox 2431 2557 2517 2612; x_wconf 87' lang='lat' dir='ltr'><strong>ubi</strong></span> <span class='ocrx_word' id='word_1_601' title='bbox 2563 2557 2676 2611; x_wconf 73' lang='lat' dir='ltr'><strong>hazc</strong></span> <span class='ocrx_word' id='word_1_602' title='bbox 2717 2565 3078 2620; x_wconf 84' lang='lat' dir='ltr'><strong>recensentur,</strong></span> <span class='ocrx_word' id='word_1_603' title='bbox 3111 2567 3404 2610; x_wconf 83' lang='lat' dir='ltr'><strong>ntcausam</strong></span> 
     </span>
    </p>
   </div>
   <div class='ocr_carea' id='block_1_86' title="bbox 1819 2645 3406 2714">
    <p class='ocr_par' dir='ltr' id='par_1_86' title="bbox 1819 2645 3406 2714">
     <span class='ocr_line' id='line_1_86' title="bbox 1819 2645 3406 2714; baseline -0.002 -13"><span class='ocrx_word' id='word_1_604' title='bbox 1819 2649 2124 2701; x_wconf 84' lang='lat' dir='ltr'><strong>certaminis</strong></span> <span class='ocrx_word' id='word_1_605' title='bbox 2151 2649 2286 2701; x_wconf 82' lang='lat' dir='ltr'><strong>inter</strong></span> <span class='ocrx_word' id='word_1_606' title='bbox 2309 2648 2923 2714; x_wconf 80' lang='lat' dir='ltr'><strong>ConstantinopoliIanos</strong></span> <span class='ocrx_word' id='word_1_607' title='bbox 2945 2655 2997 2700; x_wconf 93' lang='lat' dir='ltr'><strong>et</strong></span> <span class='ocrx_word' id='word_1_608' title='bbox 3019 2645 3406 2700; x_wconf 78' lang='lat' dir='ltr'><strong>Alexandrinos</strong></span> 
     </span>
    </p>
   </div>
   <div class='ocr_carea' id='block_1_87' title="bbox 1819 2737 3403 2808">
    <p class='ocr_par' dir='ltr' id='par_1_87' title="bbox 1819 2737 3403 2808">
     <span class='ocr_line' id='line_1_87' title="bbox 1819 2737 3403 2808; baseline 0.001 -17"><span class='ocrx_word' id='word_1_609' title='bbox 1819 2747 1869 2791; x_wconf 87' lang='lat' dir='ltr'><strong>ct</strong></span> <span class='ocrx_word' id='word_1_610' title='bbox 1899 2739 2072 2808; x_wconf 75' lang='lat' dir='ltr'><strong>fugam</strong></span> <span class='ocrx_word' id='word_1_611' title='bbox 2106 2739 2386 2807; x_wconf 80' lang='lat' dir='ltr'><strong>Theophili</strong></span> <span class='ocrx_word' id='word_1_612' title='bbox 2411 2737 2627 2791; x_wconf 70' lang='lat' dir='ltr'><strong>referat.</strong></span> <span class='ocrx_word' id='word_1_613' title='bbox 2657 2737 2712 2792; x_wconf 86' lang='lat' dir='ltr'><strong>Si</strong></span> <span class='ocrx_word' id='word_1_614' title='bbox 2759 2749 2934 2790; x_wconf 86' lang='lat' dir='ltr'><strong>autem</strong></span> <span class='ocrx_word' id='word_1_615' title='bbox 2980 2738 3092 2791; x_wconf 54' lang='lat' dir='ltr'><strong>hinc.</strong></span> <span class='ocrx_word' id='word_1_616' title='bbox 3137 2739 3208 2790; x_wconf 86' lang='lat' dir='ltr'><strong>ita</strong></span> <span class='ocrx_word' id='word_1_617' title='bbox 3257 2747 3403 2806; x_wconf 69' lang='lat' dir='ltr'><strong>gesta</strong></span> 
     </span>
    </p>
   </div>
   <div class='ocr_carea' id='block_1_88' title="bbox 1820 2828 3406 2896">
    <p class='ocr_par' dir='ltr' id='par_1_88' title="bbox 1820 2828 3406 2896">
     <span class='ocr_line' id='line_1_88' title="bbox 1820 2828 3406 2896; baseline 0.001 -17"><span class='ocrx_word' id='word_1_618' title='bbox 1820 2830 1945 2892; x_wconf 86' lang='lat' dir='ltr'><strong>sint,</strong></span> <span class='ocrx_word' id='word_1_619' title='bbox 1980 2829 2260 2880; x_wconf 83' lang='lat' dir='ltr'><strong>dicendum</strong></span> <span class='ocrx_word' id='word_1_620' title='bbox 2295 2845 2412 2881; x_wconf 85' lang='lat' dir='ltr'><strong>esse</strong></span> <span class='ocrx_word' id='word_1_621' title='bbox 2442 2828 2654 2882; x_wconf 81' lang='lat' dir='ltr'><strong>videtur</strong></span> <span class='ocrx_word' id='word_1_622' title='bbox 2677 2828 3030 2896; x_wconf 66' lang='lat' dir='ltr'><strong>Theophilum</strong></span> <span class='ocrx_word' id='word_1_623' title='bbox 3075 2828 3253 2896; x_wconf 85' lang='lat' dir='ltr'><strong>paucis</strong></span> <span class='ocrx_word' id='word_1_624' title='bbox 3293 2828 3406 2880; x_wconf 83' lang='lat' dir='ltr'><strong>die-</strong></span> 
     </span>
    </p>
   </div>
   <div class='ocr_carea' id='block_1_89' title="bbox 1821 2916 3405 2986">
    <p class='ocr_par' dir='ltr' id='par_1_89' title="bbox 1821 2916 3405 2986">
     <span class='ocr_line' id='line_1_89' title="bbox 1821 2916 3405 2986; baseline 0.001 -18"><span class='ocrx_word' id='word_1_625' title='bbox 1821 2917 1918 2969; x_wconf 81' lang='lat' dir='ltr'><strong>bus</strong></span> <span class='ocrx_word' id='word_1_626' title='bbox 1964 2925 2080 2986; x_wconf 79' lang='lat' dir='ltr'><strong>post</strong></span> <span class='ocrx_word' id='word_1_627' title='bbox 2129 2921 2428 2971; x_wconf 78' lang='lat' dir='ltr'><strong>restitutum</strong></span> <span class='ocrx_word' id='word_1_628' title='bbox 2455 2916 2712 2972; x_wconf 77' lang='lat' dir='ltr'><strong>Joannem</strong></span> <span class='ocrx_word' id='word_1_629' title='bbox 2747 2917 3030 2986; x_wconf 76' lang='lat' dir='ltr'><strong>aufugisse,</strong></span> <span class='ocrx_word' id='word_1_630' title='bbox 3067 2928 3117 2972; x_wconf 88' lang='lat' dir='ltr'><strong>et</strong></span> <span class='ocrx_word' id='word_1_631' title='bbox 3141 2918 3260 2970; x_wconf 87' lang='lat' dir='ltr'><strong>ideo</strong></span> <span class='ocrx_word' id='word_1_632' title='bbox 3291 2927 3405 2971; x_wconf 89' lang='lat' dir='ltr'><strong>tan-</strong></span> 
     </span>
    </p>
   </div>
   <div class='ocr_carea' id='block_1_90' title="bbox 1821 3007 3404 3076">
    <p class='ocr_par' dir='ltr' id='par_1_90' title="bbox 1821 3007 3404 3076">
     <span class='ocr_line' id='line_1_90' title="bbox 1821 3007 3404 3076; baseline 0.003 -18"><span class='ocrx_word' id='word_1_633' title='bbox 1821 3007 1988 3058; x_wconf 72' lang='lat' dir='ltr'><strong>tliium</strong></span> <span class='ocrx_word' id='word_1_634' title='bbox 2023 3011 2283 3060; x_wconf 53' lang='lat' dir='ltr'><strong>mansisse</strong></span> <span class='ocrx_word' id='word_1_635' title='bbox 2307 3007 2787 3076; x_wconf 78' lang='lat' dir='ltr'><strong>ConstantinOpoli,</strong></span> <span class='ocrx_word' id='word_1_636' title='bbox 2837 3009 2958 3075; x_wconf 86' lang='lat' dir='ltr'><strong>quia</strong></span> <span class='ocrx_word' id='word_1_637' title='bbox 3003 3023 3120 3060; x_wconf 87' lang='lat' dir='ltr'><strong>cum</strong></span> <span class='ocrx_word' id='word_1_638' title='bbox 3177 3007 3404 3062; x_wconf 79' lang='lat' dir='ltr'><strong>Joannes</strong></span> 
     </span>
    </p>
   </div>
   <div class='ocr_carea' id='block_1_91' title="bbox 1819 3097 3402 3164">
    <p class='ocr_par' dir='ltr' id='par_1_91' title="bbox 1819 3097 3402 3164">
     <span class='ocr_line' id='line_1_91' title="bbox 1819 3097 3402 3164; baseline 0.001 -16"><span class='ocrx_word' id='word_1_639' title='bbox 1819 3109 2097 3149; x_wconf 79' lang='lat' dir='ltr'><strong>revocatus</strong></span> <span class='ocrx_word' id='word_1_640' title='bbox 2126 3099 2328 3158; x_wconf 71' lang='lat' dir='ltr'><strong>inisset,</strong></span> <span class='ocrx_word' id='word_1_641' title='bbox 2361 3113 2464 3149; x_wconf 80' lang='lat' dir='ltr'><strong>non</strong></span> <span class='ocrx_word' id='word_1_642' title='bbox 2491 3097 2886 3149; x_wconf 74' lang='lat' dir='ltr'><strong>contradixerat</strong></span> <span class='ocrx_word' id='word_1_643' title='bbox 2913 3097 3123 3164; x_wconf 87' lang='lat' dir='ltr'><strong>quidem</strong></span> <span class='ocrx_word' id='word_1_644' title='bbox 3159 3099 3275 3160; x_wconf 68' lang='lat' dir='ltr'><strong>iile;</strong></span> <span class='ocrx_word' id='word_1_645' title='bbox 3309 3099 3402 3152; x_wconf 77' lang='lat' dir='ltr'><strong>sed</strong></span> 
     </span>
    </p>
   </div>
   <div class='ocr_carea' id='block_1_92' title="bbox 1819 3186 3402 3255">
    <p class='ocr_par' dir='ltr' id='par_1_92' title="bbox 1819 3186 3402 3255">
     <span class='ocr_line' id='line_1_92' title="bbox 1819 3186 3402 3255; baseline 0.003 -17"><span class='ocrx_word' id='word_1_646' title='bbox 1819 3201 1937 3239; x_wconf 87' lang='lat' dir='ltr'><strong>cum</strong></span> <span class='ocrx_word' id='word_1_647' title='bbox 1981 3186 2278 3240; x_wconf 65' lang='lat' dir='ltr'><strong>ilex-aelidis</strong></span> <span class='ocrx_word' id='word_1_648' title='bbox 2318 3201 2534 3241; x_wconf 84' lang='lat' dir='ltr'><strong>causam</strong></span> <span class='ocrx_word' id='word_1_649' title='bbox 2565 3187 2615 3239; x_wconf 92' lang='lat' dir='ltr'><strong>in</strong></span> <span class='ocrx_word' id='word_1_650' title='bbox 2649 3187 2880 3239; x_wconf 89' lang='lat' dir='ltr'><strong>medium</strong></span> <span class='ocrx_word' id='word_1_651' title='bbox 2912 3188 3234 3254; x_wconf 80' lang='lat' dir='ltr'><strong>protulisset,</strong></span> <span class='ocrx_word' id='word_1_652' title='bbox 3265 3203 3402 3255; x_wconf 87' lang='lat' dir='ltr'><strong>quo-</strong></span> 
     </span>
    </p>
   </div>
   <div class='ocr_carea' id='block_1_93' title="bbox 1819 3264 3404 3342">
    <p class='ocr_par' dir='ltr' id='par_1_93' title="bbox 1819 3264 3404 3342">
     <span class='ocr_line' id='line_1_93' title="bbox 1819 3264 3404 3342; baseline -0.001 -12"><span class='ocrx_word' id='word_1_653' title='bbox 1819 3277 1958 3330; x_wconf 83' lang='lat' dir='ltr'><strong>niam</strong></span> <span class='ocrx_word' id='word_1_654' title='bbox 1987 3276 2073 3331; x_wconf 87' lang='lat' dir='ltr'><strong>hic</strong></span> <span class='ocrx_word' id='word_1_655' title='bbox 2100 3293 2128 3330; x_wconf 85' lang='lat' dir='ltr'><strong>a</strong></span> <span class='ocrx_word' id='word_1_656' title='bbox 2157 3264 2360 3332; x_wconf 69' lang='lat' dir='ltr'><strong>Joanne</strong></span> <span class='ocrx_word' id='word_1_657' title='bbox 2409 3275 2684 3331; x_wconf 84' lang='lat' dir='ltr'><strong>ordinatus</strong></span> <span class='ocrx_word' id='word_1_658' title='bbox 2725 3276 2916 3340; x_wconf 74' lang='lat' dir='ltr'><strong>fuerat,</strong></span> <span class='ocrx_word' id='word_1_659' title='bbox 2953 3277 3003 3328; x_wconf 91' lang='lat' dir='ltr'><strong>in</strong></span> <span class='ocrx_word' id='word_1_660' title='bbox 3045 3276 3404 3342; x_wconf 72' lang='lat' dir='ltr'><strong>suspicionem</strong></span> 
     </span>
    </p>
   </div>
   <div class='ocr_carea' id='block_1_94' title="bbox 1819 3363 3404 3436">
    <p class='ocr_par' dir='ltr' id='par_1_94' title="bbox 1819 3363 3404 3436">
     <span class='ocr_line' id='line_1_94' title="bbox 1819 3363 3404 3436; baseline 0.001 -17"><span class='ocrx_word' id='word_1_661' title='bbox 1819 3368 2066 3432; x_wconf 82' lang='lat' dir='ltr'><strong>venisse,</strong></span> <span class='ocrx_word' id='word_1_662' title='bbox 2115 3367 2254 3436; x_wconf 86' lang='lat' dir='ltr'><strong>quod</strong></span> <span class='ocrx_word' id='word_1_663' title='bbox 2303 3383 2512 3421; x_wconf 89' lang='lat' dir='ltr'><strong>rursum</strong></span> <span class='ocrx_word' id='word_1_664' title='bbox 2563 3365 2781 3420; x_wconf 87' lang='lat' dir='ltr'><strong>Joannis</strong></span> <span class='ocrx_word' id='word_1_665' title='bbox 2825 3380 3040 3419; x_wconf 85' lang='lat' dir='ltr'><strong>causam</strong></span> <span class='ocrx_word' id='word_1_666' title='bbox 3103 3363 3404 3434; x_wconf 85' lang='lat' dir='ltr'><strong>disquirere</strong></span> 
     </span>
    </p>
   </div>
   <div class='ocr_carea' id='block_1_95' title="bbox 1827 3455 3402 3526">
    <p class='ocr_par' dir='ltr' id='par_1_95' title="bbox 1827 3455 3402 3526">
     <span class='ocr_line' id='line_1_95' title="bbox 1827 3455 3402 3526; baseline 0 -15"><span class='ocrx_word' id='word_1_667' title='bbox 1827 3460 1995 3525; x_wconf 78' lang='lat' dir='ltr'><strong>vellet,</strong></span> <span class='ocrx_word' id='word_1_668' title='bbox 2045 3467 2099 3514; x_wconf 87' lang='lat' dir='ltr'><strong>ut</strong></span> <span class='ocrx_word' id='word_1_669' title='bbox 2145 3461 2293 3513; x_wconf 75' lang='lat' dir='ltr'><strong>illum</strong></span> <span class='ocrx_word' id='word_1_670' title='bbox 2347 3459 2556 3512; x_wconf 81' lang='lat' dir='ltr'><strong>tandem</strong></span> <span class='ocrx_word' id='word_1_671' title='bbox 2589 3473 2616 3511; x_wconf 89' lang='lat' dir='ltr'><strong>a</strong></span> <span class='ocrx_word' id='word_1_672' title='bbox 2649 3458 2776 3512; x_wconf 76' lang='lat' dir='ltr'><strong>sede</strong></span> <span class='ocrx_word' id='word_1_673' title='bbox 2817 3455 3402 3526; x_wconf 76' lang='lat' dir='ltr'><strong>Constantinopolitano</strong></span> 
     </span>
    </p>
   </div>
   <div class='ocr_carea' id='block_1_96' title="bbox 1819 3549 3406 3618">
    <p class='ocr_par' dir='ltr' id='par_1_96' title="bbox 1819 3549 3406 3618">
     <span class='ocr_line' id='line_1_96' title="bbox 1819 3549 3406 3618; baseline -0.003 -14"><span class='ocrx_word' id='word_1_674' title='bbox 1819 3550 2143 3604; x_wconf 78' lang='lat' dir='ltr'><strong>deturbaret.</strong></span> <span class='ocrx_word' id='word_1_675' title='bbox 2179 3551 2371 3603; x_wconf 76' lang='lat' dir='ltr'><strong>Verum</strong></span> <span class='ocrx_word' id='word_1_676' title='bbox 2421 3561 2594 3603; x_wconf 85' lang='lat' dir='ltr'><strong>tamen</strong></span> <span class='ocrx_word' id='word_1_677' title='bbox 2625 3560 2706 3602; x_wconf 80' lang='lat' dir='ltr'><strong>est</strong></span> <span class='ocrx_word' id='word_1_678' title='bbox 2732 3549 3170 3618; x_wconf 73' lang='lat' dir='ltr'><strong>Chrysostomum</strong></span> <span class='ocrx_word' id='word_1_679' title='bbox 3202 3553 3250 3602; x_wconf 89' lang='lat' dir='ltr'><strong>in</strong></span> <span class='ocrx_word' id='word_1_680' title='bbox 3293 3549 3406 3616; x_wconf 88' lang='lat' dir='ltr'><strong>epi-</strong></span> 
     </span>
    </p>
   </div>
   <div class='ocr_carea' id='block_1_97' title="bbox 1819 3635 3396 3710">
    <p class='ocr_par' dir='ltr' id='par_1_97' title="bbox 1819 3635 3396 3710">
     <span class='ocr_line' id='line_1_97' title="bbox 1819 3635 3396 3710; baseline -0.004 -16"><span class='ocrx_word' id='word_1_681' title='bbox 1819 3642 1953 3694; x_wconf 86' lang='lat' dir='ltr'><strong>stola</strong></span> <span class='ocrx_word' id='word_1_682' title='bbox 1982 3640 2045 3692; x_wconf 86' lang='lat' dir='ltr'><strong>ad</strong></span> <span class='ocrx_word' id='word_1_683' title='bbox 2071 3641 2432 3694; x_wconf 75' lang='lat' dir='ltr'><strong>lituoccntimn</strong></span> <span class='ocrx_word' id='word_1_684' title='bbox 2461 3639 2639 3692; x_wconf 84' lang='lat' dir='ltr'><strong>dicere</strong></span> <span class='ocrx_word' id='word_1_685' title='bbox 2693 3653 2752 3694; x_wconf 90' lang='lat' dir='ltr'><strong>se</strong></span> <span class='ocrx_word' id='word_1_686' title='bbox 2783 3639 2800 3710; x_wconf 86' lang='lat'><strong>(</strong></span> <span class='ocrx_word' id='word_1_687' title='bbox 2825 3638 2886 3694; x_wconf 86' lang='grc' dir='ltr'>Τ.</span> <span class='ocrx_word' id='word_1_688' title='bbox 2906 3638 3196 3698; x_wconf 68' lang='grc' dir='ltr'><strong>5.εοι.ῧ52.</strong></span> <span class='ocrx_word' id='word_1_689' title='bbox 3218 3637 3250 3690; x_wconf 82' lang='grc' dir='ltr'><strong>ι.</strong></span> <span class='ocrx_word' id='word_1_690' title='bbox 3285 3635 3352 3690; x_wconf 74' lang='grc'>58</span> <span class='ocrx_word' id='word_1_691' title='bbox 3377 3641 3396 3708; x_wconf 91' lang='grc'>)</span> 
     </span>
    </p>
   </div>
   <div class='ocr_carea' id='block_1_98' title="bbox 1819 3727 3408 3800">
    <p class='ocr_par' dir='ltr' id='par_1_98' title="bbox 1819 3727 3408 3800">
     <span class='ocr_line' id='line_1_98' title="bbox 1819 3727 3408 3800; baseline -0.001 -20"><span class='ocrx_word' id='word_1_692' title='bbox 1819 3741 2095 3800; x_wconf 85' lang='lat' dir='ltr'><strong>postquam</strong></span> <span class='ocrx_word' id='word_1_693' title='bbox 2143 3731 2190 3782; x_wconf 84' lang='lat' dir='ltr'><strong>in</strong></span> <span class='ocrx_word' id='word_1_694' title='bbox 2233 3731 2412 3782; x_wconf 74' lang='lat' dir='ltr'><strong>sedem</strong></span> <span class='ocrx_word' id='word_1_695' title='bbox 2460 3743 2608 3781; x_wconf 85' lang='lat' dir='ltr'><strong>suam</strong></span> <span class='ocrx_word' id='word_1_696' title='bbox 2639 3729 2912 3782; x_wconf 85' lang='lat' dir='ltr'><strong>restitutus</strong></span> <span class='ocrx_word' id='word_1_697' title='bbox 2940 3736 3043 3792; x_wconf 80' lang='lat' dir='ltr'><strong>est,</strong></span> <span class='ocrx_word' id='word_1_698' title='bbox 3078 3729 3143 3780; x_wconf 88' lang='lat' dir='ltr'><strong>ab</strong></span> <span class='ocrx_word' id='word_1_699' title='bbox 3175 3727 3408 3792; x_wconf 77' lang='lat' dir='ltr'><strong>Impera-</strong></span> 
     </span>
    </p>
   </div>
   <div class='ocr_carea' id='block_1_99' title="bbox 1821 3816 3403 3889">
    <p class='ocr_par' dir='ltr' id='par_1_99' title="bbox 1821 3816 3403 3889">
     <span class='ocr_line' id='line_1_99' title="bbox 1821 3816 3403 3889; baseline -0.004 -15"><span class='ocrx_word' id='word_1_700' title='bbox 1821 3831 1934 3874; x_wconf 82' lang='lat' dir='ltr'><strong>tore</strong></span> <span class='ocrx_word' id='word_1_701' title='bbox 1958 3821 2268 3889; x_wconf 63' lang='lat' dir='ltr'><strong>postulasse,</strong></span> <span class='ocrx_word' id='word_1_702' title='bbox 2303 3829 2355 3870; x_wconf 90' lang='lat' dir='ltr'><strong>ut</strong></span> <span class='ocrx_word' id='word_1_703' title='bbox 2378 3816 2646 3886; x_wconf 86' lang='lat' dir='ltr'><strong>Synodum</strong></span> <span class='ocrx_word' id='word_1_704' title='bbox 2672 3825 2907 3884; x_wconf 77' lang='lat' dir='ltr'><strong>cogeret,</strong></span> <span class='ocrx_word' id='word_1_705' title='bbox 2933 3817 3022 3869; x_wconf 88' lang='lat' dir='ltr'><strong>ubi</strong></span> <span class='ocrx_word' id='word_1_706' title='bbox 3043 3817 3109 3868; x_wconf 89' lang='lat' dir='ltr'><strong>de</strong></span> <span class='ocrx_word' id='word_1_707' title='bbox 3126 3830 3216 3867; x_wconf 83' lang='lat' dir='ltr'><strong>sua</strong></span> <span class='ocrx_word' id='word_1_708' title='bbox 3243 3829 3403 3867; x_wconf 84' lang='lat' dir='ltr'><strong>causa</strong></span> 
     </span>
    </p>
   </div>
   <div class='ocr_carea' id='block_1_100' title="bbox 1815 3904 3405 3978">
    <p class='ocr_par' dir='ltr' id='par_1_100' title="bbox 1815 3904 3405 3978">
     <span class='ocr_line' id='line_1_100' title="bbox 1815 3904 3405 3978; baseline -0.003 -16"><span class='ocrx_word' id='word_1_709' title='bbox 1815 3909 2139 3978; x_wconf 85' lang='lat' dir='ltr'><strong>judicaretur</strong></span> <span class='ocrx_word' id='word_1_710' title='bbox 2169 3927 2180 3960; x_wconf 90' lang='lat'>:</span> <span class='ocrx_word' id='word_1_711' title='bbox 2214 3919 2266 3961; x_wconf 89' lang='lat' dir='ltr'><strong>et</strong></span> <span class='ocrx_word' id='word_1_712' title='bbox 2295 3923 2414 3960; x_wconf 86' lang='lat' dir='ltr'><strong>cum</strong></span> <span class='ocrx_word' id='word_1_713' title='bbox 2459 3907 2524 3960; x_wconf 89' lang='lat' dir='ltr'><strong>ad</strong></span> <span class='ocrx_word' id='word_1_714' title='bbox 2573 3906 2713 3958; x_wconf 80' lang='lat' dir='ltr'><strong>illuni</strong></span> <span class='ocrx_word' id='word_1_715' title='bbox 2741 3905 3030 3972; x_wconf 77' lang='lat' dir='ltr'><strong>cogendam</strong></span> <span class='ocrx_word' id='word_1_716' title='bbox 3061 3904 3405 3972; x_wconf 85' lang='lat' dir='ltr'><strong>imperatoris</strong></span> 
     </span>
    </p>
   </div>
   <div class='ocr_carea' id='block_1_101' title="bbox 1819 3995 3405 4062">
    <p class='ocr_par' dir='ltr' id='par_1_101' title="bbox 1819 3995 3405 4062">
     <span class='ocr_line' id='line_1_101' title="bbox 1819 3995 3405 4062; baseline -0.001 -10"><span class='ocrx_word' id='word_1_717' title='bbox 1819 4001 1987 4054; x_wconf 71' lang='lat' dir='ltr'><strong>iilCl‘Ll:</strong></span> <span class='ocrx_word' id='word_1_718' title='bbox 2015 4000 2064 4052; x_wconf 92' lang='lat' dir='ltr'><strong>in</strong></span> <span class='ocrx_word' id='word_1_719' title='bbox 2103 4001 2278 4051; x_wconf 77' lang='lat' dir='ltr'><strong>Omina</strong></span> <span class='ocrx_word' id='word_1_720' title='bbox 2321 3998 2434 4050; x_wconf 86' lang='lat' dir='ltr'><strong>loca</strong></span> <span class='ocrx_word' id='word_1_721' title='bbox 2481 3997 2840 4058; x_wconf 88' lang='lat' dir='ltr'><strong>mitterentur,</strong></span> <span class='ocrx_word' id='word_1_722' title='bbox 2873 3995 3227 4062; x_wconf 35' lang='lat' dir='ltr'><strong>&#39;i‘thphilum</strong></span> <span class='ocrx_word' id='word_1_723' title='bbox 3267 3995 3405 4050; x_wconf 83' lang='lat' dir='ltr'><strong>male</strong></span> 
     </span>
    </p>
   </div>
   <div class='ocr_carea' id='block_1_102' title="bbox 1820 4087 3405 4154">
    <p class='ocr_par' dir='ltr' id='par_1_102' title="bbox 1820 4087 3405 4154">
     <span class='ocr_line' id='line_1_102' title="bbox 1820 4087 3405 4154; baseline -0.002 -10"><span class='ocrx_word' id='word_1_724' title='bbox 1820 4093 1919 4144; x_wconf 89' lang='lat' dir='ltr'><strong>sibi</strong></span> <span class='ocrx_word' id='word_1_725' title='bbox 1949 4093 2242 4154; x_wconf 68' lang='lat' dir='ltr'><strong>ccmscium,</strong></span> <span class='ocrx_word' id='word_1_726' title='bbox 2279 4089 2449 4142; x_wconf 86' lang='lat' dir='ltr'><strong>media</strong></span> <span class='ocrx_word' id='word_1_727' title='bbox 2477 4098 2654 4154; x_wconf 87' lang='lat' dir='ltr'><strong>nocte,</strong></span> <span class='ocrx_word' id='word_1_728' title='bbox 2677 4103 2966 4141; x_wconf 67' lang='lat' dir='ltr'><strong>eonsccnsa</strong></span> <span class='ocrx_word' id='word_1_729' title='bbox 3000 4087 3116 4140; x_wconf 85' lang='lat' dir='ltr'><strong>navi</strong></span> <span class='ocrx_word' id='word_1_730' title='bbox 3145 4103 3262 4140; x_wconf 82' lang='lat' dir='ltr'><strong>cum</strong></span> <span class='ocrx_word' id='word_1_731' title='bbox 3297 4089 3405 4142; x_wconf 84' lang='lat' dir='ltr'><strong>suis</strong></span> 
     </span>
    </p>
   </div>
   <div class='ocr_carea' id='block_1_103' title="bbox 1820 4175 3406 4250">
    <p class='ocr_par' dir='ltr' id='par_1_103' title="bbox 1820 4175 3406 4250">
     <span class='ocr_line' id='line_1_103' title="bbox 1820 4175 3406 4250; baseline -0.003 -16"><span class='ocrx_word' id='word_1_732' title='bbox 1820 4181 2104 4250; x_wconf 82' lang='lat' dir='ltr'><strong>aufugisse.</strong></span> <span class='ocrx_word' id='word_1_733' title='bbox 2138 4179 2285 4235; x_wconf 66' lang='lat' dir='ltr'><strong>Unde</strong></span> <span class='ocrx_word' id='word_1_734' title='bbox 2317 4177 2571 4247; x_wconf 85' lang='lat' dir='ltr'><strong>consequi</strong></span> <span class='ocrx_word' id='word_1_735' title='bbox 2607 4177 2836 4240; x_wconf 83' lang='lat' dir='ltr'><strong>videtur,</strong></span> <span class='ocrx_word' id='word_1_736' title='bbox 2891 4175 3240 4244; x_wconf 59' lang='lat' dir='ltr'><strong>Theojthilum</strong></span> <span class='ocrx_word' id='word_1_737' title='bbox 3289 4185 3406 4243; x_wconf 89' lang='lat' dir='ltr'><strong>post</strong></span> 
     </span>
    </p>
   </div>
   <div class='ocr_carea' id='block_1_104' title="bbox 1821 4267 3406 4338">
    <p class='ocr_par' dir='ltr' id='par_1_104' title="bbox 1821 4267 3406 4338">
     <span class='ocr_line' id='line_1_104' title="bbox 1821 4267 3406 4338; baseline -0.005 -10"><span class='ocrx_word' id='word_1_738' title='bbox 1821 4273 2046 4328; x_wconf 89' lang='lat' dir='ltr'><strong>reditum</strong></span> <span class='ocrx_word' id='word_1_739' title='bbox 2075 4272 2293 4326; x_wconf 82' lang='lat' dir='ltr'><strong>Joannis</strong></span> <span class='ocrx_word' id='word_1_740' title='bbox 2333 4271 2532 4338; x_wconf 89' lang='lat' dir='ltr'><strong>aliquot</strong></span> <span class='ocrx_word' id='word_1_741' title='bbox 2553 4269 2739 4323; x_wconf 89' lang='lat' dir='ltr'><strong>diebus</strong></span> <span class='ocrx_word' id='word_1_742' title='bbox 2769 4267 3224 4335; x_wconf 78' lang='lat' dir='ltr'><strong>Constantinopoli</strong></span> <span class='ocrx_word' id='word_1_743' title='bbox 3255 4281 3406 4320; x_wconf 89' lang='lat' dir='ltr'><strong>man-</strong></span> 
     </span>
    </p>
   </div>
   <div class='ocr_carea' id='block_1_105' title="bbox 1821 4356 3404 4428">
    <p class='ocr_par' dir='ltr' id='par_1_105' title="bbox 1821 4356 3404 4428">
     <span class='ocr_line' id='line_1_105' title="bbox 1821 4356 3404 4428; baseline -0.005 -12"><span class='ocrx_word' id='word_1_744' title='bbox 1821 4364 1973 4427; x_wconf 89' lang='lat' dir='ltr'><strong>sisse,</strong></span> <span class='ocrx_word' id='word_1_745' title='bbox 2003 4362 2170 4415; x_wconf 80' lang='lat' dir='ltr'><strong>donec</strong></span> <span class='ocrx_word' id='word_1_746' title='bbox 2199 4362 2445 4414; x_wconf 76' lang='lat' dir='ltr'><strong>videlicet</strong></span> <span class='ocrx_word' id='word_1_747' title='bbox 2489 4367 2708 4428; x_wconf 81' lang='lat' dir='ltr'><strong>rogante</strong></span> <span class='ocrx_word' id='word_1_748' title='bbox 2745 4358 2947 4412; x_wconf 83' lang='lat' dir='ltr'><strong>Joanne</strong></span> <span class='ocrx_word' id='word_1_749' title='bbox 2998 4357 3294 4424; x_wconf 69' lang='lat' dir='ltr'><strong>lnqierator</strong></span> <span class='ocrx_word' id='word_1_750' title='bbox 3339 4356 3404 4409; x_wconf 82' lang='lat' dir='ltr'><strong>li-</strong></span> 
     </span>
    </p>
   </div>
   <div class='ocr_carea' id='block_1_106' title="bbox 1821 4447 3402 4521">
    <p class='ocr_par' dir='ltr' id='par_1_106' title="bbox 1821 4447 3402 4521">
     <span class='ocr_line' id='line_1_106' title="bbox 1821 4447 3402 4521; baseline -0.006 -13"><span class='ocrx_word' id='word_1_751' title='bbox 1821 4465 1962 4508; x_wconf 87' lang='lat' dir='ltr'><strong>teras</strong></span> <span class='ocrx_word' id='word_1_752' title='bbox 1995 4454 2184 4521; x_wconf 79' lang='lat' dir='ltr'><strong>ubique</strong></span> <span class='ocrx_word' id='word_1_753' title='bbox 2217 4453 2358 4506; x_wconf 77' lang='lat' dir='ltr'><strong>misit</strong></span> <span class='ocrx_word' id='word_1_754' title='bbox 2385 4451 2448 4505; x_wconf 88' lang='lat' dir='ltr'><strong>ad</strong></span> <span class='ocrx_word' id='word_1_755' title='bbox 2473 4449 2742 4520; x_wconf 85' lang='lat' dir='ltr'><strong>Synodum</strong></span> <span class='ocrx_word' id='word_1_756' title='bbox 2777 4447 3088 4516; x_wconf 79' lang='lat' dir='ltr'><strong>cogendam.</strong></span> <span class='ocrx_word' id='word_1_757' title='bbox 3111 4447 3242 4498; x_wconf 74' lang='lat' dir='ltr'><strong>Cum</strong></span> <span class='ocrx_word' id='word_1_758' title='bbox 3273 4461 3402 4515; x_wconf 80' lang='lat' dir='ltr'><strong>ergo</strong></span> 
     </span>
    </p>
   </div>
   <div class='ocr_carea' id='block_1_107' title="bbox 1821 4537 3396 4610">
    <p class='ocr_par' dir='ltr' id='par_1_107' title="bbox 1821 4537 3396 4610">
     <span class='ocr_line' id='line_1_107' title="bbox 1821 4537 3396 4610; baseline -0.006 -13"><span class='ocrx_word' id='word_1_759' title='bbox 1821 4544 1872 4597; x_wconf 88' lang='lat' dir='ltr'><strong>in</strong></span> <span class='ocrx_word' id='word_1_760' title='bbox 1898 4544 2258 4602; x_wconf 79' lang='lat' dir='ltr'><strong>conciooibus,</strong></span> <span class='ocrx_word' id='word_1_761' title='bbox 2285 4557 2414 4610; x_wconf 86' lang='lat' dir='ltr'><strong>quas</strong></span> <span class='ocrx_word' id='word_1_762' title='bbox 2449 4541 2498 4593; x_wconf 90' lang='lat' dir='ltr'><strong>in</strong></span> <span class='ocrx_word' id='word_1_763' title='bbox 2523 4540 2606 4593; x_wconf 86' lang='lat' dir='ltr'><strong>die</strong></span> <span class='ocrx_word' id='word_1_764' title='bbox 2631 4538 2831 4591; x_wconf 82' lang='lat' dir='ltr'><strong>reditus</strong></span> <span class='ocrx_word' id='word_1_765' title='bbox 2851 4548 2898 4590; x_wconf 85' lang='lat' dir='ltr'><strong>et</strong></span> <span class='ocrx_word' id='word_1_766' title='bbox 2917 4537 3168 4604; x_wconf 84' lang='lat' dir='ltr'><strong>postridie</strong></span> <span class='ocrx_word' id='word_1_767' title='bbox 3193 4538 3396 4601; x_wconf 88' lang='lat' dir='ltr'><strong>habuit,</strong></span> 
     </span>
    </p>
   </div>
   <div class='ocr_carea' id='block_1_108' title="bbox 1821 4627 3402 4698">
    <p class='ocr_par' dir='ltr' id='par_1_108' title="bbox 1821 4627 3402 4698">
     <span class='ocr_line' id='line_1_108' title="bbox 1821 4627 3402 4698; baseline -0.003 -11"><span class='ocrx_word' id='word_1_768' title='bbox 1821 4635 1960 4688; x_wconf 86' lang='lat' dir='ltr'><strong>dicat</strong></span> <span class='ocrx_word' id='word_1_769' title='bbox 1977 4635 2218 4687; x_wconf 76' lang='lat' dir='ltr'><strong>inimicos</strong></span> <span class='ocrx_word' id='word_1_770' title='bbox 2237 4647 2359 4686; x_wconf 86' lang='lat' dir='ltr'><strong>suos</strong></span> <span class='ocrx_word' id='word_1_771' title='bbox 2381 4630 2666 4698; x_wconf 67' lang='lat' dir='ltr'><strong>aufugisse,</strong></span> <span class='ocrx_word' id='word_1_772' title='bbox 2684 4630 2759 4682; x_wconf 89' lang='lat' dir='ltr'><strong>sic</strong></span> <span class='ocrx_word' id='word_1_773' title='bbox 2780 4629 3149 4696; x_wconf 74' lang='lat' dir='ltr'><strong>intelligendus</strong></span> <span class='ocrx_word' id='word_1_774' title='bbox 3169 4627 3402 4682; x_wconf 87' lang='lat' dir='ltr'><strong>videtur.</strong></span> 
     </span>
    </p>
   </div>
   <div class='ocr_carea' id='block_1_109' title="bbox 1895 4719 3405 4794">
    <p class='ocr_par' dir='ltr' id='par_1_109' title="bbox 1895 4719 3405 4794">
     <span class='ocr_line' id='line_1_109' title="bbox 1895 4719 3405 4794; baseline -0.007 -14"><span class='ocrx_word' id='word_1_775' title='bbox 1895 4727 2177 4794; x_wconf 82' lang='lat' dir='ltr'><strong>Postquam</strong></span> <span class='ocrx_word' id='word_1_776' title='bbox 2207 4723 2439 4792; x_wconf 88' lang='lat' dir='ltr'><strong>episcopi</strong></span> <span class='ocrx_word' id='word_1_777' title='bbox 2459 4722 2552 4786; x_wconf 92' lang='lat' dir='ltr'><strong>illi,</strong></span> <span class='ocrx_word' id='word_1_778' title='bbox 2573 4720 2950 4790; x_wconf 73' lang='lat' dir='ltr'><strong>quiSynodum</strong></span> <span class='ocrx_word' id='word_1_779' title='bbox 2979 4721 3030 4772; x_wconf 89' lang='lat' dir='ltr'><strong>in</strong></span> <span class='ocrx_word' id='word_1_780' title='bbox 3053 4719 3405 4782; x_wconf 76' lang='lat' dir='ltr'><strong>Quercncon-</strong></span> 
     </span>
    </p>
   </div>
   <div class='ocr_carea' id='block_1_110' title="bbox 1823 4808 3402 4882">
    <p class='ocr_par' dir='ltr' id='par_1_110' title="bbox 1823 4808 3402 4882">
     <span class='ocr_line' id='line_1_110' title="bbox 1823 4808 3402 4882; baseline -0.006 -14"><span class='ocrx_word' id='word_1_781' title='bbox 1823 4817 2120 4878; x_wconf 79' lang='lat' dir='ltr'><strong>stituerunt,</strong></span> <span class='ocrx_word' id='word_1_782' title='bbox 2169 4829 2286 4867; x_wconf 87' lang='lat' dir='ltr'><strong>cum</strong></span> <span class='ocrx_word' id='word_1_783' title='bbox 2317 4812 2481 4882; x_wconf 72' lang='lat' dir='ltr'><strong>gloria</strong></span> <span class='ocrx_word' id='word_1_784' title='bbox 2521 4811 2770 4864; x_wconf 74' lang='lat' dir='ltr'><strong>reducem</strong></span> <span class='ocrx_word' id='word_1_785' title='bbox 2809 4809 3045 4862; x_wconf 69' lang='lat' dir='ltr'><strong>videntes</strong></span> <span class='ocrx_word' id='word_1_786' title='bbox 3079 4808 3402 4876; x_wconf 75' lang='lat' dir='ltr'><strong>Chrysosto-</strong></span> 
     </span>
    </p>
   </div>
   <div class='ocr_carea' id='block_1_111' title="bbox 1825 4898 3402 4970">
    <p class='ocr_par' dir='ltr' id='par_1_111' title="bbox 1825 4898 3402 4970">
     <span class='ocr_line' id='line_1_111' title="bbox 1825 4898 3402 4970; baseline -0.004 -11"><span class='ocrx_word' id='word_1_787' title='bbox 1825 4922 1990 4969; x_wconf 85' lang='lat' dir='ltr'><strong>mum,</strong></span> <span class='ocrx_word' id='word_1_788' title='bbox 2024 4907 2408 4967; x_wconf 75' lang='lat' dir='ltr'><strong>discesserant;</strong></span> <span class='ocrx_word' id='word_1_789' title='bbox 2439 4901 2762 4970; x_wconf 83' lang='lat' dir='ltr'><strong>Theophilus</strong></span> <span class='ocrx_word' id='word_1_790' title='bbox 2783 4942 2796 4962; x_wconf 94' lang='lat'><strong>,</strong></span> <span class='ocrx_word' id='word_1_791' title='bbox 2824 4901 2908 4968; x_wconf 90' lang='lat' dir='ltr'><strong>qui</strong></span> <span class='ocrx_word' id='word_1_792' title='bbox 2945 4898 3402 4967; x_wconf 84' lang='lat' dir='ltr'><strong>Constantinopoli</strong></span> 
     </span>
    </p>
   </div>
   <div class='ocr_carea' id='block_1_112' title="bbox 1827 4991 3398 5066">
    <p class='ocr_par' dir='ltr' id='par_1_112' title="bbox 1827 4991 3398 5066">
     <span class='ocr_line' id='line_1_112' title="bbox 1827 4991 3398 5066; baseline -0.005 -16"><span class='ocrx_word' id='word_1_793' title='bbox 1827 5007 1948 5052; x_wconf 86' lang='lat' dir='ltr'><strong>tunc</strong></span> <span class='ocrx_word' id='word_1_794' title='bbox 1967 5009 2076 5052; x_wconf 87' lang='lat' dir='ltr'><strong>erat</strong></span> <span class='ocrx_word' id='word_1_795' title='bbox 2094 5039 2104 5062; x_wconf 90' lang='lat'><strong>,</strong></span> <span class='ocrx_word' id='word_1_796' title='bbox 2121 4997 2447 5066; x_wconf 81' lang='lat' dir='ltr'><strong>quiescebat,</strong></span> <span class='ocrx_word' id='word_1_797' title='bbox 2481 5009 2579 5046; x_wconf 90' lang='lat' dir='ltr'><strong>nec</strong></span> <span class='ocrx_word' id='word_1_798' title='bbox 2601 5001 2780 5045; x_wconf 84' lang='lat' dir='ltr'><strong>contra</strong></span> <span class='ocrx_word' id='word_1_799' title='bbox 2807 4991 2952 5043; x_wconf 86' lang='lat' dir='ltr'><strong>illum</strong></span> <span class='ocrx_word' id='word_1_800' title='bbox 2975 4991 3242 5058; x_wconf 86' lang='lat' dir='ltr'><strong>quidpiam</strong></span> <span class='ocrx_word' id='word_1_801' title='bbox 3277 5005 3398 5058; x_wconf 57' lang='lat' dir='ltr'><strong>pro.</strong></span> 
     </span>
    </p>
   </div>
   <div class='ocr_carea' id='block_1_113' title="bbox 1827 5081 3403 5150">
    <p class='ocr_par' dir='ltr' id='par_1_113' title="bbox 1827 5081 3403 5150">
     <span class='ocr_line' id='line_1_113' title="bbox 1827 5081 3403 5150; baseline -0.005 -8"><span class='ocrx_word' id='word_1_802' title='bbox 1827 5089 1965 5142; x_wconf 73' lang='lat' dir='ltr'><strong>ferre</strong></span> <span class='ocrx_word' id='word_1_803' title='bbox 1989 5088 2123 5141; x_wconf 87' lang='lat' dir='ltr'><strong>ultra</strong></span> <span class='ocrx_word' id='word_1_804' title='bbox 2145 5085 2370 5138; x_wconf 82' lang='lat' dir='ltr'><strong>audebat</strong></span> <span class='ocrx_word' id='word_1_805' title='bbox 2395 5103 2405 5138; x_wconf 96' lang='lat'><strong>:</strong></span> <span class='ocrx_word' id='word_1_806' title='bbox 2439 5085 2552 5137; x_wconf 79' lang='lat' dir='ltr'><strong>haec</strong></span> <span class='ocrx_word' id='word_1_807' title='bbox 2573 5093 2715 5137; x_wconf 79' lang='lat' dir='ltr'><strong>certe</strong></span> <span class='ocrx_word' id='word_1_808' title='bbox 2736 5083 2903 5150; x_wconf 79' lang='lat' dir='ltr'><strong>potuit</strong></span> <span class='ocrx_word' id='word_1_809' title='bbox 2923 5081 3210 5150; x_wconf 70' lang='lat' dir='ltr'><strong>generatim</strong></span> <span class='ocrx_word' id='word_1_810' title='bbox 3227 5081 3403 5134; x_wconf 73' lang='lat' dir='ltr'><strong>dicere</strong></span> 
     </span>
    </p>
   </div>
   <div class='ocr_carea' id='block_1_114' title="bbox 1825 5171 3398 5248">
    <p class='ocr_par' dir='ltr' id='par_1_114' title="bbox 1825 5171 3398 5248">
     <span class='ocr_line' id='line_1_114' title="bbox 1825 5171 3398 5248; baseline -0.007 -15"><span class='ocrx_word' id='word_1_811' title='bbox 1825 5178 2252 5248; x_wconf 71' lang='lat' dir='ltr'><strong>Chrysostcmus.</strong></span> <span class='ocrx_word' id='word_1_812' title='bbox 2295 5175 2536 5244; x_wconf 70' lang='lat' dir='ltr'><strong>Alioquin</strong></span> <span class='ocrx_word' id='word_1_813' title='bbox 2577 5188 2702 5227; x_wconf 81' lang='lat' dir='ltr'><strong>vero</strong></span> <span class='ocrx_word' id='word_1_814' title='bbox 2746 5172 2860 5225; x_wconf 64' lang='lat' dir='ltr'><strong>haec</strong></span> <span class='ocrx_word' id='word_1_815' title='bbox 2919 5171 3398 5225; x_wconf 68' lang='lat' dir='ltr'><strong>Alexandrinorum</strong></span> 
     </span>
    </p>
   </div>
   <div class='ocr_carea' id='block_1_115' title="bbox 1825 5262 3402 5336">
    <p class='ocr_par' dir='ltr' id='par_1_115' title="bbox 1825 5262 3402 5336">
     <span class='ocr_line' id='line_1_115' title="bbox 1825 5262 3402 5336; baseline -0.008 -11"><span class='ocrx_word' id='word_1_816' title='bbox 1825 5287 1940 5325; x_wconf 81' lang='lat' dir='ltr'><strong>cum</strong></span> <span class='ocrx_word' id='word_1_817' title='bbox 1958 5267 2559 5336; x_wconf 76' lang='lat' dir='ltr'><strong>Constantinopolitanis</strong></span> <span class='ocrx_word' id='word_1_818' title='bbox 2583 5265 2849 5318; x_wconf 83' lang='lat' dir='ltr'><strong>contentio</strong></span> <span class='ocrx_word' id='word_1_819' title='bbox 2869 5270 2920 5316; x_wconf 86' lang='lat' dir='ltr'><strong>et</strong></span> <span class='ocrx_word' id='word_1_820' title='bbox 2937 5279 3106 5330; x_wconf 73' lang='lat' dir='ltr'><strong>pugna</strong></span> <span class='ocrx_word' id='word_1_821' title='bbox 3131 5277 3235 5313; x_wconf 83' lang='lat' dir='ltr'><strong>non</strong></span> <span class='ocrx_word' id='word_1_822' title='bbox 3257 5262 3402 5313; x_wconf 86' lang='lat' dir='ltr'><strong>vidc-</strong></span> 
     </span>
    </p>
   </div>
   <div class='ocr_carea' id='block_1_116' title="bbox 1826 5351 3401 5430">
    <p class='ocr_par' dir='ltr' id='par_1_116' title="bbox 1826 5351 3401 5430">
     <span class='ocr_line' id='line_1_116' title="bbox 1826 5351 3401 5430; baseline -0.007 -16"><span class='ocrx_word' id='word_1_823' title='bbox 1826 5371 1907 5414; x_wconf 87' lang='lat' dir='ltr'><strong>tur</strong></span> <span class='ocrx_word' id='word_1_824' title='bbox 1923 5375 2075 5430; x_wconf 87' lang='lat' dir='ltr'><strong>posse</strong></span> <span class='ocrx_word' id='word_1_825' title='bbox 2091 5357 2588 5427; x_wconf 66' lang='lat' dir='ltr'><strong>antotlhrysostomi</strong></span> <span class='ocrx_word' id='word_1_826' title='bbox 2605 5356 2830 5410; x_wconf 87' lang='lat' dir='ltr'><strong>reditum</strong></span> <span class='ocrx_word' id='word_1_827' title='bbox 2857 5351 3132 5408; x_wconf 79' lang='lat' dir='ltr'><strong>accidisse.</strong></span> <span class='ocrx_word' id='word_1_828' title='bbox 3167 5351 3401 5405; x_wconf 81' lang='lat' dir='ltr'><strong>Severia-</strong></span> 
     </span>
    </p>
   </div>
   <div class='ocr_carea' id='block_1_117' title="bbox 1827 5443 3398 5520">
    <p class='ocr_par' dir='ltr' id='par_1_117' title="bbox 1827 5443 3398 5520">
     <span class='ocr_line' id='line_1_117' title="bbox 1827 5443 3398 5520; baseline -0.005 -16"><span class='ocrx_word' id='word_1_829' title='bbox 1827 5468 1924 5504; x_wconf 83' lang='lat' dir='ltr'><strong>nus</strong></span> <span class='ocrx_word' id='word_1_830' title='bbox 1951 5465 2159 5520; x_wconf 82' lang='lat' dir='ltr'><strong>quoque</strong></span> <span class='ocrx_word' id='word_1_831' title='bbox 2188 5449 2509 5502; x_wconf 78' lang='lat' dir='ltr'><strong>Gabalorum</strong></span> <span class='ocrx_word' id='word_1_832' title='bbox 2539 5447 2730 5514; x_wconf 87' lang='lat' dir='ltr'><strong>aliique</strong></span> <span class='ocrx_word' id='word_1_833' title='bbox 2755 5459 2940 5498; x_wconf 79' lang='lat' dir='ltr'><strong>ontnes</strong></span> <span class='ocrx_word' id='word_1_834' title='bbox 2973 5443 3179 5497; x_wconf 78' lang='lat' dir='ltr'><strong>Joannis</strong></span> <span class='ocrx_word' id='word_1_835' title='bbox 3201 5443 3398 5496; x_wconf 86' lang='lat' dir='ltr'><strong>inimici</strong></span> 
     </span>
    </p>
   </div>
   <div class='ocr_carea' id='block_1_118' title="bbox 1825 5533 3404 5612">
    <p class='ocr_par' dir='ltr' id='par_1_118' title="bbox 1825 5533 3404 5612">
     <span class='ocr_line' id='line_1_118' title="bbox 1825 5533 3404 5612; baseline -0.005 -16"><span class='ocrx_word' id='word_1_836' title='bbox 1825 5544 1996 5612; x_wconf 81' lang='lat' dir='ltr'><strong>fugam</strong></span> <span class='ocrx_word' id='word_1_837' title='bbox 2033 5543 2286 5596; x_wconf 75' lang='lat' dir='ltr'><strong>fecerunt.</strong></span> <span class='ocrx_word' id='word_1_838' title='bbox 2317 5540 2474 5594; x_wconf 72' lang='lat' dir='ltr'><strong>Addit</strong></span> <span class='ocrx_word' id='word_1_839' title='bbox 2519 5555 2643 5612; x_wconf 79' lang='lat' dir='ltr'><strong>vero</strong></span> <span class='ocrx_word' id='word_1_840' title='bbox 2685 5537 2946 5592; x_wconf 82' lang='lat' dir='ltr'><strong>Palladius</strong></span> <span class='ocrx_word' id='word_1_841' title='bbox 2977 5535 3221 5606; x_wconf 77' lang='lat' dir='ltr'><strong>(Pallad.</strong></span> <span class='ocrx_word' id='word_1_842' title='bbox 3261 5533 3404 5588; x_wconf 69' lang='lat' dir='ltr'><strong>Dial.</strong></span> 
     </span>
    </p>
   </div>
   <div class='ocr_carea' id='block_1_119' title="bbox 1824 5605 3402 5702">
    <p class='ocr_par' dir='ltr' id='par_1_119' title="bbox 1824 5605 3402 5702">
     <span class='ocr_line' id='line_1_119' title="bbox 1824 5605 3402 5702; baseline -0.006 -13"><span class='ocrx_word' id='word_1_843' title='bbox 1824 5635 2435 5702; x_wconf 78' lang='lat' dir='ltr'><strong>Constantinepotitanos</strong></span> <span class='ocrx_word' id='word_1_844' title='bbox 2457 5605 2804 5700; x_wconf 52' lang='lat' dir='ltr'><strong>&#39;i‘hciophilum</strong></span> <span class='ocrx_word' id='word_1_845' title='bbox 2827 5629 3154 5699; x_wconf 68' lang='lat' dir='ltr'><strong>qutcsivisse,</strong></span> <span class='ocrx_word' id='word_1_846' title='bbox 3181 5638 3234 5680; x_wconf 77' lang='lat' dir='ltr'><strong>ut</strong></span> <span class='ocrx_word' id='word_1_847' title='bbox 3253 5625 3402 5680; x_wconf 78' lang='lat' dir='ltr'><strong>iitum</strong></span> 
     </span>
    </p>
   </div>
   <div class='ocr_carea' id='block_1_120' title="bbox 1825 5712 2475 5794">
    <p class='ocr_par' dir='ltr' id='par_1_120' title="bbox 1825 5712 2475 5794">
     <span class='ocr_line' id='line_1_120' title="bbox 1825 5712 2475 5794; baseline 0.003 -22"><span class='ocrx_word' id='word_1_848' title='bbox 1825 5728 1878 5772; x_wconf 64' lang='lat' dir='ltr'><strong>in</strong></span> <span class='ocrx_word' id='word_1_849' title='bbox 1911 5743 2054 5780; x_wconf 77' lang='lat' dir='ltr'><strong>mare</strong></span> <span class='ocrx_word' id='word_1_850' title='bbox 2087 5712 2475 5794; x_wconf 73' lang='lat' dir='ltr'><strong>demergereut.</strong></span> 
     </span>
    </p>
   </div>
  </div>
