4276 6316
785 374 890 428 901

864 495 990 544 Post
1012 489 1296 560 TlteOphili
1329 490 1502 561 fugam
1531 504 1638 544 non
1689 492 1915 545 cessat-it
1963 491 2375 563 tibrysostomus

769 600 806 652 ~t
847 585 909 639 Τ.
935 585 988 639 5.
1016 600 1064 636 c.
1092 583 1215 638 532.
1240 600 1293 638 η.
1322 583 1355 636 ὅ
1384 582 1401 650 )
1431 581 1810 648 Imperatorem
1848 584 2075 651 precari,
2102 591 2168 635 ,ιιι
2209 583 2380 652 Syno-

789 675 890 728 dus
921 674 1112 728 iterum
1142 682 1421 741 cogeretur
1449 672 1513 726 ad
1545 687 1760 726 causam
1788 688 1935 726 suam
1968 674 2377 738 retractandam,

791 778 956 836 utque
997 767 1324 833 Theophilus
1364 766 1576 820 adesset
1615 767 1850 836 rogabat.
1883 767 2018 820 Misit
2067 765 2378 834 Imperator,

789 859 879 926 qui
927 857 1280 925 Theophilum
1327 856 1504 911 redire
1549 856 1796 924 juberent
1861 871 1981 910 Clllll
2045 856 2382 910 consortibus

792 949 901 1000 suis
929 948 1196 1012 omnibus,
1222 927 1282 1000 [ut
1311 959 1584 1016 gestorum
1612 961 1830 1000 suorum
1884 949 2144 1003 rationem
2193 948 2381 1002 redde-

793 1049 931 1092 rent.
963 1036 1057 1093 llle
1085 1055 1211 1093 vero
1241 1040 1578 1108 Imperatoris
1624 1039 1795 1109 jussui
1843 1058 1945 1094 non
1975 1041 2379 1111 obtemperavit,

794 1140 1093 1197 przetexens
1140 1133 1318 1201 populi
1363 1131 1699 1192 seditionem.
1731 1134 1818 1200 qui
1857 1133 2237 1204 Chrysostomo
2267 1143 2381 1186 stn-

793 1219 972 1273 debat.
1002 1220 1183 1290 Neque
1214 1231 1389 1277 tamen
1422 1223 1647 1276 cessavit
1675 1221 2088 1292 Chrysostomus
2115 1225 2179 1277 ab
2211 1223 2381 1291 Impe-

797 1319 973 1364 ratorc
1017 1312 1286 1379 postulare
1326 1322 1381 1366 ut
1425 1312 1671 1383 Synodus
1719 1323 2016 1382 cogeretur,
2043 1315 2092 1368 in
2121 1330 2220 1384 qua
2269 1315 2382 1384 ipse

796 1415 1011 1454 causam
1044 1418 1194 1456 suam
1229 1415 1604 1473 propugnaret.
1656 1405 1982 1475 Supererant
2026 1407 2197 1460 adhuc
2243 1406 2382 1461 Con-

797 1494 1138 1561 stantinopoli
1170 1495 1372 1563 aliquot
1400 1498 1633 1565 episcopi
1661 1497 1801 1568 Syri,
1825 1499 1911 1566 qui
1949 1509 2066 1550 eum
2088 1497 2383 1566 Thcophilo

797 1581 849 1634 in
879 1582 1094 1652 Synodo
1123 1585 1187 1636 ad
1213 1586 1474 1650 Quercum
1521 1597 1703 1641 contra
1747 1586 2004 1641 Joannem
2056 1590 2374 1641 sententiam

797 1673 1075 1728 dixerant:
1109 1675 1204 1730 hos
1235 1677 1392 1730 etiam
1422 1678 1636 1747 Synodo
1666 1688 1789 1732 tunc
1829 1678 2080 1747 cogenda:
2127 1680 2384 1733 interesse

797 1767 1018 1836 rogabat
1043 1767 1294 1821 Joannes.
1329 1767 1518 1822 Narrat
1556 1785 1683 1823 vero
1711 1769 2038 1824 Sozomcnus
2084 1770 2313 1838 (Sozam.
2345 1769 2380 1824 l.

797 1857 851 1912 8.
896 1873 942 1910 c.
991 1857 1108 1928 19),
1159 1868 1277 1927 post
1338 1875 1637 1929 regressum
1697 1860 2063 1931 Chrysostomi
2113 1862 2382 1930 sexaginta

797 1945 1011 2002 circiter
1036 1950 1315 2018 episcopos
1337 1991 1350 2013 ,
1374 1950 1463 2019 qui
1505 1950 1965 2022 Constantinopoli
1985 1962 2344 2006 convenerant
2367 1996 2379 2015 ,

797 2050 910 2094 acta
958 2039 1165 2111 Synodi'
1197 2042 1250 2095 in
1294 2042 1502 2109 Quercu
1542 2043 1686 2098 nulla
1733 2059 1853 2099 esse
1893 2045 2280 2109 declaravisse,
2331 2054 2386 2097 et

799 2139 926 2184 tunc
965 2128 1403 2202 Chrysostomum
1451 2135 1776 2204 episc0palia
1799 2136 1974 2190 munia
2007 2137 2380 2204 resumpsisse.

805 2219 1112 2274 Reclamant
1137 2236 1263 2276 vero
1294 2225 1477 2293 nuperi
1520 2224 1809 2292 scriptores
1858 2225 1955 2278 hac
1987 2224 2130 2279 ducti
2157 2225 2380 2278 ratione.

800 2308 852 2363 Si
885 2309 986 2364 hoc
1017 2311 1086 2363 ita
1113 2322 1321 2381 gestum
1365 2311 1569 2376 fuisset,
1603 2313 1703 2368 hoc
1729 2325 1872 2368 certe
1903 2314 2124 2369 dixisset
2152 2314 2384 2384 Chryso-

801 2412 1006 2454 stomus
1035 2401 1340 2456 Innocentio
1365 2401 1542 2473 Papae,
1573 2419 1690 2472 quae
1726 2413 1870 2473 gesta
1895 2403 2102 2458 fuerant
2129 2403 2381 2458 referens.

802 2491 993 2545 Verum
1016 2491 1344 2547 Sozomcnus
1374 2509 1478 2548 non
1509 2494 1636 2548 dicit
1668 2494 1764 2548 hos
1803 2495 2082 2563 episcopos
2108 2494 2382 2565 Synodum

800 2582 1185 2647 celebravisse;
1233 2584 1323 2638 sed
1375 2584 1546 2638 solum
1596 2585 1898 2640 declarasse
1945 2585 2382 2656 Cltrysostomum

803 2671 992 2739 injuste
1015 2673 1312 2742 depositum
1345 2675 1543 2738 fuisse;
1570 2686 1621 2728 et
1645 2686 1749 2728 tam
1781 2677 1940 2729 multa
1963 2676 2193 2730 Jomnes
2224 2686 2379 2742 tacet,

802 2771 856 2813 ut
887 2762 1118 2814 nesciam
1147 2776 1212 2814 an
1245 2761 1360 2830 ejus
1386 2763 1596 2817 silentio
1637 2764 1830 2833 aliquid
1873 2775 2058 2818 contra
2103 2766 2383 2820 Sozonieni

800 2853 1156 2907 narrationem
1181 2852 1361 2906 inferri
1391 2855 1580 2922 possit.

871 2943 986 2996 Non
1037 2944 1285 2997 diuturna
1332 2944 1565 2999 Joannes
1616 2947 1993 3015 tranquillitate
2042 2948 2140 3001 frui
2194 2950 2380 3015 potuit.

801 3032 1075 3087 Postduos
1119 3050 1346 3102 namque
1386 3043 1600 3088 exactos
1644 3051 1672 3086 a
1719 3037 1888 3089 reditu
1934 3052 2165 3100 menses,
2215 3037 2384 3106 inquit

802 3120 1062 3176 Palladius
1088 3138 1140 3191 p.
1173 3124 1260 3185 75,
1286 3139 1461 3177 rerum
1514 3127 1734 3179 mutatio
1774 3136 1946 3195 coepta
1988 3137 2069 3181 est
2111 3145 2122 3178 :
2160 3127 2383 3182 Joannis

800 3215 940 3267 enim
967 3213 1164 3268 inimici
1202 3214 1330 3267 nihil
1375 3230 1478 3267 non
1509 3216 1792 3270 movebant
1819 3224 1876 3270 ut
1901 3217 2120 3286 pristina
2151 3227 2265 3271 aeta
2293 3233 2382 3272 re-

803 3315 1060 3375 peterent.
1110 3306 1366 3359 Arcadins
1413 3322 1540 3360 vero
1585 3308 1878 3376 Imperator
1921 3309 2063 3364 mitis
2112 3309 2384 3379 facilisque

799 3407 930 3460 erat,
957 3397 1049 3451 sed
1078 3412 1140 3450 ex
1175 3395 1366 3464 ingenii
1397 3397 1608 3451 levitate
1638 3397 1704 3451 ad
1730 3400 2046 3454 sententiam
2076 3401 2381 3454 mutandam

802 3503 1020 3556 pronus.
1046 3488 1284 3542 Eudoxia
1330 3503 1458 3542 vero
1496 3489 1732 3560 Augusta
1773 3491 1941 3555 illum.
1972 3501 2028 3546 ut
2066 3503 2298 3563 putatur,
2326 3505 2382 3550 ut

799 3589 985 3633 contra
1011 3579 1268 3634 Joannem
1296 3579 1471 3635 denuo
1500 3583 1713 3637 saeviret
1752 3584 2052 3638 concitavit.
2085 3584 2265 3654 Neque
2294 3602 2382 3641 re-

805 3669 904 3725 fert
928 3670 1214 3737 Palladius,
1248 3689 1349 3741 qua
1377 3672 1443 3727 de
1473 3687 1630 3727 causa
1675 3674 1761 3728 illa
1789 3673 2045 3730 Joannem
2073 3675 2250 3729 denuo
2281 3678 2380 3731 im-

802 3764 1032 3832 petierit,
1067 3773 1227 3834 atque
1258 3773 1315 3818 ut
1365 3781 1484 3819 eum
1531 3765 1836 3822 delurbaret
1875 3783 2060 3822 omnes
2109 3769 2380 3824 machinas

801 3857 1064 3911 moverit:
1096 3872 1280 3911 verum
1316 3856 1564 3911 Socrates
1593 3868 1646 3913 et
1685 3858 2013 3913 Sozomcnus
2040 3861 2178 3913 hanc
2206 3859 2381 3915 denuo

804 3947 939 4016 pulsi
962 3945 1179 4000 Joannis
1208 3949 1540 4002 occasionem
1570 3947 1859 4018 proferunt.

874 4038 1214 4109 Chrysoslomi
1255 4039 1466 4110 dicendi,
1494 4041 1696 4093 libertas
1753 4039 2040 4094 Eudoxiam
2081 4043 2243 4094 denuo
2289 4059 2377 4094 ex-

799 4129 1356 4199 asperat.—-Argentea
1375 4137 1547 4184 statua
1567 4130 1822 4185 Eudoxite
1844 4135 2112 4201 Augustae,
2135 4133 2378 4188 muliebri

801 4221 936 4274 stola
959 4221 1188 4287 amictze,
1211 4236 1366 4289 supra
1389 4222 1557 4275 basim
1577 4231 1629 4275 et
1652 4222 1949 4276 columnam
1980 4233 2156 4278 erecta
2185 4223 2376 4292 fuerat,

803 4311 1044 4378 proxime
1074 4311 1355 4364 ecclesiam
1377 4309 1432 4366 S.
1461 4309 1704 4379 Saphim;
1734 4311 1801 4363 ita
1829 4321 1886 4364 ut
1931 4312 2067 4366 inter
2103 4322 2380 4382 utramque

805 4401 972 4454 Inedia
1003 4399 1274 4454 dumtaxat
1303 4400 1487 4469 plateae
1510 4402 1588 4453 via
1612 4401 1885 4470 interjecta
1908 4412 2047 4456 esset
2070 4401 2237 4472 (Socr.
2266 4403 2296 4454 l.
2324 4403 2376 4457 6.

803 4509 849 4543 ι.
881 4492 963 4546 l8.
993 4490 1200 4558 Sozam.
1228 4491 1264 4544 ι.
1298 4490 1351 4544 8.
1380 4507 1425 4543 c.
1471 4491 1588 4560 20).
1635 4493 1772 4546 Ante
1818 4492 1959 4548 illam
2007 4503 2231 4546 statuam
2283 4509 2380 4563 pro

804 4592 1015 4651 recepto
1039 4597 1188 4636 more
1216 4581 1494 4650 populares
1520 4581 1628 4636 ludi
1653 4582 1904 4636 celebrati
1933 4591 2074 4636 sunt.
2115 4583 2266 4652 Smpe
2299 4585 2378 4638 vi-

805 4673 977 4727 dimus
1014 4671 1452 4743 Chrysostomum
1497 4680 1679 4727 contra
1732 4672 2034 4742 hujusmodi
2081 4678 2378 4745 spectacula

805 4762 1351 4830 tleclamanlem,quia
1388 4777 1578 4831 nempe
1608 4762 1660 4816 in
1689 4761 1990 4832 hujusmodi
2035 4763 2250 4820 ludicris
2292 4783 2380 4821 re-

807 4854 904 4905 bus
930 4868 1141 4921 semper
1161 4851 1400 4921 qumdam
1426 4852 1858 4919 admittebantur,
1887 4870 2005 4924 qua:
2053 4854 2381 4910 Christiano-

807 4958 923 4996 rum
954 4942 1191 4996 moribus
1234 4950 1288 4995 et
1314 4957 1451 4996 vera:
1480 4943 1658 5011 pietati
1681 4943 2106 4999 adversarentur.
2149 4946 2382 5017 Quapro-

805 5039 921 5101 pter
945 5031 1380 5102 Chrysostomus,
1421 5047 1542 5086 cum
1587 5033 1702 5087 hare
1745 5043 1869 5088 ante
1913 5035 2092 5090 valvas
2139 5037 2382 5092 ecclesiae

805 5123 940 5178 facta
953 5124 1492 5192 cerneret,pristinam
1511 5125 1758 5194 loquendi
1773 5125 2067 5181 libertatem
2082 5143 2379 5194 resumens,

805 5223 992 5267 contra
1017 5228 1107 5269 eos
1125 5214 1213 5284 qni
1239 5215 1496 5282 ejusmodi
1520 5215 1673 5270 ludos
1698 5218 1972 5281 curabant,
1993 5219 2075 5273 vel
2097 5219 2199 5273 illis
2227 5221 2383 5275 inter-

810 5315 960 5358 erant
982 5345 996 5371 ,
1029 5319 1148 5358 cum
1180 5305 1509 5360 vehementia
1532 5307 1684 5362 solita
1729 5309 2072 5364 concionatus
2100 5321 2200 5366 est.
2234 5312 2382 5367 Hanc

811 5405 865 5449 ut
905 5397 1282 5451 contumeliam
1322 5413 1351 5450 a
1391 5397 1596 5453 Joanne
1645 5400 1744 5454 sibi
1773 5399 1970 5454 illata’m
2000 5400 2159 5457 fuisse
2193 5414 2384 5472 putans

810 5485 1069 5552 Eudoxia,
1096 5487 1146 5540 in
1177 5487 1307 5542 iram
1335 5489 1616 5551 concitata,
1653 5505 1838 5545 rursus
1873 5492 2242 5562 episcOporum
2286 5495 2382 5565 Sy-

811 5578 1005 5631 nodum
1032 5577 1286 5632 adversus
1316 5579 1462 5633 illum
1487 5582 1796 5650 congregari
1821 5583 2043 5636 curavit:

880 5667 976 5722 Hic
1000 5682 1161 5739 porro
1185 5668 1431 5724 Socrates
1462 5685 1519 5725 se
1547 5670 1765 5728 Joannis
1789 5681 1935 5743 gesta
1959 5675 2257 5744 improbare
2280 5691 2382 5731 non

814 5757 1128 5814 dissimulat.
1155 5759 1431 5815 Debuisset
1452 5763 1617 5831 enim,
1653 5765 1840 5835 inquit,
1871 5769 2014 5837 prius
2040 5769 2225 5822 blanda
2255 5770 2379 5826 hor-

1860 377 1914 430 S.
1958 375 2236 431 JOANNIS
2275 374 2747 433 LllllYSOSTOMl
2793 376 2974 442 VITA,

3979 375 4084 431 208

2487 493 2688 546 ratione
2718 492 3049 562 Principibus
3078 492 3325 557 suadere,
3355 499 3413 546 ut
3442 490 3508 548 ab
3536 489 3835 561 hujusmodi
3867 491 4084 548 ludicris

2489 582 2843 648 abstinerent,
2874 597 3043 651 neque
3068 583 3275 650 probris
3305 584 3559 652 impetere
3585 597 3699 645 eos,
3729 586 3815 652 qui
3851 585 3948 638 ista
3973 584 4084 638 fieri

2490 683 2872 740 pracepcrant.
2898 673 3092 727 Verum
3117 675 3235 740 quis
3265 674 3364 727 scit
3392 689 3458 726 an
3486 676 3778 740 Augustam
3809 689 3913 727 non
3939 675 4087 743 prius

2490 763 2759 814 monuerit
2787 772 3001 816 sanctus
3023 761 3286 815 antiStes?
3307 761 3488 823 Certe,
3514 763 3778 816 referente
3800 762 4088 830 TheOpha-

2490 866 2576 914 ne,
2609 851 3024 921 Chrysostomus
3057 852 3367 906 Prtefectum
3395 851 3572 916 urbis,
3610 851 3744 904 ludis
3783 851 4087 919 hujusmodi

2491 943 2852 1012 prmpositum,
2884 942 2982 997 hac
3013 943 3079 997 de
3111 959 3167 997 re
3199 942 3422 996 monuit.
3448 940 3542 995 llle
3575 955 3735 1004 vero,
3786 940 3876 1007 qui
3917 941 4085 1014 Malui-

2489 1034 2668 1088 ehmus
2696 1044 2828 1100 erat,
2865 1034 3164 1090 Eudoxiam
3198 1035 3324 1088 adiit
3361 1034 3660 1087 nuritiatum
3693 1032 3764 1087 illi
3795 1047 3899 1083 non
3932 1046 4085 1100 posse

2489 1125 2745 1180 Joannem
2777 1126 2934 1192 ferre,
2967 1136 3022 1180 ut
3045 1135 3235 1180 statuze
3258 1141 3368 1180 suae
3392 1124 3563 1181 honor
3587 1122 3954 1192 exhiberetur,
3981 1137 4088 1196 quo

2490 1219 2658 1287 magis
2685 1220 2928 1274 animum.
2947 1220 3064 1290 ejus
3093 1232 3460 1288 cxasperaret.

2561 1309 2796 1364 Eudoxia
2842 1312 3000 1382 igitur
3051 1312 3101 1365 id
3151 1313 3200 1365 in
3246 1311 3623 1366 contumeliam
3675 1325 3825 1364 suam
3878 1310 4084 1365 dictum

2490 1409 2762 1468 reputans,
2797 1418 2981 1455 rursus
3015 1403 3235 1457 Joannis
3264 1401 3551 1471 perniciem
3581 1403 3877 1456 machinata
3906 1413 4008 1467 est,
4033 1414 4089 1456 et

2490 1490 2762 1561 Synodum
2789 1494 3163 1562 episcoporum
3196 1493 3451 1547 adversus
3477 1494 3622 1546 illum
3654 1494 3963 1562 congregari
3993 1507 4088 1547 cu-

2491 1585 2644 1636 ravit.
2687 1585 2738 1637 Id
2787 1587 2871 1638 ubi
2922 1586 3134 1639 rcScivit
3164 1585 3396 1640 Joannes
3419 1627 3432 1648 ,
3463 1586 3507 1638 si
3551 1584 3680 1638 fides
3708 1585 3774 1637 sit
3799 1585 4004 1638 Socrati
4034 1594 4090 1636 et

2490 1674 2786 1729 Sozomeno
2810 1717 2822 1736 ,
2854 1676 2996 1728 illam
3048 1675 3320 1730 homiliam
3362 1675 3577 1739 habuit,
3607 1689 3723 1745 quae
3750 1676 3827 1730 sic
3858 1676 4042 1742 incipit
4069 1691 4086 1727 :

2495 1765 2716 1819 Rursum
2745 1765 2996 1820 Her-odia:
3022 1766 3167 1835 furit.
3200 1767 3486 1820 Homiliam
3519 1781 3646 1819 vero
3678 1765 3760 1818 his
3791 1765 3972 1820 verbis
4001 1765 4087 1818 in-

2491 1859 2771 1924 cipientem
2800 1860 2850 1912 in
2875 1869 3063 1912 octavo
3084 1859 3254 1912 Tomo
3279 1860 3416 1911 inter
3438 1854 3904 1926 spuriasedidimns
3916 1870 3959 1909 c.
3979 1859 4095 1910 485-3.

2492 1951 2640 2004 Putat
2656 1962 2828 2004 autem
2843 1950 3374 2006 Savilius(‘.r:eculum
3391 1950 3688 2019 quempiam
3706 1949 3940 2016 ineptum
3955 1948 4088 2001 etin-

2489 2040 2702 2094 doetum
2717 2081 2730 2106 ,
2750 2055 2867 2094 cum
2882 2040 3019 2110 apud
3033 2041 3303 2095 Socratem
3318 2050 3368 2094 et
3383 2041 3735 2094 Sozomenum
3765 2038 3865 2093 hoc
3876 2037 4088 2092 concio-

2491 2132 2574 2185 nis
2591 2131 2905 2201 principium
2922 2133 3137 2186 vidisset
3161 2174 3175 2198 ,
3201 2131 3338 2185 hanc
3357 2132 3667 2185 concionem
3694 2131 4082 2198 ineptissimam

2490 2223 2766 2290 praemisso
2783 2222 3082 2292 hujusmodi
3111 2221 3369 2292 principio
3391 2221 3641 2276 edidisse.
3668 2223 3870 2274 Atcnm
3899 2220 4084 2288 hujus-

2490 2313 2633 2366 modi
2656 2304 2897 2382 opuscitli
2927 2323 3112 2366 auctor
3139 2311 3540 2380 antiquissimus
3572 2312 3640 2364 sit
3670 2312 3814 2378 (nam
3843 2309 3912 2363 ab
3939 2311 4082 2362 Ana-

2489 2405 2651 2458 stasio
2677 2404 2877 2459 Sinaita
2908 2405 3100 2458 citatur
3118 2403 3161 2476 ),
3198 2403 3448 2459 libentius
3487 2402 3760 2457 crederem
3809 2401 3914 2456 hoc
3955 2417 4084 2471 opu-

2489 2496 2694 2551 sculum
2738 2511 2767 2549 a
2816 2497 3060 2552 Graeculo
3097 2496 3328 2566 quodam
3356 2538 3370 2562 ,
3419 2503 3706 2564 antequam
3753 2493 4002 2550 Socrates
4032 2503 4084 2548 et

2489 2584 2819 2640 Sazomenus
2849 2587 3178 2649 scriberent,
3213 2587 3530 2640 adornatum
3562 2586 3741 2638 fuisse.
3770 2585 3885 2638 Non
3918 2600 4083 2654 pauca

2491 2664 2633 2728 enim
2684 2675 2938 2730 habemus
2988 2677 3265 2744 Opuscula,
3307 2677 3468 2730 etiam
3511 2675 3876 2746 Chrysoswmi
3929 2684 4087 2728 while

2490 2765 2650 2830 edita,
2683 2764 2798 2834 ejus
2832 2767 3049 2819 nomine
3075 2767 3360 2835 publicata.

2561 2855 2629 2911 Ut
2657 2866 2712 2910 ut
2742 2872 2827 2912 res
2852 2867 2968 2923 est,
2996 2857 3216 2912 Joannis
3261 2858 3493 2923 inimici,
3548 2873 3662 2912 rem
3711 2857 3810 2911 sibi
3853 2873 3919 2910 ex
3962 2867 4086 2910 vnto

2490 2945 2682 2999 cedere
2711 2948 2986 3011 videntes,
3042 2947 3108 3001 ad
3137 2947 3493 3016 Theophilum
3545 2945 3920 3002 Alexandriam
3965 2946 4087 2998 mit-

2491 3047 2637 3102 tunt,
2673 3037 2948 3092 hortantes
2981 3047 3038 3092 ut
3066 3037 3568 3106 Constantinopolin
3612 3038 3856 3101 veniret,
3887 3046 4007 3099 aut,
4041 3037 4086 3089 si

2489 3129 2698 3196 plebem
2728 3129 3133 3192 reformidaret,
3180 3129 3260 3183 rei
3289 3128 3538 3198 gerendae
3568 3127 3782 3181 modum
3813 3126 3912 3180 sibi
3945 3140 4085 3194 pra:-

2489 3219 2766 3273 scriberet.
2811 3218 3143 3288 Theophilus
3176 3233 3306 3273 vero
3336 3233 3544 3272 memor
3571 3217 3712 3270 haud
3755 3217 3827 3269 ita
3875 3216 4084 3285 pridem

2492 3311 2746 3365 transacti
2791 3310 3049 3379 periculi.
3101 3309 3278 3363 denuo
3323 3309 3460 3363 istuc
3507 3309 3610 3363 iter
3656 3307 3932 3375 suscipere
3975 3320 4086 3359 non

2489 3416 2649 3456 ausus
2674 3409 2791 3466 est;
2815 3401 2908 3456 sed
2932 3400 3077 3455 misit
3106 3408 3216 3454 tres
3237 3399 3515 3470 episcopos
3535 3439 3547 3460 ,
3577 3397 3798 3451 Paulum
3821 3437 3836 3460 ,
3864 3396 4081 3450 Preme-

2487 3509 2608 3547 nem
2637 3501 2690 3547 et
2717 3493 2878 3546 alium
2901 3506 3088 3546 recens
3113 3490 3434 3552 ordinatum;
3460 3488 3602 3542 misit
3638 3488 3797 3543 etiam
3822 3488 4083 3556 quosdam

2487 3597 2743 3646 canones,
2764 3597 2898 3652 quos
2921 3582 3176 3636 adversus
3200 3581 3414 3634 beatum
3434 3579 3780 3633 Athanasium
3809 3578 3988 3632 Ariani
4009 3576 4086 3631 fe—

2490 3683 2706 3738 cerant,
2744 3681 2802 3725 ut
2846 3671 2909 3726 iis
2947 3680 3228 3725 uterentur
3274 3670 3533 3724 adversus
3562 3668 3842 3723 Joannem.
3883 3668 3949 3721 lli
3988 3682 4085 3721 au-

2488 3771 2594 3817 tem
2625 3777 2858 3817 canones
2899 3762 2950 3816 in
2981 3761 3317 3816 Antiocheno
3345 3761 3572 3814 concilio
3603 3760 3729 3812 anni
3772 3759 3868 3812 341
3903 3758 4082 3826 publi-

2486 3853 2590 3906 cati
2614 3852 2846 3906 fuerant.
2874 3852 2932 3905 In
2956 3852 3018 3906 iis
3041 3866 3171 3906 vero
3193 3851 3550 3914 statuebatur,
3575 3859 3632 3903 ut
3655 3850 3698 3903 si
3729 3849 3850 3918 quis
3870 3849 4083 3917 episco-

2488 3959 2587 4012 pus
2618 3958 2648 3996 a
2693 3944 2926 3997 concilio
2968 3942 3200 4012 quodam
3232 3942 3509 4010 depositus
3537 3940 3625 3994 vel
3667 3955 3731 3994 ex
3782 3953 3870 4004 se,
3899 3939 3986 3992 vel
4014 3954 4079 3993 ex

2487 4035 2748 4105 imperiali
2778 4037 3095 4090 auctoritate
3121 4036 3302 4090 sedem
3333 4049 3486 4088 suam
3527 4041 3827 4104 repeteret,
3869 4036 3922 4085 in
3953 4047 4080 4100 per-

2485 4139 2710 4196 petuum
2735 4127 2843 4196 jam
2877 4126 3154 4195 depositus
3187 4136 3467 4190 maneret,
3493 4141 3592 4179 nec
3619 4133 3798 4193 posset
3825 4137 4078 4191 umquam

2486 4217 2550 4270 ad
2576 4232 2795 4271 causam
2825 4216 3107 4271 dicendam
3153 4217 3384 4269 admitti.
3432 4214 3542 4269 Nec
3585 4213 3941 4282 TheOphilum
3985 4229 4081 4283 pu-

2485 4307 2601 4361 duit
2651 4308 2968 4362 Arianorum
3024 4321 3300 4371 canones,
3355 4306 3421 4359 ad
3477 4304 3784 4375 pellendum
3836 4315 4078 4358 sanctum

2487 4397 2834 4452 Athanasium
2884 4398 3174 4462 conflatos,
3229 4397 3297 4452 ad
3329 4396 3544 4451 beatum
3589 4395 3850 4451 Joannem
3893 4411 3924 4450 e
3951 4395 4079 4450 sede

2486 4487 2834 4557 rejieiendum
2865 4487 3137 4542 adhibere.

2557 4581 2791 4636 Joannes
2817 4595 2945 4635 vero
2980 4580 3044 4633 ad
3067 4579 3330 4648 synodum
3371 4593 3428 4632 se
3456 4587 3739 4632 venturum
3769 4585 3823 4632 et
3858 4590 4078 4631 causam

2486 4674 2752 4727 dicturum
2799 4687 2917 4726 esse
2945 4667 3212 4741 pollicitus
3257 4669 3429 4724 fuerat
3470 4685 3482 4721 :
3528 4667 3819 4722 dummodo
3867 4668 3934 4731 ii,
3989 4668 4080 4735 qui

2486 4773 2672 4833 aperte
2697 4763 2896 4817 inimici
2920 4763 3020 4817 sibi
3045 4772 3220 4824 erant,
3249 4776 3313 4815 ex
3335 4759 3573 4829 judicum
3597 4758 3813 4813 sedibus
3843 4771 4083 4811 remove-

2486 4863 2669 4909 rentur
2703 4869 2715 4907 :
2749 4869 2856 4907 non
2905 4853 3115 4906 auditus
3171 4863 3346 4906 tamen
3384 4849 3667 4903 damnatus
3713 4847 3904 4902 fuerat.
3951 4847 4085 4902 Tale

2487 4958 2614 4998 vero
2647 4943 2837 5014 synodi
2865 4958 3030 5013 genus
3065 4943 3164 4996 hoc
3194 4941 3411 4995 nomine
3439 4938 3816 5009 appellandum
3838 4951 3940 4990 non
3960 4951 4087 4992 esse

2487 5035 2834 5104 conspicuum
2862 5042 2962 5088 est.
3007 5033 3118 5087 Nec
3157 5032 3263 5085 nisi
3311 5030 3648 5099 imperatoris
3689 5029 3839 5098 jussu
3869 5042 3897 5079 a
3950 5027 4086 5080 sede

2488 5127 2675 5195 pulsus
2695 5168 2709 5191 ,
2735 5127 3084 5196 ejusdemque
3121 5125 3272 5194 jussu
3317 5125 3368 5178 in
3399 5122 3581 5176 sedem
3607 5136 3854 5176 reversus
3884 5119 4082 5173 fuerat.

2489 5221 2569 5274 Ab
2603 5220 2869 5289 episcopis
2897 5218 3231 5288 congregatis
3252 5259 3265 5281 ,
3313 5216 3516 5284 majore
3561 5229 3784 5268 numero
3813 5228 3972 5281 quam
4008 5214 4084 5277 ii,

2489 5313 2577 5382 qui
2620 5313 2898 5383 Synodum
2957 5311 3023 5366 ad
3072 5312 3338 5378 Quercum
3385 5307 3809 5371 constituebant,
3861 5318 4085 5360 causam

2489 5420 2638 5459 suam
2663 5413 3046 5474 propugnatam
3071 5403 3234 5456 fuisse
3254 5399 3482 5455 dicebat.
3506 5398 3812 5467 Eodemque
3838 5405 4089 5465 tempore

2491 5494 2842 5564 TheOphilus,
2877 5495 2965 5565 qui
3000 5495 3050 5548 in
3082 5494 3181 5548 hac
3212 5488 3632 5561 Pseudos‘ynodo
3660 5489 3960 5558 prmcipuus
3994 5487 4090 5555 ju-

2491 5587 2594 5642 dex
2634 5587 2889 5652 sedebat,
2939 5588 2990 5642 in
3021 5601 3237 5641 causam
3283 5593 3502 5638 vocatus
3533 5581 3734 5646 fuerat,
3779 5591 3836 5634 ut
3865 5591 4091 5647 septua-

2492 5681 2636 5748 ginta
2677 5680 3107 5739 criminationum
3137 5678 3308 5747 capita
3335 5674 3629 5745 depelleret
3655 5712 3670 5736 ,
3699 5683 3752 5726 et
3783 5671 3910 5725 falsa
3957 5684 4088 5726 esse

2498 5772 2901 5844 comprobaret,
2933 5775 3001 5827 ita
3031 5781 3087 5826 ut
3110 5772 3284 5826 omnia
3313 5777 3496 5824 contra
3524 5767 3608 5836 jus
3639 5767 3822 5836 fasque
3845 5765 3895 5816 in
3921 5777 3983 5818 ea
4012 5755 4085 5820 ad
