4276 6316
232 377 331 434 εοθ

235 493 503 558 Quercum
532 489 753 565 Synodo
780 500 896 546 acta
929 501 1142 557 essent,
1196 490 1240 544 si
1293 500 1469 545 tamen
1513 491 1712 560 Synodi
1746 506 1839 544 ιιο-

235 599 357 640 nten
387 595 709 640 mereretur.
738 583 871 639 Cum
902 599 1030 637 vero
1059 583 1257 637 Natalis
1278 583 1394 638 dies
1429 584 1639 636 Domini
1666 580 1840 636 adve-

237 676 404 729 nisset
443 674 636 745 (Socr.
672 676 707 726 ι.
737 673 789 726 ϐ.
825 689 869 726 c.
910 673 1009 741 18)
1033 715 1046 737 ,
1077 672 1374 740 Imperator
1399 671 1467 725 ad
1510 671 1838 745 ecclesiam,

236 765 310 817 uti
339 774 729 829 consueverat,
767 778 871 817 non
914 764 1141 817 accessit
1172 804 1184 826 ,
1215 764 1308 817 sed
1339 763 1530 818 Joanni
1570 743 1842 816 mandavit

236 869 295 910 se
326 870 434 908 non
483 855 632 923 prius
664 869 785 908 cum
818 854 910 907 illo
939 854 1462 908 communicaturum
1492 869 1644 920 esse,
1679 869 1838 923 quam

237 946 384 999 illata
411 945 511 1000 sibi
545 946 769 1000 crimina
797 945 1060 998 diluisset.

331 1036 579 1105 Synodus
611 1036 849 1089 adversus
894 1035 1310 1105 Chrysoslomum
1331 1036 1498 1088 denuo
1525 1037 1745 1104 cogitur.
1771 1066 1842 1075 —

240 1123 385 1179 Ilulti
418 1142 577 1193 porro
601 1125 838 1194 episc0pi
864 1140 1079 1180 venere.
1107 1125 1182 1178 Ex
1212 1124 1365 1195 Syria
1395 1141 1546 1190 vero,
1571 1123 1844 1194 Cappado-

236 1217 319 1269 cia
346 1256 360 1278 ,
407 1217 576 1270 Ponto
603 1225 657 1270 et
690 1216 918 1286 Phrygia
954 1217 1184 1271 universi
1225 1215 1622 1285 metropolitani
1650 1226 1704 1269 et
1731 1216 1845 1284 epi-

241 1309 388 1377 scopi
419 1309 723 1378 congregati
754 1319 915 1375 sunt,
950 1325 1122 1377 exque
1167 1309 1286 1362 aliis
1315 1309 1501 1361 vicinis
1529 1309 1837 1378 regionibus

243 1397 481 1466 (Pallad.
529 1398 786 1469 DiaIOg.).
817 1398 957 1452 Inter
982 1399 1102 1452 illos
1123 1409 1299 1453 autem
1341 1398 1428 1452 isti
1453 1408 1834 1462 memorantur,

243 1492 471 1545 Aeacius
503 1491 705 1545 Hermae
727 1533 740 1554 ,
771 1490 1024 1544 Leontius
1065 1493 1321 1561 Ancyrm,
1355 1491 1670 1544 Ammonius
1695 1490 1834 1543 Lao-

242 1583 409 1638 diceze
464 1585 515 1637 in
571 1583 765 1655 Syria,
814 1599 932 1654 quae
982 1583 1180 1637 Adusta
1231 1584 1640 1647 nominabatur,
1692 1584 1844 1637 Briso

242 1675 629 1745 Philippopolis
661 1679 711 1730 in
764 1676 992 1731 Thracia
1018 1716 1033 1742 ,
1063 1675 1380 1730 Theodorus
1408 1676 1636 1747 Tyance,
1689 1676 1841 1743 Cyri-

244 1784 346 1824 nus
376 1769 732 1825 Cbaleedonis
753 1812 766 1836 ,
803 1769 1043 1838 Elpidius
1069 1769 1347 1824 Laodiceae
1375 1769 1425 1823 in
1455 1769 1604 1839 Syria
1628 1810 1641 1835 ,
1673 1768 1843 1821 Tran-

242 1861 437 1931 quillus
487 1872 542 1916 et
585 1862 674 1915 alii
718 1860 1116 1930 quamplurimi.
1165 1861 1297 1914 Dum
1355 1861 1470 1915 hrec
1528 1870 1842 1928 agerentur,

241 1954 477 2010 Joannes
502 1955 765 2024 adjunetis
807 1953 1158 2024 quadraginta
1194 1953 1402 2007 duobus
1429 1953 1697 2022 episcopis
1718 1967 1846 2005 con-

243 2057 432 2102 ventus
474 2047 702 2117 agebat,
733 2056 789 2101 et
831 2045 1062 2116 populus
1091 2060 1279 2113 magna
1308 2061 1428 2099 cum
1465 2043 1629 2098 animi
1657 2043 1848 2096 alacri-

245 2147 353 2193 tate
378 2139 497 2207 ejus
539 2137 781 2193 doctrina
815 2137 1108 2191 fruebatur.
1139 2136 1287 2191 Solet
1316 2136 1457 2189 enim
1487 2150 1634 2188 vanze
1662 2133 1848 2203 gloria:

249 2245 443 2301 expers
490 2231 705 2284 animus
745 2231 797 2283 in
825 2228 1217 2304 calamitatibus
1239 2227 1612 2296 jucundiorem
1653 2236 1706 2280 et
1747 2240 1846 2294 po-

245 2322 530 2376 tentiorem
561 2334 865 2374 sermonem
892 2318 1192 2373 ell‘undere.
1223 2317 1366 2371 Inter
1410 2332 1504 2372 eos
1532 2317 1620 2386 qui
1652 2315 1846 2369 Joanni

244 2411 527 2476 favebant,
576 2419 731 2465 erant
775 2409 1052 2478 Elpidius,
1114 2408 1494 2478 Tranquillus,
1539 2405 1845 2460 Alexander

246 2502 672 2572 BasilinOpoIeos
718 2502 771 2555 in
816 2501 1062 2569 Bithynia
1092 2541 1107 2564 ,
1139 2499 1455 2554 Theodorus
1481 2498 1679 2569 Tyana»
1703 2540 1716 2561 ,
1769 2499 1850 2549 vir

246 2594 445 2662 probus
477 2610 492 2646 τ
526 2593 615 2661 qui
645 2608 766 2646 cum
797 2607 860 2645 ex
894 2592 957 2645 iis
978 2632 992 2656 ,
1025 2606 1145 2660 qua:
1175 2599 1299 2644 tunc
1327 2590 1377 2643 in
1401 2589 1680 2658 colloquiis
1711 2588 1849 2642 fere-

247 2688 439 2739 bantur
462 2725 476 2750 ,
507 2684 796 2754 Theophili
827 2683 1276 2751 conspirationem
1321 2681 1712 2743 intellexisset,
1766 2695 1851 2733 re-

247 2779 381 2832 lictis
412 2777 661 2831 omnibus
705 2775 1022 2838 insalutatis,
1072 2773 1361 2827 Ecclesiam
1408 2786 1557 2825 suam
1601 2772 1848 2840 repetiit,

246 2877 467 2947 longum
499 2875 804 2930 valedicens
832 2874 1119 2929 Comitatui
1147 2873 1259 2928 sive
1287 2874 1422 2926 aulae
1465 2868 1848 2941 Imperatorim,

245 2981 502 3036 suamque
521 2966 874 3035 provinciam,
892 2966 1058 3035 inquit
1076 2964 1340 3018 Palladius
1359 2963 1562 3033 Dialog.
1576 3003 1588 3025 ,
1605 2961 1671 3015 ad
1690 2961 1849 3014 tinem

247 3073 412 3131 usque
436 3060 487 3112 in
517 3058 619 3113 [ide
647 3057 1009 3111 Romanorum
1039 3065 1471 3126 perseverantem
1495 3052 1849 3108 conservavit.

316 3149 570 3220 Episcopi
602 3157 780 3204 autem
813 3162 1000 3202 omnes
1033 3162 1153 3200 cum
1196 3145 1471 3201 venissent
1504 3143 1672 3216 (Arma
1702 3141 1850 3211 404),

247 3242 635 3312 cujuscumque
665 3241 830 3309 partis
861 3248 1040 3294 essent
1060 3280 1075 3306 ,
1109 3253 1228 3292 cum
1258 3237 1460 3292 Joanne
1489 3235 1853 3291 communica-

245 3351 373 3392 vere
398 3379 412 3401 ,
455 3353 525 3390 ne
554 3335 738 3389 eadem
768 3335 878 3404 ipsa
899 3375 911 3397 ,
946 3349 1065 3403 quae
1110 3334 1257 3403 prius
1277 3374 1291 3398 ,
1335 3334 1662 3387 acciderent.
1694 3327 1848 3397 Quod

246 3442 366 3481 cum
387 3427 456 3482 ad
483 3441 643 3482 aures
675 3427 1018 3496 Imperatoris
1047 3434 1099 3479 et
1129 3427 1382 3495 Augustae
1408 3425 1680 3487 venisset,
1713 3436 1856 3491 aegre

249 3522 488 3577 tulerunt
523 3520 596 3576 illi
643 3536 760 3575 eam
800 3534 923 3574 cum
973 3519 1180 3574 Joanne
1225 3518 1681 3573 communionem.
1720 3515 1854 3570 Cum

249 3627 414 3682 porro
443 3611 682 3666 Joannes
709 3611 762 3663 in
793 3609 1069 3681 Synodum
1101 3609 1366 3675 venisset,
1395 3608 1613 3662 adfuere
1639 3621 1856 3662 accusa-

247 3714 394 3758 tores
412 3704 562 3774 ejus:
583 3705 671 3772 qui
695 3718 813 3757 cum
839 3703 1105 3772 egregiam
1126 3702 1241 3771 ejus
1267 3701 1430 3755 animi
1452 3699 1858 3754 lidueiamvide-

252 3804 394 3860 rent,
415 3795 600 3847 animo
627 3793 911 3857 cadebant,
932 3794 1002 3847 ita
1026 3803 1082 3846 ut
1103 3795 1190 3847 vix
1214 3793 1354 3862 loqui
1372 3792 1647 3847 auderent.
1669 3791 1722 3845 Id
1744 3791 1856 3844 ani-

252 3887 656 3940 madvertentes
680 3885 914 3955 episc0pi
946 3885 1136 3955 reliqui
1161 3884 1332 3954 (Socr.
1364 3885 1402 3937 l.
1431 3883 1484 3938 6.
1525 3901 1571 3936 c.
1597 3882 1684 3954 18)
1710 3924 1723 3946 ,
1752 3897 1860 3936 cae-

254 3987 397 4031 teras
423 3975 638 4047 quidem
661 3975 1060 4030 criminationes
1103 3973 1391 4029 mittendas
1419 3988 1540 4029 esse
1569 3974 1856 4040 duxerunt,

253 4067 321 4122 de
352 4068 456 4121 hoc
504 4075 681 4120 autem
729 4081 835 4120 uno
865 4067 1218 4136 quaestionem
1265 4065 1566 4120 habendam
1615 4079 1735 4120 esse
1759 4065 1856 4118 de-

253 4157 632 4222 claraverunt,
672 4155 814 4226 quod
843 4164 962 4225 post
1000 4155 1387 4225 depositionem
1419 4154 1620 4224 absque
1656 4154 1858 4225 Synodi

258 4246 617 4310 auctoritate,
665 4260 762 4299 suo
794 4245 961 4314 ipsius
1000 4230 1224 4300 arbitrio
1264 4246 1624 4314 episcopalem
1677 4245 1860 4299 sedem

259 4335 568 4390 invasisset.
614 4334 870 4389 Leontius
917 4338 1401 4406 veroAncyranus
1449 4345 1504 4390 et
1543 4336 1864 4391 Ammonius

259 4426 599 4483 Laodicenus
626 4426 906 4498 TheOphili
931 4428 1236 4497 opinionem
1263 4438 1581 4498 sequentes,
1604 4429 1742 4483 hanc
1770 4445 1863 4484 so-

266 4519 372 4573 lam
417 4520 770 4588 qumstionem
809 4519 1126 4574 movendam
1166 4534 1285 4576 esse
1314 4521 1562 4575 dixerunt
1608 4520 1859 4592 (Pallad.

266 4611 407 4664 Dial.
437 4609 589 4664 Socr.
624 4611 661 4663 l.
685 4609 736 4664 6.
760 4626 807 4664 c.
832 4610 943 4679 18).
963 4610 1260 4679 Respondit
1278 4625 1405 4665 vero
1433 4610 1689 4678 Joannes,
1712 4612 1868 4682 quin-

261 4716 367 4769 que
397 4707 452 4753 et
505 4700 775 4768 sexaginta
802 4700 1082 4770 episcopos
1125 4701 1362 4770 quicum
1407 4702 1521 4770 ipso
1568 4704 1866 4757 communi-

264 4801 563 4857 caverant,
604 4791 704 4846 hoc
737 4790 1039 4848 decrevisse
1065 4836 1081 4862 ,
1131 4803 1190 4848 ut
1239 4794 1440 4848 scilicet
1494 4795 1678 4850 sedem
1713 4811 1865 4850 suam

266 4891 557 4951 repeteret.
586 4882 842 4938 Leontius
866 4894 1074 4950 contra,
1097 4885 1199 4939 hoc
1227 4885 1561 4940 mendacium
1583 4887 1868 4956 impuden-

271 4985 352 5028 ter
380 4973 600 5042 protulit
628 4991 641 5027 :
681 4973 889 5042 Plures,
920 4977 1118 5047 inquit,
1145 4979 1286 5050 fuere
1305 5019 1320 5044 ,
1349 4993 1378 5030 ο
1413 4976 1638 5032 Joannes
1658 5021 1673 5045 ,
1711 4980 1797 5050 qui
1825 4988 1871 5033 te

271 5067 325 5119 in
353 5066 567 5137 Synodo
593 5068 1079 5158 condentnaverunt;
1103 5071 1160 5125 Id
1205 5070 1347 5142 quod
1389 5087 1456 5126 ne
1497 5073 1587 5126 alii
1618 5074 1832 5144 quidem
1852 5115 1869 5141 ,

280 5161 362 5228 .ιυὶ
399 5162 450 5213 in
478 5160 694 5231 Synodo
715 5162 783 5217 ad
807 5163 1075 5231 Quercum
1103 5165 1337 5233 fuerant,
1382 5166 1561 5221 dicere
1588 5167 1705 5221 ausi
1744 5165 1874 5221 fuis-

276 5265 416 5306 sem.
449 5252 531 5306 Ad
571 5250 686 5317 bmc
713 5267 843 5308 vero
870 5253 1082 5309 dicebat
1122 5255 1355 5310 Joannes
1395 5271 1655 5312 canonem
1687 5258 1873 5323 illum,

279 5358 387 5412 quo
433 5343 534 5414 ipsi
586 5344 929 5410 nitebantur,
978 5360 1084 5400 nou
1129 5347 1382 5402 Ecclesia:
1413 5347 1734 5415 Catholicae,
1780 5349 1873 5404 sed

281 5437 603 5491 Arianorum
632 5452 754 5494 esse
786 5457 798 5492 ε
828 5439 1109 5509 episcopos
1138 5440 1279 5495 enim
1312 5441 1612 5497 Antiochia:
1654 5457 1880 5512 congre-

283 5542 435 5600 gatos
484 5531 550 5584 ad
599 5531 942 5587 evertendam
981 5531 1463 5590 Consubstantialis
1510 5534 1705 5600 fidem,
1756 5550 1880 5590 cum

285 5620 414 5675 odio
441 5620 727 5693 ﬂagrarent
750 5623 1008 5680 adversus
1035 5624 1385 5680 Athanasium
1403 5667 1418 5690 ,
1452 5625 1593 5680 hunc
1614 5641 1876 5681 canonem

286 5724 551 5768 ennsnsse.

358 5802 598 5870 Synodus
620 5804 1038 5875 Clirysoslomnm
1057 5823 1090 5860 a
1113 5807 1233 5863 sed:
1276 5808 1568 5882 pellendum
1606 5825 1712 5864 esse
1750 5827 1877 5880 pro-

1411 378 1595 434 ltU-NC
1635 377 1895 434 PRIMUM
1938 377 2338 433 ADORNATA.

3448 374 3555 427 210

1955 492 2172 543 nuntiat.
2200 520 2271 531 —
2293 491 2543 554 Aeacius,
2575 489 2890 554 Antiochus,
2939 487 3007 559 Ο)
3023 488 3190 553 riuus,
3233 487 3554 542 Severianus

1951 597 2087 638 cum.
2119 581 2403 636 Ammonio
2452 589 2507 636 et
2566 581 2793 636 Leontio
2842 579 3225 650 Imperatorem
3264 578 3548 644 adierunt,

1951 675 2306 744 dixeruntque
2349 675 2650 730 evocandos
2680 689 2798 729 esse
2835 689 2900 728 ex
2930 683 3080 743 parte
3121 671 3341 728 Joannis
3365 673 3556 728 decem

1961 770 2244 836 episcopos
2269 808 2283 830 ,
2331 767 2396 821 ad
2426 767 2811 822 conciliandam
2845 766 3142 821 canonibus
3178 766 3552 821 auctoritatem

1954 856 2210 925 (Pallad.
2252 858 2306 910 in
2359 856 2638 928 Dialogo).
2696 856 2923 926 Ingressi
2978 865 3154 910 autem
3211 855 3451 924 Elpidius
3503 866 3557 909 et

1952 950 2298 1019 Tranquillus
2334 950 2632 1005 suadebant
2657 950 2970 1017 Imperatori
2995 989 3010 1013 ,
3052 964 3156 1002 non
3189 958 3440 1017 oportere
3467 949 3546 1002 iu-

1952 1041 2093 1095 dieta
2121 1055 2278 1095 causa
2306 1042 2426 1109 ejici
2451 1043 2733 1096 Joannem.
2757 1040 2886 1092 Cum
2921 1047 3096 1093 autem
3129 1038 3349 1093 Joannis
3369 1037 3555 1092 adver-

1953 1134 2078 1187 sarii
2130 1131 2551 1199 altercarentur,
2595 1133 2836 1202 Elpidius
2889 1131 3199 1201 Imperatori
3247 1131 3557 1202 preposnit,

1956 1235 2014 1280 ut
2057 1226 2285 1280 Aeacius
2323 1235 2377 1280 et
2424 1227 2719 1281 Antiochus
2763 1225 3165 1280 subscriberent
3214 1239 3274 1279 se
3317 1223 3562 1293 ejusdem

1955 1332 2074 1372 erse
2105 1316 2226 1371 ﬁdei
2253 1327 2410 1386 atrpie
2455 1333 2548 1372 eos
2570 1318 2657 1387 qui
2691 1332 2925 1372 canones
2964 1316 3281 1378 ediderunt,
3313 1330 3448 1383 quos
3477 1315 3551 1367 illi

1955 1409 2268 1463 orthodoxis
2308 1410 2697 1478 proponebant.
2763 1408 3058 1477 Imperator
3104 1423 3232 1461 vero
3275 1406 3559 1460 subridens

1955 1499 2088 1554 dixit
2109 1501 2377 1554 Antiocho
2400 1520 2412 1554 :
2437 1500 2576 1554 Nihil
2598 1499 2728 1553 mihi
2747 1500 2928 1553 utilius
2946 1498 3176 1553 videtur.
3204 1497 3280 1551 llli
3307 1513 3434 1552 vero
3460 1512 3559 1551 ceu

1956 1589 2215 1660 vertigine
2240 1592 2402 1659 capti,
2434 1605 2494 1644 se
2519 1590 2915 1660 subscripturos
2935 1590 3148 1654 dixere,
3175 1603 3347 1658 neque
3383 1596 3560 1644 tamen

1959 1694 2138 1750 postea
2161 1681 2550 1750 subscripsere.
2572 1683 2896 1752 Interimque
2922 1683 3156 1737 Joannes
3183 1696 3303 1736 eum
3329 1680 3559 1751 quadra-

1958 1775 2104 1843 ginta
2127 1774 2338 1828 duobus
2355 1775 2619 1844 episcopis
2633 1774 2939 1846 frequenter
2954 1775 3304 1829 conveniebat
3323 1780 3380 1827 et
3392 1773 3560 1826 cello-

1955 1869 2075 1936 quia
2103 1868 2380 1933 miscebat,
2412 1868 2710 1937 populoque
2756 1882 2854 1922 suo
2877 1882 3061 1921 sanam
3093 1866 3392 1921 doctrinam
3424 1881 3563 1934 ιιι-ω-

1956 1957 2134 2011 dicare
2159 1973 2268 2012 non
2295 1957 2604 2012 desistebat.
2628 1957 2765 2025 Quid
2788 1968 2964 2012 autem
2998 1958 3082 2012 illa
3114 1955 3562 2026 Pseudosynodus

1957 2058 2140 2102 contra
2163 2048 2605 2118 Chrysostomutn
2631 2049 3006 2118 pronuntiarit,
3032 2063 3139 2102 non
3158 2048 3406 2101 convenit
3425 2047 3563 2099 inter

1957 2140 2247 2208 scriptores
2273 2158 2285 2194 :
2311 2151 2624 2210 certumque
2649 2153 2824 2195 tamen
2867 2141 3078 2194 videtur
3101 2141 3243 2209 ipsos
3276 2140 3410 2193 hanc
3435 2154 3562 2206 pru-

1960 2231 2144 2285 tulisse
2167 2233 2484 2287 sententiam
2507 2274 2520 2296 ,
2544 2248 2574 2286 a
2601 2233 2728 2286 sede
2754 2232 3060 2300 pellendum
3093 2245 3214 2286 esse
3240 2245 3391 2293 eum,
3415 2229 3503 2298 qui
3533 2246 3560 2280 a

1957 2322 2491 2393 Synodordamnatus
2531 2333 2584 2378 et
2629 2323 2904 2393 depositus
2931 2365 2943 2387 ,
2989 2321 3171 2377 sedem
3221 2335 3370 2374 suam
3404 2334 3562 2389 repe-

1959 2416 2137 2470 tierat.
3155 2413 3159 2415 ’

2033 2508 2236 2563 Deinde
2264 2523 2392 2563 vero
2434 2507 2732 2564 Antiochus
2763 2506 3071 2577 Imperat-ori
3118 2505 3285 2560 suasit
3316 2513 3409 2568 ut,
3438 2518 3560 2557 CUIII

1955 2599 2064 2668 jam
2109 2599 2314 2653 Pascha
2360 2600 2696 2660 immineret,
2728 2599 2941 2668 jnberet
2970 2598 3268 2665 Imperator
3295 2596 3560 2651 Joannem

1961 2709 2024 2746 ex
2059 2692 2297 2746 Ecclesia
2324 2691 2504 2761 egredi
2541 2691 2719 2759 (Ριιιι.
2753 2709 2806 2759 p.
2838 2692 2897 2746 8|
2922 2692 2963 2761 ).
3010 2690 3091 2744 Illi
3118 2705 3322 2771 morem
3364 2705 3559 2760 gerens

1962 2783 2254 2849 Arcadius,
2301 2782 2493 2837 Joanni
2543 2782 2815 2836 mandavit
2869 2789 2926 2835 ut
2970 2781 3206 2835 Ecclesia
3254 2779 3558 2834 excederet.

1963 2873 2264 2942 Respondit
2293 2873 2551 2940 Joannes,
2600 2888 2658 2926 se
2689 2887 2716 2925 a
2749 2873 2856 2925 Deo
2889 2871 3180 2926 Ecclesiam
3215 2871 3484 2939 accepisse
3510 2880 3563 2922 et

1961 2966 2028 3020 ab
2080 2966 2173 3020 illo
2226 2967 2344 3020 solo
2391 2966 2509 3035 ejici
2553 2980 2732 3035 posse.
2776 2965 2864 3018 Ait
2901 2980 3062 3034 porro
3092 2963 3460 3030 Socrates‘(l.
3507 2964 3560 3016 6.

1962 3074 2005 3110 c.
2038 3055 2144 3129 l8)
2191 3057 2452 3111 Joannem
2504 3059 2861 3126 obsequutum
2889 3071 3010 3110 esse
3040 3054 3289 3121 mandato
3322 3054 3559 3123 Impera-

1965 3148 2113 3202 toris.
2164 3146 2362 3202 Contra
2409 3164 2538 3202 vero
2580 3148 2851 3202 Palladius
2884 3156 3064 3200 narrat
3114 3147 3337 3200 sabbato
3379 3157 3562 3200 sancto

1963 3254 2085 3293 eum
2113 3238 2214 3308 ipsi
2261 3238 2575 3292 mandatum
2602 3238 2670 3292 ab
2717 3238 3043 3307 imperatore
3083 3236 3306 3292 missum
3327 3235 3563 3301 luisset,

1964 3329 2227 3385 Joannem
2296 3329 2483 3384 eadem
2535 3345 2656 3399 quae
2701 3338 2858 3384 antea
2915 3328 3258 3397 respondisse
3301 3323 3563 3397 (Pallad.

1962 3419 2224 3492 Dialog.).
3459 3411 3462 3415 ’

2035 3502 2309 3566 Iustabant
2332 3527 2545 3582 semper
2571 3512 2798 3567 Aeacius
2827 3519 2882 3567 et
2924 3510 3218 3589 Antiochus
3243 3553 3257 3578 ,
3286 3518 3342 3564 et
3369 3509 3565 3580 deponi

1963 3605 2224 3660 Joannem
2283 3606 2513 3676 ejicique
2565 3606 2931 3676 postulabant.
2983 3605 3224 3674 Cumque
3277 3603 3568 3672 Imperator

1965 3697 2194 3752 hzereret
2221 3713 2283 3752 ac
2313 3711 2590 3752 vereretur
2611 3738 2625 3763 ,
2662 3707 2775 3750 tum
2807 3697 2910 3750 diei
2954 3696 3290 3750 sanctitatem
3314 3736 3328 3759 ,
3362 3703 3474 3776 tum
3504 3708 3570 3747 ne

1965 3799 2144 3844 motus
2186 3791 2368 3860 populi
2399 3790 2759 3854 excitaretur,
2795 3789 2983 3843 dixere
3032 3788 3259 3842 Aeacius
3287 3796 3342 3842 et
3381 3787 3572 3840 Antio-

1966 3884 2099 3938 chus
2133 3900 2145 3936 :
2183 3881 2236 3935 In
2266 3892 2427 3952 caput
2467 3890 2711 3936 nostrum
2753 3881 2823 3935 sit
2863 3879 3084 3934 Joannis
3114 3878 3400 3948 depositio.
3431 3877 3569 3932 Tum

1967 3972 2316 4043 quadraginta
2349 3973 2424 4026 illi
2452 3972 2688 4042 episcopi
2713 4013 2726 4038 ,
2755 3971 2845 4041 qui
2874 3985 2997 4025 eum
3038 3969 3244 4025 Joanne
3269 3969 3573 4024 consentie-

1947 4059 2132 4130 ‘bant,
2161 4067 2543 4134 imperatorem
2579 4073 2632 4119 et
2676 4065 2971 4132 Augustam
3012 4062 3301 4142 adierunt,
3330 4061 3420 4131 qui
3459 4070 3571 4115 tum

1968 4159 2225 4230 martyria
2255 4172 2351 4214 seu
2377 4158 2637 4213 ecclesias
2669 4167 2933 4228 matyrum
2967 4155 3272 4210 invisebant
3295 4196 3309 4220 ,
3341 4153 3571 4207 obnixe-

1969 4265 2073 4320 que
2099 4249 2299 4318 precati
2322 4259 2446 4302 sunt
2471 4289 2485 4313 ,
2535 4257 2592 4302 ut
2622 4248 2916 4301 Ecelesiam
2943 4247 3032 4300 Dei
3068 4247 3118 4299 in
3142 4260 3274 4315 pace
3301 4244 3573 4314 relinque-

1973 4348 2132 4406 rent,
2162 4340 2504 4408 maximeque
2535 4347 2755 4408 propter
2784 4337 2987 4392 Pascha
3019 4346 3075 4392 et
3119 4345 3338 4406 propter
3358 4351 3452 4390 eos
3482 4335 3572 4404 qui

1975 4431 2332 4501 regenerandi
2373 4438 2549 4486 erant.
2581 4432 2658 4484 Ac
2687 4447 2808 4484 cum
2833 4430 2962 4483 nihil
2993 4430 3282 4499 impetrare
3311 4438 3530 4498 possent
3554 4469 3570 4492 ,

1973 4524 2191 4590 Paulus,
2214 4524 2497 4593 episc0pus
2539 4521 2754 4586 Cratize,
2784 4522 3034 4576 clamavit
3063 4538 3076 4574 :
3107 4519 3367 4584 Eudoxia,
3404 4519 3571 4573 Deum

1976 4619 2103 4673 time
2123 4658 2137 4683 ,
2170 4627 2380 4672 tuorum
2410 4617 2701 4671 liberorum
2731 4614 3023 4683 miserere:
3059 4626 3233 4681 neque
3257 4611 3426 4666 violes
3448 4624 3575 4664 san-

1974 4721 2115 4764 ctam
2143 4709 2343 4763 Christi
2383 4708 2780 4763 solemnitatem
2812 4705 3087 4776 sanguinis
3118 4703 3401 4760 effusione.
3439 4704 3573 4757 Tum

1977 4801 2050 4856 illi
2080 4800 2429 4871 quadraginta
2459 4800 2698 4871 episcopi
2728 4799 2906 4854 moesti
2935 4798 2999 4853 ad
3022 4797 3317 4853 diversoria
3341 4811 3400 4852 se
3421 4811 3576 4852 rece-

1979 4907 2106 4962 pere
2135 4907 2250 4946 sua.

2053 4983 2243 5038 Milites
2258 4983 2520 5037 ecclesiam
2538 4980 3043 5036 invadunt.—Prinii
3052 4979 3246 5049 pilares
3265 4994 3392 5034 vero
3407 4976 3583 5050 Chry-

1982 5078 2205 5132 sostomi
2245 5077 2430 5132 hostes
2497 5077 2648 5131 illum
2697 5074 2984 5130 detrudere
3031 5073 3327 5143 cogitantes
3367 5073 3579 5145 (Chrys.

1985 5168 2095 5222 ιδ.
2121 5169 2314 5224 c.532.
2334 5167 2441 5220 21.5
2475 5166 2492 5238 )
2521 5210 2537 5237 ,
2578 5183 2702 5223 cum
2747 5165 3090 5237 Imperatoris
3123 5167 3309 5236 cepias
3352 5166 3419 5220 ad
3464 5180 3581 5221 ma-

1986 5276 2114 5314 num
2143 5259 2413 5314 haberent
2434 5301 2449 5328 ,
2471 5259 2755 5315 collectam
2787 5257 3015 5313 militum
3045 5267 3272 5312 turmam
3298 5257 3582 5313 miserunt.

1985 5350 2041 5404 lu
2069 5352 2186 5420 ipso
2215 5350 2438 5405 sabbato
2469 5359 2660 5405 saneto
2705 5349 2772 5405 ad
2802 5361 3083 5420 vesperam
3129 5348 3181 5402 in
3220 5347 3477 5402 ecclesias
3505 5347 3583 5400 in-

1985 5444 2154 5512 gressi
2196 5442 2416 5510 milites,
2450 5443 2664 5498 Clerum
2697 5458 2914 5497 omnem
2949 5442 3038 5511 qui
3069 5457 3192 5497 cum
3235 5439 3442 5496 Joanne
3470 5453 3586 5495 erat

1987 5535 2260 5604 ejecerunt
2284 5576 2298 5598 ,
2329 5544 2384 5590 et
2409 5535 2574 5589 armis
2591 5533 2952 5588 sanetuarium
2975 5531 3208 5602 undique
3229 5530 3582 5586 obsederunt.

1989 5626 2237 5680 Mulieres
2265 5641 2478 5695 quoque
2507 5639 2780 5680 sacrarum
2810 5623 3005 5678 :edium
3026 5664 3042 5690 ,
3073 5638 3192 5693 quae
3237 5638 3294 5676 se
3322 5631 3585 5676 exuerant

1990 5729 2045 5772 ut
2077 5717 2493 5789 baptizarentur,
2526 5725 2671 5772 metu
2696 5716 2994 5785 perterritze
3016 5755 3032 5781 ,
3067 5714 3220 5769 nuda:
3245 5711 3586 5782 aufugerunt;

1993 5827 2163 5871 neque
2195 5811 2337 5866 enim
2378 5809 2773 5866 concedebatur
2804 5808 2906 5863 illis
2936 5817 2992 5862 ut
3022 5822 3080 5862 se
3130 5806 3368 5861 volarent
3391 5848 3403 5872 ,
3454 5804 3587 5860 sicut
