4276 6316
723 347 819 402 ιλιι

715 463 966 516 audiere:
1005 463 1252 515 honestas
1283 461 1452 516 decet.
1493 462 1667 516 Multa:
1707 464 1860 516 etiam
1907 463 2136 530 acceptis
2169 461 2278 512 vnl—

711 551 929 607 neribus
949 551 1322 622 cjiciebantur,
1355 563 1406 608 et
1442 553 1696 622 sanguine
1739 553 2091 623 implebantur
2119 551 2278 619 pisci-

709 657 788 694 na:
811 683 826 706 ,
857 656 1149 712 cruorcque
1181 643 1310 696 sacri
1345 643 1526 698 latices
1568 643 1935 696 rubeseehent.
1983 641 2164 708 Neque
2199 641 2280 694 hic

711 751 886 788 rerum
931 737 1047 788 linis
1075 735 1168 788 fuit
1199 753 1212 788 :
1245 735 1292 787 in
1327 735 1496 788 locum
1529 736 1686 790 etiam
1720 737 1769 788 in
1813 749 1914 803 quo
1943 743 2124 786 sancta
2153 749 2279 786 con-

711 825 818 878 dita
841 828 1190 880 servabantur
1219 826 1436 892 ingrcssi
1476 837 1598 878 sunt
1640 827 1835 880 milites
1899 839 2123 893 quorum
2175 824 2276 876 ali-

717 927 844 984 quot
901 917 1062 968 nullis
1111 915 1296 968 initiati
1357 925 1506 968 erant
1561 916 1875 985 mysteriis,
1929 914 2278 978 videruntun

709 1017 882 1060 tamen
909 1007 1084 1058 omnia
1119 1023 1234 1074 qum
1263 1007 1401 1058 intus
1431 1007 1774 1060 servabantur
1799 1023 1810 1058 :
1835 1006 1958 1074 quin
1983 1015 2034 1057 ct
2055 1004 2277 1058 sanctis-

707 1097 872 1150 simus
891 1096 1085 1150 Christi
1120 1098 1330 1164 sanguis
1349 1107 1400 1150 ut
1426 1097 1476 1148 in
1511 1097 1596 1150 tali
1627 1097 1854 1150 tumultu
1877 1095 2115 1150 accidere
2137 1103 2278 1164 pote-

709 1199 808 1254 rat,
847 1191 896 1242 in
919 1189 1144 1242 militum
1177 1199 1352 1244 vestes
1377 1191 1575 1244 ellusus
1599 1199 1698 1245 est.
1729 1191 1877 1244 Tunc
1907 1190 2080 1242 omnia
2097 1205 2193 1242 ccu
2223 1189 2275 1242 in

707 1277 980 1332 barbarica
1013 1279 1305 1346 irruptioue
1337 1290 1538 1349 patrata
1567 1281 1790 1334 vidisses
1821 1298 1832 1332 :
1863 1279 2116 1348 vulgusin
2147 1279 2276 1333 soli-

707 1369 942 1424 tudinem
981 1371 1282 1440 rogabatur;
1313 1371 1594 1426 multitudo
1629 1373 1800 1426 omnis
1829 1380 1978 1426 extra
2007 1370 2275 1424 civitatem

707 1461 1050 1525 Versabatur;
1075 1473 1330 1532 erantque
1357 1464 1598 1518 ecclesia:
1621 1465 1672 1516 in
1695 1473 1834 1516 tanta
1855 1462 2137 1517 festivitate
2155 1475 2274 1514 om-

707 1551 832 1604 nino
875 1565 1074 1604 vacuae.
1109 1552 1354 1622 Episcopi
1383 1555 1498 1622 plus
1529 1553 1872 1622 quadraginta
1894 1593 1908 1616 ,
1941 1551 2028 1621 qui
2057 1550 2278 1604 Joannis

705 1642 972 1694 consortio
1005 1641 1332 1708 fruebantur,
1355 1659 1474 1696 cum
1497 1642 1653 1697 Clero
1679 1653 1732 1696 et
1755 1645 1945 1712 populo
1973 1643 2090 1696 sine
2117 1655 2276 1695 causa

711 1731 764 1782 in
795 1729 968 1798 fugam
1017 1731 1154 1784 versi
1201 1739 1342 1784 sunt.
1395 1731 1684 1787 l‘lorrcndis
1733 1731 2030 1800 huiusmodi
2067 1730 2278 1800 ﬂagitiis

707 1820 880 1871 omnia
909 1819 1070 1872 mixta
1103 1820 1415 1889 turbataque
1443 1829 1592 1874 erant
1623 1839 1637 1874 :
1673 1821 1865 1890 ubique
1893 1837 1989 1889 per
2013 1822 2123 1874 fora
2143 1859 2159 1884 ,
2183 1835 2278 1888 per

707 1909 890 1962 domos
917 1949 931 1974 ,
955 1923 1048 1978 per
1073 1909 1386 1964 Solitudines
1407 1949 1422 1976 ,
1453 1925 1544 1979 per
1585 1925 1770 1964 omnes
1799 1911 2026 1964 civitatis
2065 1917 2240 1978 partes
2259 1949 2273 1972 ,

705 1999 880 2051 omnia
923 1998 1166 2052 lamentis
1189 2039 1202 2064 ,
1231 1999 1542 2068 ejulatibus,
1575 2009 1628 2052 et
1657 1999 1888 2053 fontibus
1923 1999 2274 2068 lacrymarum

709 2087 862 2154 plena
889 2103 903 2150 ;
933 2097 988 2138 ut
1013 2103 1116 2140 non
1145 2089 1301 2142 modo
1322 2089 1408 2158 qui
1443 2089 1490 2141 in
1514 2090 1760 2142 terumnis
1783 2089 2158 2151 versabantur,
2185 2087 2278 2140 sed

705 2185 758 2230 et
787 2177 877 2244 qui
908 2176 1035 2229 nihil
1059 2178 1162 2230 tale
1189 2179 1551 2245 patiebantur;
1577 2194 1679 2232 non
1701 2177 1958 2233 Catholici
1983 2177 2160 2241 modo,
2185 2176 2278 2230 sed

707 2267 860 2318 etiam
895 2265 1146 2330 lucretiei,
1173 2267 1358 2330 Juda-i,
1380 2268 1667 2320 idc-lolatra:
1691 2283 1808 2320 cum
1830 2267 2114 2320 Catholicis
2135 2265 2278 2318 dule-

707 2365 826 2409 rent
857 2372 869 2408 :
905 2365 956 2408 et
981 2357 1127 2424 quasi
1151 2367 1444 2424 expugnata
1469 2359 1532 2411 ab
1559 2358 1796 2411 hostibus
1825 2357 2064 2420 civitate,
2093 2356 2278 2410 tumul-

707 2454 758 2498 tu
781 2487 794 2512 ,
829 2447 1176 2514 trcpidatioae
1207 2458 1256 2500 ct
1279 2449 1488 2516 planctu
1523 2448 1674 2516 plena
1721 2457 1871 2500 erant
1901 2449 2097 2500 omnia.

777 2538 936 2591 Addit
963 2553 1087 2590 Vero
1125 2539 1534 2608 Chrys-ostentus
1581 2540 1699 2593 talia
1743 2553 1898 2592 ausos
1941 2553 2058 2592 esse
2103 2538 2278 2591 inimi-

707 2645 798 2682 cos
825 2639 1015 2696 praeter
1036 2631 1349 2682 sententiam
1382 2631 1600 2699 piissimi
1629 2629 1986 2700 imperatoris.
2017 2630 2275 2684 Nimirum

709 2723 874 2772 hunus
905 2735 966 2774 ac
997 2721 1134 2772 mitis
1161 2721 1444 2782 Arcadius,
1481 2720 1566 2788 qui
1591 2721 1656 2774 ab
1699 2721 2012 2774 adversariis
2043 2721 2276 2790 Chryso-

705 2811 862 2860 stumi
883 2811 1160 2876 dereptus,
1190 2810 1486 2877 pellendum
1511 2809 1656 2863 illum
1685 2823 1802 2863 esse
1833 2817 2106 2861 censuerat
2127 2849 2140 2874 ,
2167 2824 2272 2860 non

711 2899 924 2966 putabat
949 2915 1182 2968 cousque
1227 2915 1566 2966 processuros
1611 2915 1728 2954 esse
1765 2901 2173 2953 consceleratos.
2222 2899 2276 2953 ld

709 3001 864 3044 nocte
907 2991 1100 3052 multa,
1133 2993 1298 3056 inquit
1345 2991 1606 3054 Joannes,
1641 2993 1831 3044 factum
1861 2999 1974 3056 est,
2015 2990 2276 3058 episc0pis

710 3081 822 3134 haec
851 3079 1231 3134 instruentibus
1251 3123 1263 3145 ,
1299 3091 1349 3134 et
1379 3083 1553 3135 multis
1577 3083 1625 3135 in
1661 3083 1790 3136 locis
1809 3081 2022 3134 ordines
2041 3081 2278 3134 ducenti-

709 3173 840 3236 bus,
871 3187 966 3226 nec
995 3173 1429 3226 erubescentibus
1457 3213 1468 3234 ,
1503 3173 1638 3240 quod
1667 3187 1762 3240 pro
1804 3172 2040 3225 diacouis
2079 3170 2274 3238 campi-

713 3261 954 3317 ductores
983 3263 1236 3315 haberent
1263 3273 1576 3330 pra-euntes.

777 3355 892 3406 Alia
915 3355 1148 3406 violenter
1169 3354 1498 3406 acta—llaec
1517 3354 1946 3423 Chrysostomns,
1969 3352 2056 3406 ubi
2085 3351 2280 3406 adver-

710 3452 788 3494 tas
813 3445 979 3510 ipsum
1003 3443 1180 3495 dicere
1212 3443 1380 3510 primo
1407 3443 1516 3494 hcce
1541 3443 1592 3494 itt
1621 3457 1838 3510 vespera
1869 3441 2072 3496 sabbati
2111 3443 2279 3496 sancti

709 3545 880 3604 empta
907 3573 920 3596 ,
951 3543 1002 3588 et
1025 3535 1260 3601 quadam
1287 3533 1446 3586 multa
1475 3542 1630 3586 nocte
1659 3534 1820 3598 facta,
1849 3533 1896 3586 in
1919 3534 2157 3588 ccclesiis
2179 3549 2276 3587 au-

713 3633 814 3676 tem
843 3621 1157 3690 quibUsdam
1189 3623 1299 3676 huic
1345 3631 1542 3688 patrata
1585 3623 1744 3677 fuisse
1787 3623 1932 3676 dicit.
1961 3623 2091 3676 Cum
2123 3639 2279 3694 porro

707 3727 768 3764 ex
799 3709 1036 3764 ccclesiis
1067 3711 1134 3762 ita
1169 3711 1302 3780 pulsi
1345 3711 1568 3766 fuissent
1609 3711 1824 3768 Joannis
1871 3713 2193 3784 presbyteri,
2227 3713 2278 3768 in

707 3801 920 3870 publico
963 3801 1172 3854 lavacro
1199 3843 1210 3864 ,
1245 3802 1383 3870 quod
1415 3803 1823 3857 Constantianus
1855 3804 2091 3858 thermas
2121 3820 2280 3858 voca-

711 3891 835 3944 bant
877 3891 1181 3944 convocatis
1225 3893 1432 3960 populis
1481 3895 1686 3962 vigilias
1727 3895 1981 3962 agebant,
2017 3895 2100 3959 alii
2135 3895 2280 3949 Scri-

711 3992 890 4051 pturas
905 3981 1110 4035 divinas
1131 3983 1382 4051 legentes,
1401 3983 1484 4036 alii
1505 3984 1914 4039 catechumenos
1935 3973 2279 4056 bapiizantes,

711 4085 766 4128 ut
811 4077 970 4130 moris
1017 4086 1132 4130 erat
1181 4077 1233 4130 in
1278 4079 1532 4132 Paschatc
1583 4079 1826 4150 (Pallad.
1875 4079 2079 4150 Dinlag.
2133 4081 2278 4134 Socr.

709 4167 745 4220 l.
771 4167 853 4220 16.
877 4183 922 4219 c.
955 4166 1036 4221 18.
1069 4168 1272 4220 Sozam.
1301 4170 1336 4222 ι,
1367 4171 1417 4222 8.
1448 4185 1494 4223 c.
1523 4169 1584 4223 ‘21
1617 4171 1654 4238 ).
1681 4171 1827 4224 Tunc
1857 4172 2158 4233 Antiochus,
2187 4173 2282 4226 Se-

707 4259 956 4313 verianus
985 4267 1036 4312 et
1065 4261 1284 4312 Aeacius
1315 4261 1568 4314 Patronos
1593 4271 1814 4330 rogant,
1849 4271 1902 4314 ut
1931 4263 2106 4330 populi
2135 4278 2163 4315 a
2195 4264 2280 4316 tali

709 4361 972 4406 conventu
1003 4361 1324 4404 arcerentur.
1355 4351 1594 4419 Magister
1613 4366 1810 4414 autem,
1843 4353 1923 4404 vir
1949 4355 2162 4420 probus,
2195 4353 2286 4406 ab-

711 4443 904 4496 nuebat
921 4453 968 4495 ct
989 4453 1128 4496 tanta
1147 4453 1300 4496 noctu
1327 4443 1517 4496 inferre
1541 4445 1676 4496 mala
1697 4444 1887 4512 populo
1904 4445 2133 4499 nolebat.
2149 4445 2281 4499 Tum

708 4533 935 4586 Acacius
967 4533 1151 4586 timere
1183 4548 1238 4586 se
1268 4533 1422 4596 dixit,
1457 4550 1520 4586 ne
1547 4534 1588 4586 si
1617 4534 1902 4602 imperator
1929 4535 1977 4588 in
2006 4537 2282 4590 ecclesiam

709 4624 925 4678 veniens
949 4623 1090 4676 illam
1109 4640 1323 4678 vacuam
1357 4627 1627 4690 inveniret,
1651 4634 1773 4679 tunc
1795 4627 1966 4695 populi
1985 4643 2106 4696 erga
2127 4627 2286 4682 Joan-

709 4731 828 4770 nem
851 4717 1270 4770 benevolentiam
1300 4717 1628 4784 intelligeret,
1661 4733 1790 4772 neve
1819 4733 1874 4772 se
1899 4729 1950 4772 ut
1971 4721 2172 4772 tnvidos
2197 4720 2286 4771 ha-

709 4807 874 4859 beret.
897 4805 1212 4876 Urgentibus
1233 4807 1353 4868 illis,
1375 4807 1591 4860 Lucium
1615 4809 1698 4862 ille
1721 4809 1995 4877 quemdam
2016 4812 2281 4864 cthnicum

703 4897 856 4964 jussit
885 4913 1000 4950 cum
1028 4898 1386 4951 Scutariorum
1421 4913 1576 4949 manu
1601 4898 1689 4950 illo
1719 4913 1775 4950 se
1801 4898 2060 4954 conferre.
2095 4901 2284 4954 Lucius

707 5003 832 5040 vero
853 5003 970 5047 cum
994 4988 1237 5055 populum
1260 4987 1376 5039 inde
1399 4989 1650 5041 excedere
1673 4989 1812 5042 nelte
1835 4990 2072 5054 vidisset,
2101 5007 2281 5046 rever-

709 5094 795 5129 ειι,
825 5087 923 5130 est.
955 5077 1101 5130 Tunc
1131 5078 1346 5129 Aeacius
1381 5086 1432 5130 et
1458 5077 1584 5130 socii
1615 5077 1782 5145 ipsum
1825 5080 2086 5148 deprecati
2131 5091 2280 5144 sunt,

711 5166 983 5234 promis~is
1013 5165 1168 5218 etiam
1209 5167 1417 5230 additis,
1451 5177 1504 5220 ut
1535 5169 1783 5236 populum
1817 5169 1862 5222 vi
1896 5171 2114 5238 pelleret
2141 5181 2192 5224 et
2221 5172 2282 5224 ad

709 5259 981 5310 ecclesiam
1003 5257 1304 5309 adduceret.
1323 5257 1465 5311 Tunc
1493 5259 1576 5311 ille
1599 5261 1878 5327 assumptis
1905 5276 2079 5312 secum
2111 5263 2284 5315 Aeaeii

708 5349 912 5401 clericis
945 5349 1169 5401 secunda
1201 5349 1374 5418 vigilia
1405 5352 1570 5402 noctis
1599 5351 1686 5404 illo
1715 5367 1770 5404 se
1799 5353 2002 5406 confert
2023 5393 2035 5416 ,
2085 5362 2137 5405 et
2165 5368 2282 5405 cum

709 5441 961 5494 militibus
1005 5441 1197 5492 strictis
1229 5441 1447 5509 gladiis,
1497 5442 1547 5494 in
1591 5442 1973 5498 multitudinem
2020 5443 2280 5511 irrumpit,

711 5541 952 5598 penetrat
983 5545 1143 5598 usque
1171 5531 1235 5583 ad
1279 5543 1488 5586 sanctas
1518 5547 1677 5600 aquas
1703 5573 1715 5594 ,
1749 5543 1804 5584 ut
1845 5534 2148 5602 prohiberet
2193 5547 2284 5587 eos

711 5623 794 5691 qui
853 5623 1193 5676 initialiaatur
1227 5623 1583 5676 Sacrauientis
1613 5624 1896 5678 Dominiea:
1923 5626 2284 5679 Besurreetioo

707 5713 783 5766 nis
807 5725 883 5767 :et
909 5715 1181 5768 diaconum
1209 5716 1799 5769 1ΓειιΤιιΙΟιιῑιΤἱιιγξιιιρῐὶε
1819 5717 2056 5786 symbola
2081 5716 2260 5771 effudit

1781 348 1836 402 S.
1879 346 2154 403 JOANNIS
2191 344 2666 401 CllllYSOSTOMl
2711 347 2888 408 YlTA.

3881 341 3994 398 212

2389 461 2730 529 ριἰῑςιιμιὶπιε
2759 477 2886 516 vero
2911 460 3222 530 grandmvos
3241 460 3463 516 fustibus
3485 460 3537 512 in
3569 468 3740 528 capite
3763 457 3986 522 leriena.

2387 563 2590 604 sacrum
2615 551 2808 605 fontem
2831 566 3018 606 cruore
3037 553 3348 620 conspersit.
3375 553 3519 606 Tunc
3539 567 3649 605 rem
3671 548 3986 620 stupendam

2383 639 2562 692 videre
2593 651 2724 692 erat.
2755 640 2920 693 Nuda:
2939 643 3082 695 enim
3109 642 3358 696 mulieres
3381 657 3498 695 cum
3525 643 3650 697 viris
3677 643 3807 706 suis,
3839 650 3986 696 metu

2385 713 2568 782 mbrtis
2593 740 2647 783 et
2677 747 2740 783 ex
2773 733 3086 784 verecundia
3111 733 3246 800 turpi
3273 746 3330 786 se
3357 730 3492 800 fugae
3519 733 3740 785 dabant:
3769 732 3984 800 quidam

2383 838 2538 874 manu
2585 824 2845 876 Vulnerati
2877 824 3093 878 abibant
3137 825 3426 892 plorantes.
3461 825 3534 878 Ειι
3565 825 3822 878 militibus
3857 839 3985 878 vero

2383 913 2619 965 nonnulli
2669 913 2896 981 virgines
2926 913 3136 966 trahere
3175 913 3462 966 conscissis
3491 913 3658 966 sacris
3707 913 3936 966 vestibus
3967 920 3982 956 ε

2383 1019 2568 1058 attines
2598 1015 2774 1058 autem
2799 1021 2950 1059 sacra
2977 1020 3100 1058 vasa
3133 1005 3459 1073 depra-dare,
3489 1006 3588 1060 sibi
3613 1022 3821 1076 rapere.
3849 1007 3980 1061 Pte-

2381 1096 2580 1166 sbyteri
2611 1106 2664 1150 et
2685 1097 2892 1150 diaconi
2921 1097 2972 1150 in
3001 1112 3270 1152 carcerem
3301 1097 3670 1153 trudebantur.
3703 1097 3760 1151 ln
3785 1099 3983 1166 populo

2379 1187 2466 1254 qui
2499 1187 2866 1241 honoratiores
2895 1196 3063 1251 erant,
3097 1203 3161 1242 ex
3187 1203 3376 1256 magna
3405 1188 3491 1242 illa
3517 1188 3644 1242 urbe
3669 1189 3805 1258 pulsi
3833 1197 3977 1243 sunt.

2383 1277 2563 1330 Edicta
2595 1277 2871 1332 confertim
2901 1279 3304 1348 publicabautur
3325 1319 3340 1342 ,
3373 1294 3492 1332 cum
3521 1279 3683 1333 minis
3707 1281 3984 1334 intentatis

2381 1366 2434 1419 in
2463 1381 2574 1431 eos,
2605 1369 2692 1436 qui
2721 1384 2750 1422 a
2781 1368 3001 1422 Joannis
3029 1369 3408 1424 communione
3439 1385 3541 1423 non
3573 1369 3904 1424 recederent.

2457 1457 2546 1512 Illa
2585 1473 2715 1512 vero
2747 1460 2924 1512 omnia
2965 1459 3322 1514 moliebantur
3351 1461 3574 1514 Aeacius
3619 1468 3676 1515 et
3699 1463 3980 1516 conscele~

2381 1547 2478 1600 rati
2509 1588 2524 1611 ,
2555 1555 2611 1601 ut
2640 1563 2702 1602 ex
2739 1549 2801 1602 iis
2848 1550 2980 1604 locis
3027 1549 3226 1618 eiectus
3255 1549 3479 1618 populus
3507 1549 3558 1602 in
3595 1551 3876 1604 ecclesiam
3919 1565 3982 1604 se

2379 1637 2664 1704 conferret,
2691 1631 2740 1692 in
2769 1655 2871 1708 qua
2902 1639 2998 1708 ipsi
3029 1640 3182 1708 pulso
3205 1638 3407 1694 Joanne
3445 1639 3760 1694 celebraturi
3793 1655 3970 1696 erant.

2381 1729 2573 1783 Verum
2601 1731 2836 1785 ecclesia:
2865 1745 3000 1799 pene
3027 1745 3215 1785 omnes
3259 1744 3432 1784 vacua:
3463 1739 3772 1784 manserunt
3797 1747 3809 1784 :
3841 1745 3980 1798 pan-

2379 1821 2578 1874 cissimi
2607 1823 2748 1875 enim
2777 1831 2928 1875 erant
2948 1863 2962 1888 ,
2991 1823 3078 1890 qui
3107 1835 3140 1874 a
3166 1820 3390 1875 Joannis
3417 1819 3795 1875 communione
3825 1835 3978 1874 rece—

2379 1913 2587 1965 dercnt.

2449 2004 2623 2056 Clu-us
2651 2014 2694 2056 et
2721 2005 2938 2072 populus
2969 2005 3020 2056 in
3049 2020 3173 2072 agro
3207 2003 3440 2057 collectus
3487 2003 3756 2056 inceditur.
3781 2033 3852 2042 -ο
3873 2003 3980 2058 Ubi

2383 2109 2508 2149 vero
2537 2095 2705 2149 illuait
2730 2095 3003 2150 Paschatis
3025 2095 3162 2162 dies,
3191 2096 3365 2150 onmis
3391 2097 3577 2151 civitas
3605 2107 3752 2152 extra
3785 2111 3971 2150 muros

2385 2189 2434 2239 in
2461 2187 2634 2240 locum
2665 2189 2878 2240 nomine
2903 2187 3160 2256 Pentpton
3199 2187 3540 2256 demigravit:
3579 2171 3754 2256 ibique
3795 2188 3978 2255 populi

2387 2277 2726 2333 festivitatem
2753 2279 3090 2334 celebravere
3115 2279 3266 2348 quasi
3293 2293 3418 2332 oves
3439 2278 3694 2347 dispersae
3715 2281 3732 2348 (
3753 2278 3967 2332 Pallad.

2385 2367 2638 2438 Dialog.).
2661 2369 2950 2436 Imperator
2977 2379 3154 2423 autem
3185 2383 3432 2440 egressus
3459 2377 3558 2436 est,
3579 2377 3636 2424 ut
3663 2384 3784 2424 sese
3815 2385 3980 2424 exer-

2386 2465 2530 2512 ceret
2561 2459 2611 2510 in
2638 2459 2814 2513 vicino
2841 2473 3048 2528 eampo,
3083 2459 3316 2530 viditque
3341 2475 3526 2530 agrum
3553 2475 3658 2514 non
3685 2462 3974 2526 consitum,

2387 2556 2666 2618 tamenque
2695 2549 3033 2614 candentem,
3063 2551 3184 2618 quia
3207 2567 3396 2620 nempe
3419 2551 3452 2606 ii
3485 2566 3668 2606 omnes
3687 2551 3778 2620 qui
3801 2567 3974 2620 nuper

2387 2639 2636 2706 haptizati
2669 2639 2903 2704 fuerant,
2933 2639 3173 2694 candidis
3199 2643 3434 2696 vestibus
3477 2642 3641 2696 induti
3681 2653 3852 2698 erant.
3883 2643 3976 2698 Ait

2383 2743 2539 2796 porro
2569 2730 2896 2784 Sozomenus
2933 2731 3105 2784 locum
3139 2731 3286 2786 illum
3325 2731 3490 2788 fuisse
3521 2749 3676 2802 quem
3711 2735 3978 2789 Constan-

2383 2817 2482 2870 tius
2507 2819 2572 2881 a_d
2599 2819 2752 2874 ludos
2797 2821 3066 2875 circenses
3109 2823 3538 2890 complanaverat
3561 2864 3576 2888 ,
3607 2833 3662 2878 et
3707 2827 3979 2882 asseribus

2377 2908 3004 2978 circumsepserat£rant
3021 2921 3195 2965 autem
3215 2913 3286 2966 iiii
3303 2913 3540 2967 candidis
3559 2915 3722 2970 induti
3743 2915 3982 2968 vestibus

2381 3006 2460 3049 ter
2491 2999 2632 3052 mille
2657 2999 2870 3054 circiter
2899 3015 3140 3055 numero.
3171 3001 3505 3070 Stu'pcfactus
3527 3005 3784 3058 Arcadius
3809 3007 3978 3059 inter-

2380 3089 2597 3158 rogabat
2623 3091 2863 3158 quisnam
2889 3091 2972 3144 ille
2989 3101 3156 3145 cretus
3181 3101 3340 3146 esset.
3365 3093 3440 3146 illi
3465 3108 3612 3160 vero,
3645 3109 3674 3148 a
3701 3097 3982 3149 conscele-

2381 3181 2509 3232 ratis
2537 3179 2755 3234 Joannis
2783 3181 3010 3235 iuimicis
3040 3182 3266 3236 instituti
3291 3223 3304 3246 ,
3333 3184 3720 3252 responderunt
3763 3185 3980 3240 luet-eti—

2381 3283 2564 3322 Curum
2611 3279 2804 3324 emtum
2835 3285 2970 3324 esse.
3005 3271 3116 3325 Nec
3143 3288 3290 3326 mora
3319 3273 3396 3326 illi
3428 3275 3679 3328 saniores
3707 3293 3772 3332 ex
3815 3277 3978 3330 satel-

2381 3361 2560 3416 litibus
2589 3364 2802 3416 mittunt
2821 3377 2850 3414 a
2881 3370 3028 3432 tergo
3051 3403 3065 3427 ,
3097 3364 3184 3432 qui
3211 3363 3478 3419 auditores
3505 3365 3768 3434 dissipent
3793 3376 3846 3420 et
3877 3367 3978 3420 do-

2381 3459 2558 3506 ctores
2583 3451 3060 3521 comprehendant.
3087 3453 3218 3506 Tum
3249 3454 3426 3508 clerici
3447 3456 3588 3524 capti
3609 3466 3752 3522 sunt,
3779 3465 3978 3510 etcum

2383 3541 2484 3597 illis
2515 3543 2631 3597 laici
2669 3541 2916 3613 quidam:
2947 3543 3348 3612 comprehensa:
3393 3555 3518 3600 sunt
3545 3547 3706 3600 etiam
3739 3563 3978 3602 virorum

2383 3633 2639 3687 nobilium
2665 3634 2940 3702 coniuges,
2973 3649 3196 3703 quarum
3223 3635 3342 3690 aliis
3371 3637 3504 3704 rapti
3537 3635 3790 3692 mafortcs
3815 3648 3978 3706 sunt,

2383 3721 2502 3776 aliis
2531 3723 2742 3777 inaures
2787 3737 2906 3776 cum
2941 3732 3180 3779 extrema
3207 3727 3348 3778 auris
3375 3727 3654 3794 particula.
3699 3729 3822 3782 llzec
3851 3745 3976 3784 cum

2383 3811 2585 3867 videret
2629 3813 2900 3868 Eleutheri
2929 3814 3206 3882 cujusdam
3245 3831 3378 3868 uxor
3405 3816 3832 3886 opulentissima,
3883 3835 3976 3874 re-

2385 3903 2510 3956 licio
2531 3903 2772 3969 maforte,
2797 3911 2850 3957 et
2873 3913 3021 3957 veste
3039 3903 3277 3958 ancillari
3297 3917 3588 3974 assumpta,
3609 3922 3766 3960 cursu
3789 3909 3980 3964 civita-

2387 4001 2492 4044 tem
2525 3993 2694 4061 petiit,
2745 4001 2800 4045 ut
2829 3993 3130 4061 pudicitiam
3161 4004 3437 4058 servaret;
3465 4005 3581 4048 erat
3605 3997 3746 4050 enim
3777 3999 3976 4054 decora

2385 4081 2518 4136 facie
2548 4093 2600 4135 et
2619 4081 2846 4151 eleganti
2873 4081 3057 4136 forma.
3089 4083 3176 4137 Sic
3195 4097 3438 4139 carceres
3481 4086 3681 4154 impleti
3715 4098 3839 4142 sunt
3865 4103 3974 4146 non

2385 4173 2488 4226 reis
2515 4182 2566 4226 et
2587 4173 2844 4238 scelestis,
2867 4173 2958 4228 sed
2978 4173 3405 4228 confessoribus:
3435 4183 3593 4244 atque
3621 4178 3695 4232 sic
3725 4179 3778 4231 in
3799 4181 3978 4235 eccle-

2387 4263 2490 4314 sias
2519 4263 2702 4314 mutati
2726 4271 2866 4314 sunt.
2893 4263 2956 4315 Et
2976 4263 3115 4331 quod
3139 4264 3332 4316 mirum
3357 4263 3614 4330 videatur,
3639 4266 3760 4320 dum
3789 4271 3974 4338 hymni

2387 4361 2440 4404 et
2467 4352 2761 4406 oblationes
2793 4353 2844 4404 in
2875 4354 3176 4406 carceribus
3199 4353 3606 4422 peragebantur,
3637 4355 3820 4425 ﬂagra,
3845 4373 3973 4412 eru-

2387 4441 2554 4493 elatus
2583 4450 2637 4495 et
2663 4441 2934 4496 horribilia
2959 4443 3258 4510 iuramenta
3287 4444 3338 4496 in
3367 4445 3604 4500 ecclesiis
3627 4463 3750 4517 erga
3775 4452 3976 4506 multos

2391 4531 2796 4596 adhibebantur,
2833 4543 2889 4584 ut
2915 4531 3173 4586 Joannem
3219 4533 3554 4589 anathemate
3595 4537 3848 4592 damnare
3879 4555 3974 4594 co-

2387 4631 2654 4690 gerentur.
2690 4621 2769 4674 Ex
2798 4621 2886 4674 illo
2914 4633 3090 4676 autem
3123 4631 3358 4690 tempore
3387 4625 3546 4678 Variis
3579 4627 3630 4679 in
3661 4627 3790 4680 locis
3813 4629 3974 4684 modo

2390 4712 2526 4776 istic,
2554 4711 2710 4764 modo
2743 4711 2850 4764 illic
2883 4713 3300 4777 conveniebant;
3347 4721 3401 4766 et
3445 4715 3564 4782 quia
3591 4714 3778 4769 Joanni
3825 4732 3970 4771 scm-

2391 4819 2484 4872 per
2527 4805 2722 4856 addicti
2771 4815 2958 4868 erant,
3015 4803 3276 4857 Joannitte
3323 4807 3570 4873 appellati
3613 4815 3736 4860 sunt
3779 4807 3970 4877 (Socr.

2387 4895 2472 4948 lib.
2503 4895 2552 4948 6.
2583 4911 2627 4946 c.
2663 4895 2746 4948 ~19.
2781 4895 2984 4948 Sozam.
3017 4895 3052 4947 l.
3087 4895 3138 4948 8.
3171 4911 3214 4948 c.
3247 4895 3308 4948 21

2465 4987 2550 5041 Jo.
2583 4989 2960 5058 Clit-ysostamus
2989 4989 3054 5038 ad
3087 4986 3436 5041 Innocentium
3469 4988 3665 5054 Papam
3695 4991 3880 5054 scribit.
3903 5021 3974 5034 --

2391 5079 2500 5134 lloc
2521 5081 2570 5132 in
2595 5091 2729 5133 statu
2751 5096 2833 5132 res
2857 5089 3026 5145 erant,
3051 5095 3167 5133 cum
3191 5081 3468 5149 epistolam
3491 5081 3709 5148 primam
3729 5081 3940 5154 Chryso
3957 5115 3972 5128 -

2390 5180 2594 5224 ston'zus
2643 5171 2854 5238 scripsit
2897 5171 2960 5222 ad
3009 5171 3374 5225 innocentium
3407 5171 3638 5240 Papam,
3685 5185 3970 5240 antequam

2391 5263 2504 5330 ipse
2535 5279 2584 5315 in
2609 5263 2898 5315 secundum
2932 5263 3176 5319 exsilium
3205 5271 3461 5331 pergeret,
3493 5279 3522 5317 a
3557 5279 3658 5332 quo
3681 5281 3970 5333 numquam

2393 5352 2564 5404 rediit.
2597 5351 2762 5416 Quam
2805 5353 3057 5421 temporis
3087 5364 3264 5406 notam
3291 5351 3414 5406 hinc
3443 5362 3774 5414 mutuamur,
3831 5355 3970 5424 quod

2391 5443 2800 5512 Chrysustmnus
2821 5452 3094 5510 postquam
3125 5444 3295 5496 omnia
3327 5445 3608 5506 recensuit,
3641 5459 3757 5512 qua:
3783 5445 3850 5496 ab
3877 5443 3972 5496 ad-

2391 5544 2553 5586 ventu
2573 5531 3348 5602 TheophiliConstantinopolin
3367 5543 3514 5602 gesta
3529 5545 3670 5596 sunt,
3691 5543 3970 5602 postquam

2393 5624 2457 5678 de
2485 5624 2698 5694 Synodo
2725 5625 2810 5679 ubi
2841 5627 2955 5694 ipse
2981 5625 3252 5693 depositus
3283 5623 3450 5678 fuerat
3479 5625 3602 5692 egit,
3635 5633 3688 5679 et
3719 5638 3774 5678 se
3803 5623 3974 5678 desti-

2395 5725 2560 5770 tutum
2591 5718 3000 5786 restitutumque
3025 5715 3188 5770 fuisse
3235 5715 3696 5780 commemoravit;
3745 5712 3976 5770 deinde-
