4276 6316
267 373 367 429 ﬁll

265 500 365 555 que
390 484 582 542 iterum
606 492 927 550 exagitatam
957 495 1011 535 et
1036 480 1358 535 aecusattun,
1392 485 1549 543 atque
1578 489 1643 526 ex
1666 471 1845 525 Eccle-

268 578 344 627 sia
367 573 616 643 pulsum;
650 584 926 642 postquam
966 570 1247 623 violentam
1294 566 1640 633 irruptinuem
1668 562 1718 614 in
1756 575 1849 615 ec-

260 665 474 719 clesiam
507 672 566 718 et
591 664 644 716 in
674 662 1036 731 baptisterium
1066 659 1255 714 factam
1299 655 1600 711 enarravit:
1630 651 1848 722 gradum

263 755 443 819 sistit,
481 769 653 822 neque
681 768 744 807 ea
771 768 889 822 qua:
920 761 1103 821 postea
1137 760 1288 819 gesta
1332 755 1458 802 sunt
1480 786 1495 809 ,
1540 754 1594 799 et
1635 742 1848 813 quidem

260 843 615 909 atrocissima,
661 851 1061 897 commemorat.
1091 839 1189 895 Hic
1234 848 1411 892 autem
1444 835 1696 904 plurimos
1731 831 1848 901 epi-

262 947 453 1002 scopos
473 933 777 1003 alloquitur,
805 932 1038 1002 dicitque
1065 929 1332 986 Palladius
1350 929 1402 982 in
1420 926 1579 991 Dial.,
1600 924 1738 979 hanc
1763 924 1847 992 ip-

263 1035 377 1076 sam
408 1023 691 1091 epistolam
722 1023 971 1091 scriptam
1000 1020 1162 1075 fuisse
1182 1017 1415 1074 Venerio
1444 1011 1844 1075 Mediolanensi,

259 1122 314 1165 et
361 1111 671 1166 Chromatio
720 1110 1049 1181 Aquileiensi
1113 1108 1397 1179 episcopis.
1455 1105 1615 1161 Addit
1671 1113 1846 1158 autem

262 1202 676 1273 Chrysostomus
699 1242 717 1268 ,
749 1203 944 1257 malum
972 1201 1073 1257 hoc
1103 1200 1403 1271 pervasisse
1439 1200 1492 1253 in
1534 1197 1805 1254 Orientem
1831 1213 1843 1249 :

268 1293 496 1348 clericos
546 1294 689 1348 enim
720 1295 771 1348 in
800 1294 1079 1363 episcOpos
1109 1294 1381 1362 insurgere
1406 1333 1422 1357 ,
1466 1290 1744 1360 episcopos
1779 1287 1847 1340 ab

274 1384 561 1453 episcOpis,
592 1383 817 1454 populos
845 1400 875 1438 a
905 1383 1113 1454 pepulis
1139 1384 1335 1438 scissos
1363 1395 1514 1446 esse,
1543 1380 1848 1448 iustareque

266 1472 581 1541 periculum,
609 1488 678 1529 ne
706 1473 968 1528 dissensio
998 1482 1177 1528 manet
1202 1473 1255 1527 in
1283 1472 1400 1525 dies
1428 1470 1607 1525 latius.
1653 1468 1849 1537 Rogat-

261 1578 365 1631 que
392 1563 510 1617 illos
529 1564 631 1618 sibi
651 1565 967 1620 subveniunt
986 1574 1036 1619 et
1054 1564 1401 1634 opitulentur.
1422 1562 1479 1617 Si
1505 1576 1631 1615 vero
1651 1561 1849 1614 instent

260 1650 552 1707 adversarii
569 1653 790 1709 crimina
818 1654 917 1709 sibi
939 1654 1273 1724 objicientes,
1299 1664 1537 1723 paratum
1566 1664 1625 1704 se
1642 1663 1761 1703 esse
1779 1648 1847 1703 ad

259 1756 476 1795 causam
505 1757 686 1797 comm
727 1743 1049 1813 incorruptis
1071 1743 1339 1812 judicibus
1361 1740 1662 1805 dicendam,
1695 1740 1849 1809 queis

260 1830 522 1899 significat
548 1847 608 1886 se
636 1831 685 1886 id
717 1844 920 1902 optare,
947 1842 1001 1887 ut
1035 1833 1085 1887 in
1112 1833 1338 1887 concilio
1366 1832 1598 1903 legitime
1626 1844 1850 1900 congre-

256 1932 406 1990 gato,
439 1922 554 1977 hate
577 1937 737 1978 eausa
771 1932 1023 1978 tractetur
1052 1933 1105 1978 et
1133 1923 1439 1979 definiatur.

335 2013 474 2068 IIuic
498 2015 737 2080 epistola:
761 2015 938 2070 addita
962 2024 1045 2072 est
1068 2016 1233 2071 altera
1261 2014 1493 2086 (Pallad.
1527 2012 1694 2084 Dial.)
1736 2013 1845 2083 epi-

256 2119 543 2176 scoporum
571 2106 916 2177 quadraginta
940 2150 956 2173 ,
978 2108 1065 2179 qui
1094 2123 1214 2161 cum
1256 2107 1460 2162 Joanne
1488 2105 1849 2161 communica-

258 2195 420 2260 baut;
447 2197 599 2249 tertia
618 2211 825 2267 quoque
851 2197 989 2253 Cleri
1014 2195 1605 2265 Constantinopolitani,
1633 2196 1722 2266 qui
1750 2209 1847 2266 pro

258 2285 476 2339 Joanne
504 2287 698 2340 stabat.
720 2286 829 2341 llas
857 2292 981 2342 vero
1014 2287 1193 2343 literas
1214 2288 1266 2341 in
1295 2286 1500 2341 Italiam
1527 2286 1842 2341 deferendas

255 2392 543 2446 suscepere
572 2378 950 2448 religiosissimi
993 2380 1228 2449 episcopi
1254 2420 1271 2445 ,
1300 2379 1618 2443 Demetrius,
1649 2378 1848 2432 Panso-

257 2469 439 2537 phius,
461 2468 669 2537 Pappus
693 2478 745 2523 et
774 2469 1059 2539 Eugenius,
1086 2469 1175 2539 qui
1205 2470 1401 2523 rrlictis
1431 2468 1686 2523 Ecclesiis
1713 2468 1843 2534 suis,

257 2560 450 2630 pelago
474 2576 532 2615 sc
555 2561 902 2627 commisere,
930 2570 983 2616 et
1007 2576 1127 2615 cum
1160 2562 1262 2615 illis
1289 2560 1486 2615 Paulus
1518 2571 1571 2615 et
1594 2560 1851 2631 Cyriacus

254 2648 473 2704 diaconi
505 2649 687 2722 (Pall.
722 2650 906 2720 Μαι).
958 2652 1254 2721 Antequam
1300 2665 1427 2704 vero
1469 2649 1583 2703 haec
1625 2648 1847 2719 cpistola

255 2742 322 2793 ad
360 2740 725 2796 Innocentium
772 2742 1125 2812 pervenisset,
1156 2750 1433 2810 acceperat
1459 2740 1544 2794 ille
1568 2740 1846 2809 epistolam

264 2832 550 2903 Theophili
580 2833 951 2897 Alexandrini,
1001 2851 1120 2903 qua:
1152 2835 1222 2887 ita
1250 2842 1506 2902 concepta
1532 2841 1678 2895 erat,
1707 2839 1764 2884 ut
1794 2832 1845 2885 in

263 2942 325 2977 ca
360 2924 609 2979 Pontifex
642 2926 954 2980 temeritatis
980 2936 1034 2980 et
1062 2926 1325 2995 superbia:
1356 2933 1534 2978 nutant
1555 2923 1849 2994 deprehen-

260 3014 449 3079 deret;
478 3016 620 3085 quod
645 3017 788 3071 solus
812 3018 1117 3086 scripsisset
1156 3032 1253 3075 nec
1278 3017 1477 3071 claram
1506 3017 1620 3085 ejus
1640 3017 1719 3071 rei
1746 3030 1841 3070 no-

263 3105 433 3159 titiam
464 3106 719 3171 misisset,
767 3121 865 3161 nec
891 3105 1090 3161 diceret
1118 3117 1206 3160 aut
1232 3120 1327 3160 cur
1350 3146 1366 3171 ,
1412 3114 1503 3159 aut
1544 3104 1735 3175 quibus
1760 3119 1847 3159 as-

261 3196 491 3267 sumptis
507 3197 665 3252 sociis
685 3195 940 3251 Joannem
963 3196 1314 3267 deposuisset.
1327 3194 1458 3250 Cum
1480 3210 1639 3264 porro
1653 3194 1848 3249 dubius

264 3287 431 3340 anitni
460 3295 624 3351 esset,
668 3301 767 3341 nec
795 3286 865 3341 ob
894 3286 969 3342 rei
995 3297 1158 3357 gesta:
1182 3287 1450 3341 levitatem
1474 3326 1488 3350 ,
1538 3285 1707 3355 inquit
1729 3284 1847 3338 Pal-

266 3377 454 3443 ladius,
491 3377 785 3432 rescribere
809 3378 989 3443 vellet,
1020 3378 1278 3432 Eusebius
1307 3377 1519 3446 quidam
1544 3375 1847 3430 Constanti-

268 3467 604 3536 nopolitanus
620 3467 890 3531 diaconus,
915 3468 1004 3537 qui
1027 3478 1151 3521 tunc
1176 3468 1359 3521 Roma:
1386 3475 1502 3521 erat
1528 3466 1846 3521 ecclesiasti-

266 3574 443 3610 rarntu
473 3573 648 3611 rerum
680 3573 855 3622 causa,
892 3557 1253 3613 Innocentium
1295 3558 1460 3623 adiit,
1503 3566 1557 3611 et
1581 3557 1845 3626 supplices

270 3648 472 3701 lilchIUS
500 3646 683 3713 dedit,
736 3648 989 3717 adjurans
1036 3664 1154 3702 eum
1189 3659 1244 3701 ut
1274 3648 1540 3702 modicum
1591 3648 1846 3716 temporis

265 3747 626 3807 exspectaret,
679 3748 733 3792 et
773 3740 1214 3808 conSpirationem
1242 3739 1557 3808 patefactam
1602 3736 1841 3791 videret:

262 3845 322 3881 ae
350 3841 468 3896 post
498 3829 726 3882 triduum
757 3830 1085 3884 advenerunt
1112 3830 1345 3899 episcopi
1374 3844 1532 3900 supra
1577 3843 1842 3884 memora-

263 3931 345 3972 tas
372 3921 553 3973 literas
581 3920 883 3974 afferentes.

328 4012 630 4064 Secundum
653 4011 767 4066 lucc
788 4013 1121 4068 Innocentius
1139 4014 1277 4083 Papa
1295 4015 1501 4086 utrique
1523 4017 1653 4085 parti
1679 4015 1843 4087 (ραιι.

262 4100 467 4169 Dittlog.
497 4101 545 4167 ),
577 4099 766 4156 Joanni
795 4102 953 4157 simul
985 4114 1040 4157 ct
1082 4104 1378 4173 Theophilo
1398 4146 1413 4170 ,
1441 4105 1621 4158 literas
1674 4107 1841 4171 misit,

260 4196 538 4260 utriusque
561 4194 988 4250 communionem
1017 4210 1077 4249 se
1097 4195 1376 4249 admittere
1401 4196 1609 4266 quidem
1639 4197 1841 4259 dicens,

260 4298 329 4336 ne
358 4282 651 4337 I'Icclesiam
680 4283 967 4351 scinderet,
990 4286 1245 4355 judicium
1285 4296 1458 4339 tamen
1490 4304 1517 4339 a
1545 4285 1844 4357 Thenphilo

257 4377 424 4431 latum
481 4377 786 4446 improbans
808 4420 821 4443 ,
873 4378 1205 4448 addebatque
1230 4378 1389 4433 aliam
1416 4380 1533 4450 cogi
1570 4380 1841 4450 Synodum

257 4480 510 4539 oportere
538 4470 955 4525 Occidentalium
1004 4481 1057 4525 et
1080 4472 1452 4537 Orientalium,
1481 4473 1617 4541 inqui
1657 4488 1841 4525 aman-

257 4574 387 4627 tcnt,
418 4577 535 4630 qua:
559 4561 685 4616 nulli
708 4563 931 4631 partium
952 4563 1158 4617 addicta
1182 4573 1342 4618 esset.
1366 4563 1453 4617 llis
1473 4563 1651 4630 adjicit
1672 4562 1841 4615 Theo-

256 4653 461 4722 phanes
491 4650 851 4706 Innocentium
874 4663 925 4708 et
947 4653 1252 4709 Flavianum
1281 4653 1662 4709 Antiocltcnum
1688 4651 1841 4707 Clero

255 4744 851 4813 Constantiimpolitano
863 4747 1159 4816 scripsisse,
1180 4757 1234 4800 ut
1255 4748 1402 4801 illum
1416 4746 1835 4811 consolarentur,

253 4848 307 4891 ct
324 4835 741 4906 indignationem
755 4853 901 4891 suam
916 4837 1436 4908 exprimereiu,quod
1450 4846 1630 4890 contra
1646 4836 1841 4905 episco-

256 4944 378 4994 ;-um
408 4942 562 4980 suunt
587 4936 692 4981 tant
724 4929 935 4999 indigna
958 4938 1157 4999 patrata
1189 4936 1367 4981 essent
1390 4924 1623 4996 (Pallad.
1650 4926 1837 4996 Dial.).

256 5019 332 5072 lix
352 5019 626 5088 episcopis
652 5034 798 5084 vero,
821 5020 909 5088 qui
934 5019 1114 5075 literas
1136 5018 1354 5073 Joannis
1383 5018 1448 5072 ad
1475 5017 1839 5074 Innocentium

254 5110 578 5176 duinterunt,
589 5110 911 5165 Demetrium
924 5110 1222 5165 Pesinuntis
1234 5110 1503 5165 Orientem
1517 5111 1839 5181 percurrisse

255 5213 473 5255 Itztrrattt
491 5201 1228 5271 prmdicantemRomanorum
1252 5202 1585 5259 cumJoanne
1601 5218 1839 5258 commu-

257 5295 493 5359 nionem,
514 5294 603 5362 qui
628 5296 785 5349 etiam
821 5295 1000 5349 literas
1015 5296 1303 5351 Innocentii
1338 5296 1493 5368 Papa:
1515 5295 1833 5367 proferebat,

258 5400 459 5439 necnon
486 5386 855 5457 episcoporum
879 5386 1065 5453 Cat‘im,
1099 5390 1333 5460 quicum
1368 5390 1569 5446 Joanne
1599 5406 1837 5445 commn-

256 5476 523 5529 nimbum.

327 5567 516 5621 Paucis
548 5571 747 5624 exactis
772 5570 958 5627 diebus
1002 5585 1120 5641 post
1144 5575 1294 5629 datas
1335 5576 1401 5630 ab
1435 5576 1744 5636 Innocentio
1774 5578 1839 5631 li-

259 5665 419 5725 teras,
450 5658 673 5716 anam
698 5661 910 5718 advenit
934 5664 1118 5721 Petrus
1147 5668 1379 5737 quidam,
1407 5669 1685 5741 Theophili
1719 5686 1835 5741 prc-

262 5764 456 5835 shyter,
477 5767 537 5819 et
571 5755 880 5828 Martyrius,
913 5755 1530 5830 Constantinopolitauus
1554 5762 1826 5832 diaconus,

579 5871 843 5934 Parant.
897 5873 1015 5934 Cn.
1054 5874 1306 5940 XLVII.

1418 362 1603 437 sese
1643 354 1907 415 Panum
1945 356 2338 417 ADOIlNATA.

3440 350 3546 409 224

1962 469 2052 535 qui
2071 469 2250 523 literas
2263 467 2542 538 Theophili
2570 466 2874 521 Innocentio
2889 463 3183 519 attulertmt
3206 462 3375 533 (Pali.
3400 462 3538 516 Dial.

1956 560 2062 629 9.4)
2080 602 2096 627 ,
2128 570 2184 617 et
2211 562 2451 631 quaedam
2479 572 2598 616 acta
2622 559 2845 615 Concilii
2872 559 2940 614 ad
2968 558 3258 627 Quercutn.
3290 558 3347 613 in
3387 557 3542 628 queis

1958 651 2224 706 ferebatur
2247 651 2481 707 Joannes
2504 667 2536 706 a
2564 652 2777 722 triginta
2807 665 2904 706 sex
2928 648 3195 723 episcopis
3219 649 3501 703 damnatus
3526 688 3545 711 ,

1909 790 1917 797 .
1956 758 2181 813 quorum
2208 742 2563 815 undetriginta
2584 742 2820 814 Egyptii
2839 751 3009 809 erant,
3032 752 3235 813 septem
3263 754 3393 795 vero
3411 738 3544 823 alia-

1956 850 2072 895 rum
2104 836 2401 906 regionum.
2444 835 2650 903 Quibus
2693 836 2826 892 actis
2870 834 3115 904 perlectis
3161 832 3499 888 Innocentius
3528 870 3546 896 ,

1954 941 2074 980 cum
2102 927 2451 996 comperisset
2472 926 2645 982 nullas
2671 941 2862 996 graves
2881 939 3003 980 esse
3028 924 3415 988 accusationes,
3440 938 3540 977 ne-

1955 1031 2060 1085 que
2084 1015 2342 1073 Joannem
2368 1018 2603 1074 adfuisse
2624 1059 2640 1085 ,
2667 1018 2756 1088 qui
2779 1032 2993 1073 causam
3024 1031 3173 1071 suam
3202 1014 3537 1079 defenderet.

1955 1106 2234 1177 Theophili
2281 1108 2511 1165 furorem
2564 1109 2847 1165 exsibilarc
2892 1108 3141 1179 perstitit,
3189 1106 3330 1181 quod
3353 1103 3542 1163 contra

1953 1181 2227 1253 absentem
2252 1208 2355 1254 tam
2378 1200 2699 1268 prarcipitem
2716 1198 3030 1255 sententiam
3044 1195 3540 1254 emisissetJdteras

1954 1296 2128 1342 autem
2157 1286 2303 1341 dedit
2324 1287 2400 1342 illi
2421 1288 2485 1342 ad
2508 1287 2885 1358 Theophilum,
2910 1303 3089 1358 quem,
3114 1287 3351 1341 utetiam
3373 1284 3537 1341 Joan-

1956 1394 2075 1432 nem
2122 1379 2191 1433 ad
2232 1382 2660 1435 communionem
2691 1395 2751 1436 se
2793 1379 3075 1434 admittere
3117 1378 3538 1441 testificabatur,

1954 1484 2127 1539 neque
2154 1485 2213 1525 se
2237 1485 2265 1522 a
2296 1470 2517 1525 Joannis
2543 1471 2914 1526 communione
2935 1469 3249 1524 destiturum
3270 1483 3388 1524 esse
3414 1483 3539 1538 pro-

1955 1568 2074 1628 pter
2094 1574 2157 1615 ea
2181 1576 2300 1630 qua:
2321 1576 2416 1630 per
2437 1561 2718 1616 ludibrium
2741 1571 2890 1632 gesta
2931 1561 3159 1615 fuerant.
3183 1560 3542 1628 Hortaturquu

1956 1647 2104 1703 illum
2132 1659 2188 1704 ut
2212 1651 2277 1705 ad
2299 1649 2590 1712 Concilium
2613 1667 2735 1706 mox
2760 1652 3189 1723 eongregandum
3208 1661 3538 1723 compareat.

1956 1740 2134 1809 ibique
2158 1756 2224 1794 ex
2250 1742 2543 1795 canonibus
2567 1741 2796 1797 Nicaznis
2819 1784 2833 1807 ,
2862 1758 2969 1797 non
3009 1742 3128 1797 aliis
3160 1742 3387 1814 (notans
3416 1742 3541 1797 illos

1954 1831 2356 1901 Antiocheaos)
2381 1874 2395 1897 ,
2428 1834 2745 1889 sententiam
2774 1833 3049 1889 ferendam
3076 1848 3196 1889 esse
3220 1833 3370 1889 dicit.

2031 1918 2360 1975 Innocentius
2401 1920 2552 1992 Papa
2588 1932 2635 1977 et
2684 1921 2945 1978 Honorius
2990 1921 3131 1993 Imp.
3177 1923 3539 1978 mcumenicatn

1959 2012 2227 2084 Synodum
2252 2014 2363 2085 cogi
2387 2016 2558 2068 volant
2578 2015 2984 2070 .-—Concilium
3021 2025 3199 2069 autem
3221 2013 3350 2069 illud
3377 2013 3535 2084 quasi

1958 2119 2084 2159 mox
2130 2102 2365 2157 futurum
2398 2113 2660 2160 memorat
2685 2104 3054 2169 Innocentius,
3100 2103 3222 2173 quia
3253 2102 3540 2169 Honorius,

1954 2193 2258 2251 Occidentis
2288 2196 2580 2266 Imperator
2598 2197 2886 2267 Augustus,
2916 2196 3066 2251 fratri
3091 2210 3189 2251 suo
3212 2194 3440 2251 Arcadio
3468 2196 3542 2251 li-

1957 2294 2099 2340 teras
2127 2286 2385 2349 miserat,
2418 2286 2572 2356 queis
2619 2284 2932 2342 hortabatur
2975 2288 3119 2341 illum
3169 2296 3227 2341 ut
3268 2286 3543 2355 utriusque

1954 2394 2219 2434 consensu
2247 2420 2260 2443 ,
2310 2380 2661 2435 Orientalium
2688 2390 2740 2435 et
2778 2379 3201 2435 Occidentalium
3241 2377 3539 2434 Concilium

1956 2468 2353 2524 Thessalonica:
2383 2470 2763 2532 celebraretur,
2794 2485 2901 2541 quo
2930 2468 3135 2523 facilius
3163 2477 3387 2537 utraque
3418 2482 3540 2537 pars

1954 2570 2133 2630 posset
2157 2562 2440 2616 convenire
2463 2559 2696 2625 (Pallad.
2725 2560 2915 2629 Diali).
2935 2560 3125 2614 \‘erum
3153 2568 3271 2613 astu
3302 2557 3542 2612 inimico-

1954 2667 2068 2705 rum
2098 2651 2324 2711 Joannis
2348 2693 2361 2711 .
2392 2660 2444 2705 et
2473 2650 2789 2706 itacurante
2822 2650 3089 2715 Eudoxia,
3121 2665 3239 2720 qua:
3263 2648 3328 2703 ad
3355 2658 3541 2702 nutum

1951 2757 2103 2795 suum
2122 2741 2330 2795 Arcadii
2352 2740 2571 2795 consilia
2593 2740 2984 2805 moderabatur,
3012 2738 3204 2793 factum
3230 2732 3389 2792 estut
3404 2738 3547 2792 Con-

1950 2833 2128 2887 cilium
2157 2832 2460 2901 hujusmodi
2482 2874 2499 2899 ,
2548 2832 2615 2886 ab
2638 2832 2941 2887 Innocentio
2972 2832 3111 2901 Papa
3138 2840 3190 2885 et
3214 2830 3282 2884 ab
3306 2829 3542 2884 llonorio

1952 2918 2279 2991 Imperatore
2312 2931 2589 2991 tantopere
2618 2922 2907 2992 expetitum
2934 2963 2949 2988 ,
2979 2936 3082 2975 non
3107 2921 3489 2975 celebraretur.

2024 3013 2212 3069 Sicarii
2232 3012 2484 3067 Joannem
2512 3015 2793 3081 interﬁcere
2830 3024 3040 3069 tentant.
3070 3044 3143 3055 —
3171 3014 3374 3069 Interea
3412 3026 3541 3067 vero

1950 3102 2363 3174 Chrysostomus
2376 3104 2836 3173 Constantinopoli
2864 3104 3041 3159 adhuc
3068 3105 3120 3159 in
3150 3103 3540 3174 episcopalibus

1950 3194 2154 3249 aedibus
2173 3194 2420 3248 manebat
2440 3194 2612 3263 (Socr.
2643 3194 2681 3248 ι.
2705 3192 2759 3248 6.
2790 3209 2835 3246 c.
2866 3193 2952 3248 18.
2977 3193 3184 3249 Sozam.
3208 3191 3245 3245 ι.
3274 3193 3326 3248 8.
3352 3207 3397 3246 c.
3420 3191 3532 3266 2i),

1950 3299 2012 3340 ac
2032 3293 2152 3355 post
2170 3284 2371 3339 Pascha
2393 3284 2631 3339 bimestri
2654 3285 2828 3353 spatio
2849 3284 3041 3340 ibidem
3064 3284 3312 3353 perstitit.
3336 3282 3537 3337 Eodem

1953 3386 2193 3445 tempore
2220 3377 2299 3430 vir
2325 3375 2539 3445 quidam
2584 3375 2941 3431 diemoniacus
2966 3420 2980 3442 ,
3010 3386 3101 3431 aut
3123 3376 3213 3445 qui
3242 3391 3302 3430 se
3330 3375 3536 3431 damno-

1952 3467 2163 3522 niacum
2194 3467 2494 3533 simulabat,
2528 3466 2962 3536 deprehenditur,
2986 3469 3265 3537 pugionem
3301 3465 3525 3529 habens.

1956 3565 2222 3627 tamquam
2251 3557 2317 3612 ad
2338 3558 2597 3613 Joannem
2646 3559 2993 3613 occidendum
3034 3568 3263 3628 paratus,
3298 3558 3534 3613 nondum

1951 3659 2128 3702 tamen
2156 3647 2208 3702 id
2230 3648 2431 3702 facinus
2458 3662 2755 3717 aggressus.
2784 3650 2885 3715 Qui
2912 3649 3329 3718 comprehensus
3348 3664 3377 3700 a
3399 3648 3534 3703 mul-

1951 3739 2191 3804 titudine,
2210 3739 2429 3809 perinde
2439 3748 2597 3809 atque
2610 3740 2653 3792 si
2673 3740 2841 3808 pretio
2854 3740 3147 3795 conductus
3160 3740 3343 3795 fuisset
3358 3740 3425 3795 ad
3437 3755 3536 3797 ca)-

1950 3830 2071 3885 detn
2096 3831 2429 3900 patrandam,
2452 3830 2519 3885 ad
2548 3830 2857 3885 Prmfcctum
2904 3831 3049 3886 urbis
3077 3832 3268 3886 ductus
3294 3840 3395 3887 est.
3427 3832 3533 3888 Sed

1947 3921 2198 3989 Joannes,
2219 3922 2395 3975 missis
2411 3921 2722 3991 quibusdam
2736 3922 2998 3992 episcopis
3013 3939 3075 3977 ex
3093 3938 3312 3978 numero
3323 3938 3530 3986 eorum,

1948 4029 2083 4085 quos
2110 4030 2290 4070 secum
2338 4014 2602 4078 habebat,
2636 4013 2905 4068 Immineat
2936 4015 3181 4070 liberavit
3226 4018 3531 4087 priusquam

1951 4108 2228 4161 tormentis
2271 4107 2637 4178 subjicerctur.
2667 4107 2912 4161 l'ostlunc
2958 4122 3143 4161 servus
3185 4107 3375 4177 Elpidii
3408 4122 3531 4177 pre-

1949 4198 2145 4269 sbyteri
2177 4198 2345 4252 effuso
2366 4213 2524 4253 cursu
2551 4199 2601 4251 iit
2634 4198 2775 4253 aedes
2802 4199 3130 4268 episcopales
3161 4198 3367 4268 irrupit.
3389 4197 3531 4266 Quo-

1947 4290 2068 4345 dam
2108 4300 2282 4345 autem
2312 4306 2418 4360 quo
2444 4306 2666 4345 currens
2692 4291 3315 4360 pergeretinterrogante
3338 4332 3352 4357 ,
3384 4290 3529 4346 illuni
3592 4366 3597 4367 γ

1951 4397 2141 4436 servus
2173 4383 2320 4437 nullo
2349 4382 2473 4437 dato
2500 4397 2790 4452 responso,
2822 4383 2930 4437 sica
2962 4374 3253 4452 percussit:
3280 4382 3527 4446 alterum,

1947 4473 2033 4542 qui
2059 4473 2233 4542 priore
2250 4487 2503 4543 percusso
2528 4474 2924 4541 inclamavcrat,
2947 4472 3187 4526 similiter
3214 4470 3527 4532 vulneravit;

1948 4568 2161 4620 tertium
2187 4580 2393 4636 quoque
2416 4564 2699 4620 transfixit.
2728 4564 2859 4619 Cum
2889 4578 3075 4618 omnes
3100 4564 3186 4633 qui
3213 4562 3430 4617 aderant
3450 4562 3529 4615 in~

1949 4669 2160 4729 gentem
2191 4659 2479 4713 clamorem
2502 4657 2861 4722 sustulissent,
2892 4657 2982 4711 ille
3009 4656 3190 4725 fugere
3214 4653 3397 4724 cmpit.
3427 4654 3527 4723 Qui

1953 4763 2082 4802 vero
2127 4748 2275 4802 illum
2308 4748 2741 4817 insequebantur,
2788 4746 2971 4815 procul
3000 4745 3186 4815 positis
3230 4744 3531 4799 clamabant

1948 4852 2002 4895 ut
2025 4840 2309 4910 fugientem
2333 4840 2865 4909 comprehenderent.
2892 4839 3114 4905 Quidam
3142 4855 3205 4893 ex
3233 4839 3422 4893 balneo
3446 4853 3528 4895 re-

1945 4933 2095 4988 diens
2118 4933 2386 4987 hominem
2408 4932 2762 5002 apprehendit
2781 4975 2794 4997 ,
2818 4931 3104 5003 lethalique
3124 4933 3191 4988 ab
3218 4947 3282 4987 eo
3306 4933 3525 4988 vulnere

1945 5026 2242 5091 confossus,
2269 5035 2507 5079 mortuus
2527 5025 2736 5081 cecidit.
2758 5027 2799 5079 A
2823 5026 3019 5095 populo
3043 5026 3256 5083 demum
3279 5041 3418 5093 aegre
3438 5040 3525 5079 ca-

1945 5125 2084 5187 ptus,
2100 5116 2289 5171 ductus
2309 5127 2389 5170 cst
2410 5117 2461 5171 in
2482 5115 3116 5171 Palatium.'f‘estabantur
3130 5116 3272 5171 cives
3294 5116 3387 5169 has
3408 5130 3526 5170 esse

1946 5210 2164 5264 insidias
2194 5210 2528 5264 inimicorum
2554 5208 2771 5265 Joannis
2789 5250 2803 5275 ,
2834 5208 3241 5277 clamabantque
3266 5207 3523 5269 dicentes,

1944 5309 1997 5353 et
2026 5299 2271 5353 sicarium
2297 5307 2352 5353 et
2374 5312 2468 5354 eos
2492 5299 2581 5369 qui
2606 5299 2875 5353 misissent
2900 5312 3085 5367 pcnnas
3108 5296 3236 5351 dare
3256 5304 3521 5365 Oportere.

1943 5387 2232 5444 Praefectus
2258 5398 2431 5443 autem
2465 5388 2641 5454 urbis,
2674 5404 2794 5442 cum
2820 5403 2942 5443 eum
2971 5399 3236 5457 tamquam
3268 5385 3523 5457 judicium

1946 5481 2249 5550 prolaturus
2290 5489 2434 5535 esset
2457 5480 2749 5549 accepisset
2773 5521 2789 5545 ,
2820 5480 3001 5549 populi
3047 5477 3280 5533 furorem
3301 5489 3519 5545 compe-

1943 5571 2080 5627 scuit
2105 5588 2119 5637 ;
2152 5571 2245 5625 sed
2276 5580 2463 5641 postea
2485 5571 2633 5625 illum
2656 5569 2877 5624 dimisit.
2906 5567 3039 5625 Rem
3066 5567 3223 5638 paulo
3252 5580 3407 5622 secus
3433 5579 3521 5619 re-

1946 5667 2050 5723 fert
2091 5664 2377 5722 Palladius.
2419 5662 2612 5736 Elpidii
2637 5704 2651 5727 ,
2694 5663 2905 5733 inquit,
2952 5660 3249 5733 presbyteri
3293 5658 3523 5713 famulus

1946 5761 2323 5834 quinquaginta
2374 5768 2429 5814 ut
2454 5758 2619 5826 aiunt,
2647 5757 2823 5812 aureis
2847 5754 3161 5819 conductus,
3194 5753 3329 5815 ntS.
3361 5751 3524 5811 Joan-

3122 5868 3195 5931 13
