4276 6316
753 325 853 378 215
1841 321 1896 376 S.
1939 319 2218 376 Jtl.\\.\ilS
2255 320 2362 371 i'llll

2434 319 2734 374 ’30310111
2787 325 2962 382 VH},
3945 327 4054 384 956

757 452 875 486 nom
907 433 1029 486 .lulu
1077 433 1396 486 inter-liceret
1420 475 1434 499 ,
1467 446 1585 486 eum
1633 433 1996 502 deprehensus
2038 445 2176 487 esset
2228 445 2334 486 tres
2455 443 2638 500 negata
2661 435 2760 486 sibi
2783 437 3024 488 lacultati-
3052 451 3264 487 «au-am
3287 437 3494 490 ditcudi
3519 448 3638 492 ante
3667 440 3930 508 legitittttts
3957 443 4048 510 ju-

751 523 960 586 gladios
991 521 1206 582 habere,
1233 533 1435 591 septem
1465 537 1529 575 ex
1565 523 1623 576 iis
1655 523 1741 592 qui
1768 523 1935 593 ipsum
1965 523 2334 592 apprehende—

753 622 890 676 raut,
916 613 1193 681 percussit,
1219 630 1440 683 quorum
1456 625 1682 682 quatuor
1703 617 1954 669 continuo
1977 616 2166 686 sepulti
2191 625 2337 682 Sunt,

755 714 860 756 tres
889 718 1016 757 vero
1037 705 1124 757 alii
1152 716 1262 773 post
1290 704 1592 758 diuturnam
1616 706 1942 760 curationem
1972 707 2100 760 salvi
2123 721 2340 760 evasere

755 797 772 862 (
801 795 1004 848 Pallad.
1031 795 1216 866 ΗΜΛ).

829 883 978 938 Plebs
1005 885 1194 938 Joanni
1223 886 1424 938 addicta
1453 887 1613 956 ipsum
1646 889 1880 941 custodit.
1901 918 1968 928 —
1995 888 2087 942 llis
2114 903 2340 958 conspe-

752 975 868 1036 ctis,
907 977 992 1042 qui
1023 977 1371 1030 ferventior-es
1401 985 1554 1030 erant
1580 992 1643 1032 ex
1669 979 1843 1048 plebe,
1871 977 2128 1032 Joannem
2152 991 2336 1034 cuSto-

752 1065 866 1121 dire
898 1076 1195 1136 cmperunt,
1229 1077 1384 1121 noctu
1408 1077 1460 1122 et
1493 1071 1719 1124 interdiu
1750 1070 1968 1124 alternis
1997 1071 2197 1125 vicibus
2219 1071 2334 1140 cpi-

751 1161 992 1230 scopalcs
1013 1163 1155 1215 :‘cdcs
1181 1161 1620 1216 circumsidentes
1647 1162 1790 1234 (Soz.
1823 1162 1855 1214 ι.
1885 1162 1936 1216 8.
1975 1179 2022 1216 c.
2069 1161 2186 1230 9.2).
2217 1162 2338 1216 lla‘c

753 1267 856 1304 non
882 1268 1035 1321 atquo
1064 1253 1242 1306 animo
1275 1252 1511 1308 ferentes
1540 1255 1794 1322 episcopi,
1825 1257 1912 1322 qui
1958 1263 2142 1307 contra
2169 1253 2334 1307 Joan—

751 1359 873 1397 nem
914 1355 1295 1407 comeneraut,
1341 1345 1728 1398 ecclesiasticas
1783 1345 1926 1414 luges
1971 1345 2162 1400 calcari
2205 1362 2335 1396 rou-

753 1445 1068 1502 qucrcntes,
1107 1429 1190 1488 de
1249 1437 1340 1488 illo
1393 1451 1612 1504 prorsus
1659 1436 1921 1504 ejiciendo
1970 1437 2338 1492 deliberabant

751 1525 1032 1596 (Clirysost.
1069 1525 1235 1594 Epist.
1269 1525 1414 1592 1‘25).
1462 1525 1658 1592 Quinto
1687 1535 1862 1580 autem
1915 1537 2031 1596 post
2077 1527 2336 1582 Penteco-

747 1624 864 1668 stcn
897 1614 1003 1676 die,
1041 1615 1282 1679 Aeacius,
1309 1615 1651 1680 Severianus,
1682 1617 1973 1672 Antiochus
1996 1628 2152 1689 atque
2181 1617 2338 1691 Cyri-

747 1719 850 1759 nus
880 1703 1260 1773 Imperatorcm
1308 1705 1524 1770 adeunt,
1571 1705 1990 1778 adulatoriisque
2037 1725 2098 1764 ac
2147 1709 2337 1765 fucatis

749 1799 1038 1861 prmmissis
1071 1799 1265 1862 verbis,
1301 1809 1508 1868 rogant,
1541 1800 1798 1855 Joannem
1830 1803 2094 1871 episcopis
2117 1803 2336 1874 presby-

749 1889 979 1958 terisque
1015 1905 1262 1960 perosum
1289 1892 1409 1960 cjici
1437 1892 1644 1961 juhcat,
1679 1892 1815 1962 quod
1841 1893 1950 1962 jam
1981 1895 2228 1948 dixerant
2252 1894 2333 1949 cl-

747 1979 998 2048 l'crentes,
1034 1998 1242 2051 nempe,
1277 1983 1328 2038 in
1362 1995 1520 2052 caput
1542 2001 1696 2038 suum
1729 1984 1842 2038 fore
1863 1985 2086 2040 Joannis
2113 1987 2331 2055 deposi-

745 2072 965 2137 tioncm,
997 2075 1042 2128 si
1074 2090 1265 2144 nempe
1315 2076 1508 2144 injusta
1553 2085 1713 2131 esset.
1745 2077 1839 2130 llis
1865 2094 1928 2130 ex
1962 2077 2208 2132 facilitate
2255 2079 2335 2131 ni-
2363 2095 2368 2098 ·

747 2163 849 2214 mia
875 2161 1032 2217 ﬁdem
1057 2163 1258 2218 habens
1275 2165 1587 2234 Imperator,
1612 2167 1842 2220 instante
1863 2182 2074 2236 quoque
2092 2167 2332 2222 Eudoxia

747 2253 999 2321 Augusta,
1047 2253 1327 2308 Patricium
1366 2255 1640 2309 Notarium
1684 2257 1846 2322 misit,
1880 2257 1968 2325 qui
1998 2255 2111 2312 haec
2138 2257 2330 2312 Joanni

746 2341 1031 2408 nuntiaret,
1063 2360 1253 2413 nempe
1301 2346 1574 2410 Acacium,
1619 2347 1959 2410 Antiochum,
1983 2348 2329 2404 Severianum

743 2445 792 2484 et
825 2432 896 2502 Cy
907 2433 1076 2486 riuum
1101 2435 1484 2503 depositioncm
1511 2437 1674 2506 ipsius
1691 2437 1908 2491 Joannis
1929 2440 1978 2490 in
1997 2449 2153 2508 caput
2174 2455 2328 2494 suum

744 2525 1035 2592 ronjccissc
1062 2545 1072 2579 :
1106 2541 1430 2598 quapropter
1460 2548 1516 2584 se
1549 2533 1658 2584 Deo
1699 2533 2100 2600 commendans,
2143 2532 2330 2586 Eccle-

741 2617 818 2667 sia
853 2617 1153 2672 i-xrmlerct.
1199 2621 1331 2673 Tum
1377 2621 1610 2676 Joannes
1657 2623 1922 2692 episcopis
1971 2625 2060 2692 qui
2107 2625 2330 2678 aderant

742 2706 868 2758 dixit
895 2725 905 2758 :
937 2707 1110 2761 l'enilc
1130 2727 1408 2778 precemur,
1437 2723 1481 2766 et
1503 2715 1680 2783 angelo
1702 2713 1944 2768 Ecclesia:
1965 2715 2327 2781 valedicatnns;

745 2797 888 2848 ltetus
908 2798 1104 2864 quidem
1135 2799 1194 2853 ob
1213 2817 1487 2866 (erumnas,
1513 2803 1602 2854 sed
1621 2803 1797 2858 dolens
1819 2804 1882 2858 de
1901 2805 2075 2874 populi
2097 2822 2324 2860 narrare.

743 2883 893 2938 Tunc
923 2901 1047 2940 vero
1074 2889 1284 2958 quidam
1315 2905 1380 2944 cx
1411 2895 1740 2960 proceribus,
1773 2895 1855 2947 vir
1899 2897 2120 2964 probus,
2167 2897 2328 2951 Joan-

745 2991 866 3030 nem
912 2981 1148 3033 monuit:
1181 2981 1422 3048 Lucium,
1466 2983 1722 3037 audacem
1761 2986 1953 3052 virum,
1996 3003 2114 3042 cum
2149 2989 2328 3044 militi-

743 3069 840 3122 hns
869 3071 918 3122 in
950 3079 1195 3139 promptu
1229 3087 1368 3138 esse,
1399 3083 1456 3127 ut
1476 3074 1519 3127 si
1546 3075 1932 3130 contradiccrct
1959 3078 2042 3131 vel
2065 3078 2322 3144 diﬂ‘crrct,

742 3159 1010 3228 illeipsum
1029 3162 1260 3217 traheret
1280 3172 1436 3233 atque
1455 3166 1773 3233 expelleret;
1796 3182 1856 3220 ac
1873 3169 2164 3236 periculum
2185 3187 2320 3234 esse,

743 3266 808 3304 ne
823 3261 1085 3305 commota
1107 3253 1254 3322 plebs
1272 3269 1390 3308 cum
1414 3256 1669 3311 militibus
1693 3274 1918 3327 pugnam
1941 3263 2320 3317 committeret.

741 3341 888 3396 Tunc
908 3341 1138 3398 Joannes
1159 3362 1275 3400 cum
1305 3347 1555 3418 lacrymis
1582 3351 1784 3419 aliquot
1801 3367 1864 3405 ex
1887 3354 2152 3424 episc0pis
2173 3371 2328 3411 oscu-

741 3431 897 3497 latus,
932 3435 1166 3504 reliquos
1204 3438 1343 3490 enim
1371 3441 1601 3493 osculari
1632 3457 1735 3494 non
1768 3433 2112 3512 permittebat
2149 3447 2324 3514 dolor,

739 3524 948 3576 ueteris
979 3525 1116 3584 intus
1147 3527 1198 3579 in
1229 3527 1462 3581 sacrario
1487 3528 1777 3584 valedixit:
1815 3531 2034 3600 Manete,
2055 3535 2320 3605 inquiens,

742 3614 820 3665 ln'c
851 3614 1066 3679 interim,
1092 3627 1146 3668 ut
1179 3617 1431 3670 modicum
1461 3623 1730 3688 quiescam.
1762 3621 2033 3693 lngrchus
2064 3639 2241 3682 autem
2271 3630 2321 3683 in

742 3705 1126 3773 baptisterium,
1159 3707 1528 3778 Olympiadem
1573 3722 1748 3780 vocat,
1797 3731 1915 3784 qua:
1965 3717 2030 3771 ab
2083 3718 2322 3774 Ecclesia

739 3811 842 3850 non
872 3797 1197 3863 discedebat,
1230 3803 1500 3870 etiamque
1533 3804 1839 3869 Pentadiam
1863 3817 1916 3862 ct
1941 3807 2186 3863 Proclam
2209 3813 2321 3864 dia-

742 3885 980 3938 conissas
1005 3927 1020 3949 ,
1070 3887 1325 3944 Silvinam
1372 3892 1533 3945 etiam
1567 3893 1623 3946 Β.
1657 3894 1889 3950 Nebridii
1925 3915 2169 3964 uxorem,
2205 3917 2322 3970 quae

738 3973 1046 4028 viduitatem
1093 3992 1240 4030 suam
1277 3979 1557 4035 honestate
1598 3997 1659 4036 ac
1704 3986 1958 4039 modestia
2004 3987 2322 4057 decorabat;

741 4067 986 4136 ipsasque
1013 4068 1088 4122 sic
1115 4070 1420 4137 alloquutus
1445 4082 1562 4126 est:
1603 4073 1793 4137 Venite,
1818 4095 1847 4129 ο
1868 4079 2008 4146 ﬁliai,
2033 4081 2204 4135 audite
2224 4099 2320 4136 me.

742 4157 871 4220 Quae
898 4157 963 4210 ad
996 4176 1072 4212 me
1117 4161 1348 4227 attinent,
1397 4161 1548 4229 linem
1594 4175 1646 4216 ut
1697 4167 1835 4219 rideo
1877 4168 2092 4235 habent;
2121 4188 2322 4226 cursum

737 4265 898 4302 meum
927 4253 1284 4314 consnnunari,
1321 4263 1364 4304 et
1393 4253 1521 4320 forte
1548 4255 1734 4309 vultum
1775 4275 1937 4312 meum
1977 4277 2076 4315 non
2104 4266 2322 4334 amplius

737 4341 978 4394 videbitis.
1016 4341 1129 4394 Hoc
1159 4359 1312 4396 unum
1339 4355 1408 4398 est
1433 4355 1564 4412 quod
1592 4363 1732 4418 rogo,
1767 4365 1825 4402 nc
1852 4365 1882 4402 a
1909 4354 2058 4406 solita
2081 4371 2198 4426 erga
2222 4357 2323 4410 Ec-

737 4433 935 4483 rlesiam
960 4432 1293 4486 benevolentia
1325 4451 1408 4488 vos
1437 4437 1684 4504 arellatis,
1734 4449 1780 4493 et
1820 4451 1872 4492 ut
1899 4443 1964 4504 ei,
2003 4447 2090 4514 qui
2115 4449 2318 4510 invitus,

736 4537 822 4573 nec
851 4523 1093 4589 ambiens,
1128 4541 1189 4579 ex
1215 4542 1456 4581 consensu
1485 4531 1732 4598 omnium,
1763 4534 1814 4585 in
1841 4535 1970 4588 lianc
1999 4539 2164 4592 sedem
2185 4542 2324 4595 ordi-

734 4622 879 4666 natus
908 4621 952 4666 et
995 4614 1224 4668 inductus
1273 4617 1441 4684 fuerit,
1493 4629 1746 4690 tamquam
1796 4625 1918 4677 milii
1949 4626 2144 4683 Joanni
2173 4641 2323 4702 caput

733 4713 947 4754 vestrum
976 4705 1296 4760 submittatis.
1331 4707 1450 4762 Non
1477 4721 1634 4778 potest
1663 4715 1796 4767 enim
1823 4715 2055 4774 Ecclesia
2083 4738 2188 4775 esse
2215 4725 2323 4778 sine

733 4794 984 4864 episeopo.
1019 4794 1100 4848 lla
1129 4799 1521 4855 misericordiam
1551 4809 1917 4874 consequemini
1949 4828 1965 4862 .·
1996 4821 2042 4865 et
2079 4831 2320 4872 memores

731 4895 882 4937 estote
900 4887 996 4938 nari
1020 4888 1072 4938 in
1096 4891 1404 4946 orationibus
1422 4895 1609 4949 vestris.
1643 4897 1744 4951 Illa:
1771 4915 1901 4954 vero
1933 4902 2180 4974 lacrymis
2203 4923 2320 4975 per-

733 4974 882 5040 fusae,
915 4976 982 5029 ad
1005 4977 1120 5052 ejus
1151 4979 1314 5048 pedes
1344 4984 1954 5045 advolvebantur.Tunc
1984 4974 2218 5051 Joannes
2243 5003 2318 5052 in-

735 5081 920 5126 uuens,
949 5049 1156 5124 cuida‘m
1199 5086 1230 5125 e
1273 5076 1593 5131 venerandis
1639 5081 1964 5151 presbyteris
2004 5086 2074 5138 ait
2099 5105 2108 5138 :
2136 5087 2320 5141 Antor»

731 5173 812 5206 eas
841 5157 977 5222 hinc,
1003 5175 1064 5213 ne
1087 5163 1326 5230 papulum
1355 5167 1660 5232 perturbent.

797 5246 1021 5302 Joannes
1063 5253 1300 5309 militibus
1326 5273 1378 5310 se
1405 5261 1558 5311 tradit
1583 5261 1632 5312 in
1661 5263 1890 5315 exsilium
1923 5265 2227 5322 ducendum.
2249 5301 2316 5309 —-

729 5334 818 5388 llic
861 5353 984 5391 vero
1015 5355 1108 5408 per
1145 5354 1348 5412 partem
1381 5347 1703 5404 Orientalem
1745 5369 1987 5422 egressus
2025 5369 2134 5421 cst;
2167 5365 2313 5428 post-

727 5442 881 5495 quam
909 5429 1136 5498 jnsserat
1159 5449 1352 5506 equum
1383 5453 1535 5494 suum
1564 5443 1628 5494 ad
1670 5453 1872 5512 partem
1919 5447 2312 5506 Occidentalem

725 5523 933 5588 adduci,
959 5535 1013 5579 ut
1040 5529 1262 5598 populus
1290 5547 1354 5586 co
1381 5547 1440 5588 se
1469 5534 1766 5589 conferret:
1801 5540 1980 5608 sicque
2007 5541 2096 5595 illo
2119 5544 2203 5611 pie
2223 5541 2316 5597 de-

726 5612 861 5679 luso,
897 5616 1166 5684 proiectus
1207 5631 1310 5686 ρει,
1361 5633 1413 5675 nl.
1455 5639 1512 5678 se
1559 5626 1816 5682 militibus
1847 5631 2076 5690 tradidit.
2113 5633 2160 5685 id
2193 5644 2310 5687 tau-

728 5709 1001 5760 tummodo
1029 5722 1268 5780 questus,
1299 5717 1440 5786 quod
1482 5727 1666 5772 contra
1711 5720 1852 5793 leges
1881 5725 2185 5792 ejircrctur,
2214 5729 2309 5785 de—

2451 521 2618 584 diecs,
2652 523 2793 592 quod
2825 534 3000 578 t:unen
3029 525 3310 580 homicidis
3335 539 3388 582 et
3417 529 3672 584 adulteris
3707 530 4050 586 concedeba-

2451 622 2568 667 tur:
2594 629 2863 686 parvoque
2890 617 3168 686 impositus
3195 620 3422 690 navigio,
3464 623 3640 676 statim
3667 625 3717 676 in
3745 623 4050 692 Bithyniam

2451 713 2846 776 transportatur
2872 707 3100 768 (Sozam.
3125 709 3161 762 ι.
3194 711 3246 766 8.
3277 729 3322 765 e.
3353 711 3468 782 2-2).
3489 714 4051 770 Testilicaturilleeos

2440 799 2565 870 (Ep.
2589 801 3020 873 10.1.5.0-008),
3046 803 3132 869 qui
3171 817 3228 856 se
3253 805 3306 856 in
3343 804 3584 858 exsilium
3611 806 3874 860 ducebant
3902 849 3916 872 ,
3949 824 4050 859 cu-

2447 905 2562 942 ram
2587 905 2798 943 omnem
2839 899 2890 944 et
2917 893 3148 946 studiqu
3181 894 3504 956 adhibuisse,
3538 896 3696 950 etiam
3737 899 3852 965 plus
3881 913 4044 966 quam

2447 978 2562 1048 ipse
2616 980 2870 1046 volebat,
2933 990 2991 1034 ut
3047 984 3216 1052 ipsum
3273 997 3580 1040 recrearcnt
3639 1001 3700 1040 ac
3759 989 4050 1042 reficerent

2446 1069 2636 1138 (Epist.
2671 1071 2818 1140 ρξι).
2857 1071 3132 1128 Profectus
3160 1085 3238 1128 est
3266 1086 3442 1130 autem
3473 1077 3544 1131 20
3567 1075 3709 1132 Junii
3743 1081 3866 1130 anui
3895 1080 4043 1133 illi:

2443 1169 2498 1212 et
2526 1159 2755 1214 Nicmam
2791 1162 2838 1213 in
2885 1162 3130 1233 Bithynia
3171 1165 3429 1220 adductus
3477 1175 3578 1230 est,
3625 1167 3710 1220 ubi
3761 1183 3925 1237 usque
3975 1167 4048 1222 ad

2443 1261 2687 1316 quartam
2713 1249 2835 1305 Julii
2865 1255 3076 1308 mansit.
3112 1255 3243 1308 Cum
3275 1256 3363 1308 illo
3393 1266 3546 1310 erant
3570 1256 3760 1310 Nieane
3788 1257 4048 1327 (Syriacus

2441 1341 2690 1398 Sinnadaa
2717 1344 2766 1396 in
2797 1344 3044 1416 Phrygia,
3076 1355 3128 1400 et
3161 1347 3405 1416 Eulysius
3432 1349 3683 1417 Apameae
3715 1350 3764 1402 in
3797 1350 4046 1421 Bithynia

2443 1434 2702 1506 episcopi,
2733 1439 2818 1506 qui
2850 1454 2914 1492 co
2947 1440 3104 1492 \‘im'li
3151 1439 3364 1494 adtacti
3395 1455 3577 1504 erant;
3627 1443 3721 1497 SPtl
3769 1456 3948 1511 postea
3987 1455 4046 1496 ut

2443 1527 2692 1598 inculpati
2721 1530 2924 1584 dimissi
2950 1533 3093 1585 luere
3116 1531 3351 1602 (Pallad.
3385 1534 3436 1586 in
3465 1533 3650 1596 Dial).

2513 1618 2736 1685 Quidam
2765 1629 2942 1673 autetn
2975 1637 3038 1676 ex
3071 1623 3290 1677 Jraunis
3317 1625 3565 1689 inimicis,
3597 1625 3844 1678 timentes
3871 1639 3958 1686 ne,
3993 1641 4044 1679 St

2441 1712 2676 1781 populus.
2696 1713 2785 1781 qui
2831 1712 2882 1767 in
2911 1715 3136 1768 ecclesia
3169 1725 3282 1768 erat
3311 1715 3606 1770 discessum
3637 1717 3750 1784 eius
3780 1731 4042 1786 agnosce-

2440 1813 2541 1866 ret,
2573 1803 2715 1855 illum
2747 1805 3116 1874 insequeretur
3141 1821 3202 1858 ac
3227 1806 3398 1860 redire
3423 1817 3660 1877 Cogeret,
3691 1807 3829 1862 fores
3855 1809 4042 1864 eccle-

2439 1893 2530 1945 sim
2552 1893 2894 1948 occluserunt
2922 1893 3152 1966 (Sozam.
3203 1897 3240 1949 ι.
3277 1897 3329 1951 8.
3363 1915 3408 1949 e.
3459 1897 3573 1968 2:2).
3601 1897 3674 1952 Ex
3705 1899 3768 1954 iis
3795 1913 3918 1953 vero
3945 1901 4046 1969 qui

2439 1984 2488 2034 in
2515 1983 2700 2050 plateis
2723 1992 2898 2050 erant,
2922 1987 3008 2038 alii
3031 1986 3094 2038 ad
3127 2001 3271 2040 mare
3293 1998 3642 2042 occurrerunt
3664 2001 3714 2042 ut
3735 2005 3852 2043 eum
3881 2005 4042 2044 asse»

2436 2083 2746 2141 querentur,
2779 2075 2865 2128 alii
2896 2085 3036 2129 metu
3061 2077 3332 2130 conterriti
3379 2077 3554 2148 fugam
3601 2081 3891 2150 arripuere,
3927 2081 4042 2134 Ιιιιο

2439 2165 2702 2232 peratoris
2734 2168 2862 2220 iram
2893 2170 3044 2221 veriti
3069 2185 3080 2222 :
3106 2169 3136 2221 ii
3165 2185 3291 2224 vero
3309 2172 3396 2240 qui
3441 2173 3491 2225 in
3529 2174 3754 2227 ecclesia
3783 2185 3956 2238 enmt,
3989 2180 4042 2230 vi

2437 2271 2622 2320 magna
2657 2266 2838 2324 portas
2861 2258 3204 2326 elTrogi-ruut.
3537 2311 3562 2338 κ

2509 2343 2752 2398 lz'rclesirv
2779 2348 3083 2400 incendium.
3104 2381 3174 2388 —
3204 2351 3344 2404 Inter
3372 2352 3484 2406 lucc
3513 2352 3723 2408 [intuma
3755 2355 3804 2409 in
3823 2357 3912 2410 illa
3939 2373 4038 2413 se-

2433 2435 2522 2500 de,
2549 2437 2598 2488 in
2631 2454 2732 2505 qua
2772 2439 2978 2492 solebat
3005 2439 3237 2495 Joannes
3267 2445 3594 2510 concionari,
3628 2448 3819 2502 entissa
3851 2461 3952 2515 est,
3979 2461 4042 2506 et

2433 2540 2712 2594 progressa
2733 2527 2797 2580 ad
2824 2537 3016 2582 tectum
3043 2547 3207 2598 usque
3229 2536 3470 2600 pervenit
3492 2545 3759 2606 totamque
3781 2541 4042 2594 combus-

2434 2615 2502 2666 sit
2529 2615 2809 2680 ecclesiam
2836 2618 3068 2688 (Pallad.
3086 2638 3140 2688 p.
3171 2621 3257 2674 9|.
3285 2622 3374 2693 9:2)
3401 2643 3412 2676 :
3440 2627 3560 2681 inde
3579 2643 3703 2680 ιρι-ι)
3725 2629 4038 2686 transiliens

2435 2704 2644 2759 ﬂamma
2690 2707 2818 2760 nihil
2849 2709 2971 2762 mali
3004 2712 3328 2782 interposin
3361 2716 3538 2786 populi
3581 2718 3916 2774 tnulti'udinc
3947 2723 4040 2774 in-

2431 2794 2629 2862 ferens,
2675 2797 2740 2852 ad
2769 2799 2913 2854 sedes
2938 2813 3153 2856 senatus
3183 2807 3430 2861 transiliit
3461 2809 3639 2863 multis
3671 2813 3914 2877 passibus
3940 2813 4036 2866 d3—

2434 2899 2662 2952 stantes;
2687 2891 2934 2962 quodque
2957 2895 3147 2948 mirum
3181 2897 3444 2964 videatur,
3467 2901 3661 2953 :edium
3687 2903 3893 2955 illarum
3919 2922 4034 2958 nun

2432 2994 2547 3034 eam
2579 2990 2778 3050 partem
2807 2999 2924 3053 qum
2945 2987 3224 3040 ecclesiam
3261 2981 3597 3057 respiciebat,
3630 2992 3720 3044 sed
3745 2993 4035 3048 adversam

2433 3081 2660 3138 partem,
2691 3088 2810 3142 qua:
2841 3074 3040 3127 l’ttlatio
3069 3075 3334 3144 imperiali
3365 3081 3606 3148 proxima
3637 3093 3771 3146 crat,
3813 3083 4034 3149 invasit,

2429 3171 2586 3230 atque
2613 3163 2690 3216 sic
2717 3163 2860 3217 ardes
2891 3165 3006 3218 illas
3035 3166 3086 3220 in
3113 3167 3346 3222 cinerem
3375 3169 3598 3239 redegit,
3623 3187 3828 3226 net-non
3857 3175 4036 3226 θροις--

2430 3253 2562 3306 siam
2594 3265 2648 3308 et
2677 3253 2865 3309 domos
2887 3257 3300 3328 circumquath-
3333 3261 3551 3328 positas,
3585 3271 3637 3315 et
3665 3265 3762 3316 soli
3787 3264 4034 3318 tl‘tlit‘ltlar

2431 3345 2685 3412 pepercit,
2717 3345 2768 3399 in
2793 3362 2896 3416 qua
2927 3363 3076 3403 sacra
3106 3367 3225 3404 vasa
3255 3354 3482 3420 reposita
3511 3365 3682 3408 crant.
3704 3355 3818 3409 Non
3836 3375 4031 3412 aurum

2433 3436 2692 3490 reveritus
2737 3447 2818 3490 est
2848 3438 3003 3508 ignis,
3051 3455 3148 3494 nec
3175 3455 3471 3510 argentum,
3503 3445 3674 3514 inquit
3715 3448 3986 3502 Palladius
4013 3469 4030 3513 ;

2428 3526 2520 3578 sed
2572 3537 2627 3579 ut
2675 3543 2742 3581 ne
2789 3529 2938 3583 locus
2985 3531 3206 3585 daretur
3263 3535 3733 3591 calumniatoribus
3783 3539 4028 3596 Joannis.

2429 3615 2760 3687 Theophilus
2779 3623 2920 3676 enim
2951 3623 3160 3678 dit-ebat
3183 3627 3353 3694 ipsum
3379 3631 3620 3685 ecclesia:
3649 3633 3862 3687 Illnbllla
3893 3652 4032 3687 ven-

2429 3708 2650 3765 didissc.
2685 3709 2879 3766 Verum
2921 3730 3036 3768 rem
3083 3715 3270 3770 falsam
3319 3733 3438 3773 esse
3485 3721 3678 3775 clarius
3721 3725 3911 3778 enituit.
3959 3742 4031 3780 ex

2429 3801 2701 3858 breviculo
2731 3804 2843 3871 illo,
2877 3821 3032 3874 quem
3066 3809 3366 3866 Germanus
3409 3814 3688 3886 presbyter
3718 3827 3772 3870 et
3812 3818 4032 3874 Cassia-

2429 3909 2529 3948 nus
2555 3895 2813 3948 diaconus
2863 3897 3126 3964 obtulerc,
3173 3901 3428 3957 cll‘creute
3459 3905 3598 3970 quod
3631 3908 3860 3974 pretiosa
3894 3923 4030 3965 vasa

2429 3983 2772 4040 tradidissent
2797 4001 2974 4041 coram
2999 3989 3285 4056 judicibus,
3327 3993 3514 4048 Studio
3547 3995 3802 4052 Praefecto
3851 3999 4026 4066 urbis,

2429 4075 2762 4145 liutyehiano
2790 4077 3049 4132 Pra'lecto
3077 4080 3315 4134 Praeterii
3337 4123 3352 4146 ,
3404 4083 3610 4138 Joanne
3639 4087 3842 4142 Comite
3874 4089 4026 4146 The-

2427 4179 2744 4230 Saurorum,
2803 4167 3082 4222 Eustathio
3129 4173 3437 4238 Quaastore,
3489 4185 3541 4227 et
3585 4175 3920 4244 Tabulariis,
3971 4181 4028 4237 in

2427 4271 2578 4324 auro,
2608 4270 2828 4328 argento
2857 4271 2908 4314 et
2937 4263 3190 4316 vestibus.
3219 4265 3274 4317 In
3307 4274 3453 4318 tanto
3473 4277 3652 4320 autem
3679 4280 3728 4322 et
3759 4282 3862 4325 tam
3887 4288 4032 4342 pne—

2427 4351 2572 4420 cipiti
2594 4353 2838 4440 iqcendio
2871 4370 3028 4409 uento
3068 4357 3240 4426 periit.
3280 4358 3428 4412 Circa
3459 4361 3576 4428 ejus
3605 4372 3850 4418 auctores
3877 4368 4028 4421 varia

2428 4457 2455 4494 a
2483 4445 2828 4512 scriptoribus
2867 4449 3206 4501 retu-untur:
3239 4449 3509 4506 l’alladius
3562 4467 3674 4506 rem
3717 4467 3932 4522 narrat,
3971 4471 4032 4514 ut

2427 4535 2680 4590 divinitus
2709 4539 2930 4593 omnino
2955 4539 3142 4594 iactam
3177 4557 3192 4593 ε
3226 4541 3556 4598 Sozomenus
3581 4533 3727 4606 dicit,
3763 4542 4028 4616 pupulum

2425 4628 2614 4683 Joanni
2645 4629 2914 4684 addictum
2945 4632 2994 4685 id
3037 4633 3088 4685 in
3129 4634 3246 4701 eius
3285 4635 3529 4690 inimicos
3575 4639 3854 4704 retulisse;
3898 4641 4030 4698 ill-is

2427 4735 2554 4774 vero
2591 4721 2639 4774 id
2668 4721 2889 4777 Joannis
2933 4725 3120 4779 amicis
3153 4725 3502 4795 adscripsisse
3525 4769 3539 4794 ,
3588 4731 3835 4785 Socrates
3865 4751 3876 4784 :
3909 4733 4028 4787 Zu-

2425 4810 2592 4866 simus
2621 4821 2675 4868 ct
2703 4813 3058 4884 Tthphancs
3107 4817 3302 4886 populo
3346 4817 3540 4874 Joanni
3585 4821 3800 4876 addicto
3847 4833 4026 4880 totum

2427 4903 2680 4957 referunt.

2499 4993 2552 5046 ln
2583 4994 2704 5048 aula
2747 5010 2870 5048 vero
2901 4994 3242 5064 lmperatoria
3276 4997 3532 5067 ﬂagitium
3565 5001 3693 5055 illud
3724 5019 3753 5056 a
3786 5002 4020 5060 Joanni-

2425 5084 2491 5136 tis
2532 5091 2793 5153 patratum
2845 5085 3008 5140 fuisse
3045 5087 3128 5140 vel
3169 5089 3488 5157 putabatur,
3537 5091 3614 5146 vel
3661 5091 4026 5150 simulabatur

2425 5173 2596 5242 (Socr.
2639 5175 2677 5226 l.
2715 5175 2767 5230 6.
2818 5191 2864 5228 ο.
2903 5175 2985 5231 18.
3017 5176 3224 5232 Pallad.
3257 5180 3311 5234 in
3341 5179 3536 5252 Dial.).
3567 5182 3716 5237 Tunc
3754 5184 3984 5252 Optatus
4007 5231 4024 5254 ,

2424 5266 2570 5318 iubis
2613 5265 2900 5322 Przelcctus
2922 5309 2938 5334 ,
2983 5269 3238 5339 religione
3266 5273 3498 5340 gentilis,
3529 5275 3579 5327 iu
3607 5274 3882 5329 Joannitas
3908 5293 4018 5334 seu

2423 5356 2642 5410 Joannis
2671 5357 2906 5413 fautores
2932 5361 3219 5415 admodum
3251 5363 3443 5416 smviit.
3491 5368 3530 5418 A
3559 5367 3702 5419 nullo
3735 5375 3909 5420 tamen
3949 5385 4022 5424 ex

2425 5452 2529 5504 illis
2556 5451 2603 5504 vi
2635 5461 3020 5507 tormentorum
3053 5455 3102 5508 id
3131 5455 3348 5510 efﬁcere
3379 5459 3572 5526 potuit,
3606 5467 3657 5512 ut
3685 5474 3743 5512 se
3773 5459 3850 5513 vel
3879 5475 4022 5518 suos

2423 5545 2581 5613 hujus
2611 5545 2838 5600 incendii
2863 5557 3115 5602 auctores
3137 5563 3253 5603 esse
3286 5547 3642 5616 declararent,
3673 5553 3786 5621 ipso
3809 5552 4026 5611 fatente

2422 5637 2636 5691 Znsitttu
2665 5655 2676 5690 :
2718 5639 2766 5692 id
2797 5639 2936 5710 quod
2960 5640 3118 5692 etiam
3147 5641 3460 5696 testiﬁcatur
3479 5642 3712 5698 Joannes
3738 5646 3893 5714 epist.
3919 5648 4022 5704 94.

2425 5731 2533 5784 ltuo
2575 5730 2746 5800 ipsum
2792 5731 3050 5786 Joannem
3099 5744 3152 5788 ut
3203 5731 3432 5790 incendii
3481 5747 3752 5790 auctorem
3795 5753 4020 5795 accusa-
