4276 6316
212 384 320 442 21⁸1

213 518 385 570 vere;
419 500 667 570 ideoque,
691 508 744 551 ut
775 496 845 551 ait
876 494 1143 551 Palladius
1187 494 1237 546 in
1272 491 1495 559 Dialog.,
1532 489 1739 542 vinctus
1764 486 1815 541 in

214 594 467 667 Bithynia
494 594 746 650 detentus
774 590 867 644 fuit
885 604 1007 644 cum
1029 588 1250 659 Cyriaco
1277 593 1331 637 et
1356 582 1573 653 Eulysio
1598 578 1809 651 episco-

214 688 303 755 pis
326 727 338 749 ,
369 686 459 755 qui
488 682 747 754 postremi
776 696 896 735 cum
925 678 1046 733 aliis
1082 672 1474 730 Chalccdmiem
1518 669 1729 724 adducti
1760 675 1815 722 et

210 774 475 830 custodire
499 771 782 840 mancipati
811 777 933 825 sunt
964 785 976 821 :
1006 776 1165 835 atque
1195 779 1260 819 eo
1281 778 1449 831 usque
1473 758 1818 831 impudentia:

211 878 268 919 et
301 864 549 933 nequitia:
576 857 1221 933 processeruntAcaeius,
1244 854 1458 918 Paulus,
1491 849 1813 915 Antiochus,

211 955 561 1016 Severianus,
595 963 649 1008 et
680 953 766 1006 alii
792 951 1008 1021 quidam
1032 990 1046 1014 ,
1080 956 1136 1003 ut
1165 948 1217 1002 in
1240 947 1409 1002 literis
1430 945 1542 998 suis
1565 943 1632 998 ad
1662 943 1816 997 luno-

209 1047 453 1102 centium
504 1047 741 1115 Papam,
792 1043 1050 1097 Joannem
1098 1040 1247 1109 quasi
1299 1036 1582 1092 ecclesiam
1631 1035 1817 1089 incen-

209 1136 423 1199 disset,
453 1136 932 1191 calumniarentur.
986 1133 1220 1187 Joannes
1262 1143 1393 1182 vero
1423 1126 1639 1194 scripsit
1683 1125 1811 1189 illis,

210 1226 321 1280 etsi
346 1227 397 1281 in
430 1226 549 1281 aliis
579 1226 676 1279 sibi
713 1223 1033 1278 defendendi
1076 1222 1159 1275 sui
1189 1220 1363 1274 locum
1391 1234 1495 1271 non
1529 1216 1810 1277 dede-"ant,

210 1318 268 1369 in
321 1318 421 1369 hoc
450 1316 639 1370 saltem
672 1315 859 1366 darent
894 1322 946 1365 ut
982 1312 1047 1364 de
1084 1308 1389 1377 hujusmodi
1423 1305 1667 1361 incendio
1696 1318 1815 1357 sese

210 1416 493 1477 purgaret.

287 1499 394 1552 Alii
446 1513 657 1568 quoque
697 1512 790 1566 per
839 1496 1021 1549 urbem
1072 1493 1468 1548 circumeuntes
1495 1493 1509 1554 (
1536 1490 1658 1543 Soz.
1690 1488 1725 1539 Ι.
1759 1486 1811 1540 8.

210 1608 257 1643 c.
292 1590 420 1662 εἳ),
466 1604 560 1644 eos
599 1591 688 1659 qui
728 1588 891 1643 delati
922 1587 1133 1641 fuerant
1162 1584 1301 1655 qttod
1329 1583 1517 1637 Joanni
1552 1582 1812 1645 faverent,

212 1681 746 1750 comprehenderunt
768 1722 781 1740 ,
810 1689 860 1732 et
892 1680 943 1731 in
975 1675 1271 1731 custodiam
1306 1676 1459 1727 datos
1487 1714 1500 1738 ,
1534 1681 1593 1726 ut
1622 1670 1813 1725 Joanni

217 1767 509 1818 anathema
529 1763 1054 1831 dicerentcogebant
1081 1762 1272 1831 (Epist.
1297 1762 1421 1817 IIS.
1448 1771 1484 1815 t.
1516 1762 1568 1815 5.
1600 1759 1818 1827 c.6715).

220 1856 332 1910 Illis
362 1870 493 1909 vero
520 1856 810 1924 episc0pis,
836 1856 1169 1926 presbyteris
1192 1854 1418 1923 aliisque
1440 1854 1528 1924 qui
1559 1854 1640 1905 sui
1661 1864 1821 1905 causa

220 1949 272 1999 in
308 1962 583 2001 carcerem
630 1946 764 2001 trusi
813 1947 1043 2013 fueram,
1089 1946 1369 2015 epistolam
1403 1944 1821 1999 consolatoriam

218 2041 369 2094 misit
394 2039 817 2113 Chrysostomus
852 2040 958 2112 (Ib.
1003 2057 1050 2094 ε.
1100 2040 1251 2109 541),
1304 2038 1389 2091 ubi
1426 2038 1608 2107 paucis
1642 2037 1825 2091 horta-

213 2147 305 2189 tur
334 2135 455 2187 illos
479 2133 544 2187 ad
584 2132 894 2203 patientiam
922 2174 935 2197 ,
988 2130 1222 2199 dicitque
1252 2141 1519 2181 aerumnas
1546 2131 1601 2178 et
1629 2136 1816 2194 poenas

216 2226 526 2294 hujusmodi
557 2267 570 2289 ,
614 2240 710 2293 pro
743 2224 936 2292 pietate
979 2228 1293 2290 susceptas,
1342 2230 1663 2272 coronarum
1695 2228 1815 2267 esse

210 2320 630 2373 COZIL'iiiIIll‘it‘t‘S.

285 2411 529 2462 Arsacias
559 2407 644 2460 Jo.
679 2407 1035 2477 Chrysostomo
1066 2402 1400 2456 substituitur.
1436 2431 1503 2438 —
1529 2400 1813 2466 Postquam

212 2502 290 2554 sic
313 2499 579 2553 abductus
602 2498 775 2551 fuerat
800 2496 1033 2549 Joannes
1059 2536 1072 2558 ,
1104 2502 1329 2547 curante
1360 2490 1603 2544 Eudoxio
1637 2490 1812 2557 Impe-

215 2593 410 2647 ratrice
439 2592 491 2644 in
535 2588 716 2643 sedem
757 2588 873 2657 ejus
917 2585 1239 2640 substitutus.
1263 2584 1360 2636 fuit
1391 2582 1642 2634 Arsacias
1665 2580 1813 2646 vige—

212 2686 347 2739 sima
397 2684 624 2752 septima
673 2680 760 2735 die
798 2678 997 2733 mensis
1038 2676 1176 2731 Junii
1228 2690 1368 2728 anno
1397 2674 1519 2727 x504.
1569 2672 1698 2726 Erat
1730 2670 1814 2723 ille

216 2775 469 2829 {tenacius
498 2772 662 2827 frater
700 2770 965 2833 Nectarii,
995 2768 1083 2837 qui
1130 2769 1179 2820 in
1226 2765 1408 2820 sedem
1437 2762 1815 2817 Constantino-

215 2867 528 2935 politanam,
572 2862 832 2932 Gregorio
858 2859 1195 2915 Nazianzeno
1226 2854 1529 2918 secedente,
1566 2852 1815 2905 inductus

218 2957 391 3010 fuerat
439 2954 767 3024 (C/tronicou.
803 2953 982 3015 Atrax;
1012 2949 1269 3019 Cht‘ysost.
1308 2946 1470 3015 Epist.
1518 2945 1668 3013 125').
1705 2945 1814 2997 Λιι-

214 3063 403 3101 norum
433 3046 704 3114 octoginta
734 3052 849 3097 erat
879 3041 1154 3107 Arsacius,
1188 3054 1345 3108 quem
1379 3037 1627 3096 delirum.
1662 3045 1815 3089 vocat

212 3140 651 3211 tlltrysostomus,
682 3146 734 3190 ct
761 3135 942 3206 Iupmu
964 3144 1123 3203 atque
1155 3131 1475 3194 adulterum,
1510 3130 1650 3199 quod
1684 3129 1815 3182 alie-

215 3246 333 3283 uam
363 3228 547 3283 sedem
573 3230 650 3281 sic
680 3227 980 3279 invasisset.
1008 3224 1094 3277 Ait
1115 3222 1328 3292 quidem
1355 3222 1606 3275 Son-rates
1640 3222 1812 3290 ipsum

213 3324 278 3375 ob
305 3322 633 3389 singularem
685 3316 1149 3371 mansuetudinem
1182 3314 1479 3369 Ecclesium
1526 3312 1814 3381 tranquille

212 3416 541 3482 gubernasse
594 3411 773 3484 (Socr.
823 3412 857 3461 l.
887 3410 939 3464 6.
979 3427 1023 3462 r.
1062 3408 1180 3479 I9).
1236 3407 1433 3461 Verum
1482 3406 1813 3460 Sozom'enus

215 3513 395 3557 narrat
428 3503 577 3556 illum
606 3501 819 3571 quidem
847 3508 1183 3552 mansuetum
1212 3497 1373 3550 fuisse
1401 3506 1453 3551 ct
1484 3512 1607 3566 erga
1640 3497 1804 3550 Deum

215 3596 517 3665 religiosum
542 3612 554 3657 ;
580 3593 672 3647 sed
693 3593 899 3646 laudem
922 3592 1089 3655 illam,
1113 3606 1270 3659 quam
1290 3590 1526 3643 omnium
1547 3604 1811 3643 consensu

215 3687 437 3755 adeptus
464 3685 635 3739 fuerat
663 3685 942 3755 presbyter
962 3726 976 3748 ,
1010 3683 1339 3737 imminuisse
1367 3682 1625 3754 quosdam
1654 3682 1813 3736 cleri-

215 3791 331 3841 cos,
368 3777 460 3845 qui
489 3776 666 3829 omnia
696 3790 791 3844 pro
823 3775 990 3829 Iubito
1018 3789 1115 3827 suo
1143 3773 1402 3843 agebant,
1440 3783 1496 3828 et
1523 3782 1675 3842 gesta
1717 3786 1809 3827 sua

218 3866 286 3919 illi
314 3868 669 3936 imputabant.
703 3866 933 3937 Anysius
956 3880 1103 3930 vero,
1147 3880 1310 3919 senex
1333 3865 1617 3935 episcopus
1644 3863 1813 3918 Thes-

218 3960 566 4014 salonicensis
588 4000 601 4021 ,
631 3974 689 4013 se
720 3959 976 4013 Ecclesia:
1005 3957 1260 4012 Romanse
1292 3957 1576 4011 sententia:
1605 3957 1811 4010 haerere

219 4052 396 4107 ilict-ns
424 4093 439 4115 ,
475 4069 503 4104 a
534 4052 753 4105 Joannis
795 4050 1035 4121 partibus
1077 4060 1221 4104 stare
1266 4065 1325 4104 se
1366 4048 1540 4103 dixit:
1575 4048 1810 4119 cpisc0pi

220 4159 424 4212 quoque
483 4143 655 4196 Caria:
700 4157 759 4196 se
806 4141 1026 4195 Joannis
1072 4141 1507 4195 communionem
1562 4138 1810 4207 amplecti

221 4234 395 4289 dixere
425 4233 672 4305 (Pallad.
721 4235 775 4287 in
817 4232 1019 4303 Dialog.
1048 4233 1085 4302 ).
1116 4232 1255 4286 Infra
1298 4232 1599 4286 videbimus
1643 4230 1812 4285 Palae-

222 4327 405 4381 stinam
442 4338 495 4380 ct
528 4327 851 4381 thniciam
882 4342 975 4396 pro
998 4325 1202 4380 Joanne
1232 4326 1453 4379 fecisse:
1482 4324 1666 4380 Cilicia
1685 4339 1811 4378 vero

223 4417 379 4473 divisa
414 4420 530 4473 fuit.
1606 4421 1645 4450 ⁸

286 4513 491 4566 Arsacii
525 4514 738 4578 famam,
765 4514 933 4583 inquit
955 4514 1305 4579 Sozomenus,
1330 4516 1582 4569 Ireserunt
1607 4529 1667 4567 ea
1692 4529 1810 4582 quae

225 4613 358 4670 gesta
388 4613 511 4657 sunt
548 4604 845 4676 (8011.8.
876 4622 921 4658 c.
943 4590 1057 4664 25l.
1091 4606 1221 4661 Nam
1262 4622 1383 4661 cum
1422 4605 1643 4662 Joannis
1696 4606 1811 4660 fau-

228 4703 356 4751 tores
384 4711 486 4750 nec
511 4712 630 4748 cum
658 4698 876 4752 Arsacio
903 4740 917 4763 ,
945 4714 1042 4752 nec
1066 4713 1186 4752 eum
1216 4698 1330 4767 ejus
1360 4698 1656 4753 fautoribus
1680 4713 1810 4769 syn-

228 4797 343 4841 axes
380 4801 543 4855 agere
568 4788 650 4841 vel
687 4802 873 4856 preces
905 4787 1127 4843 fundere
1164 4789 1383 4854 vellent,
1417 4788 1643 4858 ideoque
1663 4804 1811 4841 seor-

230 4875 316 4928 sim
335 4885 387 4931 ct
416 4877 471 4930 in
500 4877 754 4931 extremis
781 4878 1009 4932 civitatis
1034 4880 1274 4948 partibus
1294 4879 1552 4933 collectas
1566 4888 1808 4948 agerent,

231 4979 330 5020 rem
360 4968 476 5037 ipse
498 4968 564 5021 ad
593 4968 977 5038 Imperatorem
1007 4970 1206 5023 retulit.

295 5058 561 5114 Tribunus
614 5061 793 5130 itaque
843 5076 964 5115 cum
1030 5061 1291 5115 militibus
1348 5062 1399 5114 in
1456 5069 1810 5131 congregatos

236 5144 493 5204 Joannitas
538 5150 793 5218 impetum
845 5151 1022 5207 facere
1064 5152 1243 5221 jussus
1300 5152 1317 5222 (
1352 5150 1560 5207 Sozam.
1594 5150 1735 5206 Ibid.
1768 5153 1810 5222 ),

242 5238 430 5301 plebem
481 5240 708 5295 fustibus
761 5250 815 5296 et
855 5244 997 5296 saxis
1042 5244 1252 5297 candens
1293 5242 1476 5312 fugere
1520 5243 1810 5313 compulit;

242 5330 513 5386 nobiliores
540 5346 669 5385 vero
695 5341 749 5386 ct
777 5346 872 5386 eos
910 5332 998 5401 qui
1039 5332 1261 5387 Joannis
1296 5343 1477 5403 partes
1507 5334 1811 5397 tuebantur,

244 5423 475 5477 custodiae
497 5423 732 5477 tradidit.
765 5424 914 5478 Tunc
937 5433 1113 5477 autem
1137 5466 1151 5491 ,
1199 5426 1269 5478 uti
1302 5426 1438 5480 solet
1468 5425 1681 5495 quando
1713 5427 1814 5479 mi-

246 5506 400 5570 litibus
428 5515 641 5569 licentia
672 5514 848 5579 datur,
883 5516 1135 5570 mulieres
1156 5526 1349 5570 ornatu
1379 5532 1477 5571 suo
1503 5518 1551 5571 vi
1578 5516 1815 5571 adhibita

250 5607 517 5671 spoliantur
540 5626 553 5671 ;
578 5606 697 5661 aliis
724 5608 960 5672 monilia,
985 5624 1134 5663 zona:
1154 5624 1335 5663 aurea:
1356 5620 1409 5664 et
1436 5619 1656 5679 torques
1675 5610 1818 5663 abri-

254 5696 454 5763 piantur,
499 5700 621 5755 aliis
656 5699 870 5756 inaures
902 5701 1060 5757 simul
1100 5717 1220 5756 cum
1248 5701 1464 5757 auribus
1519 5703 1812 5757 detrahun-

258 5795 340 5840 tur.
385 5792 623 5862 Camque
672 5794 858 5863 ingens
900 5793 1231 5863 perturbatio
1281 5802 1333 5849 et
1377 5794 1550 5847 luctus
1588 5795 1641 5849 in
1686 5796 1815 5848 urbe

1433 372 1615 430 NUNC
1655 368 1919 426 PRIMUM
1960 368 2358 427 ADORNATA.

1924 493 2099 549 esset,
2130 500 2198 539 ne
2227 486 2304 540 sic
2333 484 2547 555 quidem
2591 485 2744 555 plebs
2786 485 3062 557 pristinam
3106 503 3231 560 erga
3259 488 3522 548 Joannem

1925 576 2353 633 benevolentiam
2384 576 2597 648 abiecit.

1997 666 2074 721 Illi
2104 682 2233 722 vero
2261 665 2472 736 publice
2505 666 2720 736 quidem
2749 668 3039 725 convenire
3062 683 3170 726 non
3198 670 3337 727 ultra
3361 671 3524 727 aude-

1924 757 2053 813 bant
2078 757 2223 828 (Soz.
2249 758 2284 811 ι.
2314 758 2370 813 8.
2399 774 2445 812 c.
2472 758 2565 830 23)
2591 800 2606 826 ,
2656 760 2804 815 multi
2851 774 2952 817 nec
2979 760 3031 817 in
3070 760 3282 830 forum,
3316 776 3417 818 nec
3458 762 3526 817 ad

1926 849 2112 903 balnea
2155 850 2481 920 procedere;
2514 849 2833 921 quibusdam
2870 851 3032 907 etiam
3062 860 3237 909 tutum
3273 868 3380 909 non
3406 863 3524 909 erat

1923 938 2069 995 domi
2112 955 2371 1005 manere;
2427 940 2522 996 sed
2572 941 2787 1011 plurimi
2834 942 2936 997 viri
2989 942 3117 999 boni
3170 942 3524 1014 honestthue

1923 1031 2177 1086 mulieres
2208 1032 2339 1088 urbe
2381 1032 2711 1088 excedebant
2740 1052 2751 1087 :
2782 1048 2848 1088 ex
2891 1048 3120 1102 quorum
3169 1048 3392 1089 numero
3425 1033 3523 1089 fuit

1920 1123 2166 1178 Nicarete
2192 1124 2417 1193 Bithyna
2440 1164 2453 1188 ,
2503 1123 2668 1178 nobili
2707 1139 2903 1193 genere
2928 1123 3252 1178 Nicomedia:
3282 1136 3418 1189 orta,
3454 1125 3522 1177 ob

1924 1226 2232 1287 perpetuam
2262 1217 2617 1285 virginitatem
2664 1226 2717 1270 et
2762 1217 2880 1270 vita:
2928 1217 3335 1270 sanctimoniam
3377 1217 3520 1271 cele-

1924 1307 2152 1362 berrima
2184 1308 2352 1377 (Anno
2382 1308 2511 1376 404)
2537 1348 2551 1372 ,
2588 1308 2842 1361 virtutum
2874 1308 3111 1361 omnium
3144 1307 3400 1361 exercitio
3424 1306 3521 1360 ad-

1922 1399 2083 1461 dicta,
2118 1399 2186 1452 ita
2218 1410 2275 1452 ιιι
2306 1414 2425 1453 ‹·ιιιιι
2452 1398 2783 1466 amplissimo
2822 1398 3143 1467 patrimonio
3174 1399 3371 1468 injuste
3396 1413 3521 1467 spo-

1922 1492 2043 1545 liata
2074 1490 2277 1555 fuisset,
2322 1506 2432 1544 rem
2464 1489 2848 1559 patientissime
2875 1489 3091 1553 tulerit;
3121 1490 3214 1543 sed
3242 1506 3309 1544 ex
3339 1490 3523 1559 paucis

1926 1584 2026 1636 sibi
2058 1583 2292 1646 relictis;
2330 1581 2577 1651 prudenti
2603 1596 2692 1637 usa
2721 1580 3202 1645 administratione,
3235 1596 3339 1633 non
3364 1580 3522 1636 modo

1922 1676 2019 1728 sibi
2049 1682 2102 1728 et
2126 1675 2433 1729 domesticis
2454 1676 2754 1729 necessaria
2777 1675 3215 1744 snppeditaverit,
3243 1675 3335 1729 sed
3359 1675 3518 1729 etiam

1922 1767 2039 1820 aliis
2066 1767 2573 1831 subministraverit,
2600 1767 2935 1837 maximeque
2963 1768 3372 1832 medicamenta,
3399 1784 3520 1837 quae

1922 1858 2033 1926 ipsa
2058 1858 2328 1927 ingeniose
2368 1858 2431 1911 ad
2463 1873 2749 1927 pauperum
2780 1858 3148 1927 a-grotantium
3175 1873 3326 1912 usum
3354 1872 3519 1926 appa—

1921 1950 2091 2004 rabat.
2126 1949 2341 2003 Certum
2370 1959 2544 2003 tamen
2576 1959 2693 2010 est,
2740 1950 2899 2002 etiam
2943 1958 3067 2003 tunc
3103 1949 3239 2003 clatn
3268 1989 3282 2015 ,
3312 1957 3366 2002 et
3407 1950 3519 2002 for—

1923 2050 2063 2095 tasse
2104 2041 2239 2095 intra
2270 2042 2461 2095 domos
2488 2056 2715 2111 synaxes
2747 2041 3041 2095 celebratas
3072 2040 3255 2095 fuisse.
3288 2040 3522 2094 Joannes

1922 2134 2063 2188 enim
2100 2133 2454 2203 Theophilum
2503 2144 2556 2187 ct
2584 2132 2872 2188 Salustium
2928 2134 3271 2203 presbyteros
3312 2133 3517 2200 culpat.

1921 2223 2061 2292 quod
2103 2224 2395 2293 synaxibtts
2435 2222 2647 2276 assidue
2696 2237 2799 2276 non
2847 2223 3189 2276 interessent.
3233 2221 3344 2275 Imo
3372 2229 3520 2275 extra

1921 2317 2106 2370 urbem
2136 2332 2348 2386 quoque
2382 2317 2431 2369 in
2462 2316 2732 2370 montibus
2764 2324 2818 2369 ct
2857 2316 3024 2387 sylvis
3048 2331 3276 2386 synaxes
3310 2316 3517 2370 habitas

1924 2406 2086 2460 fuisse
2113 2448 2126 2471 ,
2173 2407 2527 2460 testificantur
2550 2408 2855 2475 scriptores
2880 2407 3096 2475 quidam
3124 2447 3137 2471 ,
3172 2418 3221 2461 et
3254 2408 3306 2461 in
3335 2406 3519 2461 codice

1920 2496 2295 2551 Theodosiano
2320 2497 2581 2566 ejusmodi
2612 2513 2843 2569 synach
2871 2498 3210 2553 severissime
3237 2497 3521 2568 punieudte

1920 2590 2173 2643 dicuntur
2196 2588 2441 2659 (Niccph.
2476 2589 2713 2658 C/n'on.).

1993 2679 2271 2747 Eutropius
2320 2678 2497 2732 Lector
2537 2682 2586 2731 in
2638 2681 2940 2733 cruciatibus
2984 2682 3197 2733 moritur
3238 2690 3285 2734 ct
3332 2692 3524 2751 martyr

1924 2772 2149 2823 habetur.
2205 2801 2275 2810 —
2321 2771 2454 2824 Cum
2498 2772 2681 2841 ingens
2726 2780 2902 2825 metus
2953 2772 3205 2841 populum
3240 2788 3267 2823 a
3297 2773 3521 2825 tumultu

1920 2864 2275 2927 coercuisset,
2313 2862 2601 2917 Praefectus
2630 2863 2774 2917 urbis
2814 2862 2879 2916 de
2925 2862 3172 2917 incendio
3198 2864 3440 2918 ecclesia“:
3470 2875 3520 2916 et

1920 2954 2082 3007 curia:
2107 2954 2455 3023 qttmstioncm
2506 2953 2689 3007 habuit
2712 2995 2725 3016 ,
2774 2953 3077 3023 multosque
3114 2955 3367 3022 gravibus
3395 2968 3520 3023 sup-

1920 3046 2091 3116 pliciis
2112 3046 2308 3100 affecit.
2340 3045 2470 3100 Cum
2502 3048 2641 3101 enim
2668 3046 2945 3099 idololatra
2975 3056 3135 3110 esset,
3174 3046 3240 3101 de
3266 3046 3522 3100 Ecelesim

1920 3137 2307 3190 calamitatibus
2359 3137 2725 3191 delectabatur
2774 3137 2939 3207 (Sos.
2985 3138 3022 3190 Ι.
3070 3137 3123 3190 8.
3164 3154 3210 3189 c.
3255 3136 3345 3191 93.
3388 3137 3515 3203 2i).

1923 3227 2211 3296 Eutropius
2242 3227 2413 3281 lector
2441 3228 2505 3281 ad
2549 3227 2859 3282 iudicandos
2882 3244 2995 3291 eos,
3029 3230 3118 3298 qui
3154 3231 3327 3299 ignem
3348 3230 3521 3283 eccle-

1921 3319 2011 3371 si:e
2043 3319 2335 3387 injecerant
2362 3360 2374 3381 ,
2422 3320 2472 3373 in
2510 3318 2770 3388 judicium
2818 3318 3112 3384 adductus,
3155 3320 3361 3373 etiamsi
3395 3321 3523 3373 loris

1918 3421 1972 3464 et
1996 3411 2221 3473 fustibus
2247 3427 2438 3474 cccsus,
2482 3412 2689 3466 etiamsi
2718 3413 2765 3465 ei
2799 3413 2961 3467 latera
2990 3422 3044 3467 et
3074 3428 3224 3482 gente
3255 3413 3521 3483 unguibus

1922 3500 2287 3557 Iacerarcntur
2307 3542 2321 3565 ,
2351 3502 2710 3573 ardentesque
2754 3501 2894 3556 faces
2918 3504 3127 3573 corpori
3168 3503 3521 3558 admoveren-

1921 3602 2037 3657 tur,
2084 3593 2182 3646 ctsi
2221 3592 2395 3647 adhuc
2437 3592 2751 3648 adolescens
2795 3603 2849 3647 et
2885 3608 3111 3663 corpore
3153 3603 3338 3659 tener,
3388 3593 3519 3647 nihil

1920 3699 2170 3753 nm'juam
2217 3682 2497 3737 confessus
2540 3693 2620 3737 est
2651 3702 2663 3738 :
2692 3700 2755 3739 ac
2792 3677 2912 3753 post
2952 3678 3213 3741 tormenta
3249 3686 3299 3740 in
3340 3700 3522 3740 carce-

1917 3790 2030 3829 rem
2057 3775 2332 3843 conjectus
2356 3816 2371 3841 ,
2418 3775 2526 3845 illic
2562 3775 2795 3829 animam
2841 3776 2981 3831 haud
3013 3777 3180 3832 multo
3211 3786 3394 3847 postea
3427 3793 3521 3832 ex-

1920 3866 2137 3920 halavit.
2192 3866 2323 3934 Ejus
2361 3866 2645 3921 occasione
2685 3867 3017 3922 Sozomenus
3057 3870 3324 3923 somnium
3357 3868 3522 3925 refert

1919 3956 2135 4011 Sisinuii
2163 3956 2439 4027 cujusdam
2465 3997 2481 4023 ,
2514 3955 2928 4011 Novatianorum
2969 3960 3206 4028 episcopi
3231 4002 3244 4023 ,
3276 3959 3359 4013 cui
3391 3958 3520 4013 dor-

1921 4050 2102 4104 mienti
2134 4050 2332 4105 dictum
2378 4051 2473 4103 fuit
2501 4050 2818 4119 Eutropium
2857 4050 3029 4104 solum
3075 4050 3300 4119 probum
3344 4051 3516 4104 virum

1921 4145 1970 4197 in
2000 4144 2213 4198 civitate
2240 4143 2423 4197 fuisse.
2451 4142 2738 4211 Eutropius
2767 4151 2945 4196 autem
2974 4140 3061 4196 hic
3088 4144 3225 4196 inter
3252 4151 3517 4211 martyres

1922 4235 1971 4287 in
2000 4234 2379 4304 Martyrologio
2418 4234 2660 4287 Romano
2688 4234 2998 4287 celebratur
3025 4276 3038 4299 ,
3086 4234 3405 4288 duodecimo
3433 4232 3520 4287 die

1920 4327 2157 4380 Januarii
2190 4328 2413 4381 mensis.

1988 4416 2195 4488 Tigrin:
2232 4416 2502 4489 Presbyter
2551 4418 2825 4471 cruciatur.
2851 4447 2921 4456 ——
2941 4416 3090 4471 Tunc
3115 4418 3275 4473 etiam
3310 4416 3522 4487 Tigrius

1921 4509 2199 4578 presbyter
2218 4550 2232 4574 ,
2272 4509 2603 4562 vestimentis
2632 4518 2824 4562 exutus
2847 4517 2901 4562 et
2927 4516 3075 4578 tergo
3105 4507 3283 4579 ﬂagris
3305 4524 3475 4563 caesus
3499 4550 3512 4570 .

1919 4603 2215 4671 vinetisque
2255 4602 2476 4671 pedibus
2501 4610 2554 4654 et
2584 4600 2829 4654 manibus
2877 4601 2925 4653 in
2968 4601 3196 4669 cquuleo
3225 4609 3479 4655 extensus
3504 4642 3518 4665 ,

1920 4694 2174 4747 membris
2204 4693 2495 4747 dissolutus
2521 4700 2605 4746 est
2625 4691 2774 4759 (Soz.
2807 4691 2842 4744 ι.
2870 4692 2925 4745 8.
2953 4708 2999 4747 ε.
3030 4691 3144 4761 24).
3186 4691 3312 4746 Erat
3342 4701 3518 4747 autem

1921 4786 2007 4839 bit,
2036 4786 2250 4839 natione
2282 4786 2537 4839 barbarus
2560 4793 2611 4837 et
2634 4783 2930 4850 eunuchus,
2953 4783 3044 4839 sed
3075 4799 3177 4839 non
3194 4784 3259 4838 ab
3279 4786 3520 4851 origine:

1920 4876 2007 4944 qui
2035 4891 2155 4929 cum
2205 4877 2254 4929 in
2301 4876 2461 4929 domo
2490 4874 2767 4943 cujusdam
2796 4875 3031 4944 potentis
3065 4889 3253 4931 servus
3294 4875 3477 4929 fuisset
3503 4918 3517 4937 .

1921 4966 2139 5020 domino
2184 4982 2281 5019 suo
2316 4966 2566 5035 probatus
2598 5006 2612 5029 ,
2665 4966 2964 5021 libertatem
3003 4974 3295 5021 meruerat.
3332 4966 3520 5020 Postea

1919 5074 2048 5113 vero
2075 5058 2137 5110 ad
2161 5058 2475 5129 presbyterii
2498 5058 2718 5129 gradum
2742 5069 3037 5127 promotus,
3057 5059 3293 5113 moribus
3318 5068 3520 5128 gratus.

1921 5151 2090 5205 comis
2111 5193 2124 5215 ,
2168 5158 2327 5219 atque
2345 5165 2468 5219 erga
2497 5165 2761 5221 pauperes
2790 5160 2845 5205 et
2873 5151 3182 5220 peregrinos
3207 5150 3521 5220 benignissi-

1923 5258 2041 5295 mus
2070 5242 2183 5295 fuit.
2219 5241 2313 5295 IIic
2354 5242 2512 5295 etiam
2559 5244 2867 5295 enuntiatur
2904 5242 2954 5295 in
2989 5242 3368 5311 Martyrologio
3414 5240 3519 5293 Ro-

1924 5350 2083 5390 mano
2130 5333 2446 5389 duodecimo
2489 5333 2577 5388 die
2625 5334 2883 5389 Janttarii.
2938 5334 2995 5388 In
3052 5344 3254 5404 partem
3312 5345 3523 5401 quoque

1925 5440 2282 5481 :erumuarum
2311 5434 2575 5480 venerunt
2609 5425 2858 5481 monachi
2900 5426 3296 5496 Mcsopotamim
3328 5435 3373 5477 et
3406 5424 3521 5476 dia-

1925 5520 2151 5573 conissre
2173 5518 2230 5572 Ο.
2266 5519 2350 5582 P.,
2382 5535 2499 5588 qua:
2531 5520 2860 5589 cogebantur
2886 5520 2968 5574 vel
2987 5536 3106 5575 cum
3133 5520 3350 5573 Arsacia
3372 5530 3519 5571 com-

1929 5610 2226 5673 municare,
2252 5610 2336 5665 vel
2360 5611 2474 5664 auri
2500 5610 2606 5666 200
2632 5611 2792 5666 libras
2815 5611 2965 5666 dare.

2003 5702 2269 5771 Olympias
2325 5700 2645 5757 Diaconissa.
2697 5732 2763 5743 -—
2829 5707 3102 5782 Olympias
3135 5713 3436 5769 diaconissa
3472 5712 3528 5765 in

1932 5796 2031 5850 hoc
2080 5811 2257 5849 rerum
2307 5794 2617 5851 discrimine
2667 5802 3040 5857 fortitudinem
3076 5802 3243 5856 animi
3278 5800 3528 5855 exhibuit
