4276 6316
782 380 887 435 919

787 494 934 553 (Sos.
970 495 1013 551 Ι.
1041 493 1094 551 8.
1123 512 1169 548 ι’.
1198 494 1309 568 Si).
1336 494 1465 550 Nam
1483 510 1604 551 cum
1628 495 1681 551 in
1701 496 1959 567 judicium
1974 498 2197 553 adducta
2215 510 2357 555 esset

798 592 1161 657 interrogante
1193 587 1452 644 Praefecto
1478 603 1574 643 cur
1596 587 1877 643 ecclesiam
1910 589 2249 656 incendisset,
2291 607 2379 646 re-

790 678 1005 747 spondit
1042 696 1055 732 :
1082 679 1204 734 Non
1237 690 1309 735 est
1330 681 1434 735 ‘ltoc
1458 680 1572 735 vitae
1596 696 1719 735 mea:
1756 682 2057 737 institutum.
2087 682 2214 752 Ego-
2245 685 2378 738 enim

788 769 1222 836 factdtatcamm
1245 787 1359 841 quia
1382 772 1554 826 multa
1576 782 1720 826 erant
1758 782 1807 827 et
1852 776 2085 828 maxima:
2109 816 2124 839 ,
2178 776 2378 845 templis

790 859 887 915 Dei
924 862 1269 917 instaurandis
1318 862 1560 933 impendi.
1606 863 1741 919 Cum
1792 874 1967 919 autem
2013 863 2216 920 diceret
2250 866 2378 934 ille,

791 952 956 1021 probe
980 952 1081 1007 sibi
1102 962 1281 1007 notam
1304 968 1424 1007 esse
1452 955 1592 1008 illius
1629 954 1837 1009 vivendi
1878 956 2139 1011 rationem
2164 999 2179 1025 ,
2209 974 2379 1029 appo-

790 1043 892 1099 site
919 1044 1190 1111 respondit
1212 1044 1297 1098 illa
1318 1062 1331 1097 :
1356 1043 1437 1097 Tu
1456 1061 1575 1117 ergo
1595 1046 1648 1099 in
1674 1047 1981 1101 accusatoris
2008 1048 2173 1101 locant
2198 1050 2381 1115 transi,

791 1144 840 1187 et
868 1134 1001 1189 alius
1030 1135 1094 1188 de
1121 1137 1262 1189 nobis
1283 1136 1500 1205 judicet.
1544 1137 1832 1193 Prmfectus
1864 1137 1992 1192 nihil
2015 1137 2213 1195 habens
2238 1139 2382 1211 quod

794 1224 1011 1293 culpare
1041 1234 1240 1295 posset,
1265 1226 1331 1280 ad
1354 1225 1497 1281 aliud
1530 1242 1590 1283 se
1619 1229 1901 1298 comertit,
1932 1238 2091 1301 atque
2110 1232 2383 1303 Olympia-

794 1314 847 1369 di
902 1317 1217 1387 caaterisque
1286 1319 1604 1375 mulieribus
1666 1322 1957 1377 amentiam
2006 1324 2381 1393 exprobravit,

794 1406 935 1478 quod
978 1410 1213 1480 episcopi
1256 1411 1337 1464 sui
1362 1451 1377 1475 ,
1430 1412 1633 1466 Arsacii
1676 1427 1869 1484 nempe
1892 1454 1908 1479 ,
1955 1415 2384 1471 communionem

794 1511 1190 1555 aversarentur.
1222 1501 1513 1557 Praefectus
1542 1517 1670 1558 vero
1718 1512 1845 1560 tunc
1888 1505 2101 1578 quidem
2133 1507 2277 1564 illam
2305 1507 2387 1565 div

795 1590 936 1626 αδίοἶι
969 1608 981 1621 ι
1019 1592 1122 1631 “In,

797 1590 941 1656 misit
969 1608 983 1664 ;
1017 1592 1185 1656 altera
1211 1603 1389 1656 autem
1416 1595 1503 1658 die
1547 1586 1827 1659 evocatam
1859 1604 2002 1660 illam
2044 1622 2239 1678 magno
2273 1608 2386 1663 auri

797 1694 1032 1764 pondere
1044 1696 1344 1750 mulctavit.
1373 1696 1627 1763 Quaedam
1657 1707 1834 1752 autem
1860 1698 1979 1753 alia:
2009 1708 2151 1755 metu
2174 1701 2383 1770 percul-

797 1798 873 1838 me
906 1827 920 1847 ,
952 1786 1157 1841 Arsacii
1182 1788 1617 1842 communionem
1640 1790 1722 1844 vel
1747 1789 1923 1845 invita:
1950 1790 2211 1861 amplexa:
2244 1804 2385 1847 sunt.

868 1872 1122 1928 Pentadio
1148 1878 1452 1931 diaconissa.
1478 1907 1551 1917 —
1578 1877 1829 1934 Pentadia
1863 1895 2073 1950 quoque
2092 1881 2389 1937 diaconissa

800 1964 957 2019 vidua
977 2006 993 2031 ,
1027 1967 1155 2020 olim
1187 1967 1406 2023 Timasii
1445 1967 1692 2024 Consulis
1723 1985 1857 2025 uxor
1884 2010 1900 2038 ,
1927 1979 2143 2027 strenue
2168 1981 2223 2028 et
2256 1988 2389 2028 con-

804 2057 1133 2115 stantissime
1176 2074 1392 2113 causam
1438 2059 1659 2115 Joannis
1700 2060 1955 2116 defendit.
2001 2060 2233 2132 Ideoque
2261 2063 2348 2117 illa
2375 2105 2388 2129 ,

803 2162 925 2215 qua:
967 2148 1173 2201 nonnisi
1212 2148 1496 2203 ecclesiam
1542 2150 1950 2221 cubiculumque
1994 2166 2145 2206 suum
2173 2162 2393 2208 neverat

737 2313 741 2317 _
810 2238 1098 2309 (Cltrysost.
1134 2239 1299 2309 Epist.
1329 2240 1442 2310 94),
1470 2244 1522 2295 in
1550 2240 1722 2296 forum
1758 2252 2017 2312 pertracta
2042 2244 2176 2311 fuit,
2216 2258 2243 2297 a
2277 2244 2393 2299 foro

802 2330 869 2385 ad
898 2332 1203 2394 tribunalia.
1225 2333 1310 2387 ubi
1330 2333 1880 2405 firmitatisanimique
1906 2334 2231 2391 fortitudinis
2256 2350 2393 2391 nova

805 2421 956 2489 signa
999 2422 1316 2491 egregiaque
1354 2422 1533 2489 dedit;
1585 2432 1768 2493 postea
1812 2439 1939 2479 vero
1978 2441 2007 2479 a
2054 2424 2298 2481 tribunali
2328 2424 2392 2480 ad

804 2526 1075 2565 carcerem
1128 2512 1395 2592 demitti-2,
1446 2515 1559 2595 ’ρδῐί
1602 2523 1983 2595 tranquillitate
2040 2524 2394 2593 firmitateque

805 2612 984 2668 omnia
1023 2615 1271 2685 pertulit;
1310 2616 1535 2685 ideoque
1576 2616 1697 2685 jure
1726 2629 1757 2669 a
1784 2614 2165 2685 Chrysostomo
2202 2615 2255 2668 in
2300 2630 2393 2668 sua

809 2707 875 2760 ad
931 2708 1072 2760 illam
1118 2707 1343 2787 epistola
1393 2706 1679 2761 admodum
1726 2706 2043 2761 celebratur.
2100 2704 2279 2760 Voluit
2308 2706 2396 2760 illa

812 2798 989 2851 hieme
1030 2805 1288 2866 sequente
1314 2798 1509 2866 (Epist.
1528 2798 1677 2867 104),
1708 2796 2167 2868 Constantinopoli
2190 2797 2396 2860 relicta,

810 2887 919 2941 alio
946 2902 1228 2956 peragrare
1256 2906 1268 2941 :
1316 2903 1501 2941 verum
1538 2886 1771 2942 Joannes
1798 2888 1941 2942 illam
1968 2886 2207 2943 hortatus
2236 2896 2318 2943 est
2344 2896 2401 2943 ut

813 2980 866 3030 in
889 2979 1020 3032 urbe
1049 2985 1316 3042 maneret,
1344 2977 1430 3031 ubi
1455 2976 1763 3031 concivibus
1778 2977 1935 3031 variis
1962 2976 2133 3032 modis
2162 2977 2401 3051 subsidio

812 3082 933 3123 rsse
970 3078 1169 3137 posset.
1211 3066 1265 3121 In
1300 3068 1418 3123 illos
1447 3069 1607 3122 etiam
1639 3068 1925 3123 saevierunt
1956 3070 2043 3140 qui
2095 3069 2400 3123 vexationes

814 3156 1013 3211 vitandi
1042 3171 1201 3213 causa
1229 3157 1367 3226 apud
1395 3156 1757 3213 monachosse
1775 3167 2084 3228 receperant
2106 3158 2295 3231 (Epist.
2320 3161 2397 3231 2):

813 3248 940 3317 quin
967 3246 1126 3302 etiam
1160 3234 1304 3317 ipSos
1334 3249 1622 3303 monachos
1646 3258 1701 3302 et
1729 3249 1959 3319 virgines
1980 3251 2032 3303 in
2055 3249 2252 3306 famem
2272 3265 2401 3305 con-

814 3336 993 3405 jecere
1023 3346 1079 3391 ct
1105 3336 1339 3392 vestibus
1368 3336 1654 3393 nudavere.
1678 3334 1963 3393 Monacbos
1982 3349 2158 3394 autem
2176 3337 2403 3395 Gottlios

815 3427 1011 3499 (Epist.
1031 3428 1189 3496 207),
1229 3430 1318 3498 qui
1347 3429 1398 3482 in
1432 3437 1569 3483 terra
1594 3427 1829 3484 Promoti
1861 3428 2164 3499 degebant,
2206 3446 2402 3486 conso-

814 3520 955 3575 latus
996 3529 1077 3574 est
1109 3519 1529 3590 Chrysostomus
1552 3563 1567 3587 ,
1596 3522 1809 3592 quando
1836 3522 1918 3577 sui
1947 3537 2107 3578 causa
2132 3523 2403 3578 molestias

818 3611 1014 3666 multas
1038 3620 1091 3665 et
1114 3628 1383 3668 aerumnas
1412 3616 1650 3682 perpessi
1673 3625 1815 3670 sunt.

887 3700 1131 3771 EpiscOpi
1164 3704 1369 3772 quidam
1396 3704 1549 3774 pulsi.
1579 3735 1650 3744 —
1677 3706 1845 3760 Tanto
1892 3707 2168 3763 fervebant
2206 3709 2237 3763 ii
2266 3750 2280 3773 ,
2312 3711 2402 3779 qui

819 3801 944 3845 tunc
968 3792 1141 3845 aulam
1186 3791 1579 3860 lmperatoriam
1600 3795 2034 3863 moderabantur,
2068 3798 2119 3853 in
2142 3798 2403 3856 Joannem

817 3891 872 3953 et
920 3883 1036 3953 ejus
1089 3896 1365 3939 consortes
1422 3886 1577 3951 odio,
1624 3900 1678 3941 ul
1729 3904 1833 3942 non
1864 3890 2017 3958 pauci
2047 3900 2170 3946 tunc
2198 3893 2405 3961 episco-

822 3976 914 4044 pi,
944 3977 1031 4045 qni
1074 3978 1237 4045 probe
1278 3994 1389 4031 rem
1446 3980 1856 4035 ecclesiaSIicam
1911 3982 2168 4051 gerebant
2205 3984 2403 4053 ,vquod

817 4070 1006 4125 Joanni
1062 4069 1254 4123 addicti
1297 4079 1510 4133 essent,
1554 4072 1688 4141 pulsi
1728 4072 1981 4144 (Pallad.
2014 4076 2272 4147 p.195);
2316 4076 2405 4130 alii

819 4175 966 4225 vero,
993 4176 1097 4214 non
1127 4160 1323 4230 indigni
1355 4162 1529 4223 tnotlo,
1554 4163 1644 4216 sed
1668 4164 1824 4218 etiam
1846 4165 2153 4237 plerumque
2170 4168 2402 4233 scelesti,

822 4252 877 4306 in
907 4252 1111 4305 illorum
1132 4252 1304 4305 locum
1337 4253 1755 4308 intruderentur.

889 4344 1235 4413 Serapionem
1284 4344 1439 4413 igitur
1470 4386 1482 4409 ,
1539 4361 1696 4415 quem
1766 4346 1999 4403 Joannes
2051 4348 2318 4404 Heracleae
2351 4350 2403 4404 in

826 4432 1049 4489 Thracia
1100 4435 1405 4503 episcopum
1443 4438 1792 4490 constituerat
1847 4437 2177 4509 (Epist.14)
2207 4481 2222 4506 ,
2289 4450 2406 4509 post

820 4525 1128 4580 innumeras
1198 4526 1397 4595 absque
1482 4527 1584 4580 ulla
1666 4528 1980 4596 probatione
2061 4530 2401 4597 calumnias,

818 4631 1024 4671 smnma
1068 4615 1378 4671 crudelitate
1431 4630 1628 4671 caesum
1701 4633 1868 4687 usque
1919 4618 1983 4672 ad
2034 4620 2402 4675 excussionem

817 4707 1053 4763 dentimu
1098 4708 1148 4761 in
1200 4709 1422 4774 patriam
1475 4723 1624 4762 suam
1666 4709 1967 4777 relcgarunt
2015 4709 2245 4778 (Pallad.
2279 4710 2405 4764 Dia-

818 4801 975 4869 tog.)
1026 4817 1038 4849 :
1084 4798 1172 4851 ille
1221 4814 1346 4852 vero
1383 4797 1447 4852 ad
1497 4799 1788 4853 monachos
1838 4800 2037 4854 Marsos
2084 4810 2136 4854 et
2178 4802 2403 4856 Got’thos

816 4891 1128 4959 aufugerat,
1158 4889 1335 4958 ibique
1360 4888 1448 4944 diu
1474 4890 1756 4946 delituerat
1782 4902 2067 4961 antequam
2096 4902 2397 4962 caperetur.

822 4981 876 5034 ln
904 4980 1020 5050 ejus
1048 4993 1174 5034 vero
1199 4978 1371 5032 locum
1402 4980 1721 5036 substitutus
1748 4982 1843 5035 fuit
1868 4982 2135 5050 Eugenius
2158 4982 2397 5051 quidam,

820 5075 870 5128 in
901 5073 1203 5130 mercedem
1227 5073 1657 5143 consmrationis,
1683 5089 1841 5145 quam
1861 5072 2116 5128 adversus
2138 5074 2398 5128 Joannem

818 5167 1128 5237 episcopum
1156 5182 1309 5224 suum
1349 5176 1677 5238 susceperat.
1734 5166 1839 5220 Sex
1886 5164 1962 5219 illi
2004 5166 2279 5235 episcopi,
2310 5166 2401 5235 qui

818 5258 1060 5311 simonite
1090 5273 1249 5313 causa
1290 5276 1319 5313 a
1350 5260 1553 5315 Joanne
1581 5258 1807 5328 depositi
1840 5256 2051 5311 fuerant
2081 5257 2314 5329 (Pallad.
2349 5259 2401 5309 iu

822 5348 1016 5418 Dial.),
1038 5359 1096 5403 ut
1118 5365 1275 5419 supra
1303 5350 1551 5414 diximus,
1580 5348 1792 5419 rejectis
1824 5348 1887 5401 iis
1913 5349 2090 5417 probis
2116 5350 2399 5419 episcopis,

818 5453 954 5509 quos
978 5440 1212 5495 Joannes
1243 5442 1293 5496 in
1326 5456 1508 5494 eorum
1540 5441 1712 5494 locum
1752 5439 2129 5502 ordinaverat,
2159 5440 2211 5493 in
2239 5440 2403 5494 sedes

820 5548 943 5586 suas
974 5543 1098 5588 tunc
1124 5535 1352 5589 restituti
1374 5543 1495 5587 sunt
1520 5575 1534 5599 ,
1569 5532 1661 5587 sed
1696 5540 1972 5602 postquam
2003 5532 2401 5587 restituentibus

820 5640 877 5678 se
906 5626 1143 5697 pecuina:
1164 5640 1424 5680 summam
1452 5633 1859 5695 nluneraverant
1887 5642 1901 5679 :
1942 5640 2045 5692 quo
2074 5633 2218 5679 certe
2244 5622 2404 5677 modo

823 5717 1100 5771 simoniam
1141 5716 1486 5771 renovabam.
1540 5713 1847 5770 ili-raclides
1901 5726 2076 5770 autem
2122 5718 2403 5786 episcopus

823 5806 1014 5879 l'pltesi
1046 5821 1076 5863 a
1131 5805 1338 5866 Joanne
1364 5818 1699 5876 consumtus,
1729 5816 1795 5864 ab
1835 5810 2059 5864 inimicis
2090 5811 2204 5880 ejus
2233 5810 2401 5879 depo-

1886 383 1941 438 S.
1980 381 2259 441 JOANNIS
2288 384 2760 445 CllllYSOSTUMl
2805 386 2982 455 VITA,

3965 384 4074 443 Ξξο

2484 502 2643 564 situs,
2671 515 2766 569 per
2795 500 3201 569 quadriennium
3224 500 3411 553 saltem
3436 496 3754 552 Nicomedia:
3783 498 3833 552 in
3855 513 4076 555 carcere

2486 590 2722 659 inclusus
2752 591 2945 644 mansit
3003 587 3260 658 (Pallad.
3313 588 3513 658 Diulog.
3548 590 3587 657 ).
3640 587 3694 641 In
3739 587 3858 657 ejus
3894 602 4075 643 autem

2485 682 2658 736 locum
2686 680 3008 735 substituere
3033 678 3262 733 Victoris
3288 679 3484 733 tribuni
3508 678 3833 743 eunuchum,
3863 679 4076 733 manci-

2486 774 2652 843 pium,
2675 774 2846 841 inquit
2875 771 3160 834 Palladius,
3189 771 3461 826 ebriosum
3484 813 3503 838 ,
3532 771 3918 837 meretricium,
3948 784 4079 824 ava-

2486 879 2639 927 rum;
2672 874 2865 918 caetera
2893 876 3019 917 vero
3051 860 3253 916 referre
3275 860 3458 930 pudet.

2556 955 2666 1012 Sub
2720 954 2833 1009 haec
2874 963 3053 1010 autem
3120 952 3461 1009 Theotecnus
3515 952 3793 1023 presbyter
3849 952 4082 1006 Romam

2490 1048 2667 1109 venit,
2716 1046 2899 1099 literas
2921 1044 3152 1099 al'ferens
3178 1043 3363 1115 viginti
3393 1043 3629 1113 quinque
3657 1044 4033 1113 episcoporum
4060 1083 4084 1107 ,

2488 1138 2575 1205 qui
2613 1151 2732 1191 cum
2763 1136 2969 1192 Joanne
2993 1136 3062 1191 ad
3092 1134 3366 1207 Synodum
3407 1134 3782 1190 celebrandam
3811 1147 4083 1189 convene—

2489 1235 2608 1279 rant
2632 1225 2651 1296 (
2677 1224 2887 1280 Pallad.
2921 1223 3129 1296 Dialog.
3166 1227 3223 1296 ):
3252 1226 3404 1297 queis
3437 1224 3746 1281 Innocentio
3775 1224 3932 1295 Papa:
3958 1238 4087 1279 nar-

2488 1316 2676 1372 rabant
2714 1326 3017 1390 quo.pacto
3050 1318 3284 1374 Joannes
3330 1333 3361 1373 a
3404 1318 3633 1374 militum
3680 1334 3838 1373 manu
3873 1317 4087 1389 pulsus,

2488 1407 2757 1463 Cucusum
2787 1408 2838 1462 iu
2866 1408 3113 1463 exsilium
3143 1408 3339 1464 missus
3359 1407 3565 1464 fuisset.
3604 1408 3770 1464 Paulo
3790 1417 3911 1479 post
3938 1409 4093 1462 venit

2493 1498 2750 1555 Putemus
2778 1540 2794 1565 ,
2841 1500 2932 1570 qui
2954 1515 3012 1555 se
3040 1499 3650 1570 Constantinopolitanae
3675 1499 3934 1557 Ecclesia:
3961 1513 4093 1571 pre—

2490 1602 2765 1671 sbyterum
2793 1599 3024 1665 dicebat,
3049 1590 3378 1667 Joannisque
3404 1592 3653 1651 inimicus
3688 1610 3701 1648 :
3743 1591 3923 1649 literas
3951 1590 4093 1650 allec

2492 1695 2639 1746 rebat
2672 1690 2847 1746 Acacii
2874 1732 2888 1756 ,
2944 1689 3089 1744 Pauli
3123 1730 3137 1754 ,
3186 1686 3433 1743 Antiochi
3459 1695 3515 1742 et
3534 1686 3807 1742 Severiani
3833 1686 4094 1741 aliorum-

2492 1799 2595 1853 que
2620 1824 2636 1848 ,
2691 1782 2783 1853 qui
2822 1780 3080 1836 Joannem
3125 1778 3589 1834 calumniabantur
3616 1780 3765 1849 quasi
3795 1772 4096 1833 eecleSiam

2494 1873 2841 1929 incendisset.
2876 1872 3222 1928 Innocentius
3252 1885 3378 1926 vero
3404 1870 3508 1925 illis
3534 1869 3867 1941 respondere
3898 1870 4096 1942 digna-

2495 1975 2581 2021 tus
2608 1981 2713 2020 non
2742 1974 2845 2020 est.
2901 1965 3035 2019 'Post
3073 1964 3276 2033 aliquot
3310 1962 3426 2018 dies
3466 1962 3690 2018 Romam
3746 1964 3889 2018 venit
3925 1962 4101 2018 etiam

2493 2058 2747 2130 Cyriacus
2767 2058 3050 2127 episcopus
3076 2072 3140 2111 ex
3171 2055 3411 2123 Oriente,
3436 2056 3621 2127 pulsus
3643 2070 3739 2125 per
3762 2070 3882 2110 eam
3912 2055 4098 2125 legem

2496 2164 2615 2219 quae
2645 2149 2879 2205 ferebat:
2906 2148 2966 2203 Si
2993 2148 3105 2219 quis
3122 2164 3221 2202 non
3271 2147 3607 2202 communicat
3631 2163 3745 2201 cum
3771 2145 4096 2216 TheOphilo,

2498 2241 2707 2294 Arsacia
2734 2250 2780 2293 et
2810 2238 3124 2310 Porpltyrio,
3156 2240 3243 2295 ille
3269 2240 3473 2309 quidem
3493 2240 3785 2310 episcopatu
3807 2247 4051 2292 arceatur
4077 2279 4097 2303 ,

2498 2331 2649 2385 simul
2677 2331 2829 2384 etiam
2856 2331 3056 2384 antitlat
3086 2371 3100 2395 ,
3133 2332 3177 2385 si
3218 2347 3368 2400 quant
3404 2331 3539 2386 visus
3577 2329 3729 2398 fuerit
3761 2328 3942 2384 habere
3969 2329 4097 2383 sub-

2498 2425 2737 2481 stantiam
2780 2423 3110 2494 pecuniarum
3153 2433 3240 2477 aut
3284 2422 3609 2490 prtediorum.
3641 2421 3766 2476 Pest
3808 2421 4100 2491 (Syriacum

2498 2518 2713 2573 advenit
2757 2516 3007 2589 Eulysius
3032 2557 3046 2582 ,
3090 2524 3143 2571 et
3181 2514 3273 2569 alii
3312 2527 3524 2585 quoque
3556 2554 3571 2581 ,
3610 2511 3677 2569 de
3715 2512 3909 2584 quibus
3954 2512 4100 2570 infra

2502 2610 2875 2666 narrabimus:
2905 2624 3028 2664 nam
3077 2609 3333 2679 Cyriacus
3378 2607 3589 2662 nonnisi
3637 2622 3780 2663 anno
3806 2606 3909 2664 405
3931 2607 4103 2666 adve—

2503 2702 2646 2756 nisse
2676 2700 2864 2770 potuit.
2898 2699 3038 2754 Ante
3068 2698 3451 2769 profectionem
3481 2712 3606 2755 vero
3631 2714 3783 2756 suam
3816 2699 4104 2770 aliquanto

2502 2806 2742 2867 tempore
2770 2794 3231 2866 ConstantinOpoli
3257 2794 3449 2857 occulti
3486 2810 3751 2851 mansere.

2575 2887 2793 2943 Honorii
2816 2888 2955 2957 Imp.
2985 2889 3053 2941 ad
3076 2887 3354 2939 Arcadium
3381 2887 3559 2939 literae.
3577 2914 3649 2925 —
3671 2886 3783 2940 lloc
3810 2886 3923 2955 ipso
3950 2900 4105 2941 anno

2506 2982 2631 3049 404,
2667 2996 2767 3036 nec
2801 2980 2969 3035 multo
2987 2989 3107 3049 post
3132 2979 3341 3048 pulsum
3364 2977 3648 3044 Joannem,
3674 2977 3962 3043 Hottorius,
3994 2979 4104 3033 0c-

2505 3073 2731 3128 cidentis
2772 3070 3087 3141 Imperator,
3120 3070 3350 3124 Arcadio
3375 3068 3526 3124 fratri
3554 3082 3652 3123 suo
3676 3068 3920 3137 scripsit,
3948 3082 4016 3123 ac
4042 3085 4107 3123 se

2506 3180 2673 3233 nuper
2708 3163 2979 3233 accepisse
3007 3161 3136 3216 dicit
3162 3162 3212 3215 in
3242 3160 3327 3215 die
3356 3160 3414 3214 S.
3448 3157 3664 3214 Pascha:
3704 3158 3906 3230 (Cluys.
3946 3167 3987 3212 t.
4029 3165 4088 3220 ὅ.

2511 3271 2556 3308 c.
2590 3254 2737 3321 539),
2766 3256 2973 3311 clausas
3021 3254 3196 3310 subito
3246 3252 3410 3308 fuisse
3457 3250 3756 3307 Catholicas
3802 3253 4104 3313 ecciesias.

2506 3356 2681 3402 trusos
2709 3346 2761 3401 in
2790 3345 3091 3402 custodiam
3140 3343 3485 3408 sacerdotes,
3527 3344 3707 3399 omnia
3758 3343 4008 3398 bellicum
4048 3344 4106 3397 in

2507 3438 2723 3493 modum
2754 3438 2962 3493 turbata
2990 3438 3241 3509 mysteria
3267 3479 3281 3503 ,
3308 3435 3591 3490 nonnullos
3620 3434 3672 3489 in
3700 3434 3825 3504 ipsis
3856 3435 4109 3488 ecclesias

2505 3530 2753 3587 sacrariis
2778 3531 3123 3601 interemptos
3145 3529 3325 3591 fuisse.
3348 3529 3736 3598 episcoposque
3764 3529 3812 3580 in
3842 3528 4100 3581 exsilium

2507 3624 2707 3693 pulsos.
2752 3622 2807 3677 In
2834 3624 2949 3677 haec
2979 3631 3155 3675 autem
3181 3622 3269 3676 ille
3299 3618 3699 3675 vehementiore
3726 3619 3883 3689 stylo,
3921 3628 3974 3671 ut
4003 3636 4106 3687 par

2505 3725 2639 3779 erat,
2671 3714 2972 3776 invehitur;
3000 3713 3099 3768 sub
3128 3713 3286 3767 linem
3315 3726 3441 3767 vero
3472 3712 3642 3765 innuit
3674 3711 4099 3779 exSpectandam

2508 3806 2672 3861 fuisse
2700 3806 2857 3875 Papte
2887 3806 3256 3859 auctoritatem
3286 3845 3301 3870 ,
3326 3803 3412 3873 qui
3465 3802 3737 3871 pacificam
3764 3800 3957 3855 Joanni
3986 3803 4110 3870 cpi-

2509 3915 2671 3968 scttpo
2718 3899 3059 3955 concordiam
3094 3898 3329 3960 miserat,
3390 3910 3486 3949 nec
3528 3909 3848 3964 quemquam
3883 3895 4112 3961 putttbat

2509 4003 2631 4045 ante
2653 3991 2907 4061 judicium
2936 3990 3303 4059 repellendum
3332 4003 3471 4041 esse.
3508 3987 3815 4040 Periculum
3854 4001 3984 4038 vero
4016 3985 4107 4038 di-

2509 4081 2580 4133 cit
2623 4096 2741 4135 essc
2764 4120 2778 4147 ,
2812 4096 2888 4135 ne
2918 4080 2967 4135 id
3000 4081 3048 4134 in
3079 4078 3293 4133 humani
3326 4076 3539 4147 generis
3578 4076 3867 4146 perniciem
3901 4075 4107 4129 factum

2510 4171 2598 4225 sit.

2582 4259 2818 4313 Eudoxia
2843 4260 3067 4329 Augusta
3091 4257 3537 4313 moritura—Nihil
3560 4257 3612 4310 in
3647 4256 3761 4310 aula
3791 4256 4107 4312 Constanti-

2511 4355 2811 4431 nopqlitana
2826 4354 2945 4407 boni
2962 4361 3283 4423 pepererunt
3297 4351 3513 4406 llonorii
3532 4349 3763 4405 literm.A
3774 4349 3956 4402 readio
3973 4364 4113 4403 sem-

2510 4461 2603 4514 per
2632 4446 2809 4499 uxoris
2834 4454 2883 4499 et
2915 4446 3205 4499 aulicorum
3228 4452 3404 4511 optata
3436 4450 3692 4510 sequente
3722 4439 3958 4509 (Sozont.
3986 4439 4025 4492 ι.
4049 4441 4107 4495 8.

2511 4538 2653 4591 c.25.
2680 4537 2799 4591 Zos.
2831 4538 2868 4590 ι.
2899 4538 2977 4604 5).
3008 4535 3208 4590 Verum
3232 4537 3307 4588 ira
3330 4534 3666 4602 vindictaque
3693 4531 3869 4584 divina
3897 4533 4069 4585 sawiil
4091 4573 4109 4596 ,

2509 4644 2536 4679 a
2583 4628 2866 4697 multisque
2894 4627 3169 4680 observata
3193 4627 3321 4678 fuit:
3350 4640 3469 4676 nam
3490 4625 3589 4676 hoc
3618 4637 3757 4676 anno
3787 4621 4016 4674 Thracia
4053 4632 4114 4675 et

2510 4717 2776 4787 Illyricum
2814 4716 2880 4769 ab
2910 4715 3114 4769 llunnis
3136 4714 3404 4768 devastata
3443 4711 3623 4767 fuere:
3653 4721 3706 4766 ct
3731 4727 3836 4777 quo
3863 4720 4116 4780 tempore

2508 4809 2739 4863 Joannes
2754 4807 3065 4875 pellebatur,
3093 4806 3388 4861 Isaurorum
3410 4805 3630 4859 rebellio
3641 4803 4111 4871 ConstantinOpoli

2511 4900 2742 4953 nuntiata
2772 4898 2887 4964 fuit,
2926 4899 3013 4967 qui
3038 4899 3089 4950 in
3125 4898 3302 4951 Asiam
3321 4896 3575 4949 Minorem
3594 4895 3715 4958 etin
3736 4893 3944 4963 Syriam
3963 4895 4109 4947 mala

2511 4991 2785 5043 innumera
2817 4988 3059 5043 intulere.
3088 4988 3335 5059 Cyrinus,
3364 4983 3721 5039 Chalcedonis
3766 4984 4059 5051 episcopus
4088 5020 4100 5039 ς

2512 5094 2647 5134 unus
2670 5095 2735 5134 ex
2761 5078 3152 5134 ardentioribus
3180 5077 3399 5131 Joannis
3446 5076 3703 5138 inimicis,
3754 5072 3843 5144 qui
3864 5073 3915 5125 iu
3937 5086 4108 5141 caput

2509 5186 2694 5234 suum,
2723 5185 2777 5223 ut
2815 5183 2974 5238 supra
3021 5167 3247 5220 vidimus
3277 5207 3291 5227 .
3347 5166 3656 5235 sanguinem
3686 5163 3906 5218 Joannis
3954 5176 4097 5217 con-

2512 5261 2724 5328 tulerat,
2749 5276 2813 5316 ex
2844 5259 3032 5313 dolore
3072 5274 3195 5313 crus
3234 5258 3331 5311 sibi
3363 5256 3599 5311 exscindi
3647 5255 3831 5324 jubere
3872 5262 4103 5307 coactus

2510 5360 2594 5407 est
2618 5393 2633 5419 ,
2672 5360 2731 5404 nt
2756 5360 2939 5422 postea
2970 5349 3020 5403 in
3061 5347 3323 5402 diuturnis
3354 5344 3675 5401 cruciatibus
3704 5345 3846 5399 lente
3880 5346 4109 5412 periret.

2511 5442 2809 5511 Trigesitno
2830 5440 2914 5495 die
2930 5438 3258 5511 Septembris
3285 5436 3774 5506 Constantinopolis
3795 5445 3849 5488 et
3866 5434 4112 5487 circum-

2510 5537 2681 5606 posita
2722 5534 2869 5604 regio
2909 5534 3167 5603 grandine
3221 5531 3418 5599 ingenti
3450 5528 3642 5597 afflicta
3674 5528 3803 5581 fuit:
3848 5536 3901 5580 et
3948 5536 4113 5580 sexto

2510 5625 2756 5681 Octobris
2796 5624 2976 5679 infelix
3008 5622 3243 5677 Eudoxio
3276 5622 3326 5674 in
3355 5620 3542 5675 abortu
3573 5619 3749 5689 periit.
3793 5616 3917 5671 Haec
3946 5616 4111 5671 multi

2511 5719 2861 5773 observavere
2887 5759 2901 5783 ,
2944 5726 2995 5770 et
3024 5718 3118 5768 has
3159 5728 3343 5784 pinnas
3360 5712 3429 5767 ob
3451 5711 3697 5782 injustam
3726 5720 3779 5765 et
3808 5709 4112 5763 violentam

2510 5810 2731 5863 Joannis
2785 5808 3151 5879 expulsionctn
3180 5819 3207 5859 a
3243 5805 3348 5860 Deo
3382 5805 3607 5859 inﬂictas
3642 5813 3893 5873 putavere
3918 5799 4104 5869 (Socr-
