4276 6316
213 398 325 457 ΞἋ

219 514 266 563 ι.
301 511 350 564 6.
381 523 425 560 ι’.
458 503 524 559 19
542 502 582 572 ).
620 496 879 554 Arcadius
921 503 1096 548 tamen
1129 530 1144 555 ,
1187 497 1278 542 aut
1321 484 1496 557 potius
1535 481 1626 552 qui
1674 479 1816 532 illius

219 600 445 656 nomine
496 592 675 647 omnia
717 586 1133 644 moderabantur
1159 623 1174 648 ,
1215 581 1267 635 in
1313 587 1490 647 coepto
1517 574 1818 644 perstitere.

301 680 534 744 Joannes
556 697 683 738 vero
704 680 893 735 Nicaea:
921 677 973 732 in
999 673 1245 744 Bithynia
1282 671 1553 739 aliquanto
1581 675 1822 732 tempore

221 783 486 834 detentus
512 818 525 840 ,
557 789 620 830 ex
657 771 795 826 aeris
825 766 1140 824 salubritate
1165 760 1525 816 valetudinem
1549 768 1602 811 et
1626 768 1821 822 corpo-

221 872 306 924 ris
349 869 513 922 robur
548 868 916 932 consequutus
947 865 1072 921 est,
1113 863 1173 910 ut
1202 853 1315 923 ipse
1339 851 1466 905 dicit
1503 849 1552 901 in
1586 844 1822 914 Epistola

220 963 440 1016 decima
467 958 533 1012 ad
570 951 962 1026 Olympiadem,
985 963 1143 1018 quam
1179 943 1394 1014 scripsit
1419 937 1676 1010 postridie
1701 951 1824 1004 pro-

223 1055 473 1110 recturus
499 1049 794 1109 Cucusum,
820 1041 995 1098 exsilii
1025 1040 1226 1094 locum.
1259 1036 1450 1090 Milites
1476 1039 1654 1084 autem
1683 1028 1829 1080 Prae-

224 1143 379 1207 fecti,
411 1141 503 1211 qui
530 1139 679 1193 illum
712 1137 764 1190 in
793 1133 1041 1188 exsilium
1067 1127 1363 1188 ducebant,
1408 1121 1539 1176 nihil
1570 1135 1675 1173 non
1699 1131 1826 1186 age-

225 1233 366 1287 bant
397 1207 456 1285 ut
485 1230 636 1284 illum
668 1230 978 1281 recrearent
999 1235 1060 1274 ac
1091 1217 1404 1279 reﬁcerent,
1435 1212 1639 1280 ipsique
1669 1207 1828 1263 etiam

226 1324 391 1396 plura
419 1335 578 1392 quam
611 1317 773 1372 vellet
818 1311 993 1368 ofﬁcia
1043 1307 1388 1380 praestabant.
1423 1303 1626 1356 Rumor
1651 1298 1828 1352 statim

225 1393 458 1484 sparsus
482 1413 652 1468 fuerat
686 1411 858 1479 ipsum
883 1406 935 1460 in
964 1402 1240 1474 Scythiam
1269 1393 1661 1467 deportandum
1688 1405 1827 1484 esse.

238 1479 431 1559 Orlnio
460 1509 715 1556 statutum
761 1493 1161 1551 fuisse'videtur
1205 1491 1257 1544 in
1301 1484 1645 1556 lmperatoria
1687 1479 1830 1545 aula,

225 1594 368 1649 dicit
410 1593 501 1647 ille
539 1591 590 1645 in
623 1587 855 1659 Epistola
897 1584 1103 1639 decima
1150 1581 1339 1643 tertia,
1377 1585 1434 1630 ut
1478 1573 1786 1629 Sebasteam
1815 1584 1867 1633 ,-

233 1683 513 1739 Armenia:
535 1680 745 1744 urbem,
771 1676 1076 1731 exsulatum
1105 1671 1405 1725 mitteretur
1430 1681 1442 1718 :
1475 1663 1598 1727 sed,
1633 1668 1835 1715 mutato

231 1775 468 1831 consilio
491 1814 506 1840 ,
549 1771 814 1826 Cucusum
843 1765 1036 1820 missus
1074 1772 1194 1827 est,
1241 1761 1415 1814 locum
1447 1753 1715 1810 Armeniae
1745 1751 1838 1804 de—

228 1865 620 1921 sertissimum.
659 1860 777 1930 ipse
806 1872 933 1912 vero
975 1855 1268 1909 amicorum
1306 1848 1592 1903 multorum
1619 1855 1836 1913 operam

230 1959 597 2024 adhibuerat,
646 1953 778 2009 utin
802 1950 1068 2006 mitiorem
1105 1955 1160 2001 et
1197 1939 1631 2014 propinquiorem
1661 1935 1836 1988 locum

230 2050 562 2104 mitteretur.
593 2044 816 2107 Verum,
841 2054 939 2094 nec
967 2038 1082 2092 sine
1107 2034 1346 2106 querela,
1376 2030 1505 2086 dicit
1527 2029 1672 2098 ipsos
1699 2039 1837 2088 rem,

227 2153 401 2208 quam
433 2135 679 2191 scelerati
708 2131 870 2186 etiam
912 2127 1162 2182 homines
1200 2125 1489 2191 impetrant
1519 2160 1534 2183 ,
1577 2112 1836 2208 consequi

232 2203 350 2281 non
381 2225 641 2296 potuisse.
686 2220 1078 2290 lmperatricem
1106 2229 1236 2268 vero
1266 2211 1562 2266 Eudoxiam
1581 2221 1640 2261 se
1663 2203 1840 2259 Cucu-

235 2333 366 2373 sum
399 2314 783 2385 mittijussisse
829 2310 957 2364 dicit
992 2308 1054 2362 .in
1099 2304 1333 2376 Epistola
1393 2303 1494 2357 155
1546 2298 1612 2353 ad
1659 2296 1843 2368 Cyria-

231 2425 391 2464 cum.

315 2497 624 2569 Insequenti
654 2496 814 2566 igitur
843 2493 929 2549 die
958 2491 1375 2562 Chrysostomus
1395 2528 1408 2550 ,
1440 2482 1657 2539 Panemi
1687 2496 1841 2535 men-

230 2595 316 2645 sis
335 2597 546 2660 quarto,
562 2588 652 2658 qui
677 2585 876 2640 mensis
892 2580 1348 2638 PanemusJulius
1368 2586 1451 2632 est
1477 2575 1672 2644 (Epist.
1686 2572 1838 2641 22!),

234 2694 302 2737 ut
332 2682 516 2736 videas
545 2677 685 2748 apud
713 2675 947 2732 Selidam
976 2684 1030 2730 et
1058 2671 1356 2731 Usserium.
1385 2667 1562 2722 Nicaea
1585 2667 1635 2719 in
1655 2664 1844 2732 Bithy-

235 2775 332 2826 nia
364 2771 634 2838 profectus
659 2776 763 2822 est.
795 2765 1108 2834 Eodemque
1130 2763 1217 2816 die
1239 2759 1517 2828 epistolam
1537 2755 1750 2824 scripsit
1777 2753 1843 2807 ad

230 2860 621 2916 Constantium
651 2856 1044 2927 presbyterum,
1076 2852 1366 2906 cohortans
1408 2847 1556 2900 illum
1598 2855 1651 2897 ut
1682 2858 1748 2896 ne
1777 2858 1842 2897 ex

241 2947 530 3019 praesentis
559 2944 809 3016 procella:
839 2948 1155 3011 tempestate
1184 2944 1528 2992 amoveretur
1558 2931 1626 2986 ab
1670 2930 1847 2984 ofﬁcio

241 3050 303 3095 et
330 3055 361 3093 a
388 3054 448 3094 re
476 3045 722 3107 suscepta
749 3074 764 3100 ,
797 3033 890 3088 sed
929 3047 1027 3102 pro
1050 3045 1198 3086 more
1228 3042 1326 3082 suo
1354 3040 1447 3081 eos
1475 3065 1489 3089 ,
1534 3023 1621 3092 qui
1671 3021 1848 3074 adhuc

243 3132 562 3188 Graecorum
588 3124 974 3196 superstitioni,
1003 3137 1096 3176 seu
1121 3117 1454 3181 idololatriae,
1478 3113 1642 3169 dediti
1669 3120 1844 3176 erant,

243 3225 316 3277 ad
345 3215 878 3276 ﬁdemCm-istianam
903 3222 1218 3269 convertere
1249 3215 1512 3279 pergeret,
1543 3214 1598 3260 et
1629 3204 1846 3273 impiam

246 3313 565 3381 religionem
587 3306 988 3369 exterminaret,
1017 3313 1175 3372 atque
1204 3299 1523 3364 Phrenicite,
1558 3295 1768 3350 Arabiae
1795 3301 1852 3347 et

244 3402 488 3458 Orientis
513 3399 870 3454 Eeclesiarum
899 3411 1080 3453 curam
1102 3401 1316 3464 gereret
1343 3407 1356 3444 :
1388 3390 1621 3458 dicitque
1658 3402 1716 3441 se
1744 3401 1848 3439 non

248 3493 608 3555 Sebasteam,
657 3497 712 3541 ut
749 3486 1002 3557 putabat,
1047 3485 1142 3539 sed
1185 3482 1454 3537 Cucusum
1502 3481 1554 3533 in
1601 3477 1849 3532 exsilium

250 3584 411 3638 mitti.
449 3581 505 3636 In
551 3580 657 3634 ﬁne
689 3594 825 3633 vero
845 3578 948 3642 ait,
983 3576 1091 3631 sibi.
1125 3583 1248 3629 ante
1288 3572 1676 3643 profectionem
1708 3584 1852 3624 curae

249 3673 440 3738 fuisse,
476 3678 535 3725 ut
560 3685 590 3723 e
623 3668 891 3724 Salamina
916 3666 1077 3738 Cypri
1101 3663 1332 3719 hieresin
1364 3661 1848 3720 Marcionistarum,

248 3780 376 3833 qua:
425 3763 496 3816 ibi
539 3759 880 3830 grassabatur
907 3799 922 3823 ,
955 3757 1274 3812 eliminaret.
1326 3753 1380 3809 Si
1424 3766 1554 3807 vero
1601 3751 1854 3820 Cyriacus

252 3855 542 3923 epise0pus
575 3850 748 3904 adhuc
789 3846 1252 3916 Constantitmpoli
1293 3845 1400 3910 sit,
1449 3841 1649 3897 scribat
1694 3842 1765 3894 illi
1800 3850 1857 3893 ut

249 3952 447 4016 pergat
471 3958 532 3996 ea
563 3941 821 4010 perﬁcere
846 3981 861 4006 ,
909 3954 1028 4009 qtue
1070 3938 1186 4006 ipse
1233 3949 1516 4005 aggressus
1539 3932 1730 3987 fuerat.
1767 3932 1856 3986 Sic

251 4032 633 4087 sanctissimus
656 4030 744 4084 ille
773 4030 874 4094 vir,
900 4027 1154 4083 aerumnis
1185 4025 1418 4095 undique
1447 4022 1814 4092 prementibus
1838 4065 1852 4085 ,

250 4123 519 4194 augendae
551 4125 602 4176 in
632 4120 860 4175 diversis
895 4114 1202 4187 regionibus
1226 4116 1546 4170 Christianae
1574 4113 1650 4168 rei
1673 4128 1854 4167 curam

254 4227 536 4284 nunquam
569 4210 896 4280 deponebat.
930 4209 1226 4279 Epistolam
1255 4221 1385 4262 vero
1404 4205 1471 4261 ad
1503 4205 1856 4274 TlieOphilum

256 4307 545 4374 scripsisse
595 4313 809 4372 putatur
839 4301 1032 4370 (Epist.
1065 4300 1213 4369 119),
1246 4315 1367 4353 cum
1391 4298 1562 4352 Niema
1594 4296 1860 4366 profectus

257 4407 434 4462 esset,
468 4406 522 4449 ut
544 4393 810 4448 Cucusum
833 4392 1181 4447 contenderet
1205 4433 1220 4458 ,
1247 4391 1594 4461 hortaturque
1627 4388 1773 4441 illum
1806 4397 1861 4441 ut

262 4496 459 4558 pergat
491 4484 725 4556 pericula
769 4484 948 4538 subire
988 4492 1042 4537 et
1088 4492 1304 4537 strenue
1344 4496 1502 4551 agere
1534 4499 1545 4532 :
1591 4494 1690 4534 nec
1719 4479 1862 4533 clare

261 4578 399 4632 dicit
431 4577 626 4646 quibus
661 4575 748 4628 ille
779 4574 937 4628 rebus
975 4583 1100 4627 tunc
1139 4588 1356 4642 operam
1396 4571 1565 4625 daret.
1623 4570 1861 4625 Alteram

261 4669 389 4738 ejus
431 4667 496 4721 ad
531 4665 887 4734 Theophilum
940 4664 1219 4734 epistolam
1265 4663 1523 4717 habemus
1555 4703 1567 4725 ,
1612 4662 1862 4730 scriptum

265 4769 551 4831 postquam
574 4757 840 4812 Cucusum
871 4756 1196 4810 advenisset.

348 4849 478 4903 Cum
508 4847 810 4902 Cazsaream
843 4845 895 4899 in
935 4845 1268 4914 Cappadocia
1293 4887 1306 4910 ,
1355 4844 1526 4897 Nicwa
1559 4843 1828 4912 profectus
1850 4883 1862 4904 .

268 4943 580 5008 duceretur,
609 4939 910 5009 Olympiadi
939 4939 1152 5007 scripsit
1200 4935 1392 5006 (Epist.
1427 4934 1536 5006 11),
1567 4945 1616 4988 et
1649 4934 1862 5005 quidem

274 5033 438 5103 paulo
465 5040 744 5100 postquam
777 5029 876 5083 iter
898 5028 1024 5083 illud
1054 5036 1398 5096 susceperat,
1427 5041 1547 5081 cum
1572 5026 1746 5081 adhuc
1772 5041 1865 5079 va-

275 5122 514 5180 letudine
540 5122 629 5175 illa
658 5162 672 5187 ,
703 5135 862 5190 quam
893 5119 1082 5173 Nietetc
1109 5127 1518 5188 recuperaverat
1543 5157 1557 5180 ,
1605 5126 1661 5172 et
1703 5117 1868 5171 animi

274 5216 544 5271 hilaritate
571 5214 855 5268 frueretur.
890 5211 964 5266 Ea
996 5226 1159 5275 vero,
1201 5226 1319 5279 quae
1350 5209 1415 5264 de
1440 5208 1681 5264 Przefecti
1723 5208 1869 5262 mili-

281 5310 446 5374 tibus,
472 5307 566 5378 qui
590 5321 649 5362 se
677 5307 727 5360 in
751 5305 996 5359 exsilium
1019 5304 1318 5368 ducebant,
1354 5302 1439 5358 hic
1467 5311 1701 5367 enarrat,
1736 5317 1869 5372 pra:-

279 5399 621 5455 termittenda
647 5413 751 5453 non
775 5397 1020 5451 duximus
1056 5414 1068 5448 :
1119 5414 1136 5446 ι
1181 5397 1352 5464 Atque
1375 5393 1614 5449 Prtefecti
1647 5394 1865 5457 milites,

283 5493 475 5560 inquit,
500 5492 533 5545 ii
561 5490 650 5559 qui
689 5489 963 5543 nobiscum
989 5487 1391 5556 peregrinantur
1416 5527 1428 5548 ,
1465 5487 1532 5539 ita
1560 5501 1658 5539 nos
1682 5485 1872 5539 ofﬁciis

284 5591 713 5649 prosequuntur,
755 5589 809 5632 ut
854 5594 917 5632 ne
958 5578 1272 5631 famulorum
1301 5575 1513 5646 quidem
1541 5591 1758 5646 operam
1781 5591 1870 5629 re-

284 5672 496 5739 quirere
527 5685 626 5725 nos
650 5670 824 5723 sinaut
846 5708 862 5733 ,
906 5683 1027 5724 cum
1057 5668 1153 5737 ipsi
1176 5668 1491 5722 famulorum
1525 5668 1702 5720 munia
1730 5682 1875 5720 exse-

287 5771 541 5828 quantur.
581 5761 790 5816 Etenim
823 5776 917 5831 pro
942 5777 1036 5815 δυο
1072 5775 1194 5830 erga
1223 5775 1319 5813 nos
1345 5773 1524 5813 amore
1556 5757 1654 5812 hoc
1682 5773 1874 5814 munus

1431 363 1609 420 NUNC
1653 359 1910 420 PRIMUM
1951 361 1992 417 Α
2004 358 2348 416 ὓΟίὶΝᾹΤΛ.

3401 351 3512 408 sua

1931 483 1984 527 et
2011 473 2306 542 iussionem
2339 470 2746 540 praeripuerunt.
2779 476 2950 536 atque
2993 466 3189 536 ubique
3216 465 3513 520 satellitum

1929 580 2092 618 manu
2119 565 2380 632 cingimur
2401 603 2413 626 ,
2448 574 2770 630 unoquoque
2801 556 3052 613 videlicet
3093 557 3319 629 hujusce
3360 558 3521 612 mini-

1929 656 2076 709 sterii
2109 654 2323 708 nomine
2345 669 2401 706 se
2432 652 2643 706 beatum
2669 649 3013 720 przedicante.
3048 667 3067 700 ι

2003 744 2392 814 Clirysostoums
2416 743 2697 796 Cresco-eam
2729 741 2779 796 in
2801 739 3128 811 Cappadocia
3153 742 3301 794 venit.
3331 770 3401 779 —
3422 740 3524 793 Va-

1933 835 2169 892 letudine
2195 835 2333 890 bona
2365 834 2641 889 fruebatur
2666 834 2755 888 ille
2778 833 2968 904 (Epist.
3001 832 3148 904 120),
3179 833 3393 904 quando
3430 833 3526 888 Ni-

1933 942 2040 981 cma
2070 927 2336 996 profectus
2365 937 2446 981 est
2472 945 2486 992 ;
2516 927 2608 980 sed
2633 941 2753 981 cum
2782 927 2896 980 dies
2922 937 3210 996 noctesque
3232 928 3332 980 iter
3355 926 3528 981 facere

1933 1013 2214 1088 cogeretur
2236 1061 2249 1085 ,
2284 1021 2355 1074 ita
2383 1029 2518 1074 utet
2545 1029 2677 1074 aestu
2716 1034 3006 1090 oppressus
3029 1059 3045 1086 ,
3077 1029 3130 1073 et
3172 1021 3367 1090 vigiliis
3395 1037 3528 1074 eon-

1935 1109 2140 1176 fectus,
2172 1121 2226 1166 et
2253 1125 2429 1166 rerum
2465 1111 2892 1166 necessariarum
2925 1113 3144 1179 penuria
3169 1126 3407 1180 pressus,
3439 1113 3532 1168 illo

1937 1212 2220 1272 pergeret,
2250 1217 2349 1256 nec
2376 1201 2629 1258 adessent
2671 1201 2761 1271 qui
2793 1209 3009 1271 possent
3041 1201 3186 1255 illttm
3212 1202 3404 1272 juvare
3432 1220 3446 1268 ;
3479 1206 3529 1258 in

1937 1291 2126 1346 febrim
2171 1292 2406 1346 incidit:
2452 1301 2614 1361 atque
2663 1291 2749 1358 iis,
2796 1291 3003 1360 inquit,
3059 1293 3148 1362 qui
3198 1292 3268 1346 ad
3319 1295 3531 1348 metalla

1939 1384 2265 1439 damnantur
2287 1426 2302 1453 ,
2335 1384 2417 1440 vel
2447 1384 2539 1455 qui
2581 1384 2636 1438 in
2683 1382 2912 1438 vinculis
2963 1393 3211 1441 tenentur
3237 1387 3531 1455 ..8raviora

1939 1485 1994 1531 et
2045 1477 2310 1530 atrociora
2359 1476 2578 1546 pertulit
2603 1475 2794 1546 (Epist.
2825 1476 2935 1546 lt).
2961 1478 3260 1547 Antequam
3311 1495 3436 1532 vero
3481 1480 3532 1534 iu

1938 1568 2332 1636 Cappadociam
2361 1567 2690 1637 perveniret,
2729 1568 2988 1643 liberatus
3015 1567 3112 1622 fuit
3141 1585 3169 1621 a
3193 1571 3374 1624 Galata
3403 1611 3417 1635 ,
3451 1571 3533 1625 iu-

1941 1659 2088 1727 quit,
2117 1659 2205 1727 qui
2240 1668 2466 1712 mortem
2498 1658 2599 1712 sibi
2629 1657 3011 1724 minitabatur;
3040 1657 3286 1713 videlicet
3309 1675 3335 1711 a
3366 1659 3538 1713 Leon-

1947 1750 2016 1801 tio
2037 1790 2054 1815 ,
2087 1750 2314 1820 Ancyrze
2345 1749 2396 1803 in
2424 1748 2631 1804 Galatia
2675 1753 2932 1819 episcopo
2953 1791 2968 1816 ,
2999 1749 3085 1820 qui
3130 1751 3267 1804 inter
3292 1752 3538 1820 primipi-

1944 1843 2083 1898 lares
2112 1842 2484 1913 Chrysostomi
2522 1843 2768 1898 inimicos
2809 1843 3059 1912 princeps
3093 1853 3230 1898 erat.
3259 1843 3362 1898 Sed
3405 1859 3512 1898 nun

1947 1935 2132 1990 tiatum
2183 1935 2260 1990 illi
2313 1936 2411 1988 fuit
2456 1934 2831 2001 Pharetrlum,
2873 1935 3133 1990 Caesarea:
3187 1936 3535 2005 episc0puin,

1948 2024 2122 2093 ipsum
2153 2034 2468 2094 exspectare
2489 2065 2503 2090 ,
2533 2034 2588 2078 ut
2621 2025 2736 2094 ipse
2776 2040 2937 2080 omne
2981 2025 3221 2081 caritatis
3265 2028 3538 2095 specimen

1946 2114 2248 2172 exhiberet.
2277 2115 2371 2172 llle
2397 2130 2528 2171 vero
2578 2116 2644 2170 iis
2686 2115 2843 2170 ﬁdem
2875 2131 2986 2170 non
3013 2116 3197 2171 habuit
3218 2158 3232 2181 ,
3266 2118 3372 2172 imo
3410 2133 3540 2173 con-

1949 2206 2117 2261 traria-
2174 2207 2274 2261 sibi
2324 2215 2581 2262 eventura
2638 2208 2874 2276 putabat.
2944 2206 3291 2278 Tandemque
3356 2208 3541 2263 (ἐπιδει-

1949 2314 2096 2353 ream
2140 2299 2192 2352 in
2217 2298 2555 2369 Cappadocia
2583 2341 2597 2365 ,
2630 2299 2852 2369 perinde
2884 2309 3042 2370 atque
3084 2316 3115 2354 a
3145 2310 3458 2366 tempestate
3492 2305 3542 2356 in

1949 2391 2310 2460 tranquillum.
2341 2399 2551 2459 portum
2595 2391 2858 2461 pervenit.
2888 2389 3069 2460 Neque
3090 2391 3276 2449 statim
3305 2394 3477 2462 potuit
3516 2410 3543 2446 a

1951 2481 2112 2534 tantis
2142 2481 2303 2534 malis
2325 2481 2557 2536 recreari
2582 2498 2596 2532 :
2628 2479 2722 2535 sed
2753 2489 2928 2535 tamen
2969 2481 3206 2535 animum
3235 2483 3544 2552 resumpsit,

1953 2573 2075 2642 quia
2125 2587 2311 2642 puram
2356 2587 2550 2643 aquam
2597 2571 2770 2636 bibit,
2810 2587 3004 2642 panem
3049 2587 3155 2627 non
3207 2573 3448 2630 ftetidum
3495 2586 3550 2629 et

1950 2665 2144 2720 durum
2171 2707 2186 2732 ,
2214 2674 2272 2720 ut
2308 2673 2454 2731 ante,
2482 2664 2750 2729 comedit,
2782 2663 2993 2719 balneis
3037 2675 3312 2720 recreatus
3341 2675 3424 2720 est
3449 2708 3462 2730 ,
3495 2674 3551 2720 et

1954 2758 2007 2811 in
2037 2757 2179 2812 lecto
2229 2756 2574 2812 recumbendi
2630 2763 2949 2826 potestatem
3000 2756 3188 2810 habuit
3219 2755 3548 2828 (Epist.H).

1953 2847 2189 2917 Eratque
2221 2848 2271 2901 in
2299 2848 2416 2916 ipso
2447 2847 2690 2902 tertiana:
2717 2846 2884 2902 febris
2910 2847 3123 2912 ardore,
3154 2848 3552 2920 hospitiumque

1956 2939 2138 2994 habuit
2185 2939 2237 2992 in
2287 2947 2530 2994 extremo
2576 2939 2723 2994 urbis
2755 2953 2992 2996 recessu.
3011 2939 3159 2994 Tum.
3189 2956 3314 2994 vero
3362 2940 3546 2995 clerici

1953 3043 2162 3092 omnes,
2197 3027 2427 3097 populus
2447 3069 2463 3094 ,
2493 3028 2741 3083 monachi
2767 3068 2781 3092 ,
2813 3027 3117 3095 monacbar,
3149 3029 3339 3086 medici
3366 3029 3551 3084 adfue-

1955 3127 2111 3184 runt,
2129 3134 2155 3171 a
2187 3119 2380 3188 quibus
2409 3133 2664 3188 perquam
2692 3117 2933 3174 ofﬁciose
2951 3130 3209 3191 exceptus
3235 3120 3351 3186 fuit,
3378 3122 3555 3174 omni-

1955 3208 2055 3263 bus
2084 3209 2461 3263 famulantibus
2485 3218 2536 3262 et
2569 3210 2869 3264 necessaria
2901 3225 3124 3279 quaeque
3168 3211 3268 3280 ipsi
3298 3212 3554 3267 submini-

1962 3299 2278 3354 strantibus.
2310 3299 2458 3354 Tunc
2487 3309 2666 3355 autem
2697 3300 2896 3370 ingenti
2928 3301 3155 3356 flammae
3182 3302 3372 3356 ardore
3396 3303 3554 3356 deﬂa-

1961 3403 2151 3458 grans,
2185 3389 2237 3443 in
2271 3400 2514 3444 extremo
2543 3390 2780 3459 periculo
2808 3391 3122 3445 versabatur
3152 3409 3164 3443 :
3194 3391 3404 3446 demum
3430 3409 3557 3460 pau-

1960 3480 2107 3535 latim
2140 3480 2414 3535 remittere
2446 3495 2507 3535 ac
2543 3480 2721 3534 sedari
2765 3481 2986 3536 morbus
3027 3483 3207 3550 carpit.
3253 3482 3559 3538 Pharezrius

1959 3587 2088 3627 vero
2108 3614 2121 3637 ,
2151 3573 2240 3642 qui
2272 3581 2348 3626 tot
2376 3572 2609 3627 venienti
2640 3572 2865 3627 ofﬁciosi
2891 3573 3060 3627 animi
3082 3575 3230 3643 signa
3256 3573 3371 3627 dari
3399 3589 3557 3627 cura-

1961 3674 2130 3732 verat,
2160 3680 2446 3734 numquam
2478 3665 2795 3733 comparuit,
2822 3665 2930 3718 imo
2956 3663 3072 3719 dira
3104 3664 3479 3730 meditabatur,
3502 3675 3560 3719 ut

1960 3757 2279 3812 videbimus.
2314 3756 2792 3812 Priestantissimos
2821 3764 2999 3810 autem
3029 3755 3100 3809 ibi
3148 3755 3559 3811 celeberrimos.

1961 3865 2065 3920 que
2093 3849 2327 3904 medicos
2350 3849 2532 3903 habuit
2565 3848 2752 3918 (Epist.
2776 3847 2889 3917 1‘2),
2912 3862 2942 3900 a
2962 3847 3154 3917 quibus
3172 3862 3277 3901 non
3303 3857 3407 3900 tam
3432 3848 3561 3902 artis

1963 3940 2215 3994 subsidiis
2239 3983 2251 4004 ,
2277 3955 2436 4010 quam
2475 3939 2944 3994 commiseratione
2974 3947 3025 3993 et
3065 3937 3298 3992 amicitia
3342 3939 3562 3992 curaha-

1965 4039 2068 4084 tur.
2093 4031 2331 4098 Quorum
2363 4030 2524 4083 etiam
2575 4043 2747 4093 unus,
2786 4043 2892 4097 quo
2923 4028 3010 4082 ille
3053 4037 3238 4096 postea
3269 4043 3480 4097 semper
3512 4044 3566 4084 et

1965 4121 2173 4176 medico
2216 4131 2270 4175 et
2298 4121 2471 4175 amico
2518 4134 2645 4173 usus
2672 4129 2754 4174 est
2776 4162 2788 4181 ,
2821 4133 3001 4173 secum
3049 4118 3411 4188 profecturum
3443 4136 3564 4176 esse

1965 4212 2271 4282 spopondit,
2304 4212 2538 4281 itemque
2591 4211 2677 4264 alii
2720 4210 3024 4279 complures
3053 4225 3237 4265 eorum
3265 4211 3355 4281 qui
3394 4211 3563 4280 digni-

1969 4312 2074 4358 tate
2099 4304 2391 4373 pollebant.

2040 4397 2193 4452 Illum
2220 4397 2488 4451 visitatum
2520 4396 2665 4450 venit
2687 4395 2850 4449 frater
2882 4395 3093 4449 Maximi
3117 4395 3377 4463 episc0pi,
3409 4410 3565 4462 aquo

1968 4505 2025 4543 se
2067 4488 2318 4558 sperabat
2359 4487 2544 4542 literas
2588 4496 2932 4556 accepturum
2963 4485 3293 4557 Olympiadis
3320 4495 3371 4539 et
3405 4485 3565 4554 Tigrii

1970 4579 2290 4650 presbyteri.
2325 4579 2519 4633 Verum
2547 4577 2822 4647 respoodit
2864 4577 2985 4641 ille,
3019 4593 3076 4630 se
3117 4577 3298 4630 literas
3330 4577 3557 4646 pustulae

1971 4671 2131 4737 visse,
2165 4668 2258 4725 sed
2293 4669 2542 4724 abnuisse
2582 4669 2720 4723 illos.
2754 4668 2897 4722 Binis
2944 4669 3270 4737 interpositis
3312 4678 3432 4736 post
3472 4669 3568 4725 ad-

1972 4770 2189 4815 ventum
2219 4761 2362 4815 illius
2388 4759 2574 4814 diebus
2598 4758 2876 4827 epistolam
2912 4759 3054 4812 misit
3082 4757 3146 4812 ad
3173 4757 3561 4831 Olympiadem,

1972 4866 2129 4921 quam
2165 4852 2335 4920 primo
2358 4851 2426 4903 de
2453 4851 2694 4903 restituta
2720 4848 3023 4902 valetudine
3052 4864 3145 4902 sua
3174 4848 3460 4905 certiorem
3493 4849 3569 4901 fa-

1973 4948 2065 5009 cit,
2098 4942 2271 5012 deque
2298 4942 2526 4995 adventu
2555 4941 2731 4994 fratris
2755 4941 2814 4995 Β.
2844 4941 3055 4995 Maximi
3089 4942 3320 5011 episc0pi
3345 4985 3358 5008 ,
3387 4942 3569 5010 objur-

1972 5042 2165 5104 gatque
2188 5034 2334 5087 illam
2359 5032 2500 5102 quod
2530 5032 2707 5090 literas
2729 5032 2794 5085 ad
2826 5048 2884 5087 se
2911 5049 3015 5087 non
3049 5034 3274 5099 miserit,
3304 5044 3363 5087 et
3386 5034 3453 5088 de
3478 5035 3568 5088 ’11-

1974 5125 2090 5192 grio
2132 5139 2343 5193 quoque
2383 5123 2569 5177 eadem
2621 5123 2687 5177 de
2732 5139 2890 5177 causa
2931 5126 3298 5194 conqueritur.
3333 5127 3410 5180 De
3457 5127 3575 5179 loco

1979 5215 2150 5268 exsilii
2183 5215 2261 5267 sui
2296 5214 2550 5268 mutando
2579 5230 2645 5268 ne
2674 5215 2810 5271 ultra
2836 5226 3020 5280 curet,
3053 5225 3108 5272 et
3147 5233 3217 5272 ne
3255 5218 3388 5273 alios
3426 5219 3491 5273 ad
3527 5221 3576 5273 id

1979 5303 2352 5372 postulandum
2385 5303 2635 5357 adhibeat
2677 5303 2860 5366 edicit,
2897 5308 3184 5375 paucisque
3213 5307 3277 5361 de
3317 5307 3577 5377 Pergami

1976 5395 2250 5448 Sororibus
2275 5436 2288 5459 ,
2322 5404 2374 5448 et
2404 5397 2471 5449 de
2496 5395 2723 5465 Cyriaco
2747 5397 2999 5465 episeopo
3030 5396 3222 5451 additis
3249 5440 3262 5464 ,
3297 5399 3578 5466 epistolam

1978 5487 2194 5541 claudit.
2226 5487 2487 5541 Caesarea:
2527 5503 2658 5542 cum
2678 5497 2820 5545 esset
2845 5528 2861 5552 ,
2901 5488 2965 5540 ad
2991 5487 3328 5542 Theodoram
3370 5504 3579 5558 quoque

1979 5578 2194 5645 scripsit
2223 5576 2414 5645 (Epist.
2447 5577 2595 5649 120),
2629 5587 2682 5632 et
2727 5594 2845 5648 qua:
2884 5578 2983 5632 sibi
3035 5578 3086 5632 in
3138 5579 3218 5631 via
3276 5578 3581 5633 acciderant

1981 5669 2158 5735 paucis
2190 5668 2435 5736 patefecit
2461 5686 2471 5720 :
2505 5668 2572 5724 de
2600 5670 2684 5723 illa
2713 5671 2870 5724 etiam
2901 5671 3248 5740 conqueritur
3270 5671 3433 5741 quod,
3460 5688 3578 5726 cum

1977 5761 2085 5828 jam
2119 5772 2360 5828 quartam
2391 5762 2470 5816 vol
2502 5762 2736 5830 quintam
2770 5763 3046 5831 epistolam
3079 5763 3144 5817 ad
3179 5765 3344 5834 ipsum
3375 5765 3577 5822 miserit
