4276 6316
642 310 766 367 2‘23

661 427 851 499 (Epist.
877 422 1022 493 121),
1045 436 1199 475 uuam
1226 426 1428 471 tantum
1451 415 1516 467 ab
1540 413 1623 465 illa
1646 404 2236 499 :lCt‘CpCI‘IHEpt'SLigj.

727 519 983 572 Caesareae
1024 514 1180 566 etiam
1212 509 1449 575 recipere
1495 504 1663 573 potuit
1709 500 1985 569 epistolam
2024 496 2235 557 Arabii,

660 609 754 661 viri
783 607 882 660 sibi
915 598 1284 664 addictissimi,
1313 597 1464 664 cujus
1504 608 1636 646 uxor
1660 587 1957 661 Olympiadi
1995 584 2160 638 amica
2190 592 2242 635 ct

657 696 939 753 familiaris
965 702 1097 747 erat.
1127 690 1175 743 Is
1198 704 1316 742 cum
1347 695 1553 757 putaret
1580 684 1726 735 illum
1757 682 1805 731 iu
1839 677 2080 732 exsilium
2103 673 2238 727 mitti

652 793 933 852 Sebastiani,
958 783 1271 839 obsecrabat
1306 782 1453 834 illum
1506 788 1558 830 ut
1602 778 1651 829 in
1675 774 1881 827 a-dibns
1934 771 2043 826 suis
2082 768 2237 822 inilla

650 882 783 936 urbe
811 879 929 933 sitis
959 876 1114 931 sedes
1138 880 1377 944 poneret.
1411 868 1701 937 ReSpoudit
1732 866 1802 918 illi
1824 864 2238 933 Chrysostounis

651 972 824 1025 exsilii
855 971 934 1023 Siti
985 969 1157 1022 locum
1200 981 1302 1017 nou
1348 962 1643 1019 Sebasten,
1681 957 1771 1011 sed
1814 956 2080 1010 Cucusum
2122 966 2239 1004 esse

653 1063 849 1133 (Epist.
880 1062 1024 1129 121).

722 1154 856 1207 Cum
890 1165 1016 1220 ergo
1060 1149 1291 1203 Joannes
1334 1144 1577 1198 morbum
1618 1139 1815 1195 sensim
1870 1136 2147 1191 remissum
2187 1139 2240 1184 ct

654 1244 893 1299 sedatum
937 1255 1056 1295 esse
1096 1238 1338 1298 videret,
1372 1234 1439 1287 de
1470 1233 1709 1286 discessu
1758 1226 2025 1297 cogitabat
2053 1231 2111 1277 ut
2135 1221 2239 1275 Cu-

654 1350 839 1390 cusum
889 1338 1121 1402 peteret,
1162 1336 1320 1396 atque
1365 1325 1432 1378 ab
1489 1322 1695 1378 itineris
1724 1318 1976 1375 aerumnis
2026 1313 2237 1369 tandem

653 1426 972 1496 quiesceret.
1006 1420 1203 1475 Verum
1244 1418 1420 1473 subito
1461 1415 1735 1469 nuntiatur
1765 1411 1974 1465 Isauros
2006 1422 2126 1463 cum
2154 1405 2237 1460 in-

654 1530 874 1571 numera
902 1513 1176 1567 hominum
1228 1523 1387 1563 manu
1413 1505 1799 1561 Caesariensem
1838 1515 2023 1570 agrum
2069 1511 2238 1566 popu-

656 1607 786 1672 lari,
830 1615 988 1673 atque
1025 1616 1271 1671 magnum
1320 1597 1583 1667 quoddam
1632 1592 1883 1663 oppidum
1941 1589 2241 1644 incendisse

654 1714 771 1753 cum
802 1694 997 1765 ingenti
1024 1693 1193 1747 clade.
1224 1690 1335 1758 Qua
1367 1705 1424 1743 re
1452 1686 1628 1741 audita
1673 1686 1913 1738 tribunus
1943 1696 2063 1735 eum
2095 1678 2238 1732 mili-

654 1789 795 1842 tibus
820 1785 1065 1839 omuibus
1094 1782 1206 1836 suis
1249 1780 1378 1835 urbe
1416 1778 1683 1833 excessit:
1714 1774 1971 1830 timebant
1998 1772 2141 1826 enim
2173 1785 2240 1823 ne

654 1877 843 1933 urbem
863 1888 1075 1944 quoque
1096 1871 1455 1925 adorirentur.
1488 1866 1687 1922 Omnes
1718 1867 1769 1919 in
1809 1872 1953 1918 metu
1982 1872 2036 1916 et
2079 1861 2240 1930 trepi-

653 1967 869 2021 datione
899 1972 1088 2026 erant,
1122 1962 1187 2016 de
1230 1961 1346 2029 ipso
1390 1973 1598 2028 quoque
1644 1957 1812 2024 patrio
1852 1954 1968 2009 solo
2016 1951 2231 2021 pericli-

656 2066 867 2121 tantes;
900 2054 1033 2108 adeo
1065 2059 1121 2106 ut
1149 2066 1306 2106 senes
1327 2050 1484 2105 etiam
1518 2048 1614 2117 ipsi
1648 2060 1917 2101 murorum
1941 2043 2236 2098 custodiam

655 2149 1003 2216 susciperent.

734 2237 1027 2290 Pharetrius
1051 2234 1301 2288 Joannem
1333 2250 1421 2300 per
1447 2232 1717 2284 monac/tos
1739 2227 1971 2283 Cwsarea
2003 2227 2121 2295 pelli
2137 2226 2237 2294 jn-

653 2329 749 2382 ιρι.
777 2356 849 2366 -
878 2326 1182 2379 Pharetrius
1211 2340 1359 2387 vero,
1391 2322 1477 2391 qui
1512 2321 1714 2390 pridem
1749 2317 2129 2372 benevolentia:
2161 2316 2236 2367 si-

652 2434 756 2488 gna
780 2418 970 2473 Joauni
996 2416 1216 2470 dederat
1239 2413 1432 2483 (Epist.
1460 2414 1545 2481 li)
1567 2453 1581 2477 ,
1615 2426 1772 2481 quem
1815 2409 2238 2478 proﬁciscentem

656 2510 1007 2571 invitaverat,
1033 2507 1142 2576 jam
1183 2506 1330 2559 illum
1363 2504 1603 2558 Caesarea
1642 2502 1840 2570 pellere
1874 2499 2191 2553 moliebatur
2220 2515 2233 2561 ;

655 2600 843 2653 mutati
867 2606 1042 2651 autem
1070 2596 1230 2649 animi
1253 2610 1467 2649 causam
1492 2593 1652 2648 fuisse
1680 2592 1977 2660 suspicatur
2002 2591 2237 2645 Joannes

656 2688 903 2744 invidiam
959 2702 1138 2740 unam.
1183 2684 1316 2739 Cum
1373 2683 1575 2737 videret
1629 2697 1815 2737 omnes
1867 2681 1933 2735 ad
1980 2680 2238 2735 Joannem

654 2778 961 2841 conﬂuere,
1010 2776 1326 2844 cptimates,
1379 2773 1697 2835 monachos,
1760 2772 1994 2843 virgines
2025 2813 2039 2837 ,
2101 2788 2240 2841 prce-

657 2872 851 2935 t‘ectos,
903 2871 1134 2933 milites,
1188 2867 1423 2921 medicos
1482 2881 1774 2935 omnesque
1828 2868 2071 2921 certatim
2142 2866 2239 2935 ipsi

654 2962 859 3026 ollicia,
887 2960 1200 3025 ministeria,
1226 2958 1504 3012 facultates
1531 2956 1744 3017 oll'errc,
1764 2966 1919 3026 atque
1953 2958 2003 3010 in
2036 2966 2238 3026 partem

656 3055 975 3109 calamitatis
1011 3052 1226 3116 venire;
1260 3050 1373 3104 lucc
1417 3064 1522 3104 non
1570 3051 1640 3102 ita
1691 3048 1919 3103 libenter
1952 3049 2115 3115 vidit,
2146 3049 2239 3103 sed

658 3145 822 3197 livore
849 3143 1036 3196 ductus
1065 3184 1079 3207 ,
1110 3141 1280 3209 ipsum
1308 3157 1337 3194 e
1362 3139 1553 3193 ﬁnibus
1590 3138 1703 3193 suis
1729 3139 1929 3209 pellere
1964 3138 2198 3194 decrevit
2224 3157 2239 3194 :

655 3234 721 3289 ad
745 3249 967 3302 eamque
994 3247 1105 3286 rem
1134 3230 1430 3285 ministerio
1454 3244 1579 3283 usus
1600 3238 1682 3284 est
1706 3229 2088 3287 monachorum
2112 3244 2243 3299 quo-

655 3325 931 3387 rumdam,
964 3324 1053 3391 qui
1104 3338 1168 3376 ex
1214 3330 1446 3390 regesta
1496 3320 1562 3375 ad
1615 3320 1982 3390 expeditiones
2031 3323 2235 3377 similes

656 3415 929 3469 exercitati
963 3413 1124 3466 fuisse
1150 3410 1493 3466 videbantur.
1526 3412 1655 3465 Cum
1697 3426 1826 3480 ergo
1868 3426 1955 3465 res
2000 3427 2065 3466 eo
2091 3454 2104 3475 ,
2135 3427 2240 3480 quo

657 3507 908 3570 diximus,
944 3506 994 3558 in
1022 3513 1161 3559 statu
1192 3512 1371 3557 essent
1394 3503 1619 3575 quadam
1648 3504 1733 3557 die
1765 3504 2106 3558 illucescente
2143 3518 2240 3556 au-

658 3612 799 3661 rora,
822 3598 1203 3649 monachorum
1238 3609 1425 3664 agmen
1452 3634 1466 3658 ,
1499 3592 1735 3657 domum,
1760 3594 1812 3647 in
1860 3608 1961 3663 qua
2010 3593 2241 3669 Joannes

656 3687 812 3744 sedes
868 3687 1095 3740 habebat
1138 3686 1487 3752 invaserunt,
1536 3700 1595 3739 se
1642 3684 1761 3739 ea‘m
1813 3685 2160 3748 inccnsuros,
2190 3694 2244 3738 et

658 3778 846 3833 Joanui
879 3789 1116 3832 extrema
1165 3791 1388 3846 qumque
1444 3775 1579 3829 mala
1637 3775 1877 3829 illaturos
1924 3790 2049 3833 esse
2084 3775 2243 3828 mini-

660 3877 830 3923 tantes
850 3911 865 3935 ,
896 3868 997 3922 nisi
1024 3867 1202 3921 statim
1223 3864 1554 3921 abscederet.
1584 3864 1687 3919 Nec
1718 3862 2019 3918 Isaurorum
2042 3850 2239 3930 metus,

659 3960 1001 4015 necmorbus
1026 3973 1131 4029 quo
1163 3966 1288 4013 tunc
1317 3957 1549 4013 Joannes
1597 3957 1968 4026 premebatur,
2014 3957 2134 4011 illos
2158 3957 2241 4011 vel

659 4053 1001 4110 humaniores
1060 4052 1143 4104 vel
1208 4050 1594 4105 moderatiores
1641 4049 1915 4104 reddebat.
1970 4049 2243 4102 Instabant

660 4159 833 4202 autem
868 4147 1229 4215 urgebantque
1258 4160 1378 4198 cum
1412 4143 1593 4197 lurore
1624 4149 1791 4208 tanto,
1818 4151 1876 4195 ut
1902 4141 2003 4209 ipsi
2033 4156 2243 4211 quoque

662 4236 899 4290 I’raetorii
956 4234 1150 4288 milites
1184 4243 1327 4287 metu
1376 4231 1719 4285 afﬁcerentur
1744 4249 1755 4284 :
1785 4245 1917 4300 quos
1957 4240 2014 4284 ut
2056 4230 2242 4301 majori

661 4326 849 4377 timore
875 4322 1247 4394 percellerent,
1269 4320 1642 4390 gloriabantur
1670 4336 1728 4375 se
1749 4319 1858 4389 jam
1888 4322 2082 4375 multos
2111 4337 2244 4390 pric-

660 4417 827 4470 torios
850 4416 1042 4467 milites
1068 4413 1207 4468 ﬁnde
1239 4413 1597 4466 verberasse.’

729 4506 823 4561 His
873 4506 1066 4559 auditis
1111 4503 1353 4558 Praeterii
1398 4503 1594 4556 milites
1628 4500 1693 4555 ad
1742 4502 2001 4557 Joannem
2053 4502 2244 4557 contu--

658 4603 839 4669 giunt,
876 4600 1152 4668 ipsumque
1192 4605 1378 4666 rogant
1425 4605 1478 4650 et
1526 4595 1807 4651 t-bsecrant
1850 4607 1926 4663 ut,
1954 4598 2158 4651 etiamsi
2191 4599 2242 4652 in

662 4694 959 4746 Isaurorum
988 4702 1176 4742 manus
1215 4686 1551 4741 incidendum
1578 4687 1681 4748 sit,
1719 4686 1799 4739 his
1842 4694 2017 4741 tamen
2054 4688 2244 4742 belluis

662 4784 807 4853 ipsos
832 4781 1103 4839 liberaret.
1137 4780 1241 4834 Res
1270 4776 1528 4833 Prwl‘eclo
1573 4777 1718 4831 urbis
1751 4776 2040 4841 nuntiatur,
2068 4778 2155 4846 qui
2189 4787 2245 4831 ut

659 4872 850 4930 ,Ιοωώ
888 4869 1238 4943 opitularetur
1269 4868 1501 4925 occurrit
1523 4909 1538 4932 ,
1575 4867 1969 4939 monachosque
2000 4877 2246 4937 precatur

658 4963 921 5019 absistam
949 4978 967 5016 :
995 4960 1089 5017 sed
1120 4960 1313 5016 frustm
1360 4974 1577 5016 cessere
1600 4969 1826 5016 conatus
1864 4960 1983 5030 ejus
2012 4976 2199 5017 omnes
2225 4977 2242 5027 ;

658 5055 730 5110 ita
757 5061 817 5109 ut
863 5067 1062 5122 anceps
1088 5051 1253 5108 animi
1283 5053 1516 5106 nesciret
1561 5059 1737 5105 utrum
1782 5050 1973 5107 Joanni
2012 5053 2246 5123 optatius

657 5155 807 5203 esset
827 5187 845 5214 ,
874 5160 997 5201 cum
1018 5144 1183 5200 eardis
1207 5145 1448 5216 periculo
1491 5158 1559 5200 ex
1602 5143 1735 5199 urbe
1764 5144 2061 5214 proﬁcisci,
2084 5160 2244 5216 quam

661 5233 973 5307 urgentibus
1016 5234 1450 5307 pellentibusque
1493 5232 1708 5289 furiosis
1735 5233 1839 5291 illis
1869 5236 2147 5292 monachis
2191 5237 2244 5292 in

666 5326 798 5380 urbe
827 5337 1066 5380 manere.
1096 5324 1240 5383 lisit
1262 5325 1424 5397 igitur
1448 5326 1516 5381 ad
1548 5324 1883 5382 Pharelrium
1912 5329 2243 5400 episcopum,

665 5415 912 5485 precibus
936 5416 1004 5471 ab
1034 5416 1123 5470 illo
1151 5415 1478 5473 contendens
1502 5424 1562 5471 ut
1587 5414 1809 5483 Joanni,
1846 5427 1955 5473 tum
1997 5420 2066 5474 ob
2100 5435 2246 5475 mor-

670 5507 793 5560 hum
826 5520 931 5575 quo
957 5505 1315 5570 detinebatur,
1348 5515 1458 5561 tum
1484 5506 1554 5561 ob
1583 5507 1869 5563 imminens
1913 5510 2204 5578 perieulum
2231 5553 2246 5575 ,

669 5609 865 5664 paucos
906 5596 1078 5651 adhuc
1113 5597 1227 5650 dies
1270 5597 1606 5652 concederet.
1667 5596 1772 5653 Nec
1812 5598 2099 5668 quidquam
2145 5602 2245 5654 im-

674 5696 881 5757 petrare
912 5689 1078 5757 potuit
1105 5707 1112 5736 :
1144 5689 1246 5739 ima
1270 5687 1522 5756 postridie
1552 5688 1793 5741 monachi
1820 5690 2024 5744 acriore
2047 5694 2244 5762 impetu

1754 300 1808 352 S.
1842 295 2121 351 ωΑΝΜε
2158 294 2629 349 (ξιιιιγδυδτωιι
2658 295 2839 360 γιτΑ,

3832 298 3936 352 226

2350 419 2473 461 sunt
2521 409 2621 463 usi.
2683 408 2864 477 Neque
2908 409 3206 479 presbyteri
3234 410 3343 474 illi,
3371 412 3459 478 qui
3502 409 3691 464 Joanni
3741 412 3940 467 addicti

2346 509 2533 562 erant,
2563 514 2716 566 opem
2764 499 2839 552 illi
2882 498 3017 554 ferre
3055 500 3169 553 ausi
3200 508 3342 565 sunt,
3370 499 3463 554 sed
3492 515 3610 554 cum
3641 501 3754 554 hmo
3796 502 3870 555 Pii
3890 522 3939 551 ι-

2348 590 2493 641 rctrii
2524 589 2674 656 jussu
2708 590 2820 643 ﬁeri
2852 604 2955 643 non
2988 590 3316 658 ignorarent,
3350 603 3448 644 nec
3485 605 3605 644 cum
3656 606 3685 643 a
3731 591 3941 645 Joanne

2331 688 2770 743 accerserentur,
2804 679 3058 733 accedere
3084 679 3369 733 audebant.

2415 770 2546 822 Cum
2589 769 2639 822 in
2691 770 2779 823 tali
2835 785 3008 825 rerum
3056 770 3361 825 conditione
3412 785 3519 824 non
3573 780 3753 837 posset
3800 772 3938 825 ultra

2344 859 2577 914 Joannes
2607 861 2656 913 in
2694 862 2823 915 urbe
2849 863 3143 916 consistere
3168 903 3182 923 ,
3209 863 3307 916 etsi
3350 861 3483 916 febri
3504 861 3809 921 laborabat.
3839 862 3938 915 etsi

2346 952 2648 1005 Isaurorqu
2680 952 3103 1007 instabatmetus
3127 953 3257 1006 hora
3294 952 3404 1021 ipsa
3447 953 3761 1015 meridiana,
3786 967 3842 1005 se
3886 954 3938 1004 in

2346 1045 2587 1098 lecticam
2612 1045 2903 1113 conjiciens
2936 1044 3204 1114 profectus
3234 1055 3350 1110 est,
3380 1045 3630 1099 universa
3661 1044 3811 1113 plebe
3864 1050 3940 1098 ta-

2344 1146 2621 1205 crymante
2644 1176 2659 1201 ,
2700 1136 2929 1205 ejulante
2954 1178 2968 1203 ,
2998 1145 3157 1204 atque
3194 1136 3268 1191 rei
3312 1145 3582 1190 auctorem
3623 1145 3942 1189 exsecrante

2345 1240 2408 1279 ac
2450 1226 2580 1279 diris
2606 1227 2920 1281 devovente.
2958 1226 3246 1296 Postquam
3276 1236 3454 1281 autem
3485 1226 3729 1289 Cazsarea
3757 1240 3940 1295 egres-

2345 1330 2439 1369 sus
2465 1315 2588 1381 fuit,
2621 1316 2835 1385 quidam
2878 1316 3060 1371 clerici
3087 1326 3385 1382 venerunt,
3418 1331 3480 1370 ac
3508 1318 3748 1385 lugentes
3791 1314 3943 1370 lento

2344 1405 2509 1475 gradu
2536 1407 2707 1476 ipsum
2738 1409 3114 1476 sequebantur.
3149 1406 3227 1461 Ex
3260 1406 3363 1461 illis
3396 1421 3522 1460 vero
3550 1406 3763 1475 quidant
3795 1406 3944 1459 dice-

2346 1498 2789 1563 bant:Quonam
2844 1499 2989 1552 illum
3049 1497 3116 1552 ad
3174 1508 3398 1553 mortem
3441 1497 3743 1551 adducitis?
3789 1494 3945 1551 Unus

2344 1598 2552 1652 autem,
2584 1589 2673 1657 qui
2720 1587 2980 1643 Joannem
3030 1587 3315 1642 admodum
3370 1587 3616 1651 amabat,
3659 1588 3811 1656 quasi
3863 1587 3946 1640 ira

2346 1688 2652 1748 permotus,
2689 1680 2800 1739 Abi,
2815 1680 3040 1735 obsecro
3063 1720 3076 1741 ,
3103 1680 3271 1747 inquit
3303 1696 3316 1730 :
3348 1680 3400 1733 in
3433 1678 3642 1733 Isauros
3668 1679 3829 1733 etiam
3861 1681 3950 1731 in-

2344 1770 2480 1834 cide,
2514 1770 2673 1824 modo
2703 1786 2732 1822 a
2765 1769 2918 1823 nobis
2952 1769 3205 1825 elabaris.
3254 1769 3386 1823 Nam
3422 1783 3761 1839 quocumque
3802 1770 3946 1823 inci-

2344 1860 2507 1926 deris,
2530 1870 2645 1916 tuto
2668 1861 2890 1929 incides,
2924 1860 3213 1915 dummodo
3240 1876 3429 1915 manus
3461 1872 3669 1915 nostras
3694 1860 3946 1929 emtgias.

2416 1951 2651 2005 Seleucia
2692 1963 2922 2006 matrona
2959 1953 3063 2023 pia.
3090 1982 3161 1991 —
3186 1951 3310 2006 Hart:
3356 1952 3580 2007 audiens
3624 1966 3685 2006 ac
3732 1953 3949 2020 perspi-

2344 2043 2491 2097 ciens
2531 2044 2744 2114 egregia
2789 2046 3035 2101 matrona
3085 2043 3365 2108 Seleucia,
3393 2043 3572 2098 Ruﬁni
3624 2059 3787 2109 uxor,
3821 2059 3951 2113 quae

2345 2136 2584 2192 ofﬁciose
2642 2137 2903 2193 Joannem
2960 2138 3247 2192 admodum
3298 2137 3543 2201 colebat,
3576 2136 3824 2207 precibus
3872 2138 3953 2191 ab

2348 2228 2437 2282 illo
2468 2229 2807 2299 impetravit,
2842 2239 2899 2284 ut
2926 2232 2975 2283 in
3002 2230 3165 2298 ipsius
3188 2229 3552 2284 suburbanam
3594 2230 3799 2295 villam,
3822 2245 3951 2299 qua:

2344 2319 2578 2387 quinque
2620 2333 2869 2387 passuum
2918 2320 3152 2375 millibus
3181 2321 3247 2374 ab
3290 2319 3420 2375 urbe
3447 2320 3696 2386 distabat,
3727 2319 3947 2389 hospitii

2345 2424 2503 2463 causa
2533 2424 2593 2464 se
2618 2409 2921 2475 conferret,
2951 2411 3199 2481 misitque
3228 2413 3316 2480 qui
3360 2419 3602 2466 sanctum
3635 2414 3805 2467 virum
3850 2413 3949 2469 illo

2346 2502 2620 2557 ducerent.
2670 2506 2735 2556 At
2780 2520 2952 2573 neque
3004 2504 3108 2557 illic
3159 2504 3209 2557 in
3252 2520 3378 2572 pace
3422 2506 3700 2574 quiescere
3748 2507 3893 2560 licuit
3932 2525 3948 2562 :

2345 2606 2469 2646 nam
2504 2607 2562 2646 re
2583 2602 2859 2661 comperta
2890 2593 3201 2648 Pharetrius
3242 2594 3436 2648 multas
3474 2595 3732 2650 Seleuci-.e
3769 2596 3952 2651 minas

2345 2683 2641 2737 intentavit.
2669 2684 2757 2738 Illa
2781 2700 2905 2739 vero
2931 2701 3035 2738 non
3060 2686 3237 2739 minus
3261 2685 3493 2755 prudens
3520 2702 3677 2756 quam
3704 2685 3948 2741 ofﬁciosa

2345 2774 2573 2836 femina,
2602 2774 2860 2829 Joannem
2905 2776 3055 2841 adiit,
3104 2791 3165 2829 ac
3203 2775 3268 2829 de
3309 2776 3571 2831 Pharetrii
3616 2779 3775 2831 minis
3810 2779 3948 2832 nihil

2348 2863 2462 2929 ipse
2490 2864 2692 2930 retulit,
2717 2864 2811 2920 sed
2844 2865 3180 2919 Procuratori
3210 2880 3308 2919 suo
3336 2874 3504 2919 totam
3550 2882 3661 2920 rem
3694 2869 3942 2935 aperuit,

2346 2954 2552 3025 ipsique
2579 2956 2870 3017 mandavit,
2906 2964 2960 3009 ut
2990 2954 3182 3010 Joanni
3226 2971 3386 3010 omne
3432 2954 3591 3010 ofﬁcii
3632 2971 3799 3025 genus
3840 2957 3948 3008 im—

2348 3046 2603 3114 pertiret,
2638 3060 2700 3098 ac
2727 3046 2769 3099 si
2797 3046 2887 3115 qui
2914 3045 3160 3099 monachi
3195 3047 3475 3112 venirent,
3509 3056 3564 3100 ut
3606 3047 3776 3115 ipsum
3810 3061 3949 3099 cou-

2349 3136 2583 3191 tumeliis
2605 3136 2932 3190 incesserent
2957 3146 3047 3190 aut
3073 3136 3210 3190 male
3230 3135 3504 3189 alﬁcerent
3524 3177 3537 3200 ,
3567 3152 3632 3190 ex
3662 3135 3781 3190 aliis
3805 3136 3950 3191 villis

2346 3229 2457 3281 suis
2479 3228 2739 3297 agricolas
2773 3235 3010 3297 cogeret,
3039 3239 3199 3297 atque
3239 3227 3305 3280 ita
3346 3242 3467 3282 eum
3513 3228 3790 3281 monachis
3832 3244 3947 3281 ma-

2348 3334 2473 3371 num
2505 3327 2815 3373 consereret
2849 3337 2859 3370 :
2889 3316 3149 3372 Joannem
3184 3333 3311 3371 vero
3344 3316 3605 3385 rogabat,
3635 3317 3686 3371 in
3725 3317 3948 3373 domum

2346 3409 2503 3463 aliam
2548 3424 2698 3463 suam
2748 3424 2865 3478 quae
2916 3424 3093 3463 arcem
3154 3408 3405 3475 habebat,
3436 3422 3535 3461 nec
3580 3408 3699 3462 ullis
3742 3409 3948 3464 viribus

2347 3500 2638 3569 expugnari
2670 3507 2908 3566 poterat,
2940 3500 3249 3568 confugeret
3274 3540 3287 3564 ,
3320 3506 3375 3552 tit
3408 3508 3593 3553 contra
3624 3499 3859 3570 episcopi
3892 3510 3949 3555 ct

2346 3590 2731 3644 monachorum
2780 3590 3013 3645 furorem
3062 3591 3112 3644 in
3165 3599 3278 3644 lttto
3309 3600 3496 3646 esset:
3527 3606 3710 3646 verum
3755 3592 3947 3647 abnuit

2349 3682 2603 3738 Joannes.
2648 3682 2851 3737 Interea
2904 3698 3033 3737 vero
3073 3683 3334 3737 acerrime
3381 3682 3677 3737 Seleuciam
3724 3685 3948 3754 urgebat

2351 3772 2683 3838 Pharetrius,
2714 3789 2826 3827 rem
2877 3788 3096 3843 prorsus
3145 3775 3423 3843 ignorante
3458 3774 3663 3829 Joanne
3694 3794 3705 3829 ε
3732 3776 3947 3830 nolebat

2349 3865 2491 3919 enim
2519 3864 2819 3918 verecunda
2852 3865 3044 3919 mulier
3074 3864 3334 3919 Pharetrii
3360 3866 3586 3920 insultus
3614 3878 3800 3921 sancto
3830 3869 3947 3921 viro

2348 3956 2671 4025 patefacere.
2704 3958 2941 4013 Instante
2975 3958 3190 4012 demum
3222 3954 3534 4026 Pbarctrio,
3564 3960 3733 4014 minas
3769 3962 3951 4018 inten-

2348 4058 2494 4105 tante
2524 4060 2681 4119 atque
2702 4060 2945 4121 cogente,
2970 4061 3029 4105 ut
3055 4051 3313 4106 Joannem
3342 4070 3404 4106 ex
3427 4048 3683 4108 suburbio
3702 4054 3947 4124 ejicerct,

2350 4141 2581 4197 hominis
2632 4142 3087 4212 importunitatem
3141 4158 3245 4196 non
3294 4143 3470 4198 ferens
3508 4144 3773 4211 Seleucia,
3808 4146 3948 4202 dixit

2350 4232 2539 4287 Joanni
2589 4236 2790 4289 instare
2834 4235 3094 4290 barbaros
3136 4250 3231 4289 seu
3272 4236 3482 4289 Isauros
3508 4278 3521 4301 ,
3566 4236 3789 4305 ideoque
3837 4240 3952 4294 alio

2352 4325 2449 4392 ipsi
2507 4326 2606 4379 iter
2659 4326 3046 4395 capessendum
3094 4340 3211 4381 esse
3254 4344 3266 4379 :
3309 4341 3373 4380 ex
3426 4328 3744 4381 verecundia
3801 4330 3957 4384 enim

2353 4414 2615 4468 Pharetrii
2650 4416 2956 4470 violentiam
2995 4416 3299 4486 exprimere
3342 4432 3447 4470 non
3493 4418 3743 4472 audebat.
3774 4419 3954 4475 Media

2350 4517 2527 4561 autem
2559 4518 2714 4562 nocte
2742 4510 2884 4563 venit
2911 4509 3167 4563 Evethius
3189 4510 3469 4579 presbyter
3493 4525 3554 4563 ex
3592 4510 3961 4570 familiaribus

2350 4596 2575 4652 Joannis
2598 4639 2612 4663 ,
2644 4614 2943 4668 magnoque
2986 4600 3221 4653 clamore
3260 4599 3393 4653 dixit
3419 4617 3429 4651 :
3461 4600 3630 4670 Surge
3652 4644 3666 4668 ,
3696 4602 3953 4670 obsecro,

2350 4688 2636 4742 adventant
2660 4689 2909 4756 barbari,
2943 4705 3040 4744 nec
3064 4690 3222 4760 longe
3252 4691 3466 4744 absunt.
3498 4692 3631 4747 Tum
3661 4695 3784 4763 quid
3812 4710 3955 4751 con-

2351 4778 2451 4832 silii
2476 4789 2693 4848 caperet
2725 4778 2959 4835 Joannes
2988 4782 3279 4835 nesciebat.
3316 4781 3428 4835 Nox
3457 4782 3634 4839 illunis
3674 4794 3725 4839 et
3764 4787 3955 4857 caligi-

2352 4884 2481 4925 nosa
2503 4880 2637 4936 erat,
2660 4871 2716 4925 in
2739 4872 2923 4927 urbem
2951 4888 3009 4926 se
3038 4872 3274 4942 recipere
3298 4890 3401 4927 non
3427 4885 3655 4943 poterat,
3675 4892 3772 4931 nec
3794 4880 3954 4949 quis-

2352 4976 2510 5031 quam
2561 4970 2757 5031 praesto
2811 4971 2928 5016 erat
2974 4963 3062 5032 qui
3119 4978 3273 5034 «pem
3319 4964 3521 5020 ferret:
3565 4978 3707 5021 metu
3766 4978 3952 5026 tamen

2350 5053 2682 5122 compulsus,
2727 5055 2982 5109 arumnis
3033 5056 3305 5113 confectus
3344 5066 3399 5113 et
3422 5058 3531 5127 jam
3583 5070 3808 5116 mortetn
3855 5078 3957 5117 cx-

2353 5156 2603 5214 spectaus
2628 5187 2643 5213 ,
2674 5148 2927 5202 surrexit.
2957 5146 3025 5203 Ut
3053 5158 3230 5204 autem
3264 5150 3365 5205 iter
3394 5152 3660 5208 conﬁcere
3703 5166 3951 5225 possent,

2356 5235 2411 5290 it.
2438 5236 2678 5291 lecticam
2707 5238 2984 5303 ascendit,
3020 5254 3083 5294 ac
3128 5238 3273 5295 faces
3316 5244 3581 5298 accendit.
3616 5245 3810 5300 Verum
3850 5246 3953 5304 has

2356 5326 2612 5384 Evethius
2636 5329 2811 5385 socius
2838 5331 3109 5400 exstingui
3134 5334 3457 5399 curavit,,ne
3480 5334 3716 5405 barbari,
3741 5339 3955 5409 inquieo

2355 5417 2464 5481 bat,
2507 5419 2638 5474 lucis
2685 5420 2971 5489 Splendore
2998 5422 3155 5477 exciti
3196 5424 3245 5477 in
3281 5441 3379 5480 nos
3421 5426 3680 5496 impetum
3728 5427 3949 5487 faciant.

2425 5510 2768 5582 Clirysostomi
2825 5530 3067 5567 erumna:
3122 5516 3173 5568 in
3214 5518 3311 5569 via.
3342 5549 3409 5561 --
3439 5519 3727 5574 Exstinctis
3766 5521 3953 5591 itaque

2357 5603 2579 5667 facibus,
2600 5618 2665 5658 ex
2694 5604 2851 5658 mulis
2880 5619 3014 5660 unus
3043 5606 3129 5676 qui
3161 5607 3402 5661 lecticam
3434 5612 3673 5680 gestabat
3699 5612 3747 5666 in
3776 5611 3947 5668 ardua

2358 5705 2407 5747 et
2454 5705 2667 5766 petrosa
2700 5697 2779 5747 via
2822 5696 2871 5749 in
2915 5711 3055 5766 genu
3100 5697 3309 5767 lapsus,
3347 5698 3604 5756 Joannem
3658 5702 3705 5756 in
3755 5703 3949 5759 lectica
