4276 6316
284 345 391 372 ΩΛἻ

291 368 393 399 ῐ-ιιι

300 460 567 515 inclusum
594 462 741 512 liunn
773 457 1058 527 prostrauit
1085 500 1097 521 ,
1130 472 1422 526 parumque
1444 453 1611 507 abfuit
1640 453 1768 523 quin
1797 452 1887 507 ille

298 551 568 607 interiret.
597 552 837 619 Surgeus
859 549 1053 603 deinde
1080 548 1289 602 tractim
1315 546 1538 615 pedibus
1586 544 1883 609 incedebat,

292 643 560 708 Evethio,
616 644 705 714 qui
765 658 831 697 ex
880 658 1015 710 equo
1066 640 1363 703 desilierat,
1417 640 1661 693 manibus
1712 639 1886 705 ipsum

288 744 664 789 sustentante:
697 735 778 789 vix
818 734 961 788 enim
992 733 1100 797 ille,
1129 746 1193 786 ac
1228 748 1294 786 ne
1324 731 1408 783 vix
1439 730 1674 799 quidem,
1701 730 1752 782 in
1777 737 1884 781 tam

292 841 482 895 aspera
523 827 782 879 tuentium
822 826 907 880 via
958 826 1061 879 iter
1110 839 1288 892 agere,
1320 824 1420 876 nisi
1468 829 1794 875 sustentatus
1835 827 1889 872 et

284 915 452 978 quasi
476 926 702 981 tractus,
735 925 965 986 poterat.
996 916 1200 969 Prteter
1232 915 1332 968 has
1355 924 1532 966 autem
1562 910 1889 966 calamitates

288 1004 532 1058 instabat
565 1004 729 1059 febris
753 1045 768 1067 ,
804 1004 944 1059 haud
974 1005 1139 1058 dubie
1187 1013 1339 1059 aucta
1385 1002 1616 1056 motibus
1652 1001 1889 1055 casibus-

284 1111 439 1165 que;
470 1098 694 1166 urgebat
724 1098 886 1152 etiam
916 1097 1265 1151 barbarorum
1296 1106 1468 1148 metus
1500 1111 1511 1146 :
1541 1109 1663 1147 nam
1695 1100 1890 1146 czctera

283 1186 496 1253 omnia,
524 1204 646 1257 qua:
693 1197 967 1257 postremo
1012 1187 1325 1241 Pbaretrius
1362 1194 1548 1239 contra
1591 1184 1890 1239 Seleuciam

281 1276 684 1347 designavcrat,
724 1279 999 1349 ignorabat
1026 1280 1134 1332 ille.

362 1370 568 1422 Similia
598 1370 760 1424 multa
788 1371 966 1441 gravia
995 1380 1198 1423 tantum
1229 1369 1437 1424 itineris
1478 1383 1643 1438 agens
1674 1382 1892 1437 perpes-

283 1476 387 1515 sus
424 1473 542 1527 est,
577 1478 699 1531 qua:
739 1462 1038 1533 Olympiadi
1085 1478 1189 1515 non
1237 1461 1514 1530 speciatim
1537 1500 1552 1525 ,
1582 1468 1638 1514 ut
1670 1459 1887 1528 priora,

284 1553 457 1607 refert
484 1570 500 1607 :
526 1565 783 1609 cmternm
812 1556 1062 1609 obsecrat
1108 1554 1274 1618 illam,
1306 1563 1363 1607 ut
1389 1569 1451 1608 ea
1478 1567 1598 1622 qtue
1642 1550 1891 1619 superius

283 1655 586 1700 memorata
618 1656 744 1700 sont
769 1646 967 1699 nemini
1006 1646 1278 1708 enuntiet,
1306 1643 1402 1697 sed
1432 1642 1573 1711 apud
1598 1658 1656 1696 se
1687 1650 1887 1694 tantum

283 1738 583 1791 contineat.
616 1737 785 1790 Tanta
814 1751 944 1790 vero
972 1746 1089 1790 erat
1121 1733 1489 1804 Chrysostomi
1539 1732 1676 1786 fama
1698 1773 1712 1797 ,
1745 1740 1889 1784 tanta

282 1827 356 1879 de
384 1826 577 1880 exsilio
603 1836 659 1881 et
697 1827 953 1881 mrumnis
1001 1826 1099 1894 ipsi
1155 1826 1352 1895 injuste
1395 1824 1557 1878 illatis
1600 1822 1888 1877 commise-

284 1919 429 1972 ratio
451 1961 465 1983 ,
498 1928 555 1972 ut
584 1919 779 1988 ubique
810 1927 986 1972 ccetus
1030 1917 1305 1970 hominum
1338 1916 1572 1985 cujusvis
1614 1912 1890 1983 dignitatis

285 2012 341 2062 in
374 2024 657 2063 occursum
686 2010 803 2081 ejus
829 2008 1156 2063 venientium
1198 2007 1443 2062 vidisses.
1476 2007 1575 2062 Ubi
1608 2016 1785 2060 autem
1834 2006 1886 2060 in

279 2098 685 2169 Cappadociam
716 2097 838 2151 etin
870 2096 1299 2163 Taurocilieiam,
1322 2106 1380 2151 ut
1398 2104 1553 2151 vocat
1579 2097 1695 2165 ipse
1722 2091 1809 2147 (Τ.
1831 2095 1882 2148 5.

281 2209 328 2241 τ.
362 2190 487 2244 685.
516 2190 554 2243 Ι.
583 2186 699 2260 26),
733 2190 998 2258 pervenit,
1031 2204 1224 2261 magno
1255 2192 1471 2259 agmine
1500 2188 1673 2242 sancti
1709 2196 1887 2255 patres

285 2285 345 2328 et
397 2277 681 2342 monachi,
712 2277 1052 2347 virginesque
1076 2279 1287 2333 obviam
1320 2278 1417 2347 ipsi
1447 2278 1697 2347 prodiere
1718 2319 1732 2344 ,
1764 2276 1886 2330 infi-

284 2371 455 2423 nitam
487 2368 851 2441 lacrymarum
883 2372 989 2425 vim
1031 2368 1435 2440 profundentes.
1465 2369 1710 2439 Cumque
1740 2370 1885 2423 illum

283 2464 338 2513 in
369 2461 628 2515 exsilium
662 2472 879 2516 euntem
908 2471 1216 2526 cernerent,
1270 2461 1322 2514 in
1371 2459 1530 2514 ﬂetus
1574 2476 1888 2529 prorumpe-

282 2555 437 2616 bant,
461 2552 545 2607 his
569 2560 756 2607 mutuo
782 2552 965 2608 verbis
999 2562 1210 2608 utentes
1247 2570 1259 2606 :
1287 2552 1467 2607 Satius
1500 2552 1687 2609 fuisset
1715 2552 1883 2608 solem

281 2642 469 2697 radios
500 2658 631 2699 suos
659 2643 983 2700 contrahere
1006 2686 1022 2711 ,
1053 2659 1212 2716 quam
1252 2644 1479 2699 Joannis
1509 2659 1571 2697 os
1593 2645 1883 2698 conticere.

285 2737 606 2806 liujusmodi
633 2754 763 2793 vero
793 2739 1096 2807 spectacula
1125 2739 1294 2807 magis
1323 2738 1494 2807 ipsum
1520 2738 1807 2792 turbabant
1832 2747 1887 2794 et

278 2830 621 2896 cruciabam,
656 2846 814 2901 quam
844 2832 974 2901 ipsa:
999 2848 1256 2886 aerumna:
1281 2841 1337 2887 et
1362 2832 1719 2900 calamitates,
1751 2845 1885 2901 quas

278 2921 550 2975 conStanti
591 2934 807 2991 semper
846 2923 1027 2977 animo
1065 2923 1305 2993 pertulit.
1334 2922 1572 2978 Tandem
1605 2938 1735 2978 vero
1772 2922 1884 2977 Cu-

278 3027 505 3075 cusum,
551 3012 732 3067 exsilii
790 3014 967 3068 locum
991 3056 1005 3079 ,
1040 3012 1279 3068 advenit.
1312 3014 1439 3068 Erat
1471 3029 1602 3069 vero
1640 3013 1884 3069 Cucusus

282 3119 507 3172 parvum
555 3116 718 3176 atque
763 3104 1187 3159 desertissimum
1219 3105 1496 3175 oppidum,
1522 3115 1577 3159 ut
1608 3120 1750 3174 saepe
1776 3121 1881 3160 sa:-

280 3196 401 3263 pius
439 3196 604 3249 refert
649 3196 760 3265 ipse
785 3196 1204 3269 Chrysostomus
1230 3238 1243 3259 ,
1277 3199 1328 3250 in
1379 3198 1637 3252 Armenia
1683 3198 1878 3252 ntiuori

276 3287 441 3341 situm
473 3304 487 3340 :
518 3287 733 3356 quidam
782 3304 912 3342 vero
952 3289 1002 3342 in
1043 3288 1417 3359 Cappadocia,
1461 3291 1548 3342 alii
1600 3290 1652 3343 in
1696 3288 1879 3345 Cilicia

280 3380 492 3445 locant,
526 3383 777 3449 quoniam
825 3383 877 3436 in
908 3381 1097 3437 harum
1125 3385 1406 3453 regionum
1437 3383 1689 3439 confiniis
1718 3385 1878 3437 situm

275 3470 571 3547 eranTam
600 3472 871 3527 desertum
900 3485 1081 3528 autem
1111 3474 1422 3545 Oppidulum
1446 3484 1585 3542 erat,
1621 3485 1677 3529 ut
1706 3490 1878 3544 neque

277 3566 453 3618 forum
489 3566 755 3620 venalium
790 3566 1031 3620 haberet.

348 3657 575 3723 Quidam
620 3674 779 3728 porro
819 3660 898 3712 vir
935 3673 1001 3712 ex
1048 3658 1313 3728 primariis
1351 3658 1552 3727 oppidi,
1586 3657 1877 3712 Dioscorus

276 3752 516 3814 nomine,
546 3751 637 3821 qui
668 3750 927 3805 Joannem
958 3759 1199 3805 nostrum
1227 3750 1469 3819 apprime
1497 3751 1872 3815 venerabatur,

274 3841 364 3895 ubi
392 3842 594 3895 audivit
622 3841 773 3895 illum
804 3838 1069 3896 Cucusum
1103 3841 1239 3894 mitti
1278 3842 1330 3894 in
1362 3841 1630 3907 exsilium,
1658 3850 1712 3895 et
1739 3840 1877 3895 istuc

274 3941 585 4002 pergentem
610 3946 788 3985 moras
816 3931 1072 4001 quasdam
1112 3932 1370 3987 Caesarea:
1404 3931 1612 3996 facere,
1646 3932 1736 3986 illo
1776 3932 1878 3985 mi-

269 4028 345 4078 sit
385 4035 626 4093 rogatum
666 4036 719 4079 et
762 4024 1130 4089 obseeratum,
1163 4040 1230 4078 ne
1267 4024 1502 4079 Joannes
1543 4026 1724 4080 domui
1762 4040 1875 4079 sua:

272 4109 501 4163 alteram
531 4106 847 4163 anteferret.
899 4108 1004 4162 Alii
1056 4124 1273 4179 quoque
1321 4108 1556 4179 idipsum
1589 4110 1871 4165 fecerant:

276 4215 470 4253 verum
497 4198 737 4253 Dioscuri
764 4198 985 4252 domum
1011 4198 1132 4254 aliis
1179 4200 1567 4270 praeferendam
1600 4215 1719 4256 esse
1747 4217 1875 4257 cen-

274 4290 385 4345 suit
410 4290 848 4362 Cbrysostomus,
873 4300 1034 4361 atque
1052 4291 1190 4361 apud
1231 4293 1375 4347 illmn
1399 4293 1556 4348 sedes
1578 4294 1755 4363 posuit
1778 4292 1869 4366 (Τ.

276 4387 329 4437 3.
351 4403 395 4437 c.
414 4384 539 4439 6l2.
561 4384 597 4438 l.
618 4385 734 4445 47).
754 4384 924 4440 Tanta
946 4400 1072 4440 vero
1088 4387 1331 4454 largitate
1347 4400 1409 4440 ac
1428 4387 1749 4443 liberalitate
1765 4398 1873 4445 ute-

274 4478 433 4530 batur
469 4477 779 4545 Dioscorus,
814 4487 870 4533 ut
908 4492 970 4533 ea
1015 4477 1082 4533 de
1122 4494 1280 4533 causa
1321 4488 1579 4551 perpetuo
1617 4496 1739 4535 cum
1780 4481 1872 4535 illo

267 4576 493 4623 sanctus
534 4578 719 4623 noster
756 4568 1140 4638 expostularet.
1181 4569 1253 4625 Ut
1282 4587 1409 4626 vero
1452 4571 1609 4627 latius
1640 4573 1868 4642 Spatium

271 4661 665 4731 Chrysostomo
709 4662 1039 4732 relinqueret
1080 4680 1145 4719 ex
1190 4665 1396 4719 aedibus
1435 4666 1548 4720 suis
1594 4668 1644 4720 in
1692 4667 1869 4721 villam

272 4754 519 4824 migravit
578 4773 591 4809 :
643 4760 771 4825 quin
814 4755 975 4810 etiam
1018 4754 1237 4810 domum
1282 4756 1380 4826 ipsi
1425 4757 1490 4811 ad
1539 4759 1868 4813 tolerandam

272 4846 502 4902 hiemem
547 4847 795 4902 idoneam
822 4848 1124 4902 construxit
1152 4866 1163 4901 :
1195 4858 1356 4919 atque
1390 4850 1459 4905 ita
1490 4866 1739 4921 magnum
1772 4853 1866 4907 be-

273 4940 520 4993 neficium
552 4954 744 5009 magno
766 4940 981 4995 cumulo
1009 4942 1173 4995 auxit.

373 5031 760 5104 Chrysostomus
802 5032 1054 5088 Curusum
1092 5035 1256 5088 exsilii
1298 5034 1463 5089 locum
1513 5038 1756 5105 pervenit.
1796 5067 1868 5077 ——

270 5127 404 5181 Cum
432 5127 700 5181 Cucusum
722 5127 957 5195 advenit,
990 5130 1307 5198 gravissimo
1334 5130 1602 5184 laborant
1632 5131 1819 5185 morbo
1850 5150 1862 5184 :

268 5238 297 5270 a
332 5218 521 5273 diebus
562 5219 705 5272 enim
738 5220 857 5290 plus
896 5236 1056 5290 quam
1089 5221 1300 5290 triginta
1331 5221 1702 5277 ardentissima
1733 5222 1865 5277 febri

270 5310 630 5377 cruciabatur,
649 5312 871 5382 aliisque
889 5312 1148 5367 stomachi
1171 5311 1571 5368 infirmitatibus
1590 5314 1862 5368 maximis:

270 5416 389 5471 qua:
418 5402 556 5457 mala
580 5403 718 5456 haud
744 5402 903 5458 dubie
937 5406 1066 5459 tanti
1094 5405 1297 5459 itineris
1334 5405 1613 5471 molestim,
1641 5406 1867 5475 alichue

268 5511 437 5565 curas,
469 5497 876 5562 sollicitudines,
912 5498 1213 5552 Isaurorum
1246 5509 1438 5564 metus,
1469 5509 1627 5569 atque
1659 5500 1866 5552 incom-

273 5589 427 5643 moda
452 5590 596 5643 varia
621 5599 957 5660 pepererant.
991 5590 1273 5660 Postquam
1302 5606 1429 5644 vero
1456 5589 1722 5645 Cucusum
1746 5603 1867 5657 per-

276 5686 443 5739 venit.
474 5682 564 5736 ubi
593 5700 714 5737 eum
742 5691 884 5736 tanta
916 5682 1245 5737 humanitate
1270 5691 1525 5752 exceptus
1553 5682 1681 5745 fuit,
1717 5680 1864 5735 brevi

270 5789 319 5825 tu
364 5774 519 5829 t'bnzn
549 5792 761 5831 omnem
795 5774 1060 5844 deposuit,
1096 5775 1164 5829 ita
1197 5782 1255 5828 ut
1282 5774 1439 5827 etiam
1480 5775 1681 5842 integra
1711 5773 1858 5827 valc-

1473 340 1653 395 κωκυ
1695 336 1952 393 PRIMUM
1995 336 2396 394 ADOIi'TiATA.

3490 342 3592 399 226

2003 450 2186 505 tudine
2216 450 2499 506 frueretur.
2529 451 2646 508 Non
2685 452 2844 509 modo
2885 462 3064 510 autem
3098 452 3407 521 Dioscorus,
3451 462 3590 529 apud

1997 557 2154 611 quem
2184 542 2575 611 diversabatur,
2616 545 2846 600 ubertim
2889 547 2963 601 illi
3004 549 3181 602 omnia
3213 551 3590 607 subministra-

1997 634 2108 701 bat,
2152 636 2245 690 sed
2284 638 2444 691 etiam
2492 639 2733 709 plerique
2775 640 2863 694 alii
2902 652 3276 709 procuratores
3316 654 3371 697 et
3414 662 3591 701 rerum

1997 726 2484 793 administratores,
2525 728 2670 783 heris
2714 730 2766 784 id
2810 747 2905 799 per
2952 731 3133 785 literas
3180 733 3589 803 imperantibus,

1998 816 2225 871 subinde
2247 817 2394 871 illum
2419 818 2634 873 adibant
2655 820 2719 873 ad
2744 821 2914 875 officia
2942 824 3143 892 qumvis
3176 826 3476 893 prtestauda
3503 844 3594 896 pa-

2000 910 2099 960 rati
2130 923 2142 959 :
2174 908 2316 975 quod
2343 909 2636 962 amicorum
2675 911 2968 965 subsidium
3000 928 3186 969 omnes
3216 931 3350 984 pene
3389 917 3593 973 abster-

1997 1000 2155 1069 gebat
2181 1000 2351 1054 exsilii
2383 1002 2675 1056 molestias.

2069 1089 2305 1143 Cucusus
2334 1092 2433 1145 etsi
2459 1106 2564 1146 non
2587 1093 2821 1161 amplum
2844 1094 3095 1162 Oppidum
3120 1109 3257 1166 erat,
3281 1101 3590 1170 episcopum

2000 1186 2175 1233 tamen
2216 1179 2468 1247 habebat,
2501 1184 2590 1251 qui
2617 1182 3056 1254 Chrysostomum
3096 1204 3216 1243 cum
3258 1192 3401 1245 onmi
3443 1194 3595 1247 beni-

1997 1270 2199 1339 gnitate
2226 1273 2453 1341 excepit,
2486 1288 2662 1343 exque
2695 1276 2825 1328 tanti
2859 1276 2955 1330 viri
2997 1280 3391 1336 existimatione
3419 1293 3468 1337 et
3510 1301 3596 1339 re-

1998 1363 2236 1416 verentia
2265 1378 2329 1417 eo
2354 1379 2521 1433 usque
2545 1367 2831 1433 processit,
2848 1375 2905 1421 ut
2930 1369 3289 1439 episcopalem
3315 1373 3387 1427 illi
3411 1376 3593 1430 sedem

1998 1454 2191 1509 cedere
2224 1455 2472 1510 voluerit.
2506 1456 2705 1513 Verum
2737 1457 3149 1530 Cbrysostomus
3192 1478 3221 1516 a
3253 1464 3341 1518 tali
3374 1482 3597 1522 munere

1998 1546 2340 1614 suscipiendo
2398 1547 2554 1616 longe
2607 1550 2813 1604 aberat.
2873 1551 3074 1607 Eodem
3128 1554 3243 1623 ipso
3305 1556 3434 1622 die,
3488 1575 3597 1627 quo

1999 1645 2214 1689 sanctus
2281 1638 2360 1689 vir
2417 1636 2683 1692 Cucusum
2747 1639 3005 1705 advenit,
3063 1644 3229 1698 adfuit
3288 1646 3386 1714 ipsi
3438 1647 3595 1703 Sabi-

2000 1728 2155 1781 niana
2183 1729 2482 1783 diaconissa
2507 1774 2519 1794 ,
2560 1743 2837 1788 senectute
2872 1735 3087 1805 quidem
3127 1748 3179 1791 et
3214 1742 3468 1795 aerumnis
3501 1757 3594 1811 pe-

1998 1835 2066 1874 ne
2101 1820 2309 1885 obruta,
2354 1822 2447 1876 sed
2510 1834 2651 1878 tanta
2711 1827 2873 1880 animi
2916 1828 3189 1883 alacritate
3216 1872 3229 1895 ,
3272 1840 3418 1885 tanto
3467 1850 3592 1904 erga

1997 1909 2440 1982 Chrysostomum
2477 1915 2670 1970 affectu
2713 1918 2931 1985 prcedita
2955 1961 2968 1984 ,
2999 1929 3058 1973 ut
3091 1936 3150 1975 se
3198 1932 3433 1992 paratam
3475 1940 3595 1979 esse

1996 2000 2199 2056 diceret
2242 2004 2402 2058 etiam
2442 2006 2494 2059 in
2532 2006 2802 2077 Scythiam
2851 2010 3116 2077 proficisci
3160 2032 3173 2067 :
3220 2030 3405 2068 rumor
3448 2016 3592 2070 enim

1996 2102 2111 2149 erat
2142 2095 2584 2165 Chrysostomum
2617 2100 2704 2152 illo
2734 2102 3127 2158 amandandnm
3167 2120 3306 2160 esse.
3343 2107 3429 2160 llla
3469 2125 3596 2163 vero

1995 2186 2234 2255 cognatis
2260 2189 2508 2243 omnibus
2531 2190 2750 2258 relictis,
2773 2192 2944 2261 ipsum
2972 2194 3163 2265 ubique
3185 2198 3334 2267 sequi
3363 2198 3597 2254 destina-

1995 2287 2143 2331 verat
2166 2296 2179 2331 :
2196 2288 2522 2349 quapropter
2536 2280 2603 2335 ab
2619 2283 2867 2337 omuilnts
2882 2284 3136 2340 Ecclesiae
3158 2288 3388 2343 alumnis
3407 2306 3596 2359 magno

1994 2382 2114 2421 cmn
2152 2368 2345 2423 affectu
2374 2371 2760 2440 excipiebatur.
2806 2374 2961 2429 Putat
3000 2386 3180 2431 autem
3224 2378 3594 2434 Tillemontius

1993 2474 2109 2513 eam
2149 2459 2315 2529 ipsam
2348 2462 2693 2518 Sabinianum
2725 2480 2845 2522 esse
2873 2466 3117 2522 fortassis
3138 2510 3152 2534 ,
3186 2485 3345 2539 quam
3374 2472 3590 2525 amitam

1994 2550 2364 2621 Clirysostomi
2396 2553 2561 2612 fuisse
2593 2566 2777 2612 narrat
2805 2558 3075 2614 Palladius
3103 2561 3153 2614 in
3199 2560 3422 2617 historia
3454 2563 3600 2626 Lau;

1991 2638 2160 2708 δῆλαι(
2179 2637 2237 2690 Τ.
2260 2640 2311 2695 3.
2334 2643 2433 2695 col.
2458 2643 2580 2698 6H.
2610 2639 2647 2695 ι.
2677 2640 2743 2695 59
2763 2652 2808 2696 et
2829 2646 2961 2711 sqq.)

2064 2733 2386 2789 Constantius
2424 2737 2682 2808 presbyter
2727 2739 3144 2810 Clirysostomum
3181 2744 3309 2797 adit.
3339 2774 3411 2784 —
3446 2745 3587 2799 Con-

1985 2830 2222 2881 stantius
2248 2842 2378 2881 vero
2411 2828 2711 2901 presbyter,
2744 2833 2831 2901 qui
2864 2833 3234 2905 Cbrysostomi
3265 2836 3461 2907 ubique
3500 2854 3584 2894 se-

1988 2916 2186 2981 quendi
2226 2918 2516 2987 cupiditate
2558 2918 2839 2990 flagrabat,
2878 2924 2988 2993 jam
3036 2926 3103 2981 ab
3147 2927 3235 2981 illo
3284 2928 3590 2986 facultatem

1992 3024 2087 3078 per
2123 3009 2304 3064 literas
2350 3012 2579 3081 petierat
2618 3015 2881 3069 Cucusum
2930 3019 3197 3076 veniendi.
3244 3031 3299 3074 ιιι
3341 3023 3486 3077 illum
3520 3025 3591 3079 ibi

1988 3109 2347 3169 exspectaret,
2370 3110 2425 3156 et
2460 3104 2610 3158 lateri
2648 3104 2764 3175 ejus
2790 3121 3004 3177 semper
3036 3110 3284 3165 mereret.
3319 3112 3424 3167 Sed
3465 3126 3593 3185 post

1986 3190 2356 3260 Clirysostomi
2383 3193 2670 3249 adventum
2696 3197 2961 3253 Cucusum
2990 3215 3054 3254 eo
3082 3215 3143 3255 se
3172 3202 3467 3260 contulisse
3488 3221 3586 3274 pu-

1989 3291 2150 3336 tatur.
2181 3281 2370 3338 Omnia
2400 3294 2549 3339 certe
2578 3287 2644 3341 ad
2676 3297 2865 3343 nutum
2897 3289 2994 3358 ipsi
3028 3293 3389 3349 succedebant
3410 3337 3424 3363 ,
3458 3312 3581 3352 cum

1985 3386 2173 3428 omnes
2195 3373 2246 3427 in
2273 3382 2380 3429 tota
2409 3375 2609 3431 circum
2641 3379 2860 3447 regione
2880 3381 3067 3435 solatia
3094 3382 3310 3449 afferre,
3335 3394 3387 3439 et
3412 3384 3586 3441 officia

1987 3454 2295 3534 impendere
2339 3477 2611 3522 curarent.
2663 3469 3003 3540 Quapropter
3040 3475 3226 3529 amicis
3266 3477 3583 3545 quibusdam

1985 3553 2177 3624 (Epist.
2200 3553 2331 3627 ηδ)
2352 3571 2414 3611 ea
2439 3556 2506 3612 de
2530 3574 2591 3613 re
2615 3558 2695 3614 sic
2715 3559 3029 3630 loquebatur
3054 3582 3067 3618 :
3099 3562 3167 3619 Ut
3193 3582 3361 3620 rerum
3386 3578 3588 3623 nostra-

1982 3664 2097 3701 rum
2130 3657 2268 3702 statu
2311 3649 2511 3719 cognito
2555 3651 2821 3717 (tutemini,
2866 3653 3056 3724 ingenti
3098 3657 3262 3725 quiete
3298 3669 3446 3727 atque
3485 3662 3587 3715 otio

1982 3739 2203 3809 fruimur
2231 3758 2253 3793 :
2280 3756 2561 3812 corpusque
2586 3750 2833 3809 nostrum,
2862 3746 2957 3797 etsi
2990 3746 3153 3799 multa
3186 3758 3301 3819 sunt
3336 3766 3448 3818 (ματ)
3474 3751 3586 3820 ejus

1981 3832 2320 3886 valetudinem
2341 3834 2669 3903 labefactent,
2693 3837 2817 3889 satis
2833 3839 3095 3891 commode
3113 3856 3167 3892 se
3193 3838 3358 3893 habet.
3381 3840 3585 3894 Etiam-

1980 3927 2026 3979 si
2064 3926 2196 3980 enim
2234 3926 2366 3980 nihil
2407 3926 2611 3993 venale,
2664 3936 2710 3981 et
2749 3928 3112 3983 medicamenta
3141 3931 3283 3984 nulla
3330 3932 3412 3985 hic
3448 3935 3586 3998 sint;

1980 4019 2178 4072 etiamsi
2208 4018 2323 4072 caeli
2358 4018 2679 4087 intemperies
2706 4029 2934 4074 trstatem
2962 4037 3062 4075 non
3089 4022 3254 4075 minus
3292 4041 3446 4094 quant
3472 4024 3573 4079 Itie-

1980 4126 2111 4161 mem
2138 4108 2399 4162 molestam
2429 4109 2663 4173 reddant,
2689 4110 2802 4163 licet
2828 4110 2995 4181 gravis
3025 4120 3071 4165 et
3096 4121 3337 4182 perpetua
3363 4114 3581 4176 obsidio,

1979 4202 2264 4271 frequentes
2307 4218 2487 4271 nempe
2522 4200 2822 4256 Isaurorum
2860 4203 3193 4268 incursiones,
3226 4217 3413 4259 metunt
3455 4207 3585 4277 infe-

1977 4303 2114 4359 rant,
2156 4293 2356 4365 aliaque
2393 4295 2570 4364 gravia
2611 4293 2866 4358 accidant,
2906 4310 3039 4347 nunc
3077 4305 3244 4349 tamen
3281 4313 3313 4348 a
3351 4297 3586 4367 graviore

1979 4388 2205 4455 periculo
2234 4398 2385 4456 atque
2403 4405 2435 4440 a
2460 4386 2632 4440 morbo
2657 4387 2852 4440 liberati
2881 4403 3077 4441 sumus.

2052 4476 2311 4549 Epistolas
2342 4478 2527 4532 multas
2556 4478 2727 4532 scribit
2758 4478 3180 4550 Chrysoslomus,
3209 4490 3255 4533 et
3287 4482 3471 4535 multas
3501 4498 3585 4535 re-

1976 4573 2197 4642 cipit.—
2216 4572 2270 4625 ln
2300 4571 2530 4642 epistola
2555 4587 2685 4627 vero
2706 4571 2911 4627 decima
2937 4572 3091 4625 tertia
3118 4571 3181 4625 ad
3205 4571 3579 4643 Olympiadem

1975 4664 2050 4716 ait
2083 4663 2168 4717 ille
2201 4678 2281 4727 se,
2314 4662 2476 4718 biduo
2510 4672 2788 4732 postquam
2816 4661 3085 4717 Cucusum
3116 4663 3432 4732 advenerat,
3466 4678 3580 4720 mo-

1976 4756 2184 4811 lestiam
2212 4770 2427 4811 omnem
2466 4770 2534 4811 ex
2566 4764 2712 4810 tanto
2744 4756 2934 4811 itinere
2974 4768 3182 4826 partam
3222 4756 3576 4827 deposuisse,

1976 4859 2031 4904 et
2056 4849 2165 4916 jam
2200 4848 2337 4903 bene
2376 4848 2576 4903 valere.
2607 4848 2741 4915 Quia
2773 4863 2903 4903 vero
2938 4864 3044 4902 non
3079 4849 3230 4917 pauci
3275 4858 3400 4901 tunc
3437 4846 3577 4901 Con-

1976 4941 2323 5011 stantinopoli
2363 4949 2520 4996 erant
2566 4939 2937 5011 Chrysostomi
2987 4941 3167 5006 amici,
3216 4940 3305 5009 qui
3359 4940 3410 4993 in
3450 4939 3575 4993 aula

1979 5032 2322 5104 Imperatoris
2347 5032 2639 5104 impetrare
2660 5031 2944 5094 curabant,
2976 5040 3032 5085 ut
3059 5030 3209 5086 locus
3233 5030 3403 5086 exsilii
3436 5031 3574 5085 assi-

1975 5135 2231 5195 gnaretur
2267 5125 2351 5180 vel
2394 5125 2644 5190 vicinior,
2676 5124 2758 5179 vel
2797 5123 3166 5188 commodior;
3204 5122 3576 5192 Olympiadem

1976 5226 2158 5272 monet
2186 5226 2241 5271 ut
2270 5232 2391 5271 eum
2423 5218 2529 5271 illis
2558 5219 2628 5271 ita
2652 5232 2764 5272 rem
2787 5216 3078 5285 prudenter
3097 5224 3238 5286 agat,
3263 5224 3321 5269 ut
3349 5214 3392 5268 si
3422 5213 3573 5269 illum

1976 5313 2027 5365 in
2052 5313 2231 5367 locum
2247 5311 2714 5380 ConstantinOpoli
2746 5310 2830 5363 vel
2857 5308 3047 5364 eodem
3076 5307 3158 5363 vel
3186 5306 3376 5378 majori
3402 5306 3577 5376 spatio

1975 5405 2260 5459 distantem
2292 5402 2481 5458 adduci
2511 5403 2731 5468 vellent,
2762 5401 2813 5456 id
2842 5418 2910 5456 ne
2937 5400 3249 5456 admitteret
3274 5416 3291 5465 ;
3319 5399 3375 5454 si
3394 5409 3576 5455 autem

1975 5497 2057 5549 vel
2084 5496 2362 5567 Cyzicum,
2393 5495 2476 5551 vel
2507 5496 2733 5551 alteram
2765 5495 2954 5551 urbem
2987 5511 3092 5549 non
3132 5495 3319 5566 procul
3346 5510 3376 5549 a
3417 5492 3578 5548 Nico-

1977 5588 2148 5643 media
2173 5588 2461 5643 distantem
2490 5588 2777 5659 impetrare
2797 5596 3040 5659 possent,
3071 5603 3262 5642 manus
3289 5587 3377 5640 illa
3401 5586 3574 5641 daret.

1979 5680 2183 5733 llrisoui
2215 5694 2427 5750 quoque
2457 5679 2673 5749 scripsit
2700 5680 2874 5734 amico
2909 5678 3037 5748 (Ep.
3070 5678 3221 5749 254),
3250 5678 3489 5748 dicitque
3510 5690 3582 5733 se

1976 5782 2093 5825 nos!
2126 5788 2400 5827 emensum
2434 5772 2768 5842 septuaginta
2802 5771 2972 5828 ferme
3002 5770 3211 5826 dierum
3243 5771 3364 5836 iter,
3391 5770 3579 5823 Cncn-
