4276 6316
704 366 808 423 227

704 502 818 539 sum
858 481 1071 537 tandem
1119 482 1418 546 advenisse,
1463 482 1848 550 innumeraque
1888 481 2024 534 mala
2067 493 2280 549 passum

702 589 842 638 esse,
875 583 986 626 tum
1025 587 1091 627 ex
1123 573 1445 626 Isaurorum-
1472 578 1617 625 metu
1638 613 1652 635 ,
1687 580 1798 633 tum
1827 585 1894 625 ex
1938 567 2286 624 intolerandis

703 663 958 717 febribus.
981 661 1186 718 Obnixc
1218 671 1366 730 rogat
1387 671 1586 724 autem,
1612 671 1668 715 ut
1697 661 1794 715 sibi
1824 660 2036 714 assidue
2065 660 2283 724 scribat,

705 753 844 808 haud
886 754 1002 808 leve
1041 753 1286 806 solatium
1319 768 1381 806 ex
1415 752 1532 822 ejus
1575 753 1741 806 literis
1781 761 2115 821 pereepturo.
2153 749 2284 815 Quia

703 861 831 899 vero
871 861 936 900 ex
962 860 1185 899 numero
1215 860 1399 898 eorum
1432 858 1546 899 erat
1587 845 1768 908 Briso,
1802 845 1890 913 qui
1919 844 2079 898 alium
2112 844 2282 898 exsilii

704 938 876 990 locum
900 936 1258 1003 postulabant,
1288 945 1345 989 ut
1366 952 1430 990 ne
1464 936 1516 990 id
1545 936 1774 1006 amplius
1804 947 1975 999 curet,
1998 934 2282 988 admonet:

705 1043 823 1080 nam
849 1042 908 1081 se
936 1044 992 1082 re
1021 1029 1257 1081 omnium
1285 1028 1619 1097 gravissima,
1650 1029 1751 1081 viae
1781 1041 1972 1095 nempe
2003 1027 2282 1087 molestiis,

697 1118 807 1183 jam
855 1118 1184 1186 perfunctum
1235 1133 1375 1172 esse.
1427 1117 1541 1171 Non
1591 1119 1912 1171 scribentem
1959 1126 2135 1170 autem
2184 1115 2285 1169 sibi

701 1208 977 1262 Brisoncm
1011 1208 1061 1260 in
1091 1208 1192 1260 alia
1217 1208 1441 1276 epistola
1465 1202 1600 1259 haud
1634 1207 1822 1260 leviter
1842 1205 2106 1275 obiurgat.

773 1298 919 1353 Alias
940 1313 1150 1367 quoque
1178 1307 1296 1367 post
1322 1296 1606 1351 adventum
1629 1294 1894 1351 Cucusum
1916 1297 2096 1350 literas
2118 1297 2283 1361 misit,

706 1391 920 1446 Pmanio
971 1405 1161 1459 nempe
1202 1390 1302 1443 sibi
1350 1390 1697 1454 amicissimo,
1752 1389 1991 1444 Gemello
2040 1389 2186 1458 (191)
2233 1400 2287 1442 et

709 1484 863 1536 Actio
895 1481 1040 1550 (I96)
1073 1499 1085 1534 :
1116 1481 1412 1535 Gcmellum
1444 1497 1571 1536 vero
1603 1481 1781 1535 laudat
1820 1497 1847 1534 a
1891 1481 2225 1544 fortitudine,
2256 1497 2284 1533 a

706 1573 957 1644 loquendi
1001 1575 1274 1634 libertate,
1319 1588 1348 1625 a
1403 1573 1606 1627 sincera
1654 1573 2042 1627 benevolentia.
2087 1572 2143 1625 ln
2183 1569 2285 1624 alia

627 1728 630 1732 ,
702 1679 830 1721 vero
862 1665 1113 1735 epistola,
1143 1681 1261 1718 cum
1291 1663 1564 1718 Gemellus
1600 1678 1627 1715 a
1660 1663 1974 1731 quibusdam
2015 1662 2126 1716 dira
2159 1677 2283 1730 per-

705 1770 890 1829 pessus
937 1769 1088 1808 sacro
1133 1769 1191 1806 se
1245 1753 1456 1806 lavacro
1514 1753 1720 1821 tingere
1774 1752 1984 1812 vellet,
2045 1750 2287 1805 laudibus

704 1847 912 1900 extollit
953 1845 1096 1898 illum
1137 1843 1552 1914 Chrysosmmus
1581 1844 1646 1896 ab
1680 1843 1843 1896 animi
1885 1843 2202 1904 constantia,
2233 1851 2286 1896 et

706 1945 761 1989 ut
799 1934 1188 2004 quamprimum
1221 1947 1343 1986 sese
1382 1946 1530 1985 sacra
1567 1932 1898 2000 baptismatis
1941 1931 2078 1984 unda
2110 1932 2287 1985 abluat

706 2026 968 2078 hortatur.
1002 2024 1135 2076 Cum
1168 2023 1401 2076 aud-sset
1429 2032 1608 2075 autem
1644 2022 1938 2076 Gemellum
1964 2023 2029 2075 ad
2054 2022 2285 2089 aliquem

705 2115 1069 2184 magistratum
1099 2124 1339 2166 evectum
1371 2113 1562 2172 fuisse,
1596 2127 1656 2166 ea
1684 2113 1749 2166 de
1780 2129 1838 2166 re
1869 2114 1964 2182 ipsi
1995 2114 2288 2182 gratulatur

706 2207 756 2258 in
785 2207 888 2259 alia
917 2205 1142 2275 cpistola
1171 2205 1342 2275 (πως
1363 2205 1604 2273 queritur
1635 2219 1764 2259 vero
1795 2213 1976 2273 postea
2007 2205 2131 2275 (Ep.
2169 2205 2284 2274 79),

702 2297 840 2366 quod
870 2296 936 2350 ad
965 2295 1068 2350 taie
1098 2311 1289 2349 munus
1310 2302 1634 2363 assumptus,
1656 2295 1757 2349 sibi
1789 2311 1893 2350 non
1924 2295 2278 2364 rescripserit.

704 2387 948 2443 Nescitur
971 2395 1145 2440 autem
1173 2396 1349 2440 utrum
1369 2385 1633 2439 Ciicusum
1656 2385 1765 2454 jam
1790 2385 2089 2454 pervenerit
2121 2384 2203 2455 (T.
2230 2387 2284 2438 5.

707 2490 755 2530 ε.
785 2476 909 2532 546.
948 2485 993 2528 ct
1019 2465 1122 2543 Ep.
1147 2475 1294 2545 118),
1317 2475 1529 2544 quando
1558 2474 1809 2542 epistolas
1829 2475 1961 2528 duas
1987 2475 2200 2544 scripsit
2220 2476 2284 2528 ad

703 2565 983 2633 episcopos
1006 2573 1059 2618 et
1083 2565 1420 2634 presbyteros
1449 2565 1658 2633 pietatis
1685 2580 1843 2619 causa
1873 2566 1925 2619 in
1954 2581 2169 2621 carcere
2200 2567 2284 2620 in-

701 2657 896 2716 clusos,
924 2671 1057 2724 quos
1092 2657 1156 2709 ad
1193 2658 1500 2726 patientiam
1529 2659 1790 2716 hortatur.
1823 2658 2107 2728 repositam
2143 2672 2283 2713 atru-

705 2746 841 2800 innis
884 2747 1072 2800 talibus
1107 2761 1357 2800 coroaam
1397 2760 1842 2807 commemorans,
1882 2746 2038 2814 idque
2076 2746 2286 2816 egregie

705 2837 756 2888 in
806 2835 973 2903 prima
1018 2836 1310 2903 praesertim
1357 2835 1598 2902 epistola.
1646 2834 1862 2904 Polybio
1908 2835 2033 2888 item
2075 2837 2287 2904 scripsit

704 2937 832 2982 tunc
870 2927 1329 2996 Constantinopoli
1363 2926 1613 2990 versanti,
1655 2940 1716 2980 ac
1760 2926 1826 2980 de
1867 2925 2164 2980 Isaurorum
2207 2927 2287 2980 in-

705 3017 1043 3071 cursionibus
1071 3015 1230 3070 verba
1263 3016 1384 3070 facit
1414 3013 1542 3085 (Ep.
1569 3016 1714 3086 H5),
1744 3018 1829 3084 qui
1853 3015 2116 3071 Cucusnm
2149 3033 2284 3089 pene

705 3108 981 3162 obsessum
1022 3107 1291 3172 tenebant,
1319 3116 1373 3161 et
1402 3107 1590 3161 famem
1635 3107 1685 3160 in
1719 3109 1983 3176 regionem
2018 3108 2158 3162 illam
2201 3110 2282 3163 in-

700 3196 984 3252 duxerant.
1004 3197 1170 3250 Aliam
1186 3211 1398 3266 quoque
1416 3196 1630 3267 Polybio
1649 3197 1926 3267 epistolam
1950 3199 2091 3252 misit
2110 3198 2282 3266 (1‘37),

701 3300 754 3344 ct
776 3289 989 3360 quidem
1026 3289 1218 3343 hiemis
1248 3298 1503 3357 tempore,
1533 3289 1599 3342 de
1627 3303 1728 3357 qua
1764 3288 1983 3344 inferius
2010 3302 2216 3360 agetur.

770 3380 840 3434 Iis
866 3382 1048 3442 etiam,
1074 3381 1161 3450 qui
1193 3395 1251 3434 se
1287 3379 1543 3434 Caesarea:
1571 3378 1808 3433 officiose
1839 3391 2179 3449 exceperant,
2216 3383 2279 3435 lio

705 3483 845 3527 teras
868 3472 1011 3526 misit
1039 3472 1057 3539 (
1092 3473 1252 3539 Epist.
1282 3472 1395 3541 81).
1436 3472 1574 3525 Inter
1604 3487 1696 3526 eos
1733 3472 2046 3542 Hymnetius
2072 3474 2278 3527 emine-

707 3565 812 3626 bat,
853 3579 1010 3632 quem
1052 3565 1377 3616 metlicorum
1417 3564 1705 3633 principem
1746 3573 1929 3629 vocat;
1957 3580 2184 3635 eumque
2223 3575 2282 3621 ut

699 3653 798 3707 sibi
838 3653 1064 3706 amicum
1098 3695 1112 3715 ,
1147 3654 1301 3721 cujus
1339 3662 1392 3706 et
1430 3655 1675 3707 amicitia
1716 3663 1770 3709 et
1813 3656 2011 3724 peritia:
2052 3671 2276 3710 summa:

700 3745 992 3814 periculum
1039 3744 1268 3807 fecerat,
1319 3743 1500 3799 videre
1547 3726 1829 3798 admodum
1884 3754 2131 3814 exoptat;
2181 3746 2275 3801 sed

699 3839 818 3907 quia
842 3838 1142 3891 Isaurorum
1171 3837 1499 3891 incursiones
1519 3836 1709 3890 Cucusi
1735 3836 1932 3890 aditum
1956 3838 2277 3894 interclude-

701 3929 845 3990 baut,
875 3927 924 3980 id
946 3925 1124 3980 damni
1156 3934 1212 3980 ut
1258 3927 1529 3981 literarum
1560 3926 1856 3996 frequentia
1888 3929 2118 3993 sarciat,
2148 3944 2275 3997 pre-

695 4027 863 4071 catur.
899 4016 952 4070 ln
981 4017 1081 4069 alia
1107 4031 1233 4071 vero
1261 4017 1479 4085 epistola
1512 4017 1624 4087 (58)
1658 4015 1937 4071 Seleucum
1964 4020 2272 4088 episcopum

699 4108 796 4175 ipsi
824 4107 1181 4173 commendat,
1214 4108 1519 4177 gravissima
1552 4107 1685 4162 tussi
1724 4108 2050 4163 laborantem
2077 4109 2270 4179 (Epist.

697 4199 791 4269 37)
819 4217 832 4251 :
856 4198 945 4270 qui
972 4199 1630 4268 Seleucus,Chrysostomi
1659 4198 1870 4253 videndi
1899 4199 2165 4256 desiderio
2190 4202 2270 4256 in-

695 4288 908 4355 ductus,
934 4288 1198 4343 Cucusum
1228 4289 1387 4354 venit,
1417 4297 1471 4343 et
1503 4289 1688 4342 tussim
1723 4300 1776 4343 et
1805 4289 2010 4343 itineris
2041 4291 2272 4346 difficul-

697 4387 856 4432 tatem
901 4387 955 4431 ct
996 4377 1222 4432 hiemem
1284 4393 1401 4448 qua:
1447 4379 1679 4433 instabat
1715 4379 2032 4446 despiciens.
2089 4381 2273 4436 I’rofe-

691 4475 872 4522 cturus
908 4477 1083 4522 autem
1128 4469 1447 4531 Czesaream,
1481 4467 1901 4537 Tranquilliuum
1934 4471 2265 4540 episcopum,

691 4557 804 4630 qui,
833 4569 888 4613 ut
921 4576 984 4614 ex
1013 4559 1374 4631 Chrysostomi
1413 4561 1570 4615 dictis
1600 4561 1856 4629 arguitur,
1896 4577 2060 4631 prope
2093 4563 2273 4618 Caesa-

691 4659 838 4704 ream
867 4650 1020 4704 sedes
1041 4650 1286 4714 habebat,
1317 4651 1547 4705 invisere
1573 4651 1758 4704 voluit.
1794 4652 1925 4707 Huic
1948 4669 2071 4708 vero
2092 4655 2270 4712 literas

691 4740 759 4794 ad
791 4739 1206 4808 Tranquillinum
1235 4739 1380 4796 dedit
1405 4739 1637 4796 Joannes
1667 4751 1869 4809 noster,
1899 4759 2054 4813 quem
2085 4745 2266 4800 horta-

690 4844 775 4885 tur
801 4840 857 4884 ut
885 4831 1159 4886 Seleucum
1189 4831 1414 4902 benigne
1441 4834 1687 4903 excipiat.
1716 4834 2111 4905 Tranquillinus
2139 4854 2277 4893 vero

694 4920 1044 4993 Eupsychium
1074 4921 1140 4975 ad
1161 4921 1595 4993 Chrysostomum
1627 4925 1867 4989 miserat,
1898 4928 1986 4996 qui
2016 4928 2083 4982 de
2109 4930 2265 4986 rebus

692 5011 932 5081 plurimis
967 5012 1112 5065 illum
1145 5013 1341 5068 faceret
1371 5016 1674 5070 certiorem.
1711 5018 1780 5071 At
1809 5018 2140 5089 Eupsychius
2179 5020 2267 5076 ille

689 5103 922 5158 nondum
958 5104 1264 5158 advenerat.
1307 5105 1559 5161 Hortatur
1583 5124 1711 5163 vero
1748 5108 2168 5180 Tranquillinum
2211 5123 2266 5164 ut

684 5209 748 5251 ea
771 5237 786 5262 ,
814 5211 933 5264 qua:
975 5196 1075 5250 sibi
1105 5197 1435 5268 Eupsychius
1463 5210 1772 5255 narraturus
1798 5214 1930 5267 erat,
1962 5221 2056 5275 per
2087 5206 2265 5260 literas

685 5288 911 5342 nuntiet.

758 5377 924 5432 Paulo
943 5387 1062 5449 post
1090 5394 1241 5434 suum
1272 5382 1323 5435 in
1355 5383 1527 5438 exsilii
1550 5384 1723 5440 locum
1750 5385 2057 5453 adventum,
2083 5389 2264 5443 literas

682 5471 826 5526 misit
852 5471 918 5525 ad
939 5473 1068 5524 alios
1095 5489 1198 5526 non
1229 5489 1444 5542 paucos,
1471 5476 1559 5545 qui
1582 5477 1680 5530 sibi
1707 5477 1965 5534 Caesarea:
1988 5481 2069 5534 vel
2099 5481 2261 5536 bene-

683 5565 798 5616 ticia
829 5565 1219 5633 praestiterant,
1249 5567 1332 5621 vel
1370 5569 1614 5622 amicitia:
1656 5571 1878 5626 sincerrc
1921 5574 2067 5641 signa
2096 5573 2257 5630 dede-

685 5664 825 5718 rant,
870 5657 935 5710 ad
986 5656 1280 5710 Firminum
1327 5675 1534 5728 nempe,
1581 5659 1912 5730 Cytherium.
1956 5663 2256 5728 Leontium,

668 5741 1014 5805 Faustinum,
1044 5747 1335 5803 Helladium
1369 5759 1419 5804 et
1459 5749 1769 5814 Evethium;
1801 5773 1931 5824 quos
1954 5800 1966 5822 ,
1999 5767 2054 5809 ut
2094 5756 2253 5811 etiam

1760 363 1817 421 s.
1855 364 2132 422 JOANNIS
2166 359 2642 422 CIIRYSOS’IOMI
2684 363 2856 438 vim,

3875 366 3982 424 29.8

2396 494 2530 548 pene
2553 481 2683 536 alios
2708 489 2895 536 omnes
2914 481 3113 535 amicos
3144 489 3195 534 et
3217 491 3391 545 notos,
3420 482 3681 543 hortatur,
3704 493 3763 537 ut
3784 498 3842 538 se
3871 485 3978 541 fre—

2393 580 2618 639 quenter
2656 571 2822 626 literis
2862 571 3122 626 solentur.
3152 571 3390 626 Carterio
3417 588 3649 644 quoque,
3692 574 3976 643 Cappado—

2392 664 2488 717 cia:
2518 664 2749 731 prmsidi,
2787 664 2969 719 literas
3009 664 3156 735 (236)
3186 667 3328 718 misit
3361 665 3775 736 Chrysostomus
3796 708 3811 729 ,
3852 684 3976 737 gra-

2393 755 2597 824 tiasque
2628 756 2698 808 illi
2738 754 2863 825 egit,
2892 755 3031 825 quod
3069 755 3321 808 tumultus
3361 755 3648 822 sedaverit,
3681 767 3735 811 et
3763 773 3976 810 onmem

2395 845 2623 914 lapidem
2655 847 2896 910 moverit,
2932 856 2991 900 ut
3012 848 3124 915 ipse
3154 847 3202 899 in
3228 851 3516 902 securitate
3538 860 3861 903 versaretur.
3893 850 3980 902 Ait

2393 951 2520 988 vero
2568 951 2645 1001 se,
2689 937 2814 990 licet
2857 938 2908 989 in
2954 936 3320 990 desertissimo
3364 937 3498 1002 loco,
3534 938 3725 991 Cucusi
3765 954 3978 1007 nempe,

2395 1024 2693 1094 degentem,
2718 1026 2767 1079 in
2790 1027 2875 1079 illa
2897 1027 3181 1080 solitudine
3206 1035 3469 1096 tamquam
3495 1030 3544 1081 in
3573 1038 3728 1097 portu
3755 1030 3979 1092 versari,

2393 1132 2455 1170 ac
2499 1117 2668 1171 morbi
2716 1119 3086 1186 malorumque
3137 1118 3389 1186 reliquias
3443 1123 3640 1172 sensim
3687 1118 3978 1188 depellere.

2396 1207 2698 1260 Amicorum
2745 1207 3005 1275 siquidem
3053 1223 3149 1275 per
3191 1209 3373 1262 literas
3413 1211 3738 1262 consortium
3791 1225 3985 1264 omnes

2392 1295 2693 1364 abstergcre
2722 1295 2997 1350 videbatur
3021 1297 3192 1350 exsilii
3222 1297 3509 1350 molestias.

2465 1380 2736 1456 Episcopis
2763 1391 2920 1444 etiam
2944 1390 3153 1458 scripsit
3181 1389 3368 1459 (Epist.
3403 1393 3492 1446 85.
3524 1391 3613 1446 86.
3645 1393 3735 1446 87.
3767 1393 3855 1447 88.
3885 1393 3982 1446 S9.

2393 1478 2507 1546 90),
2539 1481 2624 1547 qui
2658 1496 2753 1545 pro
2777 1496 2870 1534 sua
2907 1492 2958 1535 et
2991 1482 3243 1535 Ecclesiae
3270 1497 3429 1536 causa
3467 1483 3696 1544 stabant,
3731 1484 3986 1536 nimirum

2394 1569 2574 1632 Lucio,
2607 1569 2756 1634 Mari,
2789 1571 3011 1640 Eulogio
3053 1573 3102 1624 in
3143 1572 3421 1625 Palmstina
3462 1575 3716 1642 episcopo
3737 1615 3752 1638 ,
3783 1573 3981 1626 Joaimi

2392 1659 2856 1731 Jcrosulymitano,
2888 1663 3191 1716 Theodosio
3218 1664 3672 1734 Scythopolilano,
3697 1675 3751 1718 et
3777 1665 3981 1734 Moysi;

2393 1764 2524 1818 quos
2556 1750 2798 1806 hortatur
2837 1763 2891 1805 ut
2934 1754 2985 1806 in
3029 1753 3217 1808 eadem
3254 1756 3414 1808 animi
3449 1755 3697 1811 firmitate
3727 1771 3985 1824 perseve-

2391 1849 2508 1894 rent
2542 1839 2786 1909 (Pallad.
2829 1841 3354 1914 Dialog.)Eulogium
3397 1860 3557 1908 vero,
3603 1847 3653 1900 in
3701 1846 3988 1901 Palaestina

2392 1932 2719 2001 episcopum,
2749 1947 3087 2004 summopere
3108 1935 3366 2001 celebrat,
3392 1938 3483 2004 qui
3505 1937 3692 2005 quavis
3722 1937 3842 1991 tuba
3869 1939 3989 1990 cla-

2391 2023 2501 2075 rius
2538 2023 2675 2091 apud
2705 2039 2890 2079 omnes
2919 2024 3219 2080 Orientales
3249 2035 3303 2080 et
3341 2043 3497 2094 quam
3532 2029 3838 2097 longissime
3866 2029 3986 2082 dis-

2393 2114 2526 2167 sitos
2563 2114 2804 2169 homines
2841 2117 2917 2170 rei
2957 2118 3229 2170 veritatem
3273 2120 3652 2189 promulgaret.
3701 2121 3986 2192 Eulogium

2394 2212 2603 2267 tamen,
2657 2205 2916 2261 Cmsarem
2965 2207 3016 2261 in
3063 2208 3342 2264 Palmsﬁna
3383 2212 3728 2281 episcopum,
3777 2213 3990 2268 inducit

2393 2293 2677 2359 Palladius,
2702 2299 2850 2364 quasi
2876 2297 3157 2367 'I‘heOphili
3188 2300 3531 2354 Alexandrini
3567 2311 3742 2369 partes
3767 2313 3990 2358 sectan-

2393 2389 2497 2434 tem
2528 2390 2580 2436 ct
2605 2398 2790 2451 aspera
2828 2401 3052 2455 quasque
3097 2388 3425 2442 molientem.
3458 2390 3561 2445 Sed
3594 2393 3676 2446 vel
3715 2393 3850 2447 alius
3879 2393 3990 2448 Pa-

2392 2469 2611 2526 lzestina:
2623 2474 2905 2543 episcopus
2931 2475 3016 2529 hic
3040 2476 3290 2546 Eulogius
3315 2478 3497 2546 fuerit,
3526 2481 3608 2536 vel
3633 2485 3674 2535 si
3699 2481 3835 2537 idem
3865 2483 3989 2554 ipse

2390 2558 2481 2625 sit,
2515 2559 2566 2613 in
2594 2561 2870 2617 adversam
2905 2575 3106 2632 partem
3139 2577 3319 2634 postea
3353 2571 3626 2624 transiisse
3656 2580 3885 2642 oportet.

2463 2649 2543 2702 Ad
2582 2648 2904 2706 Theodorum
2948 2653 3356 2724 Mapsuestenum
3397 2659 3681 2712 scribit.-—-
3707 2663 3746 2716 A
3783 2665 3988 2719 teneris

2390 2741 2542 2794 annis
2593 2742 2822 2795 amicum
2877 2743 3102 2798 habebat
3151 2746 3564 2818 Chrysostomus
3612 2751 3979 2820 Theodorum,

2389 2830 2476 2898 qui
2521 2838 2646 2886 tunc
2691 2831 3028 2901 Mopsuestia:
3074 2836 3358 2906 episcopus
3403 2849 3538 2906 erat,
3588 2843 3828 2912 nihilque
3869 2860 3985 2901 non

2390 2920 2596 2989 agebat,
2631 2932 2685 2974 ut
2713 2921 3080 2994 Chrysostomi
3110 2941 3323 2981 causam
3354 2929 3669 2986 defenderet
3696 2949 3755 2988 ac
3783 2949 3984 3004 propu-

2387 3020 2591 3078 gnaret.
2617 3012 2751 3067 Huic
2785 3016 3062 3084 epistolam
3093 3017 3239 3088 (112)
3269 3021 3412 3074 misit
3443 3021 3879 3094 Chrysostomus,
3911 3029 3982 3081 il-

2390 3102 2529 3170 lique
2559 3112 2615 3157 ut
2637 3106 2744 3171 jam
2771 3106 2971 3175 pridem
2994 3118 3045 3162 et
3072 3108 3140 3162 ab
3172 3109 3322 3163 initio
3347 3112 3446 3166 sibi
3477 3123 3604 3167 noto
3625 3118 3823 3183 gratias
3844 3120 3982 3189 agit,

2391 3191 2736 3264 hortaturque
2760 3206 2813 3250 et
2842 3197 3087 3252 obsecrat
3111 3199 3258 3253 illum
3293 3211 3347 3254 ut
3372 3203 3617 3258 eamdem
3646 3221 3768 3276 erga
3797 3221 3855 3261 se
3881 3223 3978 3263 ea-

2390 3283 2594 3338 ritatcm
2638 3296 2894 3355 perpetuo
2928 3290 3190 3358 vigentem
3229 3292 3473 3347 retineat.
3505 3293 3654 3349 Circa
3700 3296 3835 3352 hanc
3864 3300 3978 3368 epi-

2388 3375 2575 3428 stolam
2607 3377 2798 3446 aliquzn
2841 3378 3186 3448 insurgebant
3213 3380 3589 3450 difficultates,
3620 3402 3752 3456 quas
3785 3389 3981 3444 videsis

2388 3465 2438 3518 in
2468 3469 2605 3519 notis
2626 3468 2688 3520 ad
2718 3467 2873 3522 Tom.
2913 3471 2969 3536 ὃ,
2985 3489 3034 3526 c.
3054 3472 3158 3528 668
3179 3471 3374 3533 61669,
3395 3475 3515 3529 etin
3530 3475 3682 3530 Tom.
3705 3477 3758 3537 6,
3778 3476 3971 3532 c.5l5.

2459 3555 2722 3623 Epistolas
2743 3559 2902 3610 etiam
2923 3557 2990 3611 ad
3020 3559 3152 3613 alios
3180 3561 3324 3614 misit
3346 3562 3648 3631 episcopos,
3670 3565 3977 3620 Anatolium

2385 3646 2604 3713 Atlante,
2653 3646 2898 3701 Ruﬁnum
2939 3648 3066 3702 item
3110 3650 3454 3718 episcopum,
3503 3653 3656 3720 cujus
3697 3668 3826 3706 vero
3866 3653 3974 3707 luci

2385 3739 2636 3803 nescitur,
2659 3738 2724 3792 ad
2755 3737 3026 3794 Urbicium
3053 3749 3106 3794 et
3135 3740 3379 3805 Bassum,
3418 3742 3640 3810 perinde
3671 3743 3974 3812 ignotorum

2385 3826 2618 3880 locorum
2647 3829 2948 3896 episcopos,
2980 3829 3044 3881 ad
3069 3829 3425 3900 Porphyrium
3452 3831 3614 3884 Itbosi
3638 3833 3974 3902 episcopum.

2385 3917 2634 3972 Anatolio
2661 3918 2789 3972 dicit
2816 3920 2969 3990 (111)
2995 3935 3053 3974 se
3081 3922 3408 3989 comperisse
3439 3923 3611 3991 ipsum
3641 3939 3722 3988 se,
3750 3924 3872 3979 licet
3901 3925 3972 3981 de

2382 4008 2518 4063 facie
2544 4009 2644 4063 sibi
2675 4025 2779 4064 non
2812 4023 3016 4074 notum,
3052 4011 3259 4066 ardenti
3291 4028 3476 4069 amore
3507 4017 3788 4085 prosequi,
3816 4027 3971 4086 opta-

2381 4115 2545 4170 reque
2572 4116 2914 4171 congressum
2953 4116 3131 4157 secum
3165 4118 3181 4155 :
3209 4103 3333 4172 quia
3373 4118 3501 4158 vero
3532 4105 3669 4158 nulla
3699 4121 3822 4175 spes
3846 4118 3970 4164 erat

2381 4191 2432 4245 id
2458 4193 2570 4247 ﬁeri
2602 4209 2854 4264 umquam
2883 4207 3060 4262 posse,
3090 4193 3336 4248 hortatur
3365 4196 3512 4249 illum
3542 4208 3596 4251 ut
3620 4200 3978 4268 epistolarnm

2381 4283 2674 4354 frequentia
2697 4299 3039 4353 congressum
3065 4284 3367 4354 hujusmodi
3387 4299 3719 4356 compenset.
3746 4289 3976 4348 Bassum

2379 4373 2554 4445 (5l0),
2596 4389 2752 4444 quem
2792 4374 3250 4442 Constantinopoli
3292 4377 3521 4430 amicum
3568 4378 3848 4445 habuerat,
3889 4383 3977 4438 Ie-

2379 4465 2519 4520 niter
2540 4467 2803 4536 objurgat,
2825 4468 2963 4535 quod
2989 4483 3111 4521 cum
3137 4467 3273 4521 adeo
3290 4469 3495 4523 vicinus
3516 4481 3681 4536 esset,
3701 4489 3766 4527 ne
3785 4475 3976 4532 literas

2378 4556 2594 4626 quidem
2641 4557 2738 4610 sibi
2791 4559 3004 4611 mittere
3043 4557 3376 4626 dignaretur.
3425 4559 3778 4632 Porphyrium
3815 4581 3971 4632 vero,

2377 4662 2536 4716 quem
2576 4647 2738 4700 Rhesi
2771 4647 3076 4716 episcopum
3116 4647 3278 4702 fuisse
3309 4649 3439 4703 nihil
3475 4650 3586 4718 jam
3626 4651 3968 4719 dubitamus,

2377 4753 2474 4806 pro
2504 4753 2652 4792 more
2681 4740 2744 4791 ad
2774 4739 2956 4794 literas
2982 4737 3082 4792 sibi
3112 4737 3421 4808 frequenter
3453 4742 3742 4796 mittendas
3771 4744 3974 4798 cohor-

2379 4838 2536 4884 tatur.
2571 4831 2660 4885 Ilis
2688 4831 2950 4901 iungenda
2976 4829 3202 4900 epistola
3229 4831 3344 4903 (30)
3369 4832 3434 4886 ad
3465 4833 3737 4888 IIcortium
3757 4838 3971 4905 cpisco-

2375 4939 2523 4993 pum,
2557 4924 2706 4991 cujus
2733 4923 2889 4978 sedes
2913 4939 3019 4976 non
3057 4923 3239 4991 procul
3269 4921 3478 4978 Cucuso
3503 4935 3636 4978 erat.
3666 4925 3714 4979 Is
3742 4927 3973 4983 infirmi-

2377 5025 2484 5070 tate
2523 5017 2764 5084 corporis
2808 5016 3082 5070 laborabat
3111 5031 3124 5066 :
3171 5023 3366 5086 atque,
3399 5027 3453 5070 ut
3483 5033 3544 5071 cx
3591 5019 3970 5090 Chrysostonii

2373 5107 2528 5162 dictis
2567 5109 2714 5176 argui
2759 5108 2989 5174 videtur,
3033 5107 3281 5162 Ileortius
3327 5101 3530 5162 amicus
3576 5113 3811 5165 scribere
3859 5115 3971 5171 sibi

2373 5200 2596 5263 solebat,
2638 5200 2780 5268 quod
2828 5208 3005 5254 tamen
3047 5198 3270 5254 adversa
3316 5200 3617 5256 valetudine
3670 5202 3967 5270 laboraret,

2374 5307 2479 5346 non
2512 5293 2578 5346 ab
2607 5292 2698 5345 illo
2717 5292 2995 5346 didicerat.
3035 5290 3218 5344 Verum
3242 5294 3380 5359 quin,
3413 5292 3583 5360 inquit
3603 5293 3714 5360 ille,
3746 5295 3967 5349 labella-

2372 5386 2560 5437 riormn
2592 5386 2805 5454 fortasse
2835 5386 3043 5452 penuria
3072 5401 3171 5436 non
3209 5384 3403 5447 scribis,
3433 5385 3547 5436 ideo
3585 5386 3841 5452 homines,
3875 5393 3968 5456 qui

2371 5477 2439 5530 ad
2465 5487 2509 5529 te
2536 5477 2918 5543 proﬁciscantur
2947 5485 3141 5537 nactus,
3175 5474 3330 5528 literis
3352 5485 3399 5529 te
3421 5477 3630 5538 lacesso,
3655 5494 3776 5547 rogo
3797 5487 3841 5528 et
3867 5479 3928 5530 ob
3947 5512 3960 5519 -

2369 5585 2528 5634 secro,
2552 5579 2607 5622 ut
2633 5569 2823 5638 quoties
2857 5567 3070 5638 facultas
3099 5567 3320 5632 dabitur,
3345 5567 3485 5622 nobis
3513 5586 3664 5637 quam
3685 5572 3968 5638 saepissime

2371 5663 2584 5728 scribas,
2611 5672 2655 5715 et
2684 5679 2782 5731 qua
2808 5663 3091 5714 valetudine
3112 5665 3180 5715 sis
3210 5679 3453 5730 exponas.
3483 5662 3800 5730 Quamquam
3825 5670 3965 5720 enim

2371 5756 2420 5807 in
2471 5755 2806 5808 desertissima
2853 5754 2983 5807 orbis
3039 5755 3146 5807 loco
3200 5754 3502 5821 habitamus,
3544 5783 3606 5818 ar
3635 5764 3947 5833 prn'a'mutm
