4276 6316
206 389 299 445 229

207 514 324 556 metu
346 503 646 567 obsidemur,
672 502 948 572 utilitasque
973 503 1022 555 in
1051 510 1153 554 tam
1181 508 1318 553 uasta
1339 499 1611 556 solitudine
1630 502 1771 552 calu-

205 597 387 647 mitates
416 593 745 663 perpetimur,
770 602 934 646 tamen
961 593 1004 645 si
1026 594 1307 663 frequentes
1335 605 1366 642 a
1401 599 1466 654 te,
1505 591 1583 642 cui
1611 589 1776 642 caris-

203 686 307 738 simi
331 700 523 749 sumus,
558 683 727 738 literas
751 684 1061 752 accipiamus
1079 723 1094 747 ,
1117 698 1228 751 qua:
1260 698 1351 735 nos
1380 682 1444 734 de
1474 691 1559 734 tua
1590 681 1779 735 valetu-

201 778 309 829 dine
330 776 568 830 certiores
597 777 812 847 faciant,
846 777 1095 845 ingentem
1131 775 1269 837 hinc,
1298 783 1370 827 tot
1406 773 1520 827 licet
1541 773 1778 828 (erumnis

201 860 438 935 Oppressi,
468 866 860 918 consolationem
887 865 1208 933 accipiemus.
1243 865 1446 928 Quanta
1476 864 1608 916 enim
1647 861 1776 914 cari-

200 958 308 1010 tatis
340 955 410 1009 eis
448 959 513 1010 sit
539 957 858 1024 exploratum
894 955 1067 1020 habes,
1098 953 1330 1025 quodque
1363 969 1464 1007 non
1503 953 1779 1007 amicorum

198 1047 454 1098 dumtaxat
497 1046 799 1113 prementia,
834 1045 924 1098 sed
961 1045 1111 1098 etiam
1148 1043 1310 1099 litera
1335 1043 1513 1114 ingens
1541 1043 1777 1096 solatium

196 1134 425 1200 nﬂ'erant.

265 1224 585 1294 llesycbium
615 1239 826 1293 quoque
848 1225 944 1278 sibi
977 1222 1386 1289 amicissimum,
1415 1223 1647 1277 vicinum
1678 1222 1775 1276 lia-

197 1315 298 1369 buit
324 1334 338 1380 ;
362 1318 434 1368 ita
453 1325 526 1376 ut,
559 1316 602 1368 si
634 1317 832 1368 licitum
869 1315 964 1383 ipsi
1009 1313 1215 1379 fuisset,
1270 1312 1439 1383 inquit
1469 1313 1521 1370 in
1553 1312 1776 1381 epistola

195 1406 275 1470 74,
305 1422 480 1476 neque
507 1407 805 1461 Isaurorum
837 1415 1033 1470 metus,
1077 1421 1249 1474 neque
1273 1405 1512 1474 corporis
1540 1403 1778 1458 imbecil-

195 1498 305 1551 litas
353 1497 639 1566 prohibere
677 1496 989 1565 potuissent,
1029 1496 1312 1565 quominus
1365 1496 1535 1564 ipsum
1562 1493 1773 1558 adiret;

194 1600 355 1659 neque
384 1599 562 1643 tamen
596 1589 664 1643 ob
712 1588 1012 1642 lsaurorum
1045 1597 1242 1642 metum
1289 1587 1357 1642 ab
1413 1586 1507 1641 illo
1532 1587 1662 1655 petit
1715 1594 1772 1641 ut

192 1675 450 1733 Cucusum
468 1681 666 1743 veniat,
689 1679 782 1733 sed
801 1688 856 1733 ut
876 1694 1034 1748 quam
1059 1678 1385 1747 frequentius
1402 1678 1597 1748 poterit
1625 1676 1691 1731 ad
1717 1690 1777 1732 se

202 1766 380 1822 literas
405 1769 600 1821 mittat.
618 1767 911 1838 Hesychius
933 1781 1062 1822 vero
1100 1767 1270 1822 literis
1285 1767 1352 1820 ab
1367 1765 1574 1821 Joanne
1601 1767 1772 1836 petiit,

192 1865 243 1911 ut
265 1857 362 1912 sibi
391 1859 710 1927 ignosceret,
733 1857 874 1928 quod
896 1872 1000 1912 non
1027 1858 1251 1922 venerit,
1275 1858 1395 1928 quia
1429 1873 1619 1926 nempe
1633 1873 1778 1911 mor-

193 1948 253 2000 bo
274 1947 570 2002 laborabat.
591 1947 896 2017 Respondet
917 1947 1325 2019 Cbrysostomus
1341 1946 1530 2013 (Epist.
1549 1947 1642 2017 9.4)
1656 1948 1774 2002 lau-

190 2038 375 2106 datque
403 2051 550 2103 eum,
574 2036 713 2105 quod
734 2051 796 2091 ea
818 2036 885 2092 de
901 2051 1058 2091 causa
1087 2051 1192 2090 non
1211 2037 1418 2092 venerit
1448 2054 1462 2090 :
1491 2037 1610 2090 licet
1632 2039 1772 2091 enim

191 2137 288 2181 tarn
315 2143 502 2182 earum
532 2138 692 2197 caput
715 2128 1013 2184 exosculari
1043 2137 1216 2194 aveat,
1249 2130 1378 2184 satis
1403 2129 1503 2183 sibi
1545 2128 1658 2183 fore
1679 2130 1773 2195 ait,

188 2219 226 2272 si
253 2220 504 2286 quamdiu
533 2219 645 2275 sive
676 2237 768 2289 per
786 2219 1179 2290 :eg'ritudinem,
1208 2222 1320 2277 sive
1347 2236 1444 2291 per
1481 2222 1604 2276 anni
1630 2230 1770 2276 tem-

188 2320 443 2376 pestatem
474 2311 523 2364 id
552 2327 656 2364 non
690 2311 889 2382 licebit,
923 2312 1090 2366 literae
1114 2313 1251 2365 ultro
1282 2312 1526 2380 citroque
1559 2313 1776 2366 mittan-

188 2409 281 2453 tur.
308 2400 422 2455 lloc
449 2401 619 2469 ipsum
664 2400 774 2458 fere
810 2401 885 2454 illi
920 2403 1115 2470 repetit
1164 2403 1216 2456 in
1269 2402 1492 2470 epistola
1524 2402 1658 2457 l76:
1685 2403 1773 2457 ubi

187 2491 384 2544 itineris
421 2490 791 2545 difﬁcultatem
829 2506 949 2545 cum
981 2492 1224 2560 corporis
1251 2492 1613 2550 imbecillitate
1640 2507 1772 2547 con-

185 2579 362 2649 jungit,
384 2593 452 2635 ac
476 2579 776 2650 signiﬁcare
813 2581 1026 2635 videtur
1056 2596 1114 2636 se
1141 2581 1225 2636 vel
1244 2580 1421 2637 hieme
1442 2581 1553 2651 jam
1574 2598 1774 2652 appro-

186 2669 490 2739 pinquante,
512 2670 595 2725 vel
623 2670 675 2724 in
699 2671 812 2740 ipsa
860 2671 1066 2742 byemis
1099 2678 1411 2744 tempestate
1438 2669 1536 2728 bas
1558 2673 1777 2730 dedisse

186 2757 372 2814 literas.

247 2850 381 2904 Cum
428 2851 769 2906 Tilleniontio
809 2853 1087 2922 opinamur
1113 2853 1272 2907 alium
1302 2853 1628 2926 liesychium
1654 2866 1779 2909 esse

187 2942 345 3009 illum,
399 2958 560 3011 quem
606 2944 969 2997 venerandum
1020 2951 1073 2998 et
1121 2942 1511 2999 nobilissimum
1541 2943 1690 3011 dicit,
1741 2959 1770 2999 a

187 3048 284 3102 quo
313 3048 371 3087 se
402 3032 627 3087 multum
651 3033 818 3087 amari
866 3050 930 3088 ex
980 3033 1090 3089 sola
1121 3033 1258 3087 fama
1303 3033 1580 3098 didicerat,
1614 3050 1641 3087 a
1665 3051 1771 3105 quo

189 3124 414 3191 postulat
440 3122 635 3192 (Epist.
658 3125 806 3192 198),
828 3133 884 3178 ut
904 3107 1208 3193 frequciites
1229 3126 1326 3181 sibi
1355 3126 1534 3182 literas
1556 3127 1730 3180 mittat
1752 3144 1768 3191 ;

188 3211 233 3266 id
250 3213 531 3284 ipsumque
550 3215 745 3282 repetit
763 3215 812 3267 in
840 3215 1060 3283 epistola
1083 3214 1207 3269 225.
1227 3215 1476 3287 Idemque
1497 3217 1768 3272 literarum

187 3307 508 3359 consortium
537 3305 770 3374 postulat
825 3321 854 3359 a
903 3305 1234 3361 Candidiano
1276 3308 1388 3377 jam
1430 3309 1559 3362 olim
1595 3309 1770 3364 amico

186 3410 294 3462 suo,
322 3398 413 3466 qui
437 3395 652 3451 Cucuso
679 3397 861 3465 procul
875 3396 1102 3468 degebat
1147 3398 1352 3469 (Epist.
1381 3400 1450 3455 42
1475 3404 1517 3471 ).

249 3489 574 3543 Antiochiam
602 3490 789 3543 multas
811 3490 982 3544 literas
1009 3489 1254 3544 mittit.—
1270 3493 1604 3547 Antiochiam
1631 3508 1766 3563 quo-

185 3594 298 3647 que,
325 3580 414 3633 ubi
437 3580 490 3634 in
513 3595 701 3650 magna
725 3580 1118 3637 existimatione
1142 3589 1277 3647 erat,
1298 3583 1606 3638 innumeras
1633 3600 1768 3654 pene

184 3672 432 3738 epistolas
452 3671 754 3726 misitexsul
787 3690 799 3725 :
823 3686 1047 3741 quarum
1071 3674 1249 3727 multae
1268 3674 1495 3744 periere,
1513 3675 1768 3745 plurimas

185 3778 386 3832 quoque
414 3777 484 3816 ex
529 3763 594 3816 iis
627 3777 746 3831 qua:
804 3772 1089 3832 supersunt
1144 3779 1248 3818 non
1297 3764 1542 3819 novimus
1589 3776 1764 3820 utrum

183 3854 244 3908 ad
268 3853 637 3909 Antiochenos
662 3862 926 3922 spectent,
956 3854 1078 3923 quia
1111 3855 1408 3924 sirpissime
1462 3870 1577 3910 non
1593 3866 1763 3920 notat,

184 3958 275 3998 nec
303 3944 399 3997 dat
439 3943 618 3997 locum
662 3943 1079 4008 internoscendi,
1099 3959 1204 4012 quo
1235 3945 1285 3998 in
1315 3945 1434 3998 loco
1461 3944 1701 4001 habitent
1730 3947 1766 4001 ii

182 4034 240 4087 ad
259 4049 392 4104 quos
405 4036 593 4090 literas
611 4033 827 4105 dirigit;
869 4035 1160 4090 verisimile
1189 4045 1367 4091 autem
1396 4044 1482 4091 est
1511 4037 1766 4106 plurimas

181 4141 238 4178 ex
261 4125 386 4189 illis,
408 4141 530 4195 quze
563 4125 866 4194 hujusmodi
897 4134 1076 4180 notam
1126 4140 1230 4180 non
1265 4125 1460 4194 ferunt,
1491 4127 1556 4181 ad
1582 4129 1768 4183 Antio-

182 4216 378 4271 ehenos
403 4217 597 4271 missas
625 4215 808 4271 fuisse.
843 4216 986 4271 Inter
1015 4231 1128 4280 eos,
1159 4216 1249 4287 qui
1284 4218 1580 4272 Antiochiae
1608 4219 1766 4275 sedes

184 4305 463 4369 habebant,
494 4307 723 4360 amicitia
746 4306 818 4360 illi
840 4307 1258 4374 conjunctissimi
1280 4315 1435 4362 erant
1467 4308 1765 4369 Marcianus

181 4407 224 4448 et
249 4395 585 4453 Marcellinus
617 4397 830 4462 fratres,
855 4412 1079 4466 quorum
1134 4408 1434 4466 postremus
1474 4399 1527 4452 in
1557 4399 1765 4455 duobus

182 4485 299 4540 Ilss.
328 4486 698 4542 Marcellianus
720 4496 956 4540 vocatur.
1003 4487 1112 4542 Hos
1137 4504 1265 4543 vero
1302 4489 1548 4545 obsecrat
1576 4492 1626 4546 in
1648 4495 1764 4561 cpi.-

179 4578 303 4633 stula
333 4578 456 4642 129,
490 4587 550 4632 ut
577 4594 635 4631 se
665 4578 968 4648 frequenter
996 4579 1062 4634 de
1089 4580 1392 4635 valetudine
1415 4597 1508 4635 sua
1564 4585 1761 4639 certio-

181 4685 284 4723 rem
338 4671 554 4724 faciant.
598 4669 932 4725 Theodotum
975 4685 1100 4724 vero
1150 4669 1432 4725 diaconum
1475 4683 1674 4741 monet,
1706 4684 1763 4729 ut

181 4757 569 4814 Marcellianum
617 4769 672 4812 et
716 4759 931 4813 fratrem
969 4761 1269 4825 conveniat,
1304 4770 1355 4815 et
1400 4763 1539 4831 apud
1566 4780 1661 4819 eos
1708 4765 1760 4818 id

181 4856 310 4916 agat,
329 4857 386 4901 ut
417 4848 852 4917 Cbrysostomum
880 4858 1102 4918 purgent
1127 4850 1268 4917 apud
1297 4851 1612 4919 Carteriam,
1643 4870 1761 4922 qua:

180 4937 241 4992 de
265 4939 646 5009 Chrysostomo
673 4940 1011 5005 querebatur,
1034 4941 1172 5009 quod
1203 4942 1267 4994 ad
1293 4958 1408 4996 eam
1436 4960 1540 4998 non
1561 4947 1762 5002 scribe-

183 5042 287 5085 ret:
316 5047 418 5102 qua
448 5031 516 5086 de
537 5046 594 5085 rc
629 5031 867 5086 inferius.
898 5031 1292 5086 Marcelliannm
1317 5050 1444 5088 vero
1463 5047 1517 5089 et
1543 5036 1759 5093 fratrem

184 5120 262 5174 hic
300 5121 662 5174 nobilissimos
703 5130 874 5175 vocat.
906 5121 1127 5191 Scripsit
1155 5124 1313 5176 etiam
1354 5125 1456 5179 illis
1480 5127 1758 5194 epistolam

183 5212 246 5265 2‘2
259 5214 297 5273 ι,
330 5213 640 5281 etqneritur
659 5213 798 5282 (ιιιοά
820 5213 1033 5280 sileant,
1071 5229 1169 5268 nec
1191 5215 1373 5269 literas
1396 5217 1494 5270 sibi
1524 5219 1756 5286 mittant,

188 5319 274 5356 uec
291 5313 560 5372 acceptam
589 5303 688 5357 sibi
716 5318 835 5357 esse
860 5304 987 5357 dicit
1008 5306 1426 5371 excusationem,
1476 5323 1636 5377 quam
1667 5325 1760 5379 per

184 5392 538 5447 Constantium
563 5393 927 5464 presbyterum
958 5394 1227 5447 miserant.
1257 5395 1450 5449 Verum
1478 5407 1759 5466 antequam

189 5481 252 5530 illi
280 5483 413 5535 hanc
431 5483 706 5550 epistolam
756 5484 1075 5551 acciperent,
1107 5497 1290 5538 eorum
1313 5484 1427 5552 ipse
1471 5487 1652 5541 literas
1675 5505 1762 5542 ac-

187 5574 334 5638 cepit,
362 5573 509 5640 queis
536 5574 682 5626 illum
711 5573 940 5628 vicissim
988 5574 1322 5629 lacessebant
1345 5577 1486 5645 quod
1532 5578 1628 5633 sibi
1655 5597 1759 5634 non

190 5663 451 5717 scriberet.
478 5663 772 5732 Respondit
798 5665 900 5718 illis
949 5665 1363 5736 Cbrysostomus
1383 5710 1397 5733 ,
1433 5681 1590 5738 atque
1619 5670 1761 5738 ipsos

195 5767 287 5807 non
315 5753 427 5809 sine
447 5771 602 5810 causa
649 5771 827 5816 parem
876 5758 1261 5820 querimoniam
1303 5758 1495 5814 afferre
1537 5761 1757 5816 conﬁtc-

1319 383 1499 440 NUNC
1539 383 1801 443 rituum
1840 377 2234 448 ADOBNATA.

3363 401 3470 457 2'50

1887 509 1990 555 tur.
2024 503 2098 556 Ex
2131 504 2288 560 dictis
2332 522 2454 561 vero
2478 510 2591 578 ejus
2620 513 3000 576 eruitur'1llos,
3034 516 3130 569 nisi
3151 519 3468 585 aegritudine

1881 592 2268 661 detinerentur,
2299 598 2462 668 ipsius
2489 599 2698 656 videndi
2725 619 2884 669 causa
2927 606 3191 661 Cueusnm
3217 621 3469 662 \‘t'nluMs

1884 682 2064 750 fuisse,
2098 685 2148 738 id
2177 686 2316 756 quod
2367 689 2456 746 ille
2494 684 2781 747 admodum
2821 703 3072 765 emptore
3133 699 3464 751 testiﬁcatur.

1882 770 2029 824 Alias
2048 775 2206 829 etiam
2239 776 2366 846 ipsis
2395 780 2536 834 misit
2578 783 2850 852 epistolas,
2874 801 3065 855 nempe
3096 789 3180 853 l9,
3207 789 3295 853 65,
3347 791 3464 851 100.

1881 869 1935 914 et
1962 861 2064 918 129
2095 881 2106 915 :
2142 865 2191 918 in
2221 869 2374 935 queis
2391 871 2575 925 eadem
2604 872 2714 942 ipsa
2743 880 2952 944 repetit,
2972 879 3069 932 sibi
3094 879 3339 933 nimirum
3364 896 3468 933 ειν-

1883 951 2001 1019 pius
2029 955 2292 1011 scribendi
2327 958 2591 1016 licentiam
2636 980 2664 1018 a
2700 966 3034 1033 praedonibus
3080 971 3274 1026 lsauris
3311 974 3468 1041 eripi,

1882 1040 2266 1118 Iiterarumque
2295 1049 2644 1119 frequentiam
2685 1066 2938 1125 exoptare
2968 1075 3025 1111 se
3067 1063 3392 1118 testiﬁcatur.

1951 1134 2215 1191 Marciano
2237 1140 2394 1194 etiam
2427 1144 2576 1220 alteri
2612 1145 2847 1201 Tribuno
2879 1150 3156 1220 epistolam
3189 1168 3252 1209 se
3276 1157 3453 1210 misis-

1880 1236 1940 1277 se
1971 1238 2357 1283 commemorat
2389 1232 2579 1300 (Epist.
2607 1234 2703 1290 211
2743 1239 2781 1306 ),
2816 1253 2932 1305 quce
2955 1244 3062 1306 jam
3094 1245 3285 1298 amissa
3306 1255 3425 1313 puta

1882 1318 2000 1406 tur:
2017 1313 2119 1368 Sed
2141 1316 2190 1369 in
2218 1319 2441 1391 epistola
2476 1323 2576 1377 122
2611 1325 2676 1379 ad
2723 1327 2870 1382 illum
2921 1332 3081 1386 missa
3122 1349 3464 1406 summopere

1881 1399 2058 1498 laudat
2088 1404 2257 1469 illum,
2281 1410 2419 1477 quod
2441 1415 2754 1480 pupillorum
2787 1421 3135 1498 patrocinium
3183 1399 3460 1498 suscipiat,

1881 1491 2154 1548 viduarum
2179 1512 2461 1555 mmrorem
2488 1503 2662 1571 leniat,
2685 1505 3045 1578 paupi'rtatem
3066 1497 3202 1571 levet
3227 1491 3464 1588 plebem-

1879 1596 1982 1650 que
2003 1587 2300 1653 univcrsam
2323 1589 2606 1659 frumento,
2637 1601 2780 1662 vino,
2823 1604 2943 1658 oleo
2971 1606 3192 1677 aliisque
3220 1587 3466 1667 omnibus

1881 1673 2040 1728 rebus
2067 1679 2270 1744 alat,ac
2299 1699 2392 1750 pro
2407 1701 2556 1742 more
2580 1698 2628 1746 ut
2652 1692 2751 1746 sibi
2785 1695 3089 1764 frequenter
3114 1703 3307 1757 scribat
3335 1704 3462 1759 bor-

1881 1771 2038 1865 tatur.
2070 1768 2376 1828 Marcellino
2400 1778 2556 1831 etiam
2591 1790 2646 1835 ut
2672 1784 2843 1838 amico
2859 1790 3022 1843 veteri
3053 1794 3236 1847 scribit
3263 1797 3461 1865 episto-

1881 1853 1958 1907 las
1984 1858 2044 1912 5l
2076 1868 2128 1912 et
2153 1862 2272 1927 188,
2301 1865 2483 1920 eadem
2513 1869 2626 1927 fere
2655 1878 2764 1942 ipsa
2806 1893 2924 1947 qua:
2957 1880 3004 1933 in
3054 1887 3263 1940 casteria
3288 1853 3460 1943 enun-

1882 1947 2018 2002 tians
2043 1968 2065 2040 7:
2091 1967 2211 2006 nam
2240 1953 2533 2014 innumera:
2571 1978 2706 2032 pene
2752 1979 2874 2023 sunt
2913 1972 3150 2040 ejusdem
3207 1977 3391 2036 forma!
3413 1994 3461 2037 et

1882 2039 2082 2138 tenoris
2106 2043 2364 2112 epistola}.
2401 2049 2664 2106 Antiocho
2714 2057 2837 2111 item
2873 2039 3045 2116 amico
3074 2066 3259 2120 scribit
3305 2071 3461 2138 epist.

1880 2128 2002 2228 {-89,
2034 2130 2397 2190 difﬁcultatem
2442 2143 2707 2199 scribendi
2756 2149 2825 2202 ob
2857 2152 3250 2212 tabellariorum
3295 2128 3458 2228 petiu-

1879 2219 2010 2317 riam
2029 2237 2352 2294 memorans,
2378 2227 2680 2301 frequentes
2717 2238 2785 2291 ab
2829 2255 2892 2294 eo
2922 2242 3100 2300 literas
3156 2219 3363 2317 potetis,
3393 2253 3459 2306 il-

1881 2308 2095 2409 lumque
2114 2315 2452 2376 Artemidoro
2471 2324 2680 2380 cuidam
2703 2335 3040 2390 commendat
3073 2339 3122 2391 in
3155 2308 3312 2409 epist.
3330 2308 3462 2401 in.

1880 2401 2100 2493 Alypius
2127 2423 2252 2462 vero
2268 2412 2480 2479 quidam
2499 2414 2879 2488 Cbrysostonm
2909 2401 3460 2493 admodmn-addictus

1880 2491 1977 2585 ipsi
2019 2495 2162 2562 prior
2183 2501 2469 2568 scripserat
2520 2508 2678 2577 epist.
2717 2511 2887 2582 (186,
2923 2517 3254 2587 178),haud
3304 2491 3463 2582 «lubie

1876 2599 1997 2639 cum
2035 2589 2206 2656 primo
2232 2591 2494 2650 Cueusum
2509 2599 2830 2668 advenisset,
2845 2607 2937 2661 sed
2963 2623 3082 2664 cum
3098 2618 3463 2683 excusatione,

1878 2691 1947 2732 ne
1962 2693 2024 2733 ex
2059 2680 2143 2780 illa
2177 2684 2515 2744 festinatione
2537 2693 2686 2762 quasi
2710 2693 2995 2754 admodum
3018 2680 3459 2780 princepsarguc;

1878 2775 2044 2823 retur.
2072 2769 2380 2842 Respondet
2402 2779 2475 2834 illi
2512 2779 2946 2855 Cbrysostomus,
2973 2769 3031 2846 se
3051 2836 3066 2858 ,
3100 2802 3154 2847 ut
3183 2769 3466 2865 prinsvdili-

1877 2861 2178 2926 gentiamet
2206 2863 2593 2933 festinationem
2618 2874 2729 2942 ejus
2753 2876 3086 2949 laudaverat,
3115 2861 3225 2954 jam
3249 2889 3464 2944 tardita.

1875 2956 1981 3003 tem
2005 2966 2250 3021 arguere.

1938 3043 2028 3095 'Ad
2057 3037 2355 3100 Eutbaliain
2397 3061 2608 3121 quoque
2661 3044 2868 3128 pietatis
2907 3062 3191 3132 singularis
3215 3068 3464 3127 feminam

1876 3131 2058 3187 literas
2086 3135 2229 3190 misit
2257 3136 2345 3202 52,
2380 3139 2498 3202 l78,
2542 3134 2886 3229 queriturque
2920 3131 3062 3219 quod
3109 3158 3303 3210 multas
3328 3161 3461 3228 ipse.

1875 3237 2070 3291 paucas
2095 3224 2178 3278 illa
2209 3227 2309 3280 sibi
2363 3229 2541 3286 literas
2580 3224 2772 3301 mittat,
2816 3237 3048 3311 dicitque
3101 3254 3304 3303 tantum
3349 3224 3462 3306 isilii

1873 3313 2120 3382 gaudium
2143 3317 2432 3374 amicorum
2457 3321 2637 3378 literas
2660 3325 2870 3397 afferre,
2901 3340 2956 3384 ut
2985 3334 3283 3392 solitudinis
3308 3344 3465 3397 mole»

1873 3399 2242 3499 stiamn'ullam
2266 3412 2478 3466 sentiat.
2527 3414 2658 3470 Cum
2713 3420 2995 3496 Amprucla
3045 3437 3098 3482 et
3145 3430 3461 3499 quibusdam

1872 3497 2011 3562 aliis,
2035 3514 2154 3568 quae
2175 3496 2295 3555 eum
2339 3503 2426 3559 illa
2448 3507 2816 3575 versabantur,
2856 3516 3044 3583 majori
3073 3496 3232 3575 etiam
3265 3525 3457 3580 carita-

1875 3585 1941 3682 tis
1971 3589 2184 3644 vinculo
2210 3607 2379 3647 nexus
2395 3593 2557 3651 fuisse
2586 3598 2816 3666 videtur,
2838 3613 2892 3656 ut
2912 3621 2976 3659 ex
3009 3619 3234 3678 quatuor
3255 3616 3454 3682 episto-

1873 3674 1940 3772 i_is
1967 3677 2044 3772 ait
2063 3679 2211 3772 illam.
2240 3682 2413 3736 missis
2442 3684 2608 3742 tribus
2634 3688 2653 3756 (
2681 3690 2804 3756 l9l,
2841 3694 2964 3759 tos,
2994 3674 3064 3754 se
3093 3697 3112 3770 )
3149 3674 3454 3772 percipitur.

1874 3764 2304 3837 EratAmprlicla
2332 3772 2556 3831 fortasse
2581 3777 2736 3848 Syra,
2757 3783 2838 3836 vel
2866 3764 3332 3849 alterius-fortasse
3361 3764 3459 3851 na;

1874 3856 2229 3929 tionis,neque
2248 3860 2434 3919 Griece
2453 3867 2687 3924 scribere
2701 3871 2922 3939 sciebat;
2941 3892 3006 3931 ex
3031 3879 3240 3936 sincero
3259 3894 3458 3952 autem,

1871 3962 1977 4016 quo
1999 3963 2123 4017 erga
2139 3948 2575 4022 Cbrysostomum
2605 3959 3106 4028 tenebatur,‘alfectu
3132 3982 3316 4026 vexata
3342 3948 3460 4028 ma;

1871 4215 2011 4272 ﬂuxa
2041 4234 2159 4275 esse
2180 4221 2384 4286 dicens,
2410 4224 2584 4280 futura
2613 4237 2788 4285 autem
2818 4233 2955 4289 bona
2975 4237 3122 4292 ﬁrma
3144 4250 3196 4295 et
3225 4243 3274 4296 in
3294 4254 3455 4302 arter-

1872 4326 1998 4365 num
2045 4318 2333 4369 manentia.
2393 4317 2721 4375 Harmatium
2754 4341 2898 4391 vero,
2930 4330 3156 4397 probum
3208 4335 3379 4392 virum
3406 4349 3457 4393 et

1872 4403 2312 4476 0pulentum,qui
2334 4407 2634 4464 hominibus
2651 4414 2762 4468 suis
2794 4416 3166 4486 imperaverat,
3197 4436 3253 4478 ut
3278 4430 3462 4484 omnia

1871 4493 2062 4585 quibus
2088 4511 2246 4564 cgere
2281 4509 2458 4566 posset
2478 4500 2895 4573 Cbrysostomus
2914 4508 3014 4577 ipsi
3030 4515 3454 4585 suppeditarent,

1870 4583 2039 4638 literis
2061 4587 2214 4655 suis(
2241 4587 2307 4641 75
2330 4589 2348 4658 )
2368 4599 2546 4644 monet
2567 4592 2667 4646 sibi
2689 4595 2867 4651 omnia
2910 4583 3150 4668 affluere,
3179 4613 3306 4660 etse
3332 4583 3456 4662 nul;

1872 4671 1923 4725 lo
1949 4687 2082 4742 opus
2109 4674 2324 4742 habere,
2355 4679 2446 4732 sed
2493 4681 2536 4733 si
2567 4683 2848 4751 gratiﬁcari
2880 4689 2978 4743 sibi
3027 4693 3172 4758 velit,
3204 4695 3371 4752 literis
3401 4713 3459 4754 se

1873 4762 2175 4833 frequenter
2203 4766 2268 4822 de
2295 4783 2388 4822 sua
2407 4778 2463 4824 et
2502 4769 2716 4827 familiai
2749 4777 2909 4831 totius
2931 4781 3232 4837 valetudine
3257 4788 3455 4842 ceriio-

1869 4870 1980 4909 rem
2011 4855 2186 4913 faciat.

1943 4948 2158 5018 Ilyemis
2191 4966 2312 5005 vero
2337 4961 2592 5022 tempore,
2611 4955 2722 5010 sive
2741 4956 2932 5029 hyeme
2963 4961 3194 5026 ineunte,
3218 4984 3329 5019 cum
3344 4969 3456 5039 jam

1871 5036 2062 5107 hyemis
2083 5048 2276 5112 tempus
2302 5041 2407 5097 vias
2437 5042 2810 5112 intercluderet,
2856 5047 3100 5105 Musonio
3131 5036 3452 5126 scripsit'ep.

1868 5129 2010 5184 216:
2039 5145 2198 5199 quem
2249 5131 2430 5187 laudat
2467 5149 2496 5187 α
2527 5136 2832 5191 sinceritate
2869 5142 3126 5207 caritatis,
3158 5146 3224 5202 ab
3249 5151 3448 5204 amoris

1869 5220 2080 5285 ardore,
2114 5221 2179 5276 ab
2205 5222 2369 5277 animi
2418 5227 2733 5295 constantia,
2786 5229 2853 5282 ab
2882 5230 3204 5301 ingenuitate
3232 5237 3451 5292 simula-

1871 5312 2028 5364 tionis
2055 5321 2272 5381 experte
2299 5330 2312 5377 ;
2344 5316 2584 5383 queritur
2603 5326 2801 5380 autem,
2825 5321 2964 5388 quod
2988 5322 3232 5392 licetjam
3255 5341 3417 5382 secun
3437 5360 3452 5371 -

1869 5401 1939 5455 du
1962 5403 2158 5455 scribat
2175 5404 2294 5471 ipsi,
2316 5406 2510 5458 nullam
2529 5407 2704 5461 adhuc
2720 5410 2836 5476 ejus
2855 5414 3120 5481 acceperit
3145 5416 3448 5483 epistolam,

1869 5492 2008 5561 quod
2037 5493 2302 5548 silentium
2350 5493 2551 5549 crebris
2601 5498 2869 5554 desiderat
2911 5502 3150 5571 epistolis
3193 5521 3434 5576 compen-

1871 5600 1994 5638 Sﬂl‘l.

1943 5674 2110 5745 Magis
2139 5677 2420 5731 indurescit
2451 5680 2501 5731 in
2532 5680 2705 5733 ca‘silio
2729 5698 2878 5747 quam
2900 5682 3351 5756 Constrmtinopoli.
3387 5720 3428 5728 -

1870 5764 2100 5820 Joannes
2125 5781 2250 5821 vero
2278 5768 2327 5820 in
2373 5769 2557 5822 exsilio
2588 5768 2786 5838 degens
2842 5774 3006 5843 magis
3049 5775 3447 5847 inclarescebat,
