4276 6316
758 374 855 429 Tal
1861 368 1916 421 S.
1958 366 2235 421 JOANNlS
2273 362 2754 418 (IllliYSOSTOMl
2802 361 2983 425 VITA,

758 506 913 555 qnztn
941 500 1059 539 (unt
1092 482 1385 537 Antiocltite
1411 482 1488 534 vel
1536 480 1995 545 Constantinopoli
2019 490 2160 532 esset
2188 480 2204 543 (
2241 477 2340 529 So-

757 596 885 633 Zottt.
917 579 953 631 ι.
997 578 1049 631 8.
1101 592 1148 629 c.
1197 575 1266 629 27
1291 576 1330 643 ).
1377 568 1507 625 Cum
1566 571 1708 624 enim
1743 573 1977 639 pecuniis
2030 569 2344 631 abundaret,

754 684 886 739 quius
909 678 1018 721 tum
1050 665 1319 738 Olympias
1336 660 1657 723 diaconissa,
1694 672 1802 714 tum
1832 660 1919 714 alii
1952 658 2099 711 multi
2148 658 2349 711 Submi-

758 762 1075 824 nistrabant,
1100 760 1333 825 captivos
1350 754 1606 825 plurimos
1635 753 1702 807 ab
1725 752 1917 806 lsauris
1947 750 2191 814 redemit,
2215 749 2349 801 mul-

759 857 823 902 tis
850 852 1008 905 etiam
1036 848 1214 918 egenis
1252 845 1552 900 necessaria
1606 845 1823 913 largitus
1844 852 1958 902 est;
1991 857 2103 904 eos,
2133 841 2222 910 qui
2258 856 2346 908 pe-

762 943 933 997 cuniis
964 956 1066 994 non
1100 937 1345 1008 egebant,
1376 936 1653 1005 colloquiis
1684 936 1780 987 sibi
1829 934 2163 987 conciliabat.
2196 932 2345 985 Erat-

755 1050 857 1102 que
880 1031 1163 1087 admodum
1186 1044 1340 1084 carus
1373 1040 1479 1082 tum
1506 1027 1751 1081 Armenis
1781 1025 1919 1094 apud
1947 1039 2079 1094 quos
2100 1024 2341 1093 degebat,

758 1139 865 1179 tum
896 1124 1130 1177 finitimis
1146 1123 1411 1175 omnibus.
1433 1120 1579 1175 Mulli
1610 1119 1843 1189 quotidie
1873 1117 1937 1170 ad
1958 1133 2077 1172 eum
2109 1114 2348 1169 conﬂue-

760 1218 886 1269 bant
912 1229 975 1268 ex
999 1213 1127 1267 urbe
1160 1212 1455 1275 Antiochia,
1487 1227 1553 1266 ex
1568 1211 1718 1281 Syria
1745 1220 1799 1264 et
1821 1225 1886 1263 ex
1906 1207 2108 1261 Cilicia.
2144 1208 2340 1275 Atque,

756 1316 813 1359 ut
844 1304 1080 1373 pluribus
1109 1303 1242 1358 infra
1265 1302 1488 1363 dicetur,
1531 1316 1624 1355 eos
1654 1302 1743 1369 qui
1795 1298 2129 1367 evangelium
2155 1296 2346 1365 prmdi-

754 1398 946 1450 rabant
972 1396 1022 1448 in
1052 1392 1610 1461 thnieia,juvabat,
1645 1402 1698 1445 et
1720 1391 1934 1445 monitis
1955 1398 2009 1443 et
2038 1388 2340 1459 largitioni-

756 1488 873 1553 bus,
900 1485 1033 1538 alios
1057 1499 1267 1554 quoque
1294 1483 1531 1546 mittens,
1571 1482 1661 1552 qui
1691 1480 1863 1535 eidem
1895 1481 2045 1549 Operi
2072 1479 2345 1535 incumbe-

756 1586 871 1631 ient
896 1594 909 1631 :
934 1576 1199 1645 etiamque
1226 1572 1544 1629 Gotthorum
1580 1582 1633 1627 et
1661 1572 1940 1628 Persarum
1958 1570 2226 1625 Ecclesias
2255 1584 2346 1624 cu-

754 1669 923 1721 raliat.

828 1757 1146 1828 Porphyrius
1189 1757 1241 1809 in
1277 1756 1619 1825 episc0palum
1672 1755 2036 1808 Antiochenam
2083 1755 2331 1807 intrusus.

754 1880 824 1889 ~—
850 1849 968 1903 lllos
997 1857 1174 1903 autem
1203 1847 1291 1917 qui
1314 1848 1411 1901 sibi
1440 1846 1633 1900 addicti
1679 1854 1850 1912 erant,
1896 1854 2001 1898 tam
2045 1844 2344 1898 Constanti-

758 1943 954 2010 nopoli,
984 1958 1140 2011 quam
1167 1938 1484 2003 Antiochiae,
1516 1940 1567 1993 in
1614 1938 1864 1993 aerumnis
1895 1937 2014 1991 ideo
2042 1947 2339 2001 versantes,

758 2035 969 2089 fovebat
1014 2032 1447 2101 sustentabatque
1504 2045 1601 2100 pro
1646 2031 1845 2084 viribus
1877 2029 2107 2101 (Pallad.
2136 2029 2341 2100 Dia/ag.

758 2125 964 2179 Sozam.
1024 2125 1059 2177 ι.
1094 2123 1145 2178 8.
1199 2140 1245 2177 c.
1282 2122 1349 2177 25
1376 2124 1415 2194 ).
1448 2122 1579 2177 Cum
1636 2137 1765 2176 vero
1806 2121 2089 2175 Flavianus
2140 2121 2347 2191 episco-

758 2232 854 2280 pus
872 2225 1109 2269 mortuus
1131 2224 1273 2268 esset
1309 2228 1448 2266 anno
1468 2213 1593 2276 404,
1650 2211 1977 2282 Porphyrius
2004 2212 2083 2263 vir
2115 2225 2142 2263 a
2168 2209 2345 2279 probis

755 2305 992 2358 moribus
1036 2304 1374 2366 abhorrens,
1422 2317 1541 2355 sese
1596 2300 1983 2355 Antiochenam
2034 2300 2342 2369 epiSCOputn

758 2408 873 2462 post
901 2395 1141 2449 Flaviani
1174 2394 1373 2447 obitum
1404 2392 1631 2461 indignis
1672 2392 1843 2445 tnodis
1884 2392 2117 2444 ordinari
2142 2390 2345 2443 curavit

756 2485 822 2537 ab
874 2484 1065 2538 Aeacio
1106 2482 1363 2553 (Pallad.
1414 2481 1669 2552 Dialog.),
1715 2482 2003 2536 Severiano
2054 2490 2107 2533 et
2161 2481 2346 2535 Antio-

752 2577 877 2640 cho,
906 2578 1187 2645 statimque
1229 2574 1595 2645 Chrysostomi
1646 2574 2077 2628 condemnationi
2108 2573 2345 2626 subscri-

756 2670 893 2740 psit:
923 2682 1248 2740 quapropter
1299 2668 1450 2721 multi
1483 2669 1533 2722 in
1588 2668 1740 2738 Syria
1773 2667 1839 2722 ab
1893 2667 2008 2735 ejus
2066 2666 2338 2720 consortio

752 2776 873 2816 sese
902 2768 1324 2830 sequestrat-unt,
1371 2774 1431 2812 ac
1461 2759 1684 2812 seorsim
1714 2758 1965 2811 collectas
1988 2756 2340 2820 celebrantes,

753 2855 943 2909 inultas
972 2868 1237 2908 aerumnas
1257 2862 1318 2905 ae
1342 2852 1612 2905 molestias
1634 2856 1756 2905 sunt
1780 2849 2036 2919 perpessi.
2058 2848 2188 2902 Nam
2218 2848 2341 2901 Cle-

758 2958 849 2998 rns
871 2942 1235 2997 Antiuehenus
1283 2941 1540 3009 insignior
1580 2939 1715 2993 clam
1758 2938 1969 3007 plebem
2016 2937 2341 3007 colligebat,

754 3034 1131 3089 accedentibus
1161 3034 1319 3086 etiam
1352 3030 1661 3085 mulieribus
1682 3046 1798 3099 quae
1838 3030 2028 3097 opibus
2052 3030 2340 3099 pollebant.

753 3126 881 3179 'l'ota
926 3124 1035 3179 fere
1065 3122 1395 3178 Antiochena
1423 3120 1659 3175 Ecclesia
1687 3119 1907 3175 Joannis
1931 3119 2190 3173 invisendi
2213 3135 2344 3174 cau-

755 3238 811 3269 sa
844 3219 894 3270 in
922 3218 1229 3271 Armeniam
1258 3214 1522 3284 migravit,
1568 3221 1621 3267 et
1674 3212 1724 3265 in
1772 3210 1945 3266 reditu
2006 3227 2192 3265 (mines
2232 3212 2348 3281 ejus

758 3308 1148 3375 iliilosophiam
1175 3305 1531 3375 pra-dicarunt
1564 3320 1579 3358 :
1622 3318 1739 3371 quae
1792 3317 1876 3357 res
1924 3300 2271 3358 Severianum
2293 3312 2347 3357 et

755 3398 1103 3470 l‘orphyrimn
1129 3398 1198 3451 ita
1218 3395 1512 3460 mordebat,
1536 3402 1593 3448 ut
1613 3395 1729 3463 ejus
1757 3393 1878 3449 ideo
1903 3405 2195 3449 eatremam
2221 3410 2345 3463 per-

764 3494 956 3547 niciem
990 3492 1321 3545 molirentttr.

828 3584 935 3636 Iloc
962 3584 1175 3636 circiter
1196 3591 1406 3649 tempus
1443 3580 1709 3636 Cucusum
1736 3582 1882 3637 venit
1911 3583 2193 3653 presbyter
2220 3582 2340 3652 qui-

751 3676 873 3728 dam
901 3690 927 3725 a
960 3674 1163 3727 Domno
1179 3672 1429 3742 episcopo
1456 3671 1520 3725 ad
1546 3671 1804 3745 Joannem
1835 3674 2047 3727 missus.
2082 3673 2207 3726 Erat
2237 3688 2335 3725 au-

756 3778 861 3819 tem
886 3765 1119 3819 Domnus
1150 3765 1250 3834 ipsi
1298 3764 1786 3833 conjunctissimus,
1819 3780 1976 3834 quem
2030 3776 2179 3834 rogat
2232 3765 2345 3819 fre-

754 3865 981 3923 quenter
1026 3856 1206 3908 literas
1233 3854 1406 3907 solatii
1462 3870 1619 3908 causa
1670 3855 1769 3908 sibi
1817 3854 2008 3908 mittat.
2061 3857 2349 3909 Accessere

754 3961 963 4015 quoque
989 3945 1075 3998 alii
1105 3945 1401 4015 presbyteri
1444 3945 1610 4014 ipsius
1643 3945 1901 3999 invisendi
1948 3945 2135 4015 gratia,
2164 3955 2219 3999 et
2248 3945 2347 3999 for-

755 4039 909 4091 lassis
938 4026 1273 4102 Antiocheni,
1301 4036 1492 4107 quibus
1520 4036 1585 4091 ad
1631 4052 1726 4092 sua
1753 4037 2144 4093 revertentibus
2165 4038 2347 4093 literas

753 4128 899 4184 dedit
923 4129 987 4183 ad
1017 4128 1281 4198 Elpidium
1310 4128 1618 4198 episcopum
1664 4128 2000 4193 deferendas,
2032 4145 2120 4199 ep.
2149 4130 2219 4186 25
2250 4149 2262 4183 :
2294 4132 2344 4185 in

754 4236 975 4287 quarum
998 4220 1261 4291 principio
1283 4219 1430 4281 dicit,
1456 4232 1515 4273 se
1538 4219 1871 4287 frequentius
1890 4220 1989 4287 ipsi
2018 4222 2343 4287 scripturum

757 4310 937 4373 fuisse,
968 4311 1066 4363 nisi
1098 4310 1359 4363 latronum
1389 4320 1583 4373 metus,
1611 4309 1736 4363 anni
1764 4318 2073 4379 tempestas,
2101 4320 2155 4364 et
2179 4311 2346 4365 tabel-

758 4404 1007 4458 lariorum
1036 4404 1230 4472 inepia,
1258 4404 1559 4459 facultatem
1587 4402 1686 4456 sibi
1712 4401 2039 4467 adimerent;
2072 4415 2347 4471 precatur-

755 4508 859 4560 que
888 4502 945 4547 ut
972 4493 1280 4562 frequenter
1333 4508 1390 4547 se
1446 4493 1613 4547 literis
1664 4492 1962 4560 compellet.
2020 4493 2344 4547 Eorumtlem

757 4584 1181 4654 presbyterorum
1230 4584 1524 4638 ministerio
1548 4584 1733 4638 eadem
1762 4598 1896 4652 pene
1931 4585 2039 4652 ipsa
2074 4586 2257 4639 scribit
2280 4585 2345 4638 ad

757 4674 999 4742 Magnum
1051 4675 1381 4742 episCOptun.
1448 4674 1590 4727 Dona
1636 4682 1811 4727 autem
1863 4674 2345 4745 nndiqueaceipie-

756 4764 839 4819 hat
864 4781 895 4818 a
942 4766 1067 4819 VlrlS
1101 4766 1297 4834 probis,
1317 4766 1678 4833 etinsignibus
1724 4765 1932 4821 feminis
1955 4768 2090 4837 mqui
2121 4769 2346 4839 bonique

754 4857 1073 4923 amantibus,
1104 4857 1173 4911 ita
1202 4865 1259 4911 ut
1306 4872 1487 4912 rerum
1534 4858 1771 4911 omnium
1810 4861 1961 4929 copia
2017 4861 2331 4915 abundaret.

756 4954 1095 5017 Quapropter
1123 4961 1244 5001 cum
1290 4947 1528 5017 quotidie
1582 4949 1895 5004 muneribus
1929 4965 2018 5005 res
2068 4949 2346 5006 familiaris

758 5038 891 5092 ultra
917 5037 1132 5092 modum
1156 5050 1459 5109 augeretur,
1480 5040 1645 5110 capit
1672 5041 1761 5095 ille
1787 5041 2108 5098 donantibus
2123 5060 2343 5099 munera

758 5128 1049 5194 remittere,
1082 5139 1215 5184 etut
1255 5129 1510 5201 largiendi
1551 5132 1708 5188 finem
1763 5130 2003 5188 facerent
2053 5149 2262 5205 r0gare,
2291 5145 2349 5191 ut

757 5217 938 5275 videre
960 5218 1115 5275 estin
1142 5219 1381 5289 epistolis
1404 5220 1477 5277 50
1499 5220 1567 5277 ad
1621 5222 1928 5293 Diogenem,
1972 5223 2036 5280 6|
2072 5225 2138 5279 ad
2164 5225 2347 5281 Theo-

756 5313 1025 5364 :totutnex
1058 5310 1460 5377 Consularibus,
1505 5321 1561 5368 et
1609 5313 1719 5369 232
1741 5313 1808 5369 ad
1853 5312 2169 5371 Carteriam.
2220 5317 2345 5372 Dio-

754 5415 919 5468 genes
950 5388 1083 5457 vero
1102 5400 1243 5457 dona
1290 5418 1384 5458 sua
1434 5404 1653 5460 miserat
1681 5420 1777 5475 per
1804 5406 2147 5475 Aphraatem,
2173 5408 2345 5463 virum

758 5492 1417 5565 religiosissimum,quem
1461 5495 1698 5567 jusserat
1732 5497 2114 5570 Chrysostomo
2144 5500 2345 5556 nolenti

759 5600 975 5639 uulnera
1007 5585 1327 5656 relinquere.
1366 5588 1664 5657 Aphmates
1695 5607 1762 5645 ne
1792 5591 1971 5647 literas
2018 5594 2232 5663 quidem
2280 5595 2346 5648 ab

758 5675 849 5728 illo
879 5692 935 5731 se
964 5688 1306 5748 accepturum
1348 5695 1465 5735 esse
1495 5682 1812 5744 minabatur,
1848 5685 1945 5737 nisi
1978 5684 2092 5753 ipse
2124 5702 2343 5741 tnnnera

756 5765 1038 5835 acciperet.
1075 5770 1485 5840 (Zhrysostomus
1536 5788 1660 5824 vero
1702 5775 2083 5844 componcntla'
2120 5774 2191 5829 rei
2227 5792 2342 5829 nte-

3945 359 4058 415 92-!

2462 475 2585 527 dum
2636 475 2904 538 excitavit,
2957 474 3341 543 epistulamque
3395 474 3623 528 tnisit5l
3684 473 3923 541 Diogeni,
3948 490 4053 541 qua

2459 564 2702 617 hortatur
2733 565 2901 627 illum,
2924 573 2979 616 ιιι
3007 563 3327 632 Aphraatent
3352 563 3533 631 jubeat
3586 578 3801 617 utunera
3832 564 3917 614 illa
3950 565 4045 615 de-

2457 658 2593 709 ferre
2624 657 2673 709 in
2726 655 3073 719 thniciam,
3096 657 3301 723 illisque
3331 655 3524 709 offerre
3552 656 3880 724 quiregionis
3900 657 4054 706 istius

2455 747 2680 815 gentiles
2732 748 2795 798 ad
2845 747 3199 799 Christianam
3245 746 3402 799 fidem
3456 746 3720 799 adducere
3760 748 4040 804 curabant,

2458 838 2595 890 unde
2625 840 3011 907 major-utilitas
3030 837 3200 891 futura
3242 849 3375 893 erat.
3417 840 3540 892 Inde
3585 854 3706 893 vero
3737 840 4054 905 cettjiciuttts

2459 928 2743 997 Diogenem
2778 930 2925 981 illum
2971 930 3269 983 Antiochia:
3296 929 3477 992 fuisse,
3524 941 3681 998 atque
3725 932 4053 999 Apin-uatem

2456 1022 2505 1073 in
2542 1021 2709 1074 reditu
2746 1037 2841 1074 suo
2861 1037 2955 1089 per
2975 1021 3303 1075 Phoenicium
3336 1020 3496 1074 fuisse
3538 1023 3909 1077 transituttun.

2526 1112 2759 1165 Carteria
2790 1127 2917 1165 vero
2942 1122 3087 1166 tanto
3113 1128 3237 1181 erga
3270 1111 3712 1182 Chrysostontum
3744 1112 3935 1166 affectu
3968 1111 4053 1167 fe-

2454 1201 2693 1269 rebatur,
2721 1213 2775 1255 ut
2798 1203 2896 1256 nisi
2926 1204 3075 1273 gravi
3102 1203 3289 1257 morbo
3315 1205 3527 1257 detenta
3552 1202 3757 1269 fuisset,
3778 1204 4055 1257 Cucusum

2454 1293 2568 1362 ejus
2592 1294 2794 1347 visendi
2818 1309 2976 1347 causa
3001 1295 3299 1363 profectura
3323 1293 3528 1357 fuisset,
3550 1304 3604 1347 ut
3623 1293 3782 1361 Ιὶιμιυι
3806 1309 3869 1346 ex
3889 1296 4051 1361 epist.

2451 1383 2555 1437 227
2585 1383 2603 1455 (
2626 1382 2791 1455 Epist.
2819 1384 2945 1457 18).
2974 1385 3157 1439 Morbo
3184 1394 3360 1438 autem
3391 1393 3762 1453 perseverante
3786 1384 3896 1452 ipsa
3926 1400 4056 1437 sua-

2454 1486 2543 1546 pte
2566 1493 2723 1531 manu
2746 1488 3015 1546 unguenta
3042 1478 3283 1547 ancdam
3310 1477 3559 1540 confecit,
3586 1493 3703 1545 qtae
3732 1475 4058 1546 (Zhrysosto-

2453 1585 2541 1623 mo
2571 1570 2745 1633 misit,
2782 1579 2838 1623 ut
2879 1571 3042 1639 liquet
3079 1585 3142 1624 ex
3173 1570 3398 1638 epistola
3435 1569 3525 1622 3i.
3559 1568 3649 1622 llla
3681 1583 3805 1622 vero
3835 1569 4055 1639 longam

2455 1662 2933 1732 peregrinationem
2965 1661 3100 1726 iniit,
3130 1671 3187 1713 ut
3212 1659 3384 1715 fertur
3412 1662 3461 1712 in
3489 1661 3647 1728 epist.
3678 1661 3746 1715 44
3774 1660 3840 1714 ad
3866 1660 4057 1714 Theo-

2451 1754 2633 1807 dolum
2656 1753 2963 1807 diaconum.
2989 1752 3098 1807 Sub
3122 1752 3234 1805 haec
3260 1761 3436 1806 autem
3462 1750 3705 1817 Libanio,
3730 1753 3842 1804 viro
3863 1751 4059 1807 claris-

2452 1848 2618 1911 simo,
2648 1847 2844 1910 suasit,
2882 1855 2936 1899 ut
2963 1845 3228 1899 Cucusum
3257 1843 3627 1914 Chrysostomi
3658 1844 3862 1897 visendi
3890 1860 4059 1899 causa

2455 1936 2883 2006 proficisceretur
2906 1956 2917 1989 :
2938 1936 3078 2005 quod
3110 1936 3207 2004 ipsi
3230 1934 3517 1987 admodum
3542 1934 3756 2005 placuit,
3789 1944 3843 1986 ut
3868 1934 4061 1988 videre

2452 2038 2533 2082 est
2555 2029 2604 2081 itt
2634 2028 3026 2097 elegantissima
3050 2028 3276 2098 epistola
3291 2025 3419 2080 252.
3443 2024 3603 2079 Venit
3628 2041 3752 2095 ergo
3772 2025 4061 2091 Libanius,

2452 2128 2505 2173 et
2537 2120 2821 2188 perexiguo
2848 2129 3088 2187 tempore
3114 2134 3233 2173 cum
3261 2118 3648 2189 Chrysostomo
3678 2128 3917 2171 versatus
3946 2131 4056 2181 est,

2453 2223 2508 2265 ut
2553 2213 2603 2265 in
2645 2213 2868 2282 epistola
2900 2212 3006 2267 250
3036 2212 3101 2267 ad
3148 2211 3411 2279 Elpidium
3440 2211 3749 2279 episcopum
3782 2222 4056 2265 narratur.

2455 2302 2500 2357 ls
2536 2304 2605 2357 de
2641 2304 2801 2358 rebus
2827 2345 2840 2369 ,
2869 2320 2989 2374 qua:
3015 2302 3311 2359 Antiochia:
3348 2314 3457 2360 tum
3497 2302 3852 2371 gerebantur,
3888 2304 4062 2371 probe

2452 2396 2743 2449 instructus
2780 2406 2928 2461 erat,
2963 2406 3019 2451 et
3054 2397 3120 2452 de
3160 2399 3357 2453 Severa
3397 2398 3559 2453 nobili
3601 2399 3791 2467 piaque
3829 2396 4064 2449 nmliere

2451 2485 2613 2539 multa
2647 2487 2845 2553 retulit,
2875 2502 3032 2556 quam
3068 2505 3358 2559 numquam
3383 2489 3587 2543 viderat
3616 2488 4059 2559 Chrysostomus.

2451 2575 2555 2631 Sed
2584 2592 2649 2631 ex
2679 2588 2896 2633 narratu
2927 2579 3132 2634 Libanii
3166 2590 3343 2633 motus
3368 2579 3600 2634 Joannes
3634 2589 3814 2632 noster
3847 2577 4062 2647 episto-

2451 2667 2557 2720 lam
2595 2666 2669 2720 illi
2705 2668 2849 2721 misit
2886 2668 3012 2723 229.
3045 2669 3179 2723 Cum
3215 2685 3374 2738 porro
3417 2670 3672 2725 Libanius
3702 2669 3876 2730 venit,
3906 2668 4062 2723 Con-

2450 2758 2676 2810 stantius
2717 2758 2805 2811 ille
2850 2760 3129 2829 presbyter
3156 2760 3542 2831 Cltrysostomo
3582 2760 3888 2813 carissimus
3928 2774 4069 2811 cum

2451 2850 2543 2901 illo
2568 2858 2683 2902 erat
2707 2867 2719 2911 ;
2763 2849 2943 2904 literas
2973 2866 3133 2919 porro
3160 2852 3231 2903 illi
3260 2852 3405 2905 dedit
3429 2851 3667 2906 Joannes
3696 2850 3761 2904 ad
3788 2849 4064 2904 Constan-

2452 2944 2582 2997 tium
2613 2945 2838 2998 alterum
2872 2947 3243 3016 presbyterum
3276 2944 3620 2999 adferendas.

2523 3034 2706 3087 Adolia
2739 3047 2971 3088 matrona
3001 3036 3312 3088 Auliochena
3330 3037 3553 3089 caritatis
3567 3035 4066 3103 vinculojuncla.-—

2453 3124 2528 3177 Ex
2558 3125 2659 3196 piis
2687 3134 2863 3179 autem
2892 3134 2946 3179 et
2976 3126 3240 3179 nobilibus
3269 3124 3504 3191 feminis,
3533 3140 3653 3195 quas
3681 3126 4061 3195 Chrysostomi

2451 3215 2615 3270 ductu
2638 3216 2775 3270 viam
2799 3217 2986 3272 salutis
3005 3220 3375 3287 capessebant,
3398 3218 3594 3272 nullam
3619 3219 3785 3287 magis
3806 3217 4065 3284 curabat,

2454 3308 2707 3377 nullaque
2734 3308 2833 3377 ipsi
2862 3309 3029 3376 magis
3050 3309 3196 3363 cordi
3220 3318 3356 3374 erat,
3376 3324 3533 3378 quam
3559 3308 3765 3369 Adolia,
3788 3318 4065 3373 matrOna,

2454 3406 2509 3450 ut
2540 3398 2779 3461 videtur,
2810 3399 3162 3454 Antioeltcna.
3196 3400 3320 3454 llzue
3367 3414 3493 3454 vero
3518 3399 3743 3453 Libanio
3773 3399 4069 3453 Antiochia

2452 3488 2517 3542 ad
2548 3489 2991 3559 Chrysostomum
3021 3490 3378 3560 proﬁciscenti
3403 3491 3576 3545 nullas
3602 3490 3822 3544 dederat
3848 3490 4067 3555 literas,

2453 3595 2571 3649 quze
2600 3595 2759 3633 causa
2789 3596 2892 3634 non
2931 3582 3218 3636 mediocris
3242 3581 3443 3635 doloris
3470 3581 3567 3650 ipsi
3607 3580 3737 3644 fuit,
3771 3587 3825 3634 ut
3853 3580 3904 3634 in
3935 3582 4064 3648 epi-

2454 3670 2589 3724 stola
2618 3670 2717 3725 231
2752 3671 3087 3728 testificatur.
3119 3672 3205 3725 Illa
3236 3687 3361 3727 vero
3384 3687 3441 3727 se
3470 3687 3501 3725 a
3532 3671 3842 3741 propinquis
3870 3672 4067 3740 prodi-

2455 3772 2561 3815 tam
2592 3763 2775 3829 fuisse,
2809 3779 3105 3834 gravesque
3133 3762 3419 3834 tragoedias
3448 3763 3731 3833 pertulisse
3754 3804 3767 3828 ,
3802 3764 3946 3832 prius
3969 3763 4065 3817 (Ιί-

2453 3864 2624 3909 xerat.
2658 3856 2726 3908 At
2754 3855 3171 3926 Chrysostomus
3199 3857 3340 3910 illam
3367 3897 3383 3921 ,
3418 3866 3474 3909 ut
3506 3866 3841 3910 terrenarum
3875 3869 4067 3909 rerum

2453 3961 2608 4000 curas
2636 3946 2829 4000 missas
2856 3945 3016 4000 faciat
3041 3988 3053 4009 ,
3086 3958 3140 4001 et
3175 3947 3238 4001 ad
3267 3962 3325 4001 se
3351 3945 3617 4001 Cucusum
3649 3947 3828 4000 veniat
3854 3946 4060 4000 cohors

2456 4046 2597 4090 tatur
2626 4036 2784 4105 epist.
2822 4036 2926 4090 155
2949 4078 2965 4104 ,
2999 4037 3140 4091 illam
3172 4038 3413 4092 aditurus
3440 4038 3551 4107 ipse
3576 4079 3590 4101 ,
3628 4038 3673 4091 si
3706 4038 3962 4091 licuisset.
4001 4034 4063 4091 In

2455 4128 2698 4181 morbum
2742 4137 2923 4182 autem
2965 4128 3053 4182 illa
3081 4129 3299 4190 incidit,
3329 4138 3386 4183 ut
3419 4130 3468 4181 in
3497 4129 3718 4197 epistola
3748 4127 3817 4182 52
3844 4128 4011 4181 fertur
4045 4146 4063 4181 :

2454 4220 2797 4273 nihilominus
2821 4229 2999 4273 tamen
3027 4219 3194 4283 illam,
3221 4231 3278 4273 ut
3300 4221 3513 4289 quando
3535 4236 3629 4289 per
3651 4220 3892 4289 corporis
3918 4220 4064 4277 vale-

2456 4308 2691 4362 tudinem
2720 4309 2918 4364 licebit.
2948 4309 3217 4364 Cucusum
3246 4312 3427 4364 veniat
3453 4309 3717 4365 hortatur.
3746 4310 3800 4364 ln
3826 4310 4063 4380 epistola

2455 4414 2581 4453 vero
2601 4400 2668 4453 57
2692 4401 2854 4466 illam,
2874 4401 3307 4471 quandoquidem
3330 4402 3398 4456 ob
3418 4404 3661 4472 corporis
3685 4402 4064 4460 infirmitatem

2454 4492 2556 4546 iter
2583 4492 2846 4546 Cucusum
2878 4495 3151 4563 suscipere
3180 4509 3285 4548 non
3318 4501 3544 4563 poterat,
3576 4506 3827 4565 precatur
3857 4505 3912 4548 ut
3943 4494 4061 4551 fre-

2454 4584 2805 4653 quentissime
2820 4585 3001 4639 literas
3020 4586 3118 4640 sibi
3140 4587 3334 4652 mittat,
3353 4601 3519 4656 seque
3541 4585 3607 4641 de
3631 4586 3937 4641 valetudine
3960 4602 4061 4641 sua

2453 4678 2733 4731 certiorem
2768 4676 2945 4730 faciat.
2980 4677 3390 4748 Ingravescente
3418 4688 3597 4732 autem
3631 4677 3819 4731 morbo
3861 4678 4063 4734 Adolia

2456 4779 2631 4823 tamen
2655 4768 3040 4840 Chrysostomo
3067 4769 3312 4838 scripsit;
3344 4784 3445 4838 qua
3472 4768 3539 4823 de
3568 4784 3626 4822 re
3654 4768 3704 4822 in
3735 4768 3959 4837 epistola
3987 4771 4065 4825 33

2452 4861 2643 4929 agitur,
2676 4860 2763 4915 ubi
2790 4860 2858 4915 de
2890 4860 3195 4916 valetudine
3222 4860 3338 4929 ejus
3363 4874 3422 4915 se
3443 4859 3733 4915 admodum
3761 4859 4062 4916 sollicitum

2451 4971 2571 5011 esse
2600 4956 2932 5010 testificatur.

2527 5050 2777 5102 Antumni
2807 5059 3081 5117 tempore,
3114 5060 3299 5101 mense
3328 5045 3539 5101 circiter
3568 5043 3901 5114 Septembri,
3933 5044 4061 5100 edi-

2452 5139 2581 5193 dicit
2604 5139 3021 5209 Chrysostomus
3047 5136 3412 5208 presbyteros,
3436 5135 3675 5205 aliosque
3698 5134 3787 5204 qui
3821 5135 4062 5191 incendii

2452 5228 2695 5285 ecclesia:
2718 5227 3326 5297 Constantinopolitanm
3350 5240 3513 5280 causa
3539 5226 3591 5280 in
3618 5240 3889 5281 carcerem
3917 5228 4074 5281 trusi

2454 5317 2686 5385 fuerant,
2707 5320 2936 5373 eruisses
2956 5317 3318 5386 liberatosque
3337 5316 3498 5371 fuisse
3518 5330 3582 5371 ex
3606 5316 3723 5387 lege
3737 5315 3806 5371 29
3827 5317 4064 5385 Augusti

2455 5408 2524 5463 ad
2562 5408 2805 5465 Studium
2837 5408 3155 5464 Prmfectum
3197 5408 3843 5477 Constantinopolitanum
3875 5410 3891 5478 (
3926 5404 4068 5463 Vide

2454 5500 2570 5555 cod.
2616 5501 2869 5556 ’l'heodos.
2896 5500 3019 5556 161.
3070 5508 3107 5552 t.
3130 5496 3196 5563 2,
3221 5498 3259 5551 ι.
3290 5499 3380 5553 57.
3407 5517 3461 5569 p.
3491 5499 3582 5567 75)
3606 5517 3617 5551 :
3641 5514 3761 5568 qua:
3810 5497 4065 5553 fortassis

2456 5599 2571 5659 Ipso
2617 5592 2843 5647 sollicite
2894 5589 3194 5660 postulante
3236 5589 3353 5642 data
3405 5590 3575 5643 fuerat
3624 5607 3638 5644 :
3684 5587 4065 5658 Chrysostonu

2456 5700 2595 5737 entm
2624 5699 2826 5739 amicus
2855 5697 2965 5740 erat
3000 5686 3103 5739 ille.
3136 5684 3247 5739 lloc
3284 5697 3523 5753 tempore
3557 5687 3714 5737 frater
3741 5682 3853 5751 ejus
3881 5680 4024 5737 obiit
4049 5723 4063 5748 ,

2459 5788 2509 5826 rt
2550 5774 2963 5844 Chrysostomus
3008 5778 3178 5846 ipsum
3220 5777 3530 5831 consolandi
3574 5792 3730 5829 causa
3768 5774 4063 5842 epistolam
