4276 6316
219 416 323 472 233

218 530 446 598 scripsit,
478 529 665 582 Studia
690 528 937 595 Praefecto
962 525 1099 579 urbis
1124 524 1428 590 inscriptam
1457 541 1467 575 :
1493 522 1683 588 scripta
1715 519 1797 572 ni-

218 624 410 675 mirum
439 621 535 673 fuit
559 625 800 673 vertente
828 630 969 669 anno
1000 614 1103 668 404
1126 653 1140 679 ,
1169 628 1289 668 cum
1319 612 1492 665 adhuc
1516 608 1802 664 Praefectus

215 714 366 769 urbis
402 724 545 766 esset
577 727 591 761 :
626 725 746 763 nam
778 709 829 761 in
870 708 974 760 fine
1004 706 1156 759 istius
1184 704 1307 757 anni
1340 696 1571 770 Optatus
1603 701 1655 754 in
1687 700 1803 769 ejus

215 803 391 855 locum
419 800 773 862 substitutus,
804 794 1090 849 Prmfectus
1116 793 1260 847 urbis
1289 802 1496 845 creatus
1520 799 1621 845 est.

284 890 419 945 Cum
468 900 645 942 autem
693 887 1032 955 presbyteros
1086 883 1206 935 illos
1259 896 1289 933 a
1336 895 1551 933 carcere
1597 878 1802 931 solutos

214 982 576 1042 exspectaret,
607 969 884 1038 epistolam
917 966 1019 1020 114
1046 965 1259 1032 scripsit
1290 963 1499 1032 Elpidio
1527 961 1802 1015 Laodicea:

214 1063 488 1130 episcopo,
514 1058 802 1113 venerabili
829 1056 941 1112 seni
963 1066 1016 1110 et
1036 1054 1371 1108 sanctissimo
1396 1052 1622 1122 praesuli,
1643 1066 1800 1120 quem

214 1165 560 1218 summopere
594 1147 770 1202 laudat
796 1163 823 1199 a
854 1146 1067 1215 pietate,
1097 1160 1127 1197 a
1159 1142 1433 1212 prudentia
1466 1151 1520 1194 et
1545 1156 1574 1194 a
1604 1139 1803 1193 sollici-

216 1241 401 1295 tuditte
425 1281 440 1303 ,
469 1254 573 1307 qua
616 1237 776 1290 totius
803 1236 948 1290 orbis
980 1243 1035 1287 et
1064 1233 1143 1287 sui
1176 1233 1336 1287 etiam
1371 1230 1591 1285 Joannis
1619 1244 1801 1283 curam

213 1332 457 1400 suscipit.
482 1330 615 1383 Cum
642 1338 859 1398 cuperet
880 1334 1056 1379 autem
1083 1324 1166 1377 ille
1190 1324 1328 1378 seire
1353 1337 1458 1390 quo
1484 1325 1535 1375 in
1559 1330 1696 1375 statu
1720 1334 1804 1374 res

211 1418 587 1491 Chrysostomi
618 1427 742 1471 tunc
768 1424 980 1479 essent;
1014 1423 1191 1466 narrat
1215 1413 1303 1466 ille
1332 1428 1390 1466 se
1416 1413 1467 1465 in
1501 1410 1802 1472 desertissi-

214 1524 362 1560 tnum
398 1508 569 1560 locum
597 1548 611 1570 ,
642 1519 832 1575 nempe
870 1504 1135 1559 Cucusum
1161 1545 1174 1564 ,
1206 1504 1492 1571 relegatum
1524 1516 1643 1556 esse
1663 1542 1675 1562 ,
1710 1500 1803 1553 sed

214 1599 265 1651 in
311 1599 491 1667 quiete
534 1606 588 1650 et
634 1596 1011 1665 tranquillitate
1056 1594 1291 1658 versari,
1333 1591 1570 1645 onminm
1614 1589 1804 1644 officiis

212 1690 479 1758 gaudere,
509 1696 667 1756 atque
694 1686 862 1740 morbi
890 1686 1128 1755 reliquiis
1155 1684 1391 1753 depulsis
1412 1725 1426 1750 ,
1453 1684 1561 1754 jam
1594 1682 1802 1737 lsauro-

213 1795 334 1833 rum
380 1790 522 1833 metu
570 1780 848 1832 liberatmn
891 1792 1012 1831 esse
1046 1795 1059 1830 :
1089 1776 1278 1830 adesse
1326 1777 1423 1830 sibi
1466 1776 1805 1847 presbyteros

208 1870 583 1925 Constantium
608 1880 661 1923 et
688 1869 989 1931 Evethium,
1014 1882 1334 1937 sperareque
1359 1883 1416 1922 se
1440 1868 1574 1933 alios
1599 1883 1663 1921 ex
1688 1882 1805 1920 car-

209 1977 338 2017 cere
382 1964 585 2015 solntos
632 1961 697 2015 ad
748 1976 806 2016 se
848 1962 1239 2031 quamprimum
1286 1960 1623 2013 advolaturos
1662 1974 1802 2014 esse.

209 2050 474 2104 Obsecrat
498 2049 729 2119 denique
765 2050 913 2104 illum
940 2092 953 2114 ,
986 2058 1042 2103 nt
1067 2064 1162 2119 pro
1195 2064 1256 2103 se
1285 2064 1471 2119 preces
1500 2050 1720 2113 fundat,
1752 2057 1807 2103 et

212 2139 400 2192 literas
425 2140 523 2193 sibi
546 2139 756 2193 mittere
789 2155 854 2192 ne
875 2138 1109 2200 desinat;
1129 2141 1426 2207 salutatque
1447 2139 1803 2209 Asyncritinm

214 2230 677 2300 religiosissimum
700 2231 1086 2301 presbyterum,
1103 2230 1598 2298 totumqueClerum
1619 2230 1799 2298 ipsius.

208 2321 365 2375 Alias
401 2334 613 2390 quoque
645 2320 895 2389 epistolas
926 2322 1137 2389 scripsit
1175 2319 1242 2374 ad
1283 2320 1579 2388 Elpidinm,
1614 2336 1805 2387 nempe

210 2411 341 2475 151,
376 2410 498 2475 158,
531 2411 652 2469 142.
685 2411 789 2464 250
814 2420 864 2465 et
892 2410 982 2477 25,
1012 2426 1327 2481 semperque
1354 2426 1472 2465 cum
1498 2427 1685 2481 magna
1714 2427 1803 2464 reâ€”

209 2504 474 2557 verentia:
503 2503 909 2573 significatione.
940 2504 1072 2571 Quia
1104 2518 1231 2558 vero
1271 2503 1511 2571 Elpidius
1537 2504 1673 2571 ecqui
1707 2502 1800 2556 bo-

209 2594 377 2665 nique
393 2609 598 2661 amans,
615 2610 786 2663 neque
804 2595 1035 2648 Atticum
1062 2594 1114 2647 in
1132 2593 1800 2662 Constantinopolitanum,

208 2700 391 2754 neque
412 2684 768 2755 Porphyrium
792 2686 841 2737 in
865 2683 1253 2738 Antiochenum
1280 2684 1587 2752 episcOpmn
1614 2683 1805 2736 admit-

210 2785 327 2829 tere
352 2775 538 2839 voluit,
558 2774 866 2844 episcopatu
887 2774 1139 2845 depulsus
1158 2773 1276 2828 fuit.
1298 2773 1494 2829 Verum
1516 2789 1657 2829 anno
1676 2774 1799 2839 408,

206 2877 437 2921 curante
462 2867 765 2922 Alexandro
789 2908 804 2931 ,
839 2865 1117 2937 Porphyrii
1153 2879 1462 2921 successore
1486 2908 1500 2932 ,
1534 2866 1587 2919 in
1620 2864 1803 2920 sedem

204 2974 363 3013 suam
398 2958 675 3012 restitutus
703 2956 820 3011 fuit.

276 3048 539 3120 Cyriacus
567 3062 778 3117 quoque
803 3045 1168 3119 Synnadensis
1193 3046 1500 3118 episcopus,
1524 3045 1594 3101 ob
1624 3046 1806 3101 incen-

206 3140 358 3194 dium
390 3154 549 3209 supra
581 3147 929 3194 memoratum
958 3138 1009 3192 in
1040 3152 1310 3193 carcerem
1337 3139 1611 3207 conjectus
1637 3178 1649 3201 ,
1681 3152 1801 3192 cum

207 3229 541 3301 presbyteris
561 3238 614 3283 et
637 3230 753 3283 aliis
774 3230 980 3283 solutus
1001 3241 1050 3282 et
1076 3229 1330 3283 liberatus
1357 3229 1531 3283 fuerat
1553 3229 1802 3299 Septem-

206 3320 289 3373 bri
326 3333 515 3374 mense
544 3320 791 3383 circiter;
825 3321 918 3373 sed
949 3320 1018 3373 ita
1050 3328 1105 3372 nt
1129 3319 1277 3373 exsul
1307 3328 1478 3385 esset,
1508 3328 1566 3372 ut
1602 3318 1704 3373 fert
1735 3319 1801 3373 ti-

211 3412 375 3473 tulus.
404 3411 454 3465 id
479 3421 581 3477 est,
606 3411 1063 3481 Constantinopoli
1087 3421 1137 3465 et
1158 3411 1400 3465 fortassis
1420 3412 1533 3481 ipsa
1554 3412 1801 3483 Synnada

206 3503 482 3557 exclusus.
513 3500 646 3556 Cum
690 3518 846 3571 porro
879 3510 957 3555 tot
981 3502 1233 3555 atrumnis
1266 3500 1461 3556 fractus
1488 3503 1539 3556 in
1571 3517 1803 3558 maerore

207 3603 539 3658 versaretur,
568 3593 849 3663 epistolam
880 3594 983 3647 125
1007 3593 1080 3645 illi
1108 3592 1316 3647 cmteris
1344 3592 1636 3661 longiorem
1660 3594 1804 3648 misit

204 3681 626 3755 Chrysostouius
654 3702 667 3737 :
700 3700 804 3754 qua
834 3692 891 3737 ut
919 3684 1249 3739 calamitates
1283 3685 1401 3738 illas
1430 3684 1638 3740 fortiter
1667 3688 1803 3741 ferat

207 3776 458 3830 hortatur
478 3816 493 3842 ,
522 3776 874 3845 exemploque
902 3784 1208 3831 sanctorum
1242 3777 1446 3832 Veteris
1472 3777 1802 3833 Testamenti

206 3866 272 3919 ad
303 3866 563 3936 quaelibet
589 3867 733 3920 illata
762 3866 899 3921 mala
929 3867 1241 3921 sustinenda
1267 3869 1612 3932 corroborat;
1638 3884 1801 3938 seque

206 3959 384 4027 ipsum
410 3958 462 4011 in
487 3956 789 4026 exemplum
814 3956 988 4023 affert,
1014 3966 1067 4011 et
1087 3966 1215 4027 quot
1236 3958 1389 4012 malis
1408 3958 1649 4025 affectus,
1674 3969 1803 4030 quot

204 4050 493 4105 calumniis
522 4051 792 4120 impetitus
816 4049 975 4104 fuerit
1002 4060 1245 4105 recenset
1270 4066 1284 4103 :
1310 4050 1435 4107 hinc
1461 4052 1526 4106 ad
1557 4053 1800 4122 exenipla

205 4151 517 4196 sanctorum
557 4140 691 4196 Novi
716 4141 1043 4197 Tcstamenti
1070 4155 1125 4197 et
1152 4143 1515 4212 apostolorum
1543 4145 1764 4199 vertitur
1783 4186 1797 4212 ,

208 4244 265 4288 ut
295 4234 417 4303 ejus
444 4234 681 4288 animum
705 4234 894 4302 erigat,
926 4233 1250 4302 demumque
1277 4233 1360 4289 his
1387 4236 1561 4289 verbis
1590 4236 1799 4305 longam

205 4326 493 4395 epistolam
520 4327 631 4380 sive
660 4326 955 4380 orationem
981 4325 1178 4379 claudit
1202 4343 1215 4378 :
1244 4326 1580 4393 Quamobrem
1607 4336 1654 4380 te
1678 4344 1800 4398 rogo

205 4434 264 4470 ac
307 4417 463 4471 ueluti
510 4416 716 4487 genibus
746 4418 843 4471 tuis
870 4416 1142 4470 advolutus
1169 4416 1385 4472 obtestor
1408 4458 1422 4481 ,
1453 4427 1508 4471 ut
1537 4435 1801 4473 mazrorem

204 4521 250 4563 et
276 4512 473 4563 luctum
497 4510 726 4581 abjicius,
757 4527 815 4564 ac
846 4526 937 4579 pro
966 4509 1107 4563 nobis
1136 4510 1274 4581 apud
1304 4509 1466 4563 Deum
1494 4527 1681 4565 menter
1707 4513 1795 4580 sis,

204 4602 447 4672 uobisque
465 4602 728 4654 rescribas.

275 4695 547 4748 Chalcidia
576 4704 619 4747 et
638 4694 925 4765 Asyncritia
954 4695 1312 4765 Chrysostomo
1334 4695 1437 4748 add
1461 4706 1573 4749 ctu).
1595 4725 1665 4734 â€”
1686 4695 1799 4748 Duo

203 4796 362 4843 erant
387 4801 507 4857 qua:
538 4786 636 4839 iter
666 4786 1090 4841 intercludeliant
1121 4788 1213 4850 iis,
1246 4788 1335 4857 qui
1365 4787 1430 4841 ad
1464 4788 1796 4841 invisendum

204 4876 467 4932 Joannem
493 4878 757 4931 (Incusum
784 4878 964 4931 venire
992 4879 1362 4946 peroptabant,
1395 4880 1641 4933 nimirum
1670 4880 1797 4952 hye-

206 4969 310 5024 mis
339 4975 630 5037 tempestas
657 4977 712 5021 et
742 4966 1042 5022 Isaurorum
1084 4968 1436 5024 incursiones.
1470 4970 1544 5024 Ea
1574 4986 1701 5025 vero
1731 4971 1798 5025 de

206 5073 369 5114 causa
410 5056 550 5111 haud
582 5056 741 5111 dubie
769 5056 1042 5112 Chalcidia
1069 5068 1121 5111 et
1148 5058 1447 5129 Asyncritia
1479 5059 1685 5115 nobiles
1718 5061 1795 5115 fe-

208 5149 369 5206 mine
388 5190 407 5213 ,
442 5147 544 5220 ipsi
564 5148 801 5204 caritatis
824 5149 1041 5203 vinculo
1062 5149 1261 5220 junctae
1281 5192 1295 5213 ,
1326 5167 1445 5221 quae
1470 5152 1794 5225 Chrysosto-

200 5255 353 5297 unum
396 5237 628 5296 invisere
661 5254 1002 5310 summOperc
1029 5240 1354 5310 cupiebant,
1382 5257 1442 5298 se
1469 5258 1499 5297 a
1529 5245 1795 5313 carpenda

230 5335 276 5389 ia
311 5331 395 5385 bis
414 5330 481 5386 de
499 5331 677 5385 causis
701 5330 961 5386 deterreri
986 5331 1368 5404 Chrysostomo
1392 5334 1675 5405 scripsere.
1702 5336 1795 5391 Ille

202 5435 334 5475 iero
360 5420 641 5489 epistolam
666 5419 774 5477 212
796 5422 1012 5493 scripsit
1040 5439 1053 5475 :
1083 5422 1229 5477 nulla
1252 5422 1380 5479 dicit
1406 5423 1534 5493 ipsis
1559 5440 1679 5479 esse
1702 5442 1795 5481 ex-

202 5514 491 5576 -u<atione
518 5525 651 5581 opus
676 5552 692 5578 ,
732 5512 940 5583 sibique
982 5514 1253 5569 sincerum
1294 5513 1504 5569 illarum
1542 5516 1790 5571 affectum

208 5615 310 5651 non
358 5600 655 5670 ignoranti,
695 5604 914 5672 perinde
956 5618 1069 5661 rem
1111 5617 1170 5659 se
1210 5603 1407 5667 habere
1443 5620 1506 5661 ac
1530 5605 1576 5662 si
1606 5622 1790 5663 revera

212 5698 469 5749 venerint.
517 5692 657 5749 Idem
699 5697 869 5765 ipsum
903 5695 1220 5767 Asyncritia:
1260 5692 1454 5767 repetit
1484 5698 1536 5753 in
1566 5698 1789 5768 epistola

213 5783 301 5852 77,
324 5793 378 5839 et
405 5799 499 5855 pro
529 5800 676 5840 more
704 5802 820 5852 suo,
846 5796 902 5841 ut
933 5786 1237 5855 frequenter
1264 5788 1361 5844 sibi
1387 5789 1566 5844 literas
1590 5790 1781 5855 mittat,

1458 407 1638 464 NUNC
1678 405 1941 461 PRIMUM
1982 407 2022 461 Î‘
2035 406 2374 462 DORNATA.

3391 410 3498 465 234

1911 519 2170 572 hortatur.
2208 520 2503 588 Asyncritia
2536 529 2586 573 et
2618 519 2886 575 Chalcidia
2918 521 3016 589 pia:
3048 520 3295 575 mulieres
3338 523 3494 575 simul

1908 608 2071 659 vitam
2112 608 2370 676 agebant,
2414 623 2533 661 cum
2568 608 2686 662 aliis
2720 623 2900 664 secum
2940 609 3135 678 pietate
3176 610 3494 677 cenjunctis.

1906 698 2290 767 Chrysostomo
2311 700 2592 753 admodum
2616 699 2837 755 addicta:
2861 700 3165 769 frequenter
3191 702 3287 771 ipsi
3314 700 3494 757 literas

1909 788 2209 853 mittebant,
2242 797 2300 841 ut
2326 804 2387 841 ex
2417 789 2532 856 ejus
2562 790 2626 842 ad
2651 790 2766 843 illas
2796 790 3054 858 epistolis,
3088 805 3307 859 quarunt
3337 791 3490 859 pluri-

1910 895 2009 931 ma:
2056 890 2360 946 supersunt,
2410 878 2684 948 liquidum.
2732 879 2787 933 In
2833 878 2997 933 titulis
3044 895 3173 933 vero
3216 880 3496 950 aliquando

1910 969 2228 1038 Asyncritia,
2261 969 2524 1021 interdum
2553 968 2846 1032 Chalcidia,
2876 970 3046 1039 prima
3078 970 3324 1037 ponitur;
3353 984 3495 1039 smpe

1908 1060 2067 1111 etiam
2089 1060 2370 1129 separatim
2394 1060 2628 1129 singulas
2653 1060 2817 1114 literis
2837 1060 3136 1129 compellat.
3164 1059 3257 1113 liae
3283 1061 3332 1113 in
3356 1077 3493 1115 Ï€ÎµÎ¹-Î¹Î¹-

1911 1151 2051 1203 mnis
2080 1159 2133 1204 et
2161 1150 2417 1204 molestiis
2454 1152 2816 1217 versabantur,
2846 1160 2902 1205 ut
2925 1166 2988 1205 ex
3016 1150 3236 1206 Joannis
3258 1154 3498 1222 epistolis

1910 1242 2175 1309 arguitur;
2198 1248 2251 1293 et
2271 1239 2515 1305 fortasse,
2540 1242 2661 1311 quia
2682 1240 3062 1311 Chrysostomo
3077 1240 3301 1295 addictze
3321 1257 3494 1303 erant.

1912 1332 1964 1385 in
1981 1332 2280 1403 Porphyrii,
2302 1334 2388 1400 qui
2410 1334 2792 1387 Antiochenam
2809 1333 2988 1387 sedem
3011 1333 3294 1397 invaserat,
3314 1335 3495 1388 odium

1913 1423 2262 1476 incurrerunt.
2298 1422 2569 1477 Chalcidia
2606 1440 2633 1476 a
2668 1425 2823 1493 longe
2849 1425 2959 1492 jam
2992 1432 3233 1493 tempore
3262 1428 3497 1479 caritatis

1912 1514 2010 1569 sibi
2042 1516 2252 1568 vinculo
2277 1516 2457 1583 juncta
2483 1525 2617 1582 erat,
2643 1526 2698 1570 ut
2735 1516 2904 1571 fertur
2929 1519 2978 1571 in
3006 1518 3231 1588 epistola
3253 1520 3341 1574 '59.
3379 1519 3496 1589 ipsa

1912 1619 2040 1658 vero
2064 1605 2114 1657 in
2148 1620 2360 1674 gravem
2402 1606 2644 1660 morbum
2682 1607 2883 1673 incidit,
2910 1618 2966 1661 ut
2986 1624 3050 1663 ex
3073 1610 3292 1677 cpistola
3322 1610 3391 1665 98
3412 1610 3493 1663 dio

1911 1694 2108 1749 scimus
2138 1713 2148 1749 :
2181 1711 2299 1766 qua:
2339 1711 2423 1751 res
2460 1697 2896 1769 Chrysostomum
2938 1716 3043 1754 non
3071 1700 3270 1771 vulgari
3311 1701 3495 1756 dolore

1911 1787 2106 1841 affecit.

1984 1878 2182 1931 Fronto
2211 1880 2437 1934 Ducaus
2462 1881 2740 1950 epistolam
2768 1881 2869 1937 199.
2900 1882 3137 1936 inscribit
3162 1885 3463 1954 Asyncritiw
3482 1926 3495 1950 ,

1910 1987 2069 2039 quam
2107 1971 2388 2026 lectionem
2429 1983 2683 2043 sequutus
2710 1984 2789 2029 est
2816 1976 2974 2029 etiam
3004 1977 3082 2030 vir
3107 1977 3176 2030 el.
3206 1976 3493 2032 Talleman-

1915 2061 2037 2113 tius.
2084 2060 2190 2114 Sed
2235 2070 2418 2115 contra
2466 2063 2599 2115 hanc
2645 2062 2928 2119 lectionem
2976 2066 3269 2120 reclamant
3311 2083 3496 2123 omnes

1915 2150 2252 2219 ltlanuscripti
2284 2153 2445 2205 etiam
2476 2154 2852 2223 antiquissimi,
2884 2155 2973 2225 qui
3002 2156 3200 2211 habent
3232 2156 3498 2211 Onesicrit-

1911 2242 2010 2295 Ï„á½·Ï‰.
2028 2241 2117 2296 Sic
2130 2242 2289 2296 etiam
2308 2243 2433 2312 legit
2449 2244 2698 2309 Savilius,
2719 2259 2889 2314 neque
2905 2245 3061 2300 aliam
3084 2246 3364 2301 lectionem
3387 2264 3498 2301 me-

1912 2340 2104 2384 morat.
2133 2331 2515 2385 Onesicratiam
2547 2333 2703 2403 igitur
2735 2343 2845 2387 tum
2873 2334 2943 2389 ob
2972 2333 3091 2389 filia:
3118 2351 3228 2390 suae
3258 2336 3496 2401 obitum,

1913 2421 2179 2480 tnmuuod
2211 2422 2312 2476 alia
2342 2424 2703 2492 prmcessisset
2729 2424 3160 2495 plaga,aï¬‚lictam
3180 2436 3233 2481 et
3256 2438 3497 2481 maestam

1910 2514 2218 2568 consolatur
2245 2513 2677 2584 Chrysostomns.
2707 2515 2822 2569 Non
2858 2530 3013 2584 posse
3048 2516 3257 2586 quidem
3300 2526 3497 2571 tantam

1912 2605 2158 2659 mceror-is
2188 2605 2383 2659 nubem
2414 2604 2608 2659 auferri
2641 2605 2865 2671 fatetur,
2896 2606 2988 2660 sed
3020 2623 3131 2660 rem
3162 2608 3346 2661 saltem
3379 2625 3497 2660 mn-

1912 2696 2148 2750 deratius
2177 2711 2296 2750 esse
2326 2695 2597 2750 ferendam
2624 2713 2637 2749 :
2667 2696 2867 2750 obitum
2896 2698 3034 2751 enim
3067 2714 3170 2753 non
3204 2714 3330 2753 vere
3359 2716 3494 2753 rnor-

1913 2796 2019 2841 tem
2059 2803 2199 2853 esse,
2231 2786 2323 2841 sed
2363 2788 2843 2857 peregrinationem
2885 2800 3042 2858 atque
3081 2806 3107 2841 a
3149 2790 3500 2845 deterioribus

1911 2878 1976 2932 ad
2008 2879 2226 2933 meliora
2257 2880 2769 2948 commigrationcm.
2802 2881 3121 2950 Asyncritite
3156 2892 3333 2937 autem
3374 2882 3499 2938 licet

1912 2969 2092 3022 literas
2122 2970 2314 3022 multas
2345 2969 2618 3037 scripserit
2648 2970 3081 3041 Chrysostomus,
3113 2987 3400 3041 numquam
3431 2972 3499 3027 de

1911 3060 2015 3113 ï¬lia
2045 3061 2209 3129 ipsius
2237 3060 2488 3129 loquitur.
2515 3060 2649 3114 Cum
2675 3071 2853 3115 autem
2877 3062 3193 3133 Asyncritia:
3223 3063 3497 3131 plurimas.

1910 3152 2256 3206 Onesicratite
2283 3150 2419 3205 hanc
2443 3167 2601 3206 unam
2636 3161 2839 3206 tantum
2867 3154 3118 3222 scriptam
3148 3156 3497 3224 reperiamus,

1911 3256 2105 3296 nomen
2126 3242 2240 3309 ejus
2262 3242 2313 3294 in
2340 3242 2693 3310 Asyncritiam
2716 3252 2923 3298 mutare
2937 3245 3196 3314 quispiam
3214 3260 3376 3300 ausus
3394 3257 3497 3301 est.

1980 3329 2190 3385 Namma
2218 3331 2459 3400 qutndam
2491 3341 2729 3387 matrona
2750 3374 2766 3400 ,
2790 3342 2848 3387 tit
2876 3334 3099 3398 videtur,
3130 3336 3459 3392 Antiochena
3482 3378 3497 3403 ,

1909 3435 2034 3491 erga
2061 3419 2498 3498 Chrysostomum
2528 3424 2729 3493 optime
2754 3423 2963 3488 affecta,
2996 3426 3199 3481 tardius
3223 3436 3400 3483 tamen
3426 3431 3496 3484 ad

1909 3512 2056 3567 illum
2084 3513 2409 3581 scripserat,
2438 3522 2600 3583 atque
2644 3515 2711 3569 ita
2740 3524 2797 3569 ut
2836 3517 2994 3570 etiam
3024 3517 3259 3573 audacia:
3289 3521 3500 3575 veniam

1910 3612 2132 3674 peteret.
2160 3606 2378 3663 Dicebat
2408 3624 2566 3678 porro
2594 3625 2651 3663 se
2682 3610 2827 3663 illum
2862 3620 2967 3665 tam
3010 3611 3236 3667 ferventi
3277 3616 3500 3669 caritate

1906 3694 2153 3765 diligere,
2172 3705 2249 3764 ut,
2271 3697 2373 3752 nisi
2394 3700 2580 3754 morbo
2597 3699 2885 3766 laboraret,
2907 3701 3007 3755 iter
3027 3702 3163 3756 adeo
3187 3704 3499 3771 molestum,

1910 3795 2090 3858 totque
2120 3788 2427 3858 praedonum
2458 3790 2849 3847 incursionibus
2876 3794 3155 3849 obsessum
3185 3806 3495 3866 susceptura

1907 3876 2115 3942 fuisset,
2148 3880 2287 3934 illius
2316 3881 2520 3935 visendi
2550 3896 2731 3935 causa.
2767 3882 3061 3953 Respondit
3085 3884 3498 3955 Chrysostomus

1908 3971 2066 4038 epist.
2092 3971 2182 4036 47,
2211 3970 2375 4034 illam,
2399 3971 2880 4044 nedttm\culpanda
2907 3984 3069 4039 esset,
3092 3975 3233 4044 quod
3261 3976 3497 4033 scribere

1906 4077 2035 4115 ausa
2063 4061 2239 4128 fuerit,
2264 4063 2585 4133 urguendum
2613 4061 2787 4134 potius
2813 4065 3180 4209 quodtardius
3206 4068 3256 4123 id
3284 4068 3495 4137 fecerit,

1908 4167 2175 4209 unamque
2203 4154 2443 4208 delendae
2472 4154 2642 4209 culna:
2671 4170 2953 4209 suneresse
3014 4158 3141 4209 iam.
3168 4160 3211 4209 si
3244 4161 3492 4209 nimirum

1908 4167 2175 4222 unamque
2203 4154 2443 4208 delendae
2472 4154 2642 4223 culpa:
2671 4154 3141 4225 superesseï¬iam,
3168 4160 3211 4213 si
3244 4161 3492 4217 nimirum

1907 4254 2187 4298 sexcentas
2230 4243 2430 4311 literas,
2477 4260 2653 4315 grzcce
2698 4246 2897 4301 niveum
2942 4247 3149 4302 imbrem
3206 4251 3489 4317 literarum,

1904 4334 1973 4388 ad
2014 4349 2071 4387 se
2109 4335 2360 4390 mitteret.

1981 4428 2199 4498 llyemis
2229 4437 2468 4498 tempore
2502 4430 2683 4484 literas
2710 4430 2916 4500 accepit
2949 4432 3252 4500 Callistrati,
3281 4433 3493 4489 Isauria:

1906 4517 2163 4588 episcOpi,
2185 4527 2342 4591 atque
2365 4528 2419 4571 ut
2440 4535 2505 4573 ex
2526 4517 2890 4589 Chrysostomi
2912 4536 3172 4589 responso
3190 4525 3337 4593 argui
3366 4541 3489 4593 pos-

1906 4620 1965 4661 se
1987 4607 2212 4673 vidctur,
2237 4623 2296 4662 se
2323 4608 2466 4661 illum
2491 4607 2782 4662 invisurum
2806 4608 2967 4663 fuisse
2987 4608 3216 4671 dicebat.
3244 4613 3342 4667 nisi
3365 4615 3490 4669 anni

1907 4703 2195 4765 tempestas
2224 4704 2279 4751 et
2305 4698 2507 4751 itineris
2533 4696 2810 4767 longitudo
2833 4698 3148 4755 obfuissent.
3181 4700 3240 4756 in
3267 4703 3487 4770 epistola

1908 4804 2034 4841 vero
2060 4803 2153 4842 sua
2183 4786 2603 4859 Chrysostomus
2640 4790 2716 4843 ait
2759 4806 2915 4859 posse
2944 4792 3071 4848 illud
3116 4795 3197 4847 sui
3231 4796 3490 4851 invisendi

1906 4879 2227 4933 desiderium
2252 4880 2594 4948 epiStolarum
2620 4881 2913 4948 frequentia
2935 4886 3292 4953 compensari,
3315 4897 3369 4940 ut
3397 4902 3491 4955 po-

1903 4979 2015 5024 stea
2039 5010 2052 5035 ,
2081 4985 2201 5023 cum
2232 4979 2519 5040 tempestas
2546 4972 2878 5027 eonnnodior
2904 4984 3044 5029 esset
3064 5016 3079 5041 ,
3105 4974 3174 5030 de
3199 4990 3489 5048 congressu

1901 5062 2182 5131 cogitetur.

1974 5155 2214 5223 Agapeto
2234 5153 2392 5206 etiam
2416 5168 2558 5207 anno
2577 5152 2683 5209 40-5
2706 5162 2944 5209 vertente
2964 5154 3197 5225 scripsit,
3220 5157 3336 5211 viro
3357 5161 3489 5213 ami-

1901 5244 2042 5298 citia:
2071 5244 2292 5297 vinculis
2322 5242 2423 5298 sibi
2451 5242 2892 5313 conjuttctissimo
2911 5280 2927 5309 ,
2958 5253 3313 5317 precaturque
3339 5248 3487 5302 illum

1904 5341 1961 5386 ut
1988 5347 2148 5402 quam
2179 5332 2506 5403 frequentius
2534 5334 2726 5403 poterit
2749 5330 2821 5389 de
2847 5346 2943 5388 sua
2971 5333 3271 5391 valetudine
3294 5338 3487 5393 certio-

1900 5439 2014 5478 rem
2052 5440 2113 5480 se
2149 5423 2329 5478 faciat.
2354 5424 2591 5479 Alteram
2621 5438 2752 5479 vero
2779 5424 2881 5496 ipsi
2910 5424 3127 5495 scripsit
3162 5426 3444 5497 epistolam
3469 5470 3487 5497 ,

1903 5524 2125 5585 rogante
2167 5514 2567 5585 religiosissime
2612 5514 2730 5570 viro
2771 5513 2982 5585 Elpidio
3018 5514 3366 5589 presbytero,
3395 5520 3489 5590 qui

1903 5614 2100 5660 montis
2120 5606 2309 5659 Amani
2336 5604 2537 5663 incolas
2556 5605 2935 5676 praedicatione
2954 5620 3048 5661 sua
3062 5604 3130 5660 ad
3152 5606 3310 5662 fidem
3326 5605 3488 5662 Chri-

1900 5697 1966 5751 sti
1991 5698 2330 5767 perduxerat,
2353 5697 2528 5769 ibiqne
2550 5699 2805 5773 ecclesias
2824 5710 2876 5754 et
2899 5701 3219 5755 monasteria
3236 5710 3484 5757 constru-

1899 5798 2049 5845 xerat
2071 5830 2088 5857 ,
2115 5802 2168 5845 et
2198 5791 2414 5859 Agapeti
2445 5791 2765 5847 sanctissimi
2796 5793 2899 5847 viri
2928 5792 3351 5849 benevolentiam
3384 5794 3495 5850 sibi
