4276 6316
759 364 869 422 ιω

765 476 1052 532 conciliare
1075 472 1337 530 studebat.
1372 472 1518 527 lllum
1547 483 1674 523 vero
1703 475 1808 523 tam
1835 468 2058 532 obnixe,
2093 477 2197 521 tam
2229 464 2334 520 fer-

767 577 954 622 venter
986 569 1220 636 Agapeto
1258 560 1596 618 commendat
1635 558 2046 629 Chrysostomus
2071 597 2084 619 ,
2127 565 2182 610 ut
2211 555 2338 609 nihil

765 659 984 712 dubium
1013 672 1129 711 eSSn
1160 654 1398 708 videatur
1422 693 1436 717 ,
1468 651 1596 720 quin
1626 651 1890 720 Agapetus
1918 657 2154 701 sanctum
2195 647 2336 700 illum

770 749 1020 803 Ecclesiae
1045 759 1335 814 pra'conem
1355 752 1407 796 et
1424 741 1609 795 officiis
1632 749 1686 794 et
1704 737 2031 793 facultatibus
2050 736 2159 791 suis
2176 750 2341 806 quan-

771 850 882 891 tum
915 838 1080 906 potuit
1109 844 1289 902 postea
1312 831 1525 900 juverit.

841 929 893 981 In
931 925 1170 994 epistolis
1199 923 1261 976 ad
1289 920 1649 992 Olympiadem
1678 920 1852 972 nullus
1881 916 2012 970 ordo
2040 917 2299 984 reperitur
2324 957 2337 981 ,

767 1018 987 1089 perinde
1009 1026 1163 1084 atque
1189 1017 1238 1067 in
1258 1013 1466 1067 cteteris
1490 1013 1733 1067 omnibus
1757 1010 2119 1079 Chrysostomi
2148 1009 2344 1076 episto-

769 1113 851 1175 lis,
885 1112 968 1165 ubi
1003 1111 1138 1162 nulla
1169 1107 1424 1175 temporis
1451 1105 1586 1159 ratio
1606 1113 1868 1166 servatur,
1897 1101 1988 1156 sed
2015 1115 2201 1154 omnes
2223 1115 2345 1168 per-

767 1203 970 1256 mixtim
1016 1200 1199 1268 positie
1242 1208 1384 1252 sunt.
1416 1196 1472 1250 In
1509 1195 1730 1264 epistola
1757 1203 1931 1247 autem
1967 1194 2030 1246 l4
2059 1192 2123 1246 ad
2156 1192 2340 1263 Olym-

768 1290 994 1359 piadem,
1044 1289 1171 1343 dicit
1215 1303 1274 1341 se
1299 1286 1406 1354 jam
1452 1296 1560 1339 tres
1613 1284 1863 1352 epistulas
1893 1281 2190 1350 Olympiadi
2239 1281 2341 1333 mi-

767 1383 922 1443 sisse,
953 1393 1111 1432 unam
1166 1391 1259 1444 per
1310 1375 1584 1444 praatorios
1612 1374 1829 1436 milites,
1854 1372 2072 1424 alteram
2117 1385 2210 1439 per
2230 1372 2342 1423 An-

769 1472 994 1533 touiuni,
1026 1466 1232 1521 tertiam
1259 1480 1354 1534 per
1379 1463 1630 1518 famulum
1660 1462 1821 1531 ipsius
1849 1461 2151 1515 Anatolium
2183 1477 2194 1512 :
2225 1459 2345 1512 dum

769 1577 894 1614 vero
922 1569 1203 1629 postrema:
1231 1557 1493 1626 longiores
1519 1564 1687 1614 erant.
1719 1553 1884 1617 lllam,
1907 1567 2062 1621 quam
2094 1566 2185 1621 per
2211 1565 2346 1620 prie-

769 1653 936 1705 torios
964 1653 1157 1704 milites
1184 1649 1418 1710 miserat,
1448 1662 1567 1701 cum
1591 1646 1931 1700 Tillemoutio
1961 1654 2203 1713 putamus
2227 1657 2345 1698 esse

769 1744 1028 1797 decimam
1073 1741 1280 1794 tertiam
1307 1780 1320 1804 ,
1367 1753 1522 1807 quam
1565 1738 1722 1792 biduo
1764 1746 2041 1807 postquam
2081 1735 2344 1789 Cucusum

771 1834 1070 1895 advenerat,
1101 1828 1195 1901 per
1236 1832 1512 1901 prmtorios
1555 1831 1747 1883 milites
1788 1829 1961 1891 misit,
1994 1827 2060 1881 de
2095 1842 2196 1895 qua
2235 1826 2344 1894 jam

770 1924 1015 1992 superius
1043 1931 1218 1976 actum
1247 1939 1261 1974 :
1293 1922 1408 1975 illas
1450 1935 1574 1974 vero
1603 1921 1733 1974 duas
1757 1959 1772 1983 ,
1802 1932 2021 1988 quarum
2051 1917 2220 1970 altera
2251 1929 2347 1983 per

773 2013 1082 2077 Antonium,
1105 2012 1267 2065 sltem
1295 2026 1389 2080 per
1416 2011 1714 2065 Anatolium
1743 2008 2068 2079 Olympiadis
2093 2006 2344 2059 famulum

773 2101 932 2155 missa
963 2101 1093 2164 fuit,
1121 2115 1197 2153 ea:
1228 2107 1386 2165 sunt,
1417 2115 1534 2168 qua:
1580 2099 1745 2166 prima
1790 2107 1843 2151 ct
1883 2095 2111 2150 secunda
2145 2095 2251 2163 jam
2293 2094 2346 2148 in

774 2189 933 2244 editis
960 2199 1323 2252 numerantur,
1347 2197 1400 2242 et
1426 2188 1709 2242 conciones
1729 2186 2225 2253 adhortationesque
2246 2182 2346 2237 dici

772 2286 994 2347 possunt
1021 2279 1194 2346 potius
1215 2291 1370 2345 quam
1402 2275 1660 2345 epistolae.

845 2367 900 2420 lu
930 2368 1095 2436 prima
1125 2381 1248 2421 vero
1271 2364 1634 2437 Olympiadem
1661 2362 1729 2417 de
1755 2360 2100 2416 diuturnitate
2133 2361 2347 2416 calami-

773 2461 900 2514 tatis
940 2475 1057 2528 qum
1102 2458 1395 2516 Ecclesiam
1452 2457 1544 2510 Dei
1597 2454 1940 2510 eonturbabat
1991 2463 2300 2508 maerentem
2329 2494 2342 2516 ,

775 2549 1030 2618 exemplis
1083 2549 1286 2602 Veteris
1338 2556 1392 2600 et
1444 2547 1574 2601 Novi
1623 2546 1946 2600 Testamentl
1999 2545 2346 2610 consolatur,

773 2639 1107 2706 ostenditque
1149 2637 1311 2691 Deum
1353 2650 1495 2704 saepe
1540 2635 1604 2689 ad
1645 2635 1906 2704 iustorum
1949 2635 2259 2688 exercitium
2299 2641 2352 2688 et

779 2730 1144 2798 probationem
1175 2728 1569 2780 diuturnitatem
1608 2739 1962 2779 aérumnarum
2004 2726 2310 2793 permittere
2332 2764 2348 2788 ,

776 2831 835 2874 ut
881 2823 1003 2875 hinc
1036 2828 1089 2876 et
1119 2819 1331 2889 praemia
1376 2826 1684 2887 augeantur.
1709 2817 1764 2870 ln
1799 2816 2046 2880 secunda,
2080 2831 2198 2885 qua:
2223 2831 2349 2885 pro-

778 2913 935 2966 lixior
973 2920 1076 2974 est,
1119 2919 1174 2964 et
1224 2909 1378 2977 paulo
1416 2916 1535 2976 post
1575 2907 1796 2976 primam
1844 2907 2002 2960 missa
2045 2906 2177 2971 fuit,
2209 2905 2348 2960 idem

777 3011 1144 3072 argumentum
1189 2999 1536 3068 persequitur,
1578 2998 1862 3067 multisque
1903 2997 2228 3062 rationibus,
2260 3012 2349 3049 ar-

775 3091 1077 3162 gumentis,
1127 3089 1421 3159 exemplis,
1463 3104 1581 3158 quce
1642 3089 1848 3156 longius
1908 3097 2048 3142 esset
2113 3089 2347 3148 referre,

781 3181 1078 3255 Olympiadi
1120 3189 1176 3234 ut
1204 3195 1416 3234 omnem
1447 3178 1675 3248 deponat
1705 3193 1989 3232 mterorem
2018 3168 2242 3231 suadere
2271 3177 2352 3229 nio

783 3274 934 3326 titur.
967 3271 1097 3336 Quia
1128 3285 1254 3325 vero
1293 3268 1417 3323 illud
1449 3268 1677 3322 maxime
1713 3267 2072 3338 Olympiadem
2101 3268 2349 3336 angebat,

779 3363 919 3434 quod
949 3377 978 3416 a
1007 3362 1389 3432 Chrysostomo
1422 3364 1659 3430 seiuncta
1703 3369 1842 3414 esset
1862 3399 1877 3423 ,
1909 3358 2047 3428 quod
2079 3359 2225 3411 illum
2256 3356 2353 3411 do-

777 3465 986 3510 centem
1032 3461 1086 3508 et
1130 3453 1530 3508 coneionantem
1579 3466 1683 3505 non
1726 3451 1862 3505 ultra
1911 3450 2116 3504 audiret
2150 3467 2163 3503 :
2195 3450 2353 3503 licere

779 3545 909 3600 dicit
935 3544 1229 3615 Olympiadi
1253 3585 1266 3608 ,
1294 3543 1513 3598 absente
1539 3558 1596 3597 se
1617 3583 1630 3607 ,
1663 3543 1828 3597 libros
1853 3557 1977 3596 suos
2001 3543 2178 3611 legere
2202 3557 2216 3604 ;
2249 3542 2354 3595 imo

782 3636 1110 3703 provisurum
1151 3649 1243 3698 se,
1287 3634 1329 3687 si
1364 3633 1520 3688 modo
1559 3633 1858 3688 tabellarios
1893 3633 2260 3696 nanciscatur,
2300 3641 2357 3687 ut

779 3725 994 3781 crebras
1029 3733 1081 3780 et
1108 3725 1341 3794 prolixas
1378 3725 1558 3779 literas
1584 3739 1706 3779 suas
1731 3724 1973 3793 accipiat.
2011 3725 2159 3790 Quod
2186 3726 2229 3778 si
2257 3725 2354 3776 do-

780 3819 992 3870 ctrinam
1019 3826 1260 3880 nostram,
1284 3815 1473 3885 inquit,
1497 3818 1604 3868 viva
1626 3831 1742 3868 uoce
1761 3800 1938 3870 dudire
1955 3815 2118 3882 cupis,
2143 3819 2355 3886 fortasse

783 3907 876 3959 hoc
901 3922 1094 3974 quoque
1118 3906 1365 3975 continget
1381 3923 1396 3968 ;
1427 3908 1526 3959 imo
1553 3923 1650 3959 non
1677 3909 1906 3977 fortasse,
1933 3906 2020 3960 sed
2047 3917 2216 3972 certe;
2241 3923 2358 3960 cave

783 3997 998 4050 dubites.
1031 3997 1120 4050 Sic
1147 3996 1233 4050 ille
1260 3995 1468 4064 putabat
1497 4014 1511 4062 ;
1543 3998 1634 4051 sed
1659 3998 1763 4052 alio
1789 3997 1946 4051 modo
1974 4011 2059 4051 res
2083 3999 2262 4063 cessit,
2288 3999 2356 4051 ita

781 4085 1095 4156 providente
1119 4084 1362 4140 Numine.
1397 4087 1519 4140 Plus
1547 4088 1688 4141 enim
1722 4087 1970 4156 proderat
1995 4088 2141 4141 exsul
2173 4087 2359 4142 Eccle-

783 4178 877 4230 sia:
910 4175 1000 4230 Dei
1036 4185 1090 4231 et
1133 4177 1489 4246 prredieationi
1517 4177 1797 4247 evangelii,
1828 4193 1983 4247 quam
2015 4193 2134 4233 cum
2165 4179 2215 4232 in
2247 4179 2357 4249 epi-

783 4267 983 4334 scopali
1015 4267 1204 4319 throno
1229 4265 1459 4332 sederet,
1491 4276 1546 4320 ut
1574 4282 1694 4320 mox
1725 4267 2004 4320 videbitur.

857 4357 911 4410 In
962 4357 1114 4412 tertia
1166 4355 1232 4410 ad
1277 4355 1639 4426 Olympiadem
1690 4357 1948 4425 epistola,
1992 4356 2130 4412 idem
2188 4359 2357 4427 ipsum

782 4455 1148 4517 argumentum
1197 4447 1548 4516 persequitur,
1605 4447 1963 4515 exemplisque
2025 4447 2264 4516 plurimis
2307 4456 2361 4502 et

782 4537 1105 4608 argumentis
1130 4538 1318 4607 probat
1345 4541 1393 4590 iu
1423 4538 1810 4592 calamitatibus
1836 4552 1937 4590 nou
1966 4539 2122 4592 modo
2153 4539 2356 4594 intesti-

783 4634 908 4685 tiam
933 4645 1144 4685 omnem
1175 4644 1294 4685 esse
1314 4628 1705 4699 deponendam,
1737 4629 1831 4682 sed
1857 4630 2014 4682 etiam
2037 4631 2087 4683 iu
2110 4630 2359 4699 tranquil-

785 4722 928 4775 litate
963 4729 1014 4774 et
1042 4719 1200 4774 animi
1228 4721 1496 4774 alacritate
1525 4719 1840 4774 versandum
1877 4733 2015 4774 esse.
2056 4721 2198 4775 llanc
2233 4737 2360 4776 vero

784 4812 991 4867 tertiam
1031 4811 1306 4880 epistolam
1345 4827 1464 4865 cum
1495 4811 1809 4880 scripsisset,
1843 4811 2065 4866 necdum
2096 4814 2160 4867 ad
2182 4815 2360 4886 Olym-

783 4905 988 4972 pizidem
1035 4905 1284 4969 misisset,
1332 4919 1424 4972 per
1455 4903 1816 4960 honorabilem
1845 4905 2125 4976 quemdam
2165 4908 2354 4972 virum,

784 4993 1063 5047 Patricium
1093 4992 1324 5059 nomine,
1353 4992 1516 5061 ipsius
1545 4992 1868 5064 Olympiadis
1903 4994 2178 5062 epistolam
2205 5011 2358 5050 acce-

784 5086 857 5152 pit
889 5101 901 5135 :
935 5098 1037 5152 qua
1064 5097 1120 5136 se
1148 5084 1361 5135 omnino
1382 5092 1622 5138 mmstam
1641 5124 1656 5147 ,
1693 5095 1744 5138 et
1770 5086 1917 5153 quasi
1945 5085 2085 5138 luctu
2117 5087 2356 5140 obrutam

779 5174 1099 5239 declarabat,
1153 5176 1378 5228 maxime
1416 5191 1542 5229 vero
1573 5175 1713 5245 quod
1755 5191 1858 5229 ron
1901 5178 2156 5244 potuisset
2200 5179 2357 5231 alium

779 5266 952 5319 exsilii
980 5267 1172 5330 locum,
1214 5265 1420 5320 Cucuso
1447 5267 1879 5329 commodiorem,
1909 5267 2096 5320 Joanni
2123 5269 2330 5338 Chryso
2348 5299 2360 5309 -

779 5363 956 5408 stomo
985 5355 1286 5424 impetrare.
1342 5355 1430 5409 llle
1458 5373 1582 5410 vero
1608 5357 1707 5411 hac
1737 5368 1950 5433 accepta
1973 5360 2212 5426 epistola,
2251 5371 2358 5415 tcr-

781 5445 929 5508 tiam,
958 5444 1024 5498 de
1049 5461 1147 5513 qua
1173 5447 1330 5500 modo
1345 5445 1671 5510 dicebamus,
1691 5449 1826 5515 apud
1856 5465 1914 5504 se
1935 5450 2170 5515 retinuit,
2191 5467 2360 5521 neque

782 5534 921 5588 illam
949 5535 1244 5605 Olympiadi
1287 5538 1447 5592 nnsit.
1484 5539 1574 5590 sed
1614 5538 1769 5591 aliam
1802 5541 2190 5610 egregiamque,
2241 5559 2357 5612 qua:

783 5639 920 5678 nunc
949 5626 1084 5681 inter
1107 5630 1354 5697 epistolas
1383 5631 1495 5696 ejus
1517 5640 1698 5696 quarta
1727 5629 1928 5682 decium
1960 5646 2282 5685 numeratur.

855 5714 1029 5770 Primo
1056 5719 1191 5772 illam
1223 5728 1300 5772 sat
1327 5733 1514 5786 aspere
1547 5719 1834 5787 redarguit,
1875 5721 2010 5786 quod
2038 5732 2192 5775 tanta:
2223 5740 2349 5778 moe-

1821 354 1873 410 S.
1917 354 2190 410 JOANNIS
2227 351 2692 412 CIIRYSOSTOMI
2730 352 2907 421 VITA,

3925 351 4034 408 236

2447 466 2608 520 stitia:
2634 479 2691 519 se
2717 465 2942 530 dederit,
2973 471 3220 534 quantam
3267 463 3350 517 illa
3393 464 3444 516 in
3481 462 3702 532 epistola
3748 478 3839 517 sua
3877 465 4034 516 exhi-

2449 556 2651 610 buerat.
2704 555 2835 622 Quia
2873 569 3000 609 vero
3037 554 3158 609 ideo
3194 555 3425 608 maxime
3467 553 3700 615 dolebat.
3743 553 3879 622 quod
3926 569 4039 606 non

2446 649 2703 715 potuisset
2727 647 2888 700 alium
2913 646 3274 701 commodiore
3294 644 3501 700 Cucuso
3523 648 3694 700 locum
3716 644 3904 700 Joanni
3933 645 4027 699 im.

2446 745 2684 806 petrare;
2715 736 2835 789 hinc
2861 736 3137 790 occasione
3157 745 3365 806 sumpta
3387 744 3564 788 narrat
3588 736 3656 788 illi
3684 735 3880 796 omnia,
3911 751 4034 802 qum

2447 827 2545 880 sibi
2582 827 2633 879 in
2673 835 2817 879 tanto
2847 826 3032 880 itinere
3063 825 3393 894 maximeque
3420 825 3678 880 Cresarea:
3710 825 4034 887 acciderant,

2447 934 2564 986 rpite
2589 933 2686 972 nos
2715 919 2764 970 in
2795 916 3021 971 decursu
3055 931 3210 985 supra
3241 917 3534 970 attulimus.
3577 917 3712 984 Quia
3739 931 3864 971 vero
3893 919 4034 969 mala

2447 1010 2622 1062 omnia
2649 1016 2907 1074 recenset,
2937 1022 3054 1076 qum
3075 1007 3173 1061 sibi
3205 1006 3512 1061 Pharetrius
3535 1006 3793 1060 Caesareae
3827 1007 4040 1075 episco-

2450 1114 2567 1166 pus,
2598 1097 2865 1161 intulerat,
2897 1096 3192 1168 Olympiadi
3229 1095 3392 1150 edicit
3415 1106 3469 1149 ut
3501 1097 3583 1149 illa
3613 1096 3790 1150 omnia
3818 1095 4043 1150 silentio

2449 1195 2608 1257 tegat.
2636 1187 2901 1241 Cancrum
2928 1197 2983 1240 ut
3005 1184 3370 1256 Olympiadem
3398 1184 3480 1239 sui
3509 1199 3666 1240 causa
3697 1186 4036 1254 plangentem

2449 1280 2664 1344 soletur,
2698 1293 2755 1332 se
2774 1279 2847 1332 ait
2870 1277 3011 1331 omni
3042 1277 3276 1331 molestia
3299 1275 3578 1330 liberatum
3606 1289 3746 1341 esse,
3775 1274 4040 1328 firmiore-

2447 1384 2550 1437 que
2578 1368 2877 1423 valetudine
2899 1367 3021 1432 frui,
3047 1381 3200 1434 quam
3232 1381 3352 1419 cum
3376 1365 3832 1433 Constantinopoli
3868 1364 4038 1433 dege-

2449 1468 2550 1524 ret,
2584 1474 2756 1526 neque
2796 1459 2920 1521 ullo,
2961 1457 3101 1527 quod
3130 1457 3212 1509 illa
3239 1457 3474 1521 timebat,
3519 1457 3710 1526 frigore
3755 1457 3986 1526 torqueri
4022 1473 4045 1507 τ

2449 1548 2638 1602 οωιυιη
2667 1548 2816 1613 illud,
2854 1562 2961 1616 quo
2987 1545 3277 1612 fruebatur,
3322 1546 3654 1600 Autioeheuo
3696 1548 3864 1615 magis
3889 1547 4042 1598 simi-

2451 1639 2555 1692 lem
2580 1638 2680 1693 sibi
2718 1637 2922 1702 videri;
2955 1637 3021 1692 de
3051 1637 3249 1692 lsauris
3273 1646 3448 1691 autem
3482 1637 3610 1691 nihil
3645 1637 3755 1706 jam
3787 1637 3884 1691 sibi
3919 1653 4040 1691 ine-

2453 1729 2704 1784 tueudum
2730 1743 2848 1784 esse
2873 1745 2884 1780 :
2925 1743 3045 1782 nam
3068 1728 3118 1782 in
3143 1728 3411 1798 regionem
3437 1742 3586 1781 suam
3614 1742 3671 1780 se
3700 1737 4038 1794 receperant,

2451 1819 2607 1888 idque
2648 1835 2712 1874 ex
2743 1819 2985 1874 Praefecti
3031 1834 3158 1873 cura
3201 1828 3254 1873 et
3301 1818 3476 1873 studio
3519 1818 3712 1872 laetum
3749 1833 3887 1873 esse.
3945 1819 4046 1872 llic

2449 1923 2578 1962 vero
2604 1908 2894 1964 Praefectus
2912 1909 3136 1978 Sopater
3153 1918 3289 1974 erat,
3317 1909 3406 1977 qui
3438 1908 3553 1978 plus
3573 1906 3732 1961 oflicii
3759 1908 3858 1961 sibi
3885 1924 3946 1970 ex
3959 1907 4013 1961 hi
4032 1940 4048 1950 -

2451 2001 2656 2069 buerat,
2715 2017 2872 2070 quam
2927 2017 2955 2056 a
2997 2011 3146 2072 patre
3192 2002 3564 2072 postulandum
3610 2001 3875 2055 videretur
3908 2018 3920 2051 :
3957 2003 4048 2054 vir

2453 2094 2674 2163 probus,
2721 2095 3003 2164 benignus,
3048 2096 3450 2162 communisque
3497 2107 3786 2162 pauperum
3835 2102 4045 2161 portus.

2453 2183 2543 2240 Sic
2567 2183 2712 2237 illum
2743 2183 2922 2238 laudat
2955 2184 3366 2254 Cbrysostomus
3410 2183 3462 2236 in
3491 2182 3711 2252 cpistola
3742 2183 3809 2236 6i
3839 2181 3902 2235 ad
3935 2180 4049 2252 Cy-

2452 2273 2651 2328 riacum
2681 2275 2988 2344 episcopum
3019 2292 3031 2327 :
3073 2290 3231 2344 quem
3258 2282 3506 2343 precatur
3525 2282 3581 2327 ut
3610 2273 3699 2326 filii
3732 2274 3914 2342 ipsius,
3951 2275 4048 2342 qui

2452 2361 2504 2415 in
2537 2362 2651 2416 istis
2683 2363 2918 2432 partibus
2959 2363 3232 2417 literarum
3257 2363 3448 2418 studiis
3476 2377 3690 2433 operam
3728 2362 3906 2426 dabat,
3954 2378 4047 2417 cu-

2452 2465 2564 2504 ram
2589 2461 2820 2520 gereret,
2849 2453 3054 2522 ipsique
3086 2451 3260 2506 officia
3287 2452 3635 2521 impenderet.

2524 2544 2736 2598 Dixerat
2757 2543 3027 2614 Olympias
3055 2547 3106 2599 in
3134 2545 3356 2614 epistola
3383 2559 3477 2598 sua
3502 2544 3838 2611 lleracliden,
3863 2544 4024 2612 Eplie

2454 2637 2627 2691 sinum
2665 2639 2970 2707 episc0pum
3002 2653 3030 2690 a
3069 2638 3453 2708 Chrysostomo
3481 2638 3848 2702 cuustitutum,
3885 2647 3936 2690 et
3981 2638 4059 2691 ab

2454 2725 2572 2793 ejus
2597 2725 2915 2780 adversariis
2946 2726 3252 2795 episcopatu
3274 2726 3508 2795 pulsum,
3551 2736 3607 2779 ut
3641 2727 3883 2795 superius
3904 2726 4054 2780 dixi-

2454 2830 2591 2878 mus,
2622 2825 2748 2870 tunc
2768 2817 2820 2870 in
2840 2831 3054 2871 carcere
3081 2826 3134 2870 et
3161 2817 3211 2869 in
3234 2817 3460 2870 vinculis
3482 2816 3757 2872 detentum
3780 2817 3889 2870 dira
3915 2817 4052 2885 pati.

2453 2905 2569 2968 Jam
2599 2907 2715 2975 ejus
2738 2921 2896 2961 causa
2920 2907 3097 2961 literas
3123 2909 3340 2962 miserat
3363 2907 3780 2978 Chrysostomus
3809 2908 3873 2962 ad
3904 2909 4051 2962 Pen-

2457 2995 2649 3049 tadiam
2681 3004 2994 3062 matronam,
3022 3012 3243 3052 monens
3273 3007 3331 3051 ut
3359 3012 3571 3052 onmem
3601 2997 3927 3067 diligentiam
3947 3000 4055 3053 ad-

2455 3085 2685 3152 hiberet,
2734 3086 2800 3141 ad
2849 3087 3202 3142 calamitatem
3255 3097 3452 3144 tantam
3502 3091 3585 3144 vel
3636 3090 3919 3145 tollendam
3966 3093 4057 3147 vel

2463 3177 2760 3231 leniendam
2789 3193 2804 3232 τ
2835 3177 3132 3250 Olympiadi
3165 3197 3291 3234 vero
3319 3180 3468 3245 dicit,
3500 3181 3646 3235 Licet
3673 3181 3932 3235 Heraclidi
3958 3225 3972 3246 ,
4009 3184 4058 3236 si

2460 3270 2608 3333 velit,
2657 3270 2966 3336 instantiam,
3011 3271 3160 3335 dare,
3202 3281 3360 3341 atque
3407 3273 3478 3327 ita
3521 3274 3776 3327 molestiis
3804 3274 4060 3329 onmibus

2457 3361 2697 3427 liberari;
2726 3363 2854 3415 nihil
2883 3364 3022 3417 enim
3044 3363 3186 3417 aliud
3207 3374 3467 3432 superest.
3502 3365 3632 3432 Qua:
3654 3371 3799 3420 certe
3822 3380 4059 3436 quomo-

2456 3451 2526 3506 do
2549 3453 2809 3522 quadrare
2840 3455 3042 3522 possint
3089 3471 3191 3508 non
3224 3455 3479 3525 intelligo.
3511 3457 3879 3511 Tillcmontius
3918 3473 4067 3512 vero

2458 3551 2606 3610 putat
2627 3542 2905 3611 legendum
2931 3559 3049 3597 esse
3075 3545 3323 3609 ecstasim,
3355 3545 3742 3601 abdicationem
3771 3547 4060 3616 episcopan

2460 3640 2564 3698 tus,
2588 3648 2706 3702 qua:
2733 3632 2941 3688 videtur
2978 3649 3100 3688 vera
3126 3636 3304 3689 lectio.
3333 3635 3438 3689 Sed
3473 3651 3591 3690 cum
3621 3653 3806 3692 omnes
3835 3639 4068 3693 omnino

2462 3722 2588 3776 Mss.
2621 3732 2674 3778 et
2699 3723 2838 3778 Editi
2868 3725 3158 3778 instantiam
3190 3725 3433 3790 habeant,
3461 3725 3596 3779 hanc
3625 3726 3903 3782 lectionem
3934 3743 4064 3782 mn-

2459 3821 2573 3867 tare
2595 3828 2698 3867 non
2723 3829 2886 3867 ausus
2918 3827 3058 3867 sum.

2533 3902 2609 3957 De
2637 3903 2877 3957 Manu/ia
2902 3904 3306 3974 episcOpo.—De
3323 3903 3560 3958 Marutha
3585 3905 3834 3975 episcopo
3852 3907 4068 3975 majore

2460 4004 2580 4045 cum
2607 3990 2797 4047 affectu
2822 4000 2876 4047 et
2898 3991 3144 4047 instantia
3167 3992 3398 4062 loquitur
3421 3992 3839 4064 Cbrysostomus
3873 3996 3925 4048 in
3964 4011 4064 4049 ea-

2459 4084 2581 4138 dem
2621 4085 2841 4153 cpistola
2869 4085 3072 4140 decima
3116 4095 3302 4154 quarta
3341 4085 3408 4138 ad
3438 4086 3826 4157 Olympiadem.
3872 4086 4062 4141 Maru-

2462 4177 2580 4232 tlias
2628 4179 2783 4248 igitur
2825 4179 2912 4234 ille
2954 4179 3238 4248 episcopus
3272 4180 3662 4247 sanctissimus,
3697 4195 3726 4232 a
3756 4179 4070 4249 Theophili)

2461 4270 2770 4340 cauerisque
2791 4269 3156 4341 Chrysostomi
3179 4270 3407 4325 inimicis
3435 4272 3848 4337 circumventus,
3883 4272 3935 4327 in
3961 4288 4065 4327 eo-

2463 4376 2578 4414 rum
2603 4361 2952 4415 conventibus
2993 4360 3180 4428 adfuit,
3211 4362 3478 4431 etiamque
3508 4363 3558 4416 in
3601 4361 3956 4416 conciliabqu
3991 4365 4071 4415 ad'

2463 4452 2724 4525 Quercum
2766 4470 2778 4505 :
2828 4467 2947 4506 cum
2990 4453 3131 4507 enim
3175 4468 3238 4506 ex
3278 4451 3498 4506 Perside
3534 4461 3645 4506 tum
3686 4453 3913 4517 veniret,
3951 4470 4062 4507 nou

2464 4553 2670 4612 poterat
2717 4551 3015 4598 accuratam
3071 4557 3245 4595 rerum
3290 4551 3413 4596 tunc
3451 4542 3909 4610 ConstantinOpoli
3958 4558 4060 4613 ge-

2463 4644 2661 4688 starum
2717 4635 2951 4688 notitiam
3017 4633 3234 4688 habere.
3303 4633 3548 4703 Alioquin
3618 4649 3747 4688 vero
3811 4633 4063 4688 audierat

2465 4724 2705 4786 fortasse.
2731 4724 3079 4794 Epipliauium
3110 4739 3339 4792 quoque,
3369 4723 3528 4793 Cypri
3557 4723 3883 4792 episc0pum,
3920 4739 4058 4778 san-

2463 4823 2605 4866 ctum
2650 4815 2818 4866 virum
2869 4813 3127 4866 adversus
3174 4811 3619 4883 Clirysostomum
3678 4813 4062 4867 iusiirrexisse.

2465 4903 2659 4957 Verum
2688 4913 2745 4958 ut
2784 4921 2888 4958 non
2926 4913 3008 4958 sat
3047 4915 3321 4972 perspecta
3355 4919 3529 4957 rerum
3570 4901 4065 4973 Constantinopoli-

2465 5006 2702 5049 tauarum
2727 4996 3052 5060 conditione,
3081 4993 3445 5064 Chrysostomi
3485 4995 3735 5060 inimicis,
3770 4997 4067 5066 multisque

2463 5087 2621 5140 etiam
2653 5086 3033 5141 consceleratis
3058 5101 3179 5140 sese
3225 5086 3467 5155 adjunxit
3501 5105 3513 5138 :
3559 5088 3628 5140 ita
3672 5087 3830 5140 etiam
3861 5087 4067 5146 divina:

2466 5182 2680 5236 ultionis
2712 5183 2952 5236 minister
2977 5181 3093 5236 fuit.
3112 5180 3243 5235 Cum
3268 5183 3408 5236 enim
3431 5181 3631 5251 Cyrini,
3654 5181 4068 5238 Chalcedonen-

2465 5275 2536 5328 sis
2563 5275 2816 5342 episcopi,
2864 5273 3001 5328 inter
3027 5273 3384 5341 primipilares
3413 5272 3775 5342 Chrysostomi
3813 5274 4070 5331 inimicos

2466 5364 2731 5427 acerrimi,
2779 5364 2966 5433 pedem
2998 5363 3306 5432 imprudens
3352 5364 3627 5425 calcasset,
3676 5363 3798 5416 hinc
3840 5364 4068 5420 diilnrt's

2467 5453 2678 5505 maximi
2716 5452 2893 5509 exorti.
2922 5463 3066 5515 sunt,
3106 5453 3370 5506 sectiones
3398 5452 3588 5521 pedum
3617 5461 3671 5506 et
3707 5467 3924 5505 crurum
3955 5456 4066 5509 fre-

2467 5552 2687 5611 quentes
2714 5557 2740 5593 a
2771 5543 2988 5596 medicis
3017 5541 3286 5603 adhibita),
3337 5558 3396 5596 ac
3427 5543 3582 5612 paulo
3610 5553 3726 5612 post
3756 5558 3809 5594 in
3847 5559 4065 5598 eructa-

2469 5637 2606 5688 tibus
2629 5635 2768 5689 diem
2796 5635 2984 5689 clausit
3008 5645 3328 5694 extremum.
3362 5645 3418 5688 ut
3443 5649 3598 5701 supra
3628 5631 3876 5688 diximus.

2542 5725 2770 5780 Necdum
2805 5736 2977 5780 tamen
3008 5727 3236 5793 iniquum
3264 5726 3398 5778 illam
3431 5726 3761 5778 inimicorum
3786 5725 4072 5794 Chrysos-
