4276 6316
275 382 374 437 257

277 494 412 549 totni
447 493 895 563 conspirationem
942 490 1220 560 agnovisse
1251 489 1526 544 videbatur
1557 489 1824 542 Marulhas
1853 508 1864 541 :

280 585 332 638 id
364 585 504 637 enim
555 583 786 636 insinuat
810 580 1227 652 Chrysostomus
1253 594 1372 633 cum
1399 579 1692 648 Olympiadi
1718 580 1866 645 dicit,

282 672 530 726 Omnibus
557 672 728 740 ofﬁciis
757 686 870 723 eum
893 670 1156 738 complecti
1179 685 1241 722 ne
1266 664 1483 734 desinas,
1507 677 1561 721 ut
1587 685 1697 722 eum
1726 686 1753 722 e
1777 670 1868 721 ba-

281 764 456 816 ratltro
485 763 721 815 extra/ias
750 777 768 814 :
805 759 1054 813 nimirum
1081 775 1144 814 ex
1172 759 1428 815 societate
1463 773 1583 812 cum
1616 758 1872 827 improbis

283 855 390 910 illis
415 854 658 920 Arsacio,
682 851 996 922 Porphyrio,
1031 851 1339 916 Severiano,
1365 850 1649 905 Antiocho.
1684 850 1750 906 Ut
1772 866 1870 904 au-

283 955 391 999 tem
433 944 614 999 videas
651 953 849 1014 quanto
885 943 1084 1008 studio,
1132 942 1493 1012 praedicationi
1531 942 1792 1012 evangelii
1819 943 1870 996 in

281 1036 553 1100 omnibus,
599 1046 656 1091 ut
699 1037 767 1090 ita
820 1036 1015 1102 dicam,
1064 1035 1210 1090 orbis
1256 1033 1489 1103 partibus
1536 1033 1868 1104 advigilaret.

282 1125 604 1196 posthabitis
627 1140 840 1196 semper
863 1126 950 1190 iis,
1004 1140 1120 1195 quae.
1146 1123 1211 1180 ad
1237 1139 1296 1178 se
1319 1125 1594 1193 speciatim
1631 1137 1874 1193 spectare

284 1217 744 1285 videbanturque:
765 1225 1059 1286 sequuntur
1078 1215 1142 1270 ad
1167 1215 1388 1269 verbum
1419 1225 1542 1270 sunt
1563 1214 1871 1270 referenda:

285 1307 428 1361 Nam
451 1308 559 1376 ejus
581 1322 734 1376 opera
758 1307 819 1360 ob
850 1305 1075 1360 Persidis
1101 1308 1298 1378 negotia
1322 1323 1458 1377 egeo.
1489 1307 1668 1376 Atque,
1698 1306 1743 1360 si
1767 1307 1821 1359 id
1845 1324 1876 1358 a

282 1408 336 1452 te
358 1398 470 1466 fieri
493 1406 671 1468 potest,
699 1414 762 1451 ea:
785 1415 840 1452 eo
869 1399 1110 1469 intellige,
1136 1398 1374 1468 quidnam
1403 1399 1507 1453 illic
1526 1399 1684 1468 ipsius
1708 1399 1876 1453 studio

280 1499 435 1557 atque
461 1505 616 1558 opera
655 1493 929 1560 perfectum
955 1491 1038 1556 sit,
1083 1498 1128 1544 et
1153 1506 1242 1544 cur
1265 1491 1391 1545 istuc
1416 1493 1673 1562 profectus
1705 1491 1768 1544 sit
1794 1493 1877 1560 [ac

281 1581 459 1643 sciam,
491 1595 551 1632 ac
579 1596 699 1632 num
724 1581 768 1634 ei
788 1579 915 1633 duas
941 1581 1195 1651 epistolas,
1219 1599 1345 1652 quas
1370 1584 1437 1636 ad
1458 1598 1572 1634 eum
1601 1581 1733 1645 misi,
1762 1581 1879 1635 red-

280 1671 495 1726 dideris.
548 1671 611 1727 Si
650 1673 775 1727 mihi
815 1675 1031 1729 scribere
1076 1677 1214 1742 relit,
1255 1691 1457 1728 rursum
1504 1673 1757 1737 scribam;
1799 1675 1878 1729 sin

277 1765 556 1820 rescribere
596 1776 848 1838 gravetur,
903 1768 1079 1820 saltem
1121 1766 1242 1836 quid
1279 1766 1382 1818 illic
1413 1771 1688 1836 perfectum
1729 1767 1880 1836 fuerit

285 1855 380 1908 sibi
427 1866 665 1924 exponat,
719 1865 767 1911 et
812 1873 932 1909 num
972 1856 1095 1925 quid
1139 1873 1314 1911 rursus
1341 1857 1514 1911 eodem
1556 1859 1880 1928 proﬁciscens

287 1946 603 2013 prtestiturus
630 1945 691 1998 sit
717 1962 736 1999 :
763 1962 880 2000 nam
901 1963 990 2016 ego
1016 1946 1112 2000 hac
1149 1947 1211 2000 de
1252 1963 1405 2002 causa
1427 1948 1595 2019 ipsum
1621 1951 1883 2004 convenire

288 2035 570 2089 studebam.
620 2036 897 2107 Utcumque
925 2039 1011 2106 sit,
1058 2039 1298 2108 quidquid
1327 2049 1528 2095 tuarum
1565 2043 1786 2113 partium
1810 2054 1882 2097 est

291 2136 497 2194 praesta,
530 2143 806 2196 munusque
829 2138 967 2182 tuum
996 2131 1162 2199 exple,
1194 2131 1387 2184 etiamsi
1415 2147 1585 2186 omnes
1613 2150 1774 2205 prono
1798 2151 1883 2189 ca-

291 2217 397 2282 pite
437 2218 489 2270 in
541 2235 765 2289 praeceps
800 2224 1027 2291 ferantur
1068 2237 1088 2275 :
1128 2237 1315 2276 merces
1359 2224 1490 2278 enim
1535 2233 1621 2278 tua
1663 2229 1883 2282 numeris

291 2310 522 2363 erunibus
547 2309 775 2365 absoluta
803 2312 915 2366 erit.

367 2400 462 2455 llic
480 2400 628 2455 vides
656 2417 847 2456 novum
870 2403 1088 2458 Paulum
1116 2419 1209 2459 sua
1231 2406 1408 2460 omnia
1435 2407 1568 2462 nihil
1585 2418 1880 2476 curantem,

294 2491 585 2545 dummodo
609 2494 935 2562 evangelium
965 2494 1057 2549 Dei
1101 2495 1416 2565 praedicetur
1457 2507 1513 2554 et
1542 2512 1880 2571 propagetur.

297 2585 485 2640 Utrum
514 2602 640 2641 vero
664 2587 932 2644 Maruthas
959 2590 1341 2661 Chrysostomo
1364 2593 1572 2648 tandem
1598 2597 1887 2666 rescripse-

298 2678 386 2745 rit,
413 2678 492 2738 vel
516 2684 821 2740 societatem
847 2685 1076 2758 aliquam
1119 2704 1239 2743 cum
1271 2690 1359 2743 illo
1385 2690 1561 2745 inierit
1592 2706 1688 2760 pro
1715 2706 1884 2746 evan-

299 2774 419 2842 gelii
449 2775 499 2826 in
533 2775 747 2831 Perside
770 2779 1167 2846 prmdicatione,
1188 2797 1288 2850 qua
1318 2781 1384 2835 de
1409 2797 1466 2835 re
1489 2781 1578 2835 ille
1612 2790 1887 2852 tantopere

300 2866 560 2920 sollicitus
582 2877 713 2930 erat,
743 2886 957 2938 prorsus
981 2873 1305 2942 ignoramus.
1343 2872 1481 2928 Nihil
1509 2875 1705 2943 quippe
1731 2888 1790 2928 ea
1820 2874 1888 2930 de

301 2973 362 3012 re
384 2959 521 3027 apud
552 2959 850 3029 historicos,
885 2966 968 3018 vel
1001 2967 1050 3019 in
1080 2966 1194 3034 ejus
1240 2967 1509 3035 operibus,
1553 2968 1635 3021 vel
1675 2969 1724 3022 in
1775 2969 1888 3038 epi-

299 3052 473 3116 stolis,
506 3054 646 3124 quod
689 3071 848 3124 grave
878 3057 1016 3110 dictu
1044 3069 1144 3121 est,
1196 3060 1508 3127 reperimus.
1550 3059 1765 3113 Certum
1794 3077 1889 3114 au-

303 3155 410 3204 tem
439 3154 522 3204 est
561 3145 852 3205 illamillam
891 3149 940 3207 in
968 3148 1342 3225 Mesopotamia
1367 3152 1670 3226 episcomnn
1704 3152 1891 3228 fuisse,

300 3247 390 3292 aut
420 3238 873 3308 Snpltarcnorum,
906 3255 998 3299 aut
1021 3245 1296 3316 Sophenes
1325 3241 1630 3316 provinciae,
1678 3260 1786 3316 aut,
1839 3263 1893 3305 ut

301 3332 390 3386 alii
432 3334 653 3400 volunt,
701 3335 1149 3407 Martyropoleos,
1193 3355 1372 3409 quam,
1412 3340 1719 3396 Theodosio
1747 3343 1786 3409 l,
1839 3353 1895 3398 ut

303 3435 542 3490 narrant,
567 3428 814 3494 pecunias
837 3431 1136 3486 submittis-ts
1154 3443 1294 3498 :mte,
1327 3435 1439 3502 ipse
1467 3433 1737 3490 Maruthas
1765 3451 1895 3491 con-

301 3527 589 3573 struxerat.
629 3519 846 3574 Certum
882 3523 1006 3576 item
1039 3536 1113 3577 est
1150 3525 1302 3593 aujus
1343 3528 1573 3580 nominis
1618 3528 1801 3583 urbem
1842 3530 1892 3583 itt

304 3606 683 3678 Mesopotamia
715 3613 766 3665 in
797 3615 1024 3668 confinio
1055 3617 1282 3671 Persidis
1311 3617 1492 3672 fuisse.
1524 3618 1896 3691 Martyropolis

303 3707 481 3753 autem
513 3703 821 3769 vocabatur,
863 3705 983 3772 quia
1012 3707 1078 3760 ibi
1115 3708 1399 3763 multorum
1424 3721 1715 3782 martyrum
1749 3713 1894 3768 Reli-

305 3791 441 3858 quia:
468 3791 724 3861 deposita:
756 3794 981 3850 fuerant.
1014 3798 1102 3852 Ait
1123 3815 1245 3853 vero
1272 3800 1683 3873 Chrysostomus
1710 3805 1761 3859 in
1801 3806 1898 3858 ho-

309 3881 470 3942 tnilia,
501 3883 609 3936 imo
636 3886 809 3952 potius
840 3887 889 3940 in
919 3887 1053 3942 libro
1081 3889 1194 3957 illo,
1222 3892 1304 3945 cui
1337 3893 1538 3959 titulus,
1575 3893 1719 3958 Quod
1747 3896 1898 3950 Clui-

306 3983 410 4025 stus
453 3974 519 4026 sit
568 3973 706 4028 Deus
745 3975 1096 4033 :Prazdicatio
1155 3998 1254 4035 non
1293 3983 1374 4036 hic
1427 3994 1654 4051 tantum,
1711 3989 1801 4041 sed
1850 3999 1897 4043 et

305 4064 444 4130 apud
475 4062 663 4118 Persas
691 4067 868 4133 ﬂoret,
901 4070 1095 4124 etiamsi
1125 4074 1186 4125 ab
1210 4075 1310 4128 illis
1337 4087 1687 4146 oppugnetur:
1716 4081 1894 4133 etenim

306 4155 447 4221 apud
496 4156 612 4208 illos
655 4174 847 4226 quoque
894 4172 1172 4231 martyrum
1205 4165 1436 4217 examina
1483 4169 1662 4220 multa.
1717 4168 1894 4223 Maru-

311 4232 429 4298 Ihas
453 4261 583 4316 ergo
613 4247 664 4300 in
699 4247 916 4304 Perside
946 4255 1273 4320 evangelium
1305 4253 1500 4309 Christi
1529 4259 1747 4312 mirifice
1771 4277 1894 4329 pro-

311 4337 515 4404 pagavit
541 4378 554 4400 ,
590 4353 863 4408 magorum
900 4351 954 4395 et
981 4341 1348 4399 Chalda-orum
1380 4347 1766 4404 incantationes
1805 4351 1897 4406 de-

309 4430 453 4493 vicit,
487 4428 818 4498 lsdegerdem
865 4450 1042 4503 regem
1088 4437 1272 4490 morbo
1307 4437 1602 4505 detentum,
1632 4441 1715 4494 cui
1755 4443 1894 4512 magi

315 4521 610 4574 remedium
643 4523 833 4576 afferre
864 4534 1214 4586 tcutaverant,
1246 4527 1461 4596 integra:
1490 4530 1784 4584 valetudini
1805 4547 1895 4586 re-

310 4611 503 4673 stituit,
533 4613 784 4667 miracula
814 4615 912 4666 alia
945 4616 1102 4668 multa
1139 4618 1384 4686 patravit.

404 4699 728 4754 Gallicorum.
767 4704 1139 4759 Cat/.olicorum
1224 4725 1456 4778 magnam
1527 4729 1699 4765 curam
1771 4717 1896 4784 gerit

309 4789 717 4860 Clu-ysostomus.
746 4795 1100 4858 —-Quanttnn
1147 4797 1462 4851 Gotthorum
1502 4800 1895 4858 CatholiCorum

310 4884 766 4954 Canstantinopoli
806 4887 1108 4957 degentium
1137 4906 1317 4943 curam
1345 4904 1552 4961 gereret
1575 4892 1898 4964 Chrysosto-

312 4990 464 5039 mus,
523 4977 751 5030 vidimus
810 4995 966 5045 supra
1025 4979 1088 5033 ad
1141 4998 1336 5036 annum
1384 4983 1490 5040 599
1529 4985 1728 5055 (Epist.
1780 4990 1892 5059 Η).

307 5063 534 5119 Catthos
576 5066 715 5119 enim
768 5068 1096 5138 Scripturatn
1149 5086 1354 5125 sacram
1400 5073 1644 5130 Gotthice
1697 5078 1893 5147 legere,

308 5155 670 5226 Gotthumque
696 5160 1056 5229 presbyterum
1087 5178 1144 5218 se
1168 5176 1429 5233 prmsente
1453 5165 1698 5222 Gotthica
1720 5171 1895 5240 lingua

308 5248 612 5299 Concionari
641 5248 817 5314 jussit,
862 5258 916 5302 et
951 5262 1070 5318 post
1096 5253 1238 5305 illum
1270 5255 1381 5321 ipse
1409 5255 1594 5310 Grmce
1621 5262 1896 5315 coneiona-

310 5345 394 5386 tus
419 5346 522 5389 est.
568 5338 678 5393 Nec
719 5340 977 5396 minorem
1019 5359 1198 5397 curam
1238 5347 1457 5412 gerebat
1496 5349 1816 5405 Gotthorunt
1844 5354 1895 5408 in

309 5425 522 5478 Gotthia
584 5428 907 5496 degentium.
972 5431 1088 5485 Non
1149 5435 1217 5487 ita
1263 5437 1464 5504 pridem
1527 5440 1617 5492 illo
1680 5441 1897 5496 miserat

309 5517 362 5568 in
415 5519 724 5588 episeopunt
789 5520 1031 5586 Unilant,
1094 5525 1262 5579 virum
1322 5529 1729 5596 admirandum;
1802 5535 1896 5588 sed

306 5604 530 5672 Marses,
558 5606 739 5661 Gotthi
770 5614 1036 5679 monachi,
1066 5615 1206 5682 apud
1231 5631 1365 5684 quos
1391 5617 1671 5687 Serapion,
1699 5623 1898 5692 episco-

309 5714 405 5762 pus
440 5699 728 5763 lleraclear,
761 5715 1015 5771 perpetuo
1035 5706 1399 5773 delitescebat,
1433 5712 1895 5780 nuntiaveruntci,

310 5788 516 5845 Untlam
549 5794 763 5856 abiisse,
796 5806 1072 5864 postquam
1115 5808 1257 5852 tanto
1288 5800 1535 5870 episcopo
1567 5803 1719 5874 digna
1747 5819 1894 5874 gusta

1472 373 1652 430 NUNC
1695 374 1954 430 PRIMUM
1984 371 2378 428 ADOltNA'I‘A.

3464 374 3572 432 238

1983 490 2210 558 plurima
2252 488 2512 542 ediderat.
2550 488 2988 558 Modnariumquc
3021 490 3303 545 diaconum
3336 508 3567 558 venisse,

1976 581 2064 648 qui
2089 578 2140 632 id
2163 589 2489 642 narraverat,
2511 593 2571 632 ac
2593 581 2731 647 regis
2751 579 3068 635 Gotthorum
3093 583 3270 638 literas
3287 585 3569 652 afferebat,

1979 668 2211 737 petentis
2242 677 2297 720 ut
2322 669 2601 736 episcopus
2623 669 2673 722 in
2695 669 2965 724 Gotthiam
2984 672 3304 728 mitteretur.
3333 674 3571 731 Metuens

1979 758 2155 827 itaque
2201 755 2616 827 Chrysostomus
2659 774 2726 813 ne
2763 762 3012 816 Arsacias
3059 772 3111 817 et
3149 764 3231 819 sui
3275 765 3366 819 illo
3392 767 3572 821 statim

1979 849 2292 918 episcopum
2319 849 2612 914 mitterent,
2641 849 3011 922 Olympiadem
3039 870 3098 910 ea
3125 855 3191 911 de
3226 873 3284 912 re
3311 869 3491 914 monet
3519 859 3573 914 in

1979 939 2171 993 eadem
2215 938 2440 1007 epistola
2468 938 2677 994 decima
2720 951 2927 1011 quarta,
2969 953 3026 997 ut
3069 944 3187 999 illos
3219 946 3475 1017 tantisper
3501 950 3572 1003 ob

1981 1030 2213 1084 hiemem
2259 1039 2596 1086 remoretur:
2629 1047 2800 1101 neque
2837 1033 2978 1087 enim
3007 1033 3096 1089 illa
3137 1044 3449 1106 tempestate
3480 1052 3572 1095 aut

1981 1121 2034 1174 in
2065 1120 2387 1190 Bosporum,
2435 1132 2525 1177 aut
2561 1124 2612 1177 in
2645 1123 2761 1176 illas
2791 1135 2970 1193 partes
3012 1127 3265 1197 navigare
3307 1140 3570 1198 poterant.

1983 1210 2096 1264 Duo
2129 1210 2274 1264 enim
2304 1211 2426 1266 inde
2452 1213 2590 1265 mala
2623 1224 3015 1282 consequutura
3044 1226 3214 1282 erant,
3256 1227 3310 1274 et
3334 1220 3472 1288 quod
3506 1222 3575 1275 ab

1983 1299 2085 1354 illis
2115 1302 2383 1358 creandus
2417 1305 2698 1374 episcOpus
2732 1306 2822 1360 ille
2843 1317 3012 1373 esset,
3042 1311 3129 1378 qui
3161 1320 3238 1366 tot
3276 1313 3414 1367 mala
3447 1330 3570 1382 per-

1983 1403 2344 1461 petravcrant,
2376 1403 2427 1448 et
2465 1410 2494 1447 a
2525 1395 2716 1464 quibus
2743 1400 2914 1452 creari
2943 1400 3090 1455 nefas
3118 1412 3292 1466 esset;
3343 1414 3396 1457 et
3430 1403 3574 1473 quod

1983 1482 2052 1536 ab
2083 1483 2184 1538 illis
2209 1497 2506 1552 crearetur,
2539 1489 2628 1559 qui
2653 1491 2929 1560 probitatis
2953 1495 3212 1549 rationem
3243 1496 3439 1550 nullam
3475 1496 3570 1551 ha-

1982 1574 2189 1631 berent.
2213 1577 2404 1646 Operae
2433 1582 2659 1649 pretium
2686 1596 2862 1638 autem
2888 1583 3004 1641 fore
3028 1585 3174 1653 dicit,
3205 1589 3250 1645 si
3275 1588 3576 1646 Moduarius

1983 1669 2118 1724 clam
2148 1677 2203 1723 et
2230 1672 2350 1726 sine
2388 1673 2611 1740 strepitu
2638 1688 2698 1729 se
2726 1678 3011 1732 convenire
3033 1679 3219 1747 possit.

2056 1759 2187 1824 Quis
2224 1759 2446 1830 hujusce
2487 1763 2680 1832 negotii
2718 1765 2892 1820 exitus
2922 1766 3079 1823 fuerit
3113 1783 3330 1839 prorsus
3359 1771 3573 1841 ignora-

1987 1864 2148 1903 mus:
2192 1865 2314 1905 nam
2369 1852 2426 1906 in
2472 1852 2690 1921 epistola
2744 1870 2954 1924 quoque
2991 1858 3098 1913 206
3135 1859 3200 1914 ad
3242 1859 3574 1916 Theodotum

1986 1941 2272 1998 diaconum
2294 1943 2457 2000 missa
2481 1943 2668 2000 media:
2686 1953 2740 2002 et
2759 1946 3069 2018 asperrima:
3104 1948 3291 2006 hiemis
3314 1959 3573 2021 tempore,

1988 2034 2136 2090 illum
2162 2036 2285 2093 huic
2310 2038 2527 2107 negotio
2553 2039 2929 2108 advigilantem
2966 2039 3206 2096 hortatur
3235 2051 3291 2096 ut
3321 2043 3482 2098 Deum
3512 2060 3578 2098 ea
3648 2031 3655 2041 ’

1988 2128 2056 2184 de
2076 2143 2231 2183 causa
2249 2139 2516 2197 precetur,
2546 2139 2599 2184 et
2627 2145 2801 2186 moras
2834 2132 2968 2185 trahi
2996 2143 3162 2189 curet.
3186 2133 3266 2188 Ad
3291 2137 3577 2188 monachos

1989 2220 2216 2276 Gotthos
2261 2222 2316 2276 in
2354 2237 2480 2292 agro
2530 2221 2767 2276 Promoti
2809 2221 3063 2292 degentes
3105 2225 3293 2279 eodem
3341 2237 3580 2295 tempore

1989 2311 2270 2381 epistolam
2318 2313 2462 2368 misit
2503 2313 2629 2375 107,
2676 2313 2898 2383 illosque
2969 2314 3152 2370 beatos
3203 2316 3455 2385 pr.edieat
3510 2317 3580 2370 ob

1992 2419 2259 2459 mrumnas
2288 2416 2339 2460 et
2361 2407 2639 2462 molestias
2665 2408 2764 2462 sibi
2788 2408 2983 2474 illatas,
3012 2409 3262 2480 additque
3290 2412 3504 2479 praemia
3527 2421 3582 2465 et

1991 2511 2218 2553 coronas
2250 2499 2371 2552 talia
2403 2500 2724 2568 patientibus
2741 2504 3005 2573 apparari.
3034 2503 3111 2556 Illi
3142 2517 3266 2557 vero
3285 2519 3443 2557 omne
3471 2514 3584 2555 stu-

1990 2588 2135 2643 dium
2184 2591 2525 2661 exhibebant,
2570 2603 2625 2647 ut
2673 2595 2851 2648 nullus
2898 2594 2950 2648 in
3000 2593 3222 2648 ecclesia
3265 2593 3581 2647 Gotthorunt

1995 2683 2255 2738 tumultus
2275 2684 2524 2738 oriretur.
2552 2684 2876 2738 llortabatur
2896 2697 3072 2738 autem
3092 2683 3210 2737 illos
3240 2693 3296 2736 ut
3318 2684 3582 2752 negotium

1995 2785 2246 2845 quantum
2277 2785 2523 2845 poterunt
2553 2775 2850 2830 extrahant.
2882 2776 2976 2831 Hic
3002 2777 3141 2832 enim
3179 2792 3389 2852 semper
3415 2777 3588 2851 agitur

1994 2867 2061 2921 de
2086 2867 2206 2919 novi
2233 2866 2468 2937 episcopi
2497 2868 2788 2922 creatione.

2069 2958 2124 3012 In
2164 2959 2350 3014 eadem
2393 2960 2615 3030 epistola
2647 2963 2853 3015 decima
2899 2976 3085 3035 quarta
3126 2965 3194 3021 de
3220 2966 3421 3020 llilario
3449 2983 3582 3036 quo-

1997 3050 2116 3105 dam
2144 3054 2398 3126 episcopo
2420 3053 2526 3126 agit
2553 3050 2967 3128 Chryscstomus
2990 3100 3006 3125 ,
3032 3058 3118 3128 qui
3145 3073 3174 3110 a
3201 3074 3260 3113 se
3287 3074 3379 3127 per
3401 3059 3583 3115 literas

2001 3142 2224 3221 petierat
2245 3151 2548 3206 facultatem
2577 3149 2803 3208 abeundi
2837 3151 2886 3207 in
2910 3151 3174 3208 civitatem
3200 3169 3350 3207 suam
3377 3195 3391 3217 ,
3425 3153 3582 3223 polli-

2000 3243 2137 3296 citus
2157 3285 2171 3308 ,
2204 3244 2514 3313 compositis
2543 3243 2700 3298 rebus
2723 3285 2738 3310 ,
2774 3260 2831 3299 se
2852 3244 2917 3298 ad
2944 3246 3113 3314 ipsum
3145 3245 3584 3316 Chrysostonnun

2001 3349 2340 3389 reversurum
2372 3351 2509 3389 esse.
2563 3336 2691 3402 Quia
2736 3351 2862 3390 vero
2903 3335 3017 3405 ejus
3048 3336 3328 3405 pnes-entia
3360 3351 3461 3387 non
3491 3351 3586 3404 pa-

2002 3444 2118 3482 rutn
2153 3428 2251 3497 ipsi
2279 3428 2424 3482 utilis
2453 3436 2585 3493 erat,
2616 3443 2736 3481 cum
2770 3428 2847 3481 vir
2869 3427 2986 3498 pius
3011 3437 3188 3493 esset,
3218 3427 3588 3496 constantique

2001 3535 2064 3574 ac
2093 3501 2297 3574 fervido
2319 3520 2518 3585 animo,
2548 3535 2668 3572 cum
2690 3516 3101 3589 Cbrysostomus
3129 3519 3364 3572 hortatus
3393 3519 3585 3582 fuerat,

2003 3621 2057 3664 ut
2085 3621 2360 3679 postquam
2398 3610 2488 3664 illo
2514 3607 2781 3680 profectus
2819 3609 3037 3674 fuisset,
3068 3609 3244 3662 statim
3277 3608 3341 3662 ad
3368 3623 3426 3663 se
3454 3609 3592 3662 redi-

2003 3712 2118 3769 ret;
2148 3711 2308 3772 atque
2329 3701 2693 3773 Olympiadem
2722 3711 2873 3773 rogat
2893 3703 2980 3757 det
3009 3717 3248 3772 operam,
3283 3710 3340 3756 ut
3363 3702 3588 3771 epistola

2004 3813 2097 3850 sua
2128 3806 2180 3850 et
2207 3796 2456 3850 celeriter
2477 3805 2530 3850 et
2556 3805 2667 3850 tuto
2699 3795 2794 3866 ipsi
2824 3795 3078 3850 reddatur
3097 3836 3112 3861 ,
3148 3796 3288 3865 quod
3320 3798 3429 3866 ipse
3456 3813 3587 3866 quo-

2003 3904 2107 3958 que
2135 3888 2362 3941 Hilarius
2388 3888 2734 3957 peroptabat:
2767 3888 2811 3942 si
2841 3904 2970 3943 vero
2993 3904 3096 3942 non
3127 3888 3269 3942 adsit
3292 3888 3587 3960 Olympiadi

2007 3980 2275 4033 Helladius
2303 3980 2596 4050 presbyter,
2631 3979 2718 4049 qui
2745 3979 2997 4048 epistolas
3020 3995 3141 4033 suas
3171 3980 3374 4043 reddat,
3408 3989 3592 4035 monet

2005 4071 2148 4124 illam
2173 4080 2227 4122 ut
2257 4071 2594 4140 peraliquem
2617 4070 2932 4141 prudentem
2957 4073 3125 4124 virmn
3153 4072 3253 4125 ilhc
3277 4071 3585 4125 reddantur.

2004 4163 2136 4215 Cum
2177 4162 2515 4216 Tilletnontio
2566 4172 2846 4233 putamus,
2901 4161 3040 4216 hunc
3087 4162 3343 4216 Hilarium
3377 4178 3495 4216 esse
3523 4163 3589 4216 tle

2004 4269 2108 4321 quo
2151 4253 2267 4307 huic
2303 4254 2460 4308 verba
2505 4255 2704 4322 profert
2740 4253 3004 4307 Palladius
3035 4252 3280 4322 (Pallad.
3307 4252 3490 4322 Dialog
3519 4254 3536 4322 )
3574 4272 3587 4307 :

2005 4345 2273 4410 Hilarius,
2319 4349 2394 4398 vir
2437 4356 2639 4399 sanctus
2676 4355 2721 4399 et
2762 4362 2951 4410 senex,
3001 4346 3050 4397 in
3096 4346 3324 4398 intimum
3370 4346 3589 4399 l’ontum

2003 4436 2180 4507 pulsus
2206 4446 2276 4489 est
2300 4479 2312 4501 ,
2349 4438 2511 4507 plagis
2540 4438 2767 4490 concisus
2788 4478 2801 4498 ,
2835 4452 2932 4489 non
2961 4453 2990 4487 a
3007 4437 3199 4504 judice,
3233 4437 3320 4489 sed
3344 4453 3373 4487 a
3405 4436 3548 4490 Clero
3572 4452 3592 4489 :

2002 4532 2088 4602 qui
2108 4532 2278 4585 decem
2300 4542 2342 4584 et
2370 4543 2480 4584 octo
2500 4532 2680 4584 abhinc
2699 4530 2844 4582 annis
2872 4545 3052 4598 panem
3076 4545 3172 4581 non
3193 4530 3428 4599 gustavit,
3452 4528 3588 4581 olera

2001 4624 2112 4677 sola
2143 4633 2186 4677 et
2213 4627 2524 4692 frumentum
2553 4632 2745 4673 coctum
2766 4620 2936 4672 edens.

2073 4713 2270 4767 Pwunii
2315 4713 2506 4765 laudes.
2536 4741 2608 4751 —
2651 4710 2940 4781 Epistolam
2985 4711 3108 4764 item
3139 4709 3350 4778 scripsit
3377 4709 3482 4764 204
3522 4709 3586 4765 ad

2005 4807 2273 4860 Paeonium
2301 4846 2314 4870 ,
2367 4805 2538 4857 virum
2584 4804 2759 4873 pium,
2807 4802 2907 4857 sibi
2942 4801 3362 4856 addietissimum
3389 4842 3405 4867 ,
3449 4801 3586 4870 {equi

2005 4898 2222 4966 verique
2248 4905 2536 4960 amantem,
2568 4894 2825 4962 dignitate
2858 4902 3219 4963 przestautem,
3244 4893 3332 4961 qui
3367 4893 3588 4946 multum

2005 4986 2468 5054 Constantinopoli
2503 4993 2557 5039 et
2587 4985 2638 5038 in
2669 4984 2896 5053 imperio
2926 4993 3036 5037 toto
3062 4992 3288 5052 poterat,
3322 4993 3375 5036 et
3404 4995 3588 5052 poten-

2006 5081 2074 5132 tia
2100 5094 2195 5133 sna
2223 5086 2279 5130 ut
2306 5076 2665 5130 Christianum
2692 5076 2916 5130 decebat
2943 5075 3204 5128 utebatur.
3235 5074 3436 5128 Laudat
3465 5090 3590 5126 vero

2006 5170 2152 5222 illum
2176 5185 2206 5223 a
2237 5168 2372 5233 zelo,
2402 5184 2430 5221 a
2454 5168 2719 5237 vigilantia
2745 5209 2758 5231 ,
2800 5167 2868 5219 ab
2895 5166 3056 5218 animi
3085 5165 3375 5228 laboribus,
3402 5182 3430 5218 a
3461 5165 3592 5218 lidu-

2002 5261 2081 5312 cia
2104 5269 2156 5312 ct
2173 5259 2415 5312 libertate
2443 5275 2542 5327 qua
2565 5258 2828 5327 episc0pis
2852 5258 3138 5323 restiterat,
3162 5272 3280 5309 cum
3305 5256 3356 5309 id
3383 5265 3591 5324 tempus

2005 5353 2338 5422 requireret,
2372 5349 2579 5403 tametsi
2609 5365 2730 5402 cum
2768 5348 2944 5402 debita
2977 5349 3376 5409 moderatione;
3419 5347 3591 5416 quod-

2004 5458 2104 5509 que
2126 5483 2142 5508 ,
2183 5457 2303 5494 eum
2344 5439 2429 5493 alii
2459 5440 2723 5507 fugerint,
2767 5437 2854 5492 alii
2883 5437 3099 5507 relegati
3126 5438 3269 5501 sint,
3311 5438 3420 5505 ipse
3448 5437 3590 5490 solus

2005 5544 2131 5598 stet,
2157 5534 2463 5602 nullumque
2489 5533 2691 5586 ordinis
2713 5533 3040 5587 desertorem
3071 5531 3182 5584 lieri
3205 5530 3361 5594 sinat,
3395 5545 3593 5598 eosque

2005 5626 2162 5679 etiam
2190 5666 2202 5690 ,
2252 5624 2338 5692 qui
2389 5623 2810 5676 adversariorum
2861 5631 3038 5690 partes
3075 5621 3474 5690 sequebantur,
3522 5621 3587 5671 ad

2006 5731 2129 5770 suas
2159 5716 2288 5768 mira
2319 5715 2580 5768 suavitate
2603 5713 2860 5766 traducat.
2891 5710 3039 5764 Illum
3065 5725 3195 5764 vero
3225 5709 3343 5764 ideo
3363 5709 3592 5762 maxime

2011 5807 2240 5861 celebrat
2268 5847 2280 5872 ,
2313 5804 2455 5874 quod
2484 5805 2535 5858 itt
2568 5818 2674 5860 uno
2709 5800 3030 5857 constitutus
3055 5801 3170 5856 loco
3200 5800 3430 5854 universi
3458 5814 3594 5868 penu
