4276 6316
750 329 854 385 259

749 453 1009 494 terrarum
1033 439 1174 492 orbis
1195 455 1376 492 curam
1401 449 1568 508 gerat,
1597 439 1891 494 Palmstina:
1919 455 2044 492 vero
2076 455 2322 498 maxnue,

749 529 1032 583 Phoenicia:
1061 539 1114 583 et
1141 527 1358 584 Ciliciae.
1411 528 1674 596 Additque
1703 528 2011 583 Palazstinos
2036 537 2092 584 et
2117 529 2330 583 Phanii-

744 634 834 676 ces
855 621 1026 675 virum
1055 621 1123 674 ab
1149 619 1468 676 adversariis
1507 621 1730 674 missum
1759 662 1772 686 ,
1803 636 1992 689 nempe
2031 621 2325 685 Arsaeium,

746 728 851 766 non
894 711 1210 778 admisisse;
1255 713 1305 764 in
1335 710 1519 765 Cilicia
1552 727 1678 766 vero
1701 713 1980 781 episcopos
2007 711 2326 764 Tarsensem

745 815 801 860 et
829 805 1112 876 Aigensem
1141 820 1172 859 a
1218 805 1456 872 partibus
1491 803 1702 859 illorum
1747 811 1888 858 stare
1911 844 1926 866 ,
1963 811 2120 871 atque
2149 811 2204 854 ιιι
2227 817 2325 856 au-

745 899 916 954 dierat
956 900 1068 968 ipse
1106 897 1174 952 ab
1214 897 1386 950 amico
1429 911 1562 958 suo,
1606 897 1855 966 episcopo
1905 895 2324 958 Castabalorum,

745 991 888 1060 ipsos
909 1005 936 1042 a
963 989 1558 1056 Constantinopolitanis
1578 988 1692 1056 cogi
1723 999 1778 1040 ut
1815 988 2020 1040 illorum
2065 985 2322 1054 iniquitati

749 1059 1133 1134 assentirentur
1157 1119 1172 1142 ,
1211 1079 1302 1134 sed
1333 1078 1542 1130 interim
1576 1087 1750 1130 tamen
1779 1059 2326 1132 resisterefllortatur

743 1189 905 1240 porro
945 1173 1030 1224 ille
1060 1172 1355 1230 l’a-anium,
1387 1179 1442 1222 ιιι
1467 1169 1682 1222 multum
1713 1167 2080 1221 sollicitudinis
2109 1179 2159 1220 et
2187 1167 2322 1234 vigi-

747 1262 920 1314 lantia:
960 1261 1240 1324 adhibeat,
1273 1277 1376 1328 quo
1409 1259 1528 1311 huic
1561 1259 1715 1311 etiam
1747 1259 1878 1325 parti
1923 1257 2210 1310 remedium
2243 1258 2320 1307 af-

745 1353 900 1412 fcrat,
925 1365 976 1405 et
998 1352 1062 1404 ad
1085 1352 1458 1404 consobrinum
1481 1365 1631 1402 suum
1655 1348 1992 1401 Theodorum
2015 1349 2320 1416 epZSt-opnm

744 1443 943 1495 scribat
975 1461 987 1495 :
1017 1443 1106 1511 qui
1147 1442 1354 1494 \idetur
1401 1455 1520 1494 esse
1565 1439 1876 1494 Theodorus
1923 1439 2321 1508 Mopsuestenus

742 1533 960 1585 Joannis
1007 1533 1169 1586 no-tri
1201 1547 1226 1583 a
1261 1546 1422 1600 puero
1463 1531 1682 1584 amicus.
1728 1530 2058 1584 Pharetrinm
2109 1529 2320 1593 deinde,

743 1621 1123 1675 C-rsaricnsem
1147 1621 1474 1688 episc0pum,
1507 1629 1717 1674 revocat
1739 1616 1789 1673 in
1817 1619 2148 1680 memoriam,
2171 1621 2322 1686 cujus

747 1711 921 1777 iniqua
981 1711 1030 1764 in
1078 1709 1512 1778 Chrysostotnutn
1557 1719 1702 1777 gesta
1753 1711 1996 1780 superius
2047 1709 2318 1762 vidimus:

743 1817 860 1869 qua:
890 1811 1033 1854 certe
1077 1801 1274 1854 nullam
1316 1801 1519 1853 veniam
1551 1799 1907 1853 merebantur.
1939 1800 2008 1852 At
2047 1814 2165 1852 cum
2203 1813 2324 1867 pre-

743 1893 940 1962 sbyteri
963 1897 1076 1960 ejus
1106 1900 1156 1944 et
1185 1892 1370 1944 (llerus
1387 1892 1558 1944 omnis
1585 1905 1680 1958 pro
1697 1891 2080 1960 Chrysostomo
2097 1898 2318 1952 starent,

743 1999 807 2036 ne
849 1998 947 2049 qua
999 1983 1118 2036 hinc
1148 1981 1412 2036 dissensio
1441 1981 1705 2044 oriretur,
1751 1981 2018 2034 P:canium
2059 1981 2316 2044 hortatur,

743 2083 794 2122 ut
829 2071 1117 2138 prudenter
1139 2087 1232 2140 pro
1263 2087 1410 2126 more
1431 2086 1526 2125 suo
1545 2087 1664 2124 cum
1685 2070 1784 2124 illis
1811 2079 1947 2139 agat,
1967 2079 2020 2125 ct
2046 2069 2320 2124 Pharetrio

742 2163 900 2216 dicat.
933 2162 1190 2216 Joannem
1215 2163 1478 2215 audivisse
1514 2162 1651 2230 quod
1682 2164 1792 2227 ipse
1821 2161 2128 2216 l’ltaretrius
2155 2163 2320 2216 multo

744 2253 807 2304 tlc
837 2253 897 2305 iis
925 2267 1040 2320 qua?
1071 2254 1370 2306 acciderant
1394 2252 1576 2306 dolore
1604 2252 1906 2305 afiicmetut'
1926 2294 1940 2314 ,
1973 2267 2034 2304 ac
2065 2268 2120 2305 se
2168 2267 2318 2320 para-

745 2353 850 2392 tum
882 2357 996 2394 esse
1021 2342 1156 2393 dicat
1187 2341 1248 2393 ad
1285 2343 1493 2410 quidvis
1525 2342 1826 2410 patiendum
1857 2383 1868 2402 ,
1913 2351 1966 2395 ut
1997 2358 2054 2397 ea
2087 2359 2202 2410 qua:
2233 2359 2321 2396 ne-

744 2430 872 2482 farie
895 2441 1005 2482 acta
1035 2429 1240 2484 fuerant
1265 2431 1633 2485 emendentur.
1675 2433 1760 2484 Ait
1789 2431 2014 2500 denique
2041 2449 2097 2486 se
2123 2435 2322 2500 optime

741 2519 918 2572 valete
945 2561 958 2582 ,
1007 2536 1066 2576 ac
1099 2521 1442 2576 vehementer
1464 2531 1646 2592 optare
1675 2531 1728 2576 ut
1749 2522 1863 2590 ejus
1892 2537 2180 2591 eoagrcssu
2224 2525 2318 2576 frui

745 2619 930 2676 possit.

811 2699 942 2752 Cum
993 2699 1262 2752 didicisset
1307 2703 1452 2754 illum
1503 2699 1996 2772 Constantinopolin
2052 2720 2320 2757 reversum

741 2809 878 2856 esse,
907 2794 1198 2862 gratulandi
1231 2809 1384 2846 causa
1409 2797 1681 2862 epistolam
1712 2797 1806 2863 ipsi
1833 2797 1971 2849 misit
1997 2797 2128 2852 9.20;
2161 2813 2322 2864 seque

741 2886 866 2938 dicit
906 2886 1013 2953 jam
1059 2902 1158 2937 non
1210 2885 1260 2938 in
1311 2887 1586 2954 peregrina
1633 2889 1843 2955 regione
1875 2889 2072 2940 YCl'eﬂl'l
2113 2897 2318 2954 putare,

743 2979 1114 3045 ιυῐτιριτιιριιιεῡ
1145 2977 1383 3044 perfundi
1413 3020 1426 3042 ,
1477 2995 1577 3030 non
1611 2979 1748 3046 quod
1780 2981 2006 3046 dignitas
2041 2982 2111 3031 illi
2156 2981 2323 3048 major

741 3068 984 3136 obtigerit
1019 3085 1030 3118 :
1059 3067 1363 3136 dignitatem
1387 3069 1526 3120 enim
1558 3069 1669 3136 ejus
1699 3085 1816 3123 esse
1837 3071 2022 3122 anima:
2053 3071 2320 3134 virtut-nm,

742 3174 857 3226 qua!
885 3173 1170 3227 numquam
1203 3159 1296 3228 ipsi
1330 3161 1522 3212 auferri
1565 3162 1766 3228 possit;
1801 3177 1960 3230 seque
2001 3163 2118 3215 ida-0
2146 3165 2323 3215 exstu-

745 3263 856 3302 tare
888 3251 1024 3318 quod
1051 3251 1163 3320 ejus
1193 3253 1391 3304 reditus
1421 3269 1662 3320 magnam
1700 3253 1880 3307 afferat
1905 3255 2320 3307 consolationem

747 3343 806 3392 iis
836 3342 922 3410 qui
955 3343 1298 3406 vexabantur,
1333 3343 1726 3410 torquebantur.
1751 3345 1800 3396 in
1831 3346 2033 3398 vincula
2077 3347 2324 3412 coijicie-

745 3433 932 3484 buntur
959 3475 968 3490 ,
1000 3432 1087 3500 qui
1111 3432 1175 3484 ad
1205 3433 1348 3485 illum
1381 3439 1642 3500 tamquam
1674 3433 1738 3485 ad
1771 3434 2079 3486 latissimum
2117 3447 2321 3502 portum

745 3525 1070 3592 confugient.
1119 3523 1284 3574 Aliam
1317 3539 1524 3590 quoque
1557 3523 1764 3575 l‘a-auio
1789 3525 2159 3588 epistolam‘tlft
2186 3527 2320 3578 scri-

747 3615 850 3682 psit
880 3655 891 3674 ,
941 3613 1089 3681 cujus
1139 3623 1348 3680 tempus
1393 3629 1458 3664 ne
1485 3615 1786 3680 conjectura
1815 3615 2026 3682 quidem
2067 3615 2322 3683 assignari

745 3711 936 3774 potest.
977 3703 1104 3755 Cum
1134 3713 1308 3754 autem
1339 3703 1622 3754 adversarii
1652 3703 1766 3768 ejus
1797 3705 2024 3757 maxime
2049 3709 2321 3766 satvirent,

743 3799 982 3863 aliosque
1009 3795 1121 3847 dire
1148 3803 1394 3846 mutarent
1415 3835 1428 3854 ,
1463 3795 1626 3863 magis
1651 3793 1906 3864 lugendus
1936 3811 2052 3848 esse
2073 3797 2201 3848 dicit.
2231 3813 2323 3848 eos

743 3890 832 3957 qui
857 3889 986 3939 mala
1018 3887 1314 3954 liujnsmodi
1353 3885 1634 3950 inferrent,
1666 3903 1820 3954 quam
1854 3889 1938 3956 qui
1970 3897 2278 3954 paterentur
2309 3908 2320 3940 :

750 3980 828 4031 his
854 3979 994 4030 enim
1019 3991 1243 4030 coronas
1269 4018 1282 4041 ,
1315 3977 1414 4028 illis
1445 3976 1700 4043 supplicia
1733 3979 1924 4044 parari.
1955 3979 2008 4031 [)ι
2032 3979 2150 4030 inde
2181 3989 2326 4047 rogat

746 4069 810 4122 de
843 4067 1140 4120 valetudine
1167 4082 1256 4119 sua
1290 4069 1568 4120 certiorem
1603 4083 1657 4120 se
1689 4071 1861 4120 faciat.

815 4159 1199 4228 Chrysostonms
1240 4159 1382 4211 exsul
1405 4161 1566 4228 gregis
1612 4160 1692 4212 sui
1729 4175 1900 4212 curam
1931 4163 2152 4230 gcrit—
2181 4162 2326 4216 Lict-t

745 4261 916 4304 autem
962 4251 1111 4304 exsul
1157 4259 1208 4304 et
1253 4249 1708 4318 Constantinopoli
1761 4255 1942 4319 procul
1989 4263 2164 4316 esset,
2221 4271 2322 4306 non

747 4343 1006 4394 minorem
1039 4350 1212 4394 tamen
1242 4340 1340 4393 sibi
1370 4340 1642 4393 commissi
1670 4343 1842 4409 gregis
1870 4357 2050 4395 curam
2081 4344 2320 4410 gerebat,

747 4429 1167 4498 advigilabatque
1213 4438 1266 4482 ut
1314 4431 1604 4500 presbyteri
1651 4439 1704 4483 et
1745 4430 1928 4484 Cicrns
1959 4431 2055 4484 sibi
2085 4433 2327 4487 addictus

745 4539 842 4575 suo
874 4523 1215 4592 fungerentur
1254 4523 1448 4577 officio.
1499 4523 1579 4576 Ad
1620 4523 1954 4577 Theodorum
1995 4525 2236 4579 scribens
2263 4527 2327 4579 de

746 4614 1060 4683 negligentia
1091 4613 1305 4668 Salustii
1345 4614 1639 4684 presbyteri
1679 4617 1918 4683 queritur
1949 4615 2138 4686 (Epist.
2172 4617 2322 4686 210),

747 4720 902 4774 quem
938 4707 1231 4758 nuntiatum
1263 4707 1361 4757 sibi
1397 4705 1566 4758 fuerat
1594 4707 1674 4758 vix
1717 4707 1946 4776 quinque
1992 4709 2233 4761 humilius
2260 4710 2324 4761 ad

749 4797 992 4850 Octobris
1039 4811 1206 4865 usque
1249 4811 1486 4849 mensem
1540 4796 1785 4850 habuisse
1815 4815 1826 4850 :
1856 4806 2012 4865 atque
2053 4797 2226 4866 ipsum
2273 4807 2329 4850 et

749 4887 1096 4956 Theophilum
1128 4888 1490 4957 presbyterum
1516 4929 1529 4948 ,
1559 4887 1783 4942 alterum
1811 4905 1872 4941 ex
1905 4889 2108 4958 pigritia
2133 4931 2146 4952 ,
2190 4890 2326 4942 alte-

749 4995 862 5045 rum
906 4993 1014 5048 prte
1055 4987 1194 5032 metu
1225 4979 1290 5031 ad
1317 4977 1603 5032 Collectam
1647 4995 1746 5031 non
1787 4980 1987 5034 venire.
2039 4979 2326 5034 Salustiutn

747 5085 876 5122 vero
917 5067 1151 5122 maxime
1193 5067 1421 5121 amicum
1467 5081 1620 5120 suum
1669 5077 1724 5120 ut
1765 5070 2108 5122 vehementer
2133 5070 2326 5123 excitet

749 5166 994 5226 precatur
1034 5175 1045 5208 :
1085 5158 1135 5208 itt
1164 5166 1303 5210 tanta
1331 5157 1488 5210 enim
1521 5171 1696 5210 rerum
1741 5168 2053 5227 tempestate
2079 5175 2324 5228 magnam

745 5249 998 5302 exhibere
1047 5248 1404 5303 fortitudinem
1434 5260 1487 5303 et
1527 5251 1844 5318 tigilantiam
1889 5263 2132 5320 Oporterc
2179 5252 2322 5304 dit-it.

751 5339 945 5393 Eadem
975 5338 1038 5392 de
1065 5353 1222 5392 causa
1251 5338 1314 5392 ad
1343 5339 1694 5410 TheOphihun
1723 5343 2087 5412 presbyterum
2123 5344 2326 5410 episto-

753 5431 854 5481 lain
889 5427 989 5483 222
1016 5429 1198 5494 misit,
1243 5443 1302 5483 se
1337 5445 1675 5499 summepere
1718 5433 1951 5488 doluisse
1993 5435 2319 5504 signiticans,

747 5519 882 5588 quod
931 5521 1017 5574 ille
1045 5529 1098 5574 et
1127 5520 1390 5574 Salustius
1417 5537 1537 5574 raro
1565 5522 1628 5574 ad
1658 5521 1942 5576 Collectam
1985 5525 2322 5588 accederent,

748 5621 802 5662 ut
827 5611 924 5662 sibi
954 5609 1149 5664 dictum
1173 5610 1344 5665 fuerat
1373 5629 1384 5663 :
1415 5613 1456 5664 si
1483 5627 1566 5665 res
1593 5628 1744 5666 secus
1767 5629 1823 5666 se
1852 5613 2068 5668 haberet
2094 5655 2109 5680 ,
2147 5615 2194 5666 id
2227 5616 2322 5668 sibi

749 5703 1010 5753 nuutiaret
1043 5717 1054 5762 ;
1101 5703 1180 5754 sin
1233 5717 1410 5756 rctutn
1456 5713 1634 5764 esset,
1671 5703 2036 5772 negligentiam
2066 5706 2321 5760 emcnda-

1813 330 1866 384 S.
1910 327 2188 383 JOANNIS
2225 326 2702 382 HlltYSOSTOMI
2745 328 2924 392 VITA,

3917 327 4028 382 2&0

2441 449 2544 492 ret.
2595 438 2674 492 Ad
2721 439 3007 494 Salustium
3048 439 3240 495 deinde
3279 441 3553 508 epistolam
3583 441 3723 495 misit
3749 441 3894 504 205.
3933 447 4024 497 ubi

2435 530 2620 585 eadem
2653 530 2764 584 fere
2785 532 2997 600 repetit,
3032 533 3204 600 ipsum
3231 547 3426 601 nempe
3453 531 3518 586 ad
3545 532 3826 586 Octobrem
3849 549 4024 603 usque

2435 635 2672 674 mensem
2725 621 2970 675 homitias
3009 621 3240 690 quinque
3285 629 3486 674 tantum
3523 620 3808 686 habuisse,
3839 621 4024 677 Thoo-

2437 711 2637 779 philum
2669 725 2796 767 vero
2845 713 3044 766 nullam
3077 727 3186 766 :an
3217 713 3266 764 id
3303 727 3486 766 verum
3535 714 3641 777 sit,
3689 713 3794 767 sibi
3823 713 4026 768 indicet

2433 813 2614 871 rogat;
2659 811 2714 856 et
2754 803 2798 858 si
2843 819 2930 858 res
2977 805 3046 856 ita
3091 818 3150 858 se
3189 803 3416 868 habeat,
3463 813 3686 872 uterque
3710 803 4022 872 diligentius

2433 907 2546 946 rem
2577 901 2736 960 agat:
2769 893 2894 956 Quis
2920 893 3084 958 enim,
3117 893 3320 962 inquit,
3351 892 3471 946 illo:
3499 893 3640 945 rem'a
3672 893 3850 962 dignos
3889 909 4016 946 cert-

2431 991 2536 1034 sent
2559 1023 2576 1046 ,
2615 982 2701 1052 qui
2735 981 2856 1034 dum
2891 983 2980 1034 alii
3017 992 3260 1034 t'exanlur
3287 991 3332 1036 et
3361 983 3412 1034 in
3451 983 3684 1036 exsilium
3727 983 4016 1046 mittuntur,

2433 1089 2586 1142 neque
2608 1073 2874 1140 pra'scmt'a
2917 1089 3073 1141 neque
3113 1072 3344 1124 doctrina
3371 1089 3466 1124 sua
3509 1073 3694 1140 populo
3724 1081 4024 1140 tempestiue

2422 1163 2616 1230 jactalo
2643 1177 2734 1228 pro
2761 1161 2892 1212 t'it'ilt
2922 1177 3212 1214 succurrere
3230 1161 3474 1214 student?

2501 1253 2578 1304 Ad
2625 1252 2930 1306 Severinatn
2979 1263 3033 1306 et
3075 1253 3354 1306 lietuulam
3392 1249 3852 1320 Constantinopoli
3896 1265 4018 1305 rer-

2429 1353 2607 1396 santcs
2630 1383 2646 1407 ,
2675 1343 2952 1410 epistolam
2992 1343 3136 1396 misit
3159 1327 3268 1397 9.19
3299 1360 3310 1394 :
3333 1356 3464 1410 quas
3489 1357 3552 1394 ex
3575 1341 3824 1394 diuturno
3849 1341 4020 1393 silen-

2431 1433 2502 1483 tio
2527 1445 2748 1498 carpere
2777 1445 2880 1484 non
2921 1432 3114 1495 audet,
3149 1431 3241 1484 sed
3273 1431 3394 1499 quia
3422 1430 3665 1484 fortassis
3690 1445 3754 1483 ex
3781 1429 4014 1482 tabella-

2429 1501 2868 1590 riorum’pcnuria
2890 1537 2948 1576 se
2976 1521 3224 1589 epistolas
3247 1523 3455 1574 mittere
3475 1537 3578 1573 non
3609 1535 3764 1588 posse
3793 1519 4020 1573 dictum:

2429 1621 2600 1674 erant,
2629 1609 2913 1664 Salustium
2944 1611 3041 1663 sibi
3072 1610 3358 1663 admodum
3389 1611 3640 1663 dilectum
3671 1609 3886 1673 indicat,
3921 1610 4020 1678 qui

2429 1702 2492 1754 ad
2513 1717 2626 1754 eam
2660 1717 2772 1756 rem
2803 1703 2929 1769 ipsis
2958 1717 3114 1771 opem
3137 1701 3280 1756 ferre
3306 1701 3776 1768 possit.\"alentino
3796 1714 4018 1768 quoque

2427 1794 2638 1862 scripsit
2659 1793 2936 1861 epistolam
2963 1793 3068 1846 217
3095 1811 3108 1846 :
3139 1807 3294 1862 quem
3317 1793 3514 1857 laudat,
3535 1792 3674 1860 quod
3698 1793 3762 1844 ad
3795 1791 4019 1846 ferenda

2427 1885 2747 1952 pauperibus
2792 1883 3025 1938 subsidia
3080 1884 3148 1937 sit
3193 1899 3407 1952 semper
3447 1893 3676 1952 paratus.
3721 1883 3851 1950 Quia
3883 1899 4022 1938 vero

2428 1974 2758 2026 Domitianus
2806 1974 3119 2044 presbyter,
3151 1974 3232 2026 cui
3263 1977 3604 2026 commiserat
3637 1973 3870 2027 Joannes
3913 1988 4016 2028 no-

2427 2075 2536 2118 ster
2559 2075 2614 2117 ut
2643 2063 2915 2123 viduarum
2947 2073 3000 2118 et
3043 2065 3305 2130 virginum
3343 2079 3522 2118 curam
3555 2075 3798 2134 gereret,
3845 2067 4022 2132 signi-

2429 2158 2676 2208 ticaverat
2709 2155 2842 2226 ipsi,
2873 2153 2988 2207 illas
3011 2154 3150 2208 fame
3175 2155 3378 2218 vexari,
3412 2153 3477 2206 ad
3511 2153 3846 2208 Valentinum
3875 2169 4018 2208 con-

2429 2247 2557 2315 fugit
2586 2247 3034 2316 Cbrysostomus,
3083 2246 3334 2314 illumque
3380 2247 3626 2299 obsecrat
3651 2256 3702 2299 et
3745 2253 3902 2310 orat,
3961 2257 4022 2298 ut

2431 2336 2728 2390 Domitiano
2747 2335 2938 2389 auxilia
2965 2335 3208 2389 conferat
3235 2377 3248 2401 ,
3271 2336 3532 2404 additque
3559 2351 3642 2398 ea,
3671 2351 3788 2404 qua:
3821 2335 3870 2387 in
3904 2345 4018 2387 tam

2426 2429 2570 2496 gravi
2603 2437 2914 2495 tempestate
2939 2442 3000 2480 ac
3029 2427 3258 2494 procella
3287 2439 3572 2496 erogantur
3593 2467 3606 2490 ,
3657 2426 3842 2494 majori
3871 2440 4022 2478 nter-

2427 2519 2558 2572 cede
2584 2519 2789 2572 donari.
2835 2518 3087 2572 Pl‘Ct'aiUI‘
3135 2519 3292 2571 etiam
3333 2527 3390 2570 ut
3417 2517 3480 2569 ad
3509 2533 3566 2570 se
3595 2517 3827 2578 scribat,
3871 2515 4022 2583 quod

2431 2611 2552 2663 huic
2600 2609 2846 2678 ι·ριὶιιοιιί
2886 2609 3150 2662 annuerit.
3199 2607 3563 2679 Chrysiistomi
3619 2606 3860 2676 precibus
3909 2621 4020 2658 an-

2431 2704 2607 2755 nuisse
2638 2701 2844 2755 videtur
2873 2701 3179 2754 Valentinus
3209 2719 3222 2754 :
3256 2719 3372 2758 nam
3399 2702 3447 2752 itt
3474 2700 3694 2768 episwla
3725 2701 3786 2752 εΗ
3817 2740 3831 2761 ,
3864 2708 4026 2768 post-

2428 2809 2584 2860 quam
2617 2793 2820 2846 dixerat
2848 2811 2904 2846 se
2930 2793 3064 2847 hanc
3096 2795 3303 2846 tertiam
3323 2793 3598 2861 epistolam
3623 2793 3850 2854 misisse,
3883 2805 4014 2844 cum
4089 2847 4096 2850 _

2431 2887 2542 2953 ipse
2575 2886 2769 2938 nullam
2814 2900 2844 2938 a
2868 2885 3149 2938 Valentino
3175 2886 3474 2954 acceperit,
3515 2883 3728 2952 adjicit,
3758 2898 3814 2937 se
3845 2881 4024 2950 probe

2427 2978 2562 3030 scire
2589 2993 2746 3042 eum,
2779 2977 2870 3045 qui
2913 2977 3095 3030 literas
3133 2991 3260 3030 suas
3289 2975 3490 3040 attulit,
3537 2990 3656 3028 cum
3703 2974 3904 3028 honore
3943 2973 4024 3025 ab

2430 3071 2517 3122 illo
2547 3079 2826 3138 exceptum
2858 3069 3037 3129 fuisse.
3065 3081 3116 3123 et
3144 3071 3195 3123 in
3227 3068 3288 3122 iis
3317 3068 3492 3130 rebus,
3522 3083 3638 3136 qua:
3665 3080 3818 3134 opem
3847 3065 4024 3133 ipsius

2431 3163 2809 3232 requirebant,
2843 3179 2958 3231 qua:
2985 3177 3198 3234 suarum
3229 3162 3454 3228 partium
3483 3171 3630 3212 erant
3659 3155 3972 3225 pra-stitissc
4005 3175 4022 3208 :

2429 3253 2495 3307 de
2525 3263 2719 3307 cmtero
2751 3253 2993 3306 obsecrat
3019 3264 3068 3306 et
3099 3251 3334 3319 pluribus
3360 3258 3601 3318 precatur
3633 3258 3688 3300 ut
3711 3247 3888 3300 literas
3909 3247 4021 3299 sibi

2430 3344 2640 3396 mittere
2668 3359 2770 3394 non
2795 3343 3020 3396 desinat.
3067 3341 3198 3395 Cum
3230 3355 3388 3409 porro
3425 3341 3729 3392 Valentinus
3759 3336 4020 3390 in-ltnno—

2431 3436 2503 3487 ris
2555 3435 2772 3502 gradum
2823 3434 3127 3502 quempiam
3177 3443 3392 3486 evectus
3441 3431 3664 3494 fuisset,
3715 3445 3886 3498 neque
3959 3429 4018 3482 id

2428 3525 2812 3590 (.hrysOstomo
2857 3541 2947 3594 per
2991 3525 3172 3577 literas
3220 3526 3548 3584 nuntiasset,
3593 3523 3866 3589 epistolam
3911 3521 4022 3588 ipsi

2433 3621 2534 3674 ll6
2569 3619 2800 3686 scripsit,
2841 3629 2998 3684 atque
3023 3617 3292 3684 redarguit
3317 3615 3494 3680 illttm,
3531 3613 3668 3682 quod
3699 3629 3808 3666 rem
3839 3622 4024 3664 tanto-

2432 3729 2558 3784 pere
2589 3713 2684 3764 sibi
2721 3721 2922 3780 gratam
2969 3709 3036 3760 ab
3065 3709 3183 3760 aliis
3219 3709 3426 3760 discere
3469 3721 3654 3775 passus
3698 3705 3799 3768 sit,
3839 3719 4022 3771 neque.

2430 3805 2528 3858 sibi
2580 3802 2873 3870 scripsi-rit.
2929 3800 3118 3852 Veram
3163 3797 3376 3866 quidem
3405 3797 3712 3864 dignitatem
3745 3807 3862 3845 esse
3885 3793 4024 3845 dicit

2430 3898 2618 3948 animm
2655 3897 2901 3946 virtutem
2928 3932 2939 3954 ,
2974 3893 3064 3944 sed
3096 3891 3214 3958 quia
3254 3890 3366 3958 ipse
3397 3887 3575 3940 mundi
3621 3884 3912 3937 honoribus
3947 3884 4022 3936 ad

2433 3986 2706 4037 utilitatem
2739 3983 2878 4034 illius
2921 3982 2990 4033 ιιιὶ
3039 3981 3338 4042 didicerat,
3383 3991 3486 4045 quo
3529 3976 3795 4045 potentior
3820 3973 4016 4039 evasit,

2432 4093 2494 4130 eo
2521 4077 2674 4128 latior
2701 4085 2881 4144 portus
2907 4072 3184 4141 egentibus
3209 4069 3489 4124 etﬁeietur.

2504 4167 2774 4236 Philippus
2815 4173 2868 4218 et
2916 4163 3232 4234 l-Iuthymius
3280 4159 3576 4230 presbyteri
3623 4159 3817 4213 scholis
3861 4157 4006 4211 Coa-

2430 4259 2767 4326 stantinopoli
2797 4266 3094 4325 praeerant;
3121 4270 3348 4324 cumque
3377 4269 3436 4307 ea
3463 4294 3478 4317 ,
3517 4267 3616 4322 qua
3647 4251 3867 4305 decebat
3890 4291 3905 4314 ,
3935 4251 4020 4304 di-

2429 4333 2581 4404 cendi
2615 4350 2858 4402 libertate
2889 4347 2966 4401 usi
2999 4347 3257 4410 fuissent,
3302 4359 3368 4398 ex
3419 4343 3614 4396 scholis
3651 4341 3805 4409 ejecti
3839 4339 4014 4394 fuere.

2431 4441 2838 4510 Chrysostomus
2881 4455 3006 4493 vero
3051 4437 3300 4507 epistolas
3345 4436 3558 4504 scripsit
3595 4434 3700 4489 215
3745 4434 4016 4504 Philippo,

2431 4531 2536 4584 218
2581 4530 2887 4600 Euthymio.
2943 4529 3242 4596 Philippum
3290 4541 3418 4580 vero
3464 4526 3669 4594 arguit,
3720 4523 3862 4593 quod
3911 4525 4016 4577 sibi

2435 4623 2610 4676 literas
2647 4637 2752 4672 non
2797 4621 3032 4684 miserit;
3077 4629 3356 4685 utrumque
3383 4619 3724 4679 consolatur,
3775 4617 3910 4670 hanc
3930 4617 4018 4684 ja-

2431 4721 2633 4762 rturam
2687 4710 2869 4762 dicens
2917 4710 2965 4760 in
3019 4707 3281 4761 mercedis
3327 4708 3499 4761 locum
3552 4707 3732 4760 haberi
3787 4705 4016 4760 debere.

2434 4799 2692 4851 Plurin‘tas
2723 4814 2849 4851 vero
2879 4797 3012 4849 alias
3037 4797 3253 4863 scripsit
3281 4797 3533 4863 epistolas
3563 4796 3628 4848 ad
3673 4797 4018 4866 presbyteros

2430 4894 2682 4947 Severum
2717 4891 2840 4950 iOl,
2877 4891 3124 4942 Acacium
3151 4889 3278 4952 208,
3307 4887 3674 4942 Sebastianum
3703 4885 3831 4948 214,
3861 4886 4022 4939 Peleo

2429 4987 2572 5054 gium
2607 4985 2712 5037 215
2733 5024 2748 5048 ,
2777 4983 3112 5034 salutationis
3143 4989 3343 5033 tantum
3375 4989 3427 5032 et
3452 4981 3696 5031 atnicitite
3722 4979 3872 5045 signa
3905 4993 4020 5046 pra:

2431 5093 2488 5130 se
2533 5075 2802 5137 ferentes;
2857 5087 3028 5139 neque
3088 5071 3284 5139 percipi
3334 5075 3509 5134 potest
3561 5069 3710 5132 cuius
3758 5066 4020 5120 Ecclesia:

2431 5166 2724 5234 presbyteri
2742 5172 2937 5214 eSsent.
2959 5159 3279 5229 Symmacho
3297 5167 3471 5212 autem
3491 5159 3800 5227 presbytero
3818 5155 4018 5224 κΙίμὶδι.

2430 5255 2520 5324 45)
2547 5295 2562 5320 ,
2589 5254 2677 5322 qui
2710 5253 2864 5321 longo
2895 5249 3174 5304 intervallo
3201 5263 3230 5300 a
3261 5263 3320 5302 se
3353 5247 3620 5312 distabat,
3666 5257 3718 5300 et
3759 5249 4022 5300 :t-rumuis

2432 5364 2479 5410 οε
2503 5345 2838 5416 primebatur
2861 5386 2875 5408 ,
2921 5343 3035 5396 haec
3081 5340 3460 5395 consolationis
3497 5341 3658 5392 verba
3697 5338 3824 5392 dicit
3859 5337 4024 5392 :.\'on

2433 5453 2626 5488 novum
2649 5446 2701 5490 ct
2732 5443 3117 5504 pra-posterum
3146 5447 3264 5486 esse
3288 5472 3300 5492 ,
3341 5433 3384 5482 si
3423 5433 3466 5482 is
3487 5431 3576 5496 qui
3608 5439 3886 5496 angustum
3919 5427 4026 5479 iter

2435 5535 2576 5579 tenet
2609 5535 2896 5592 prematur,
2925 5523 3015 5578 sed
3049 5523 3148 5574 iter
3179 5521 3478 5588 hujusmodi
3510 5517 3574 5572 ad
3601 5531 3846 5578 coronas,
3881 5531 4024 5583 prie-

2433 5617 2535 5668 mia
2562 5626 2612 5670 et
2639 5627 2836 5668 :eterna
2861 5615 2996 5666 bona
3025 5613 3241 5665 ducere.

2509 5707 2826 5775 Olympiadis
2871 5705 3027 5755 (tuitui
3071 5703 3300 5770 ﬁrmitas.
3335 5731 3398 5740 υί-
3442 5701 3750 5770 Olympias,
3807 5717 3932 5770 qua:
3961 5707 4036 5756 (Ιρ
