4276 6316
196 336 291 389 ?“
1389 326 1566 383 NUNC
1610 322 1868 378 l‘ltlllllll
1914 321 2301 375 ADORNATA.

198 446 461 510 inccndio,
492 456 545 500 ut
570 444 678 514 jam
708 445 905 499 dictum
939 443 1033 497 fuit
1054 485 1066 506 ,
1102 441 1479 505 accusabatur,
1510 438 1576 491 ab
1606 437 1779 490 inimi-

196 537 271 588 cis
313 534 681 605 Chrysostomi
727 533 859 587 diris
902 533 1254 587 exercebatur
1302 529 1578 585 molestiis.
1629 527 1783 581 Milia:

197 639 335 691 smpe
385 625 785 678 intentabantur
818 639 829 675 :
858 623 926 676 de
969 630 1128 689 opum
1162 620 1370 689 jactura
1400 660 1415 684 ,
1464 617 1531 671 de
1573 618 1779 679 exsilio,

200 714 303 767 imo
329 713 401 769 cie
434 723 604 769 morte
634 714 906 781 agebatur.
940 712 1129 766 Verum
1162 710 1247 763 illa
1271 707 1641 780 Chrysostomi
1670 722 1787 760 mo-

198 803 321 857 nitis
348 814 403 859 et
433 804 604 858 literis
633 804 878 856 roborata
899 843 912 866 ,
940 801 1055 855 haec
1083 801 1261 855 omnia
1293 799 1580 872 tranquillo
1604 798 1786 851 animo

197 892 399 945 terebat
419 934 431 954 ,
466 903 518 947 et
550 894 805 961 majorem
832 894 884 946 in
912 891 1025 945 dies
1062 890 1224 944 animi
1262 889 1563 943 firmitatem
1592 903 1774 945 conse-

193 983 474 1049 quebatur.
493 984 663 1051 Quam
688 1000 800 1037 rem
826 1000 945 1037 cum
970 983 1319 1050 comperisset
1344 981 1780 1052 Chrysostonms,

194 1072 477 1139 epistolam
509 1074 579 1126 illi
604 1074 745 1126 misit
777 1073 1036 1127 decimam
1070 1072 1347 1141 septimam
1371 1112 1385 1133 ,
1420 1070 1505 1125 ubi
1542 1071 1781 1125 luculen—

197 1174 274 1219 ter
315 1174 515 1219 tantam
561 1166 722 1219 animi
771 1166 1165 1228 constantiam,
1217 1164 1269 1215 in
1305 1163 1547 1217 adversis
1591 1162 1782 1215 alacri-

196 1262 357 1309 tatem
385 1298 399 1320 ,
443 1256 508 1308 ad
555 1256 731 1309 omnia
770 1255 884 1308 dira
912 1255 1241 1323 adversaque
1274 1258 1510 1323 paratam
1541 1253 1784 1307 laudibus

193 1347 449 1400 celebrat.

262 1437 518 1490 Pentadia
549 1452 759 1507 quoque
792 1437 977 1491 iisdem
1004 1438 1154 1507 queis
1185 1437 1454 1509 Olympias
1481 1480 1495 1503 ,
1540 1440 1645 1492 imo
1675 1439 1786 1492 lor-

194 1538 332 1579 tasse
380 1527 673 1596 majoribus
712 1530 950 1597 exposita
996 1530 1286 1592 acrunmis,
1334 1531 1545 1584 fortiter
1586 1531 1701 1583 illas
1732 1540 1784 1584 et

194 1620 583 1686 imperturban
631 1622 809 1673 animo
852 1620 1091 1687 ferebat,
1144 1631 1197 1675 ut
1241 1622 1433 1691 legitur
1464 1622 1512 1675 in
1554 1623 1782 1690 epistola

191 1706 255 1760 91
285 1725 299 1759 :
328 1711 483 1774 cujus
527 1708 614 1763 hic
653 1711 892 1777 qucedam
932 1711 1202 1765 alierenda
1242 1712 1489 1767 videntur
1526 1730 1537 1766 :
1568 1712 1783 1776 Ecquorl

192 1798 489 1851 insidiarum
520 1810 567 1852 et
607 1801 954 1854 machinarum
994 1818 1150 1871 genus
1194 1804 1776 1870 pratenniserunt

193 1889 252 1941 In
279 1893 449 1959 forum
480 1902 554 1955 te,
604 1908 718 1961 qua:
757 1904 940 1961 printer
970 1895 1227 1947 ecclesiam
1253 1905 1297 1947 et
1326 1896 1611 1949 cubiculum
1655 1897 1783 1951 nihil

192 1996 359 2041 noras.
396 1992 788 2050 pertraxerunt;
817 2000 846 2035 a
876 1986 989 2052 foro
1016 1984 1082 2037 ad
1108 1985 1381 2038 tribunalia
1404 2028 1417 2052 ,
1452 2003 1482 2038 a
1513 1987 1783 2040 tribunali—

191 2075 277 2125 bus
307 2074 375 2125 ad
405 2090 679 2129 carcerem.
733 2073 1003 2129 Falsorum
1041 2077 1237 2129 testium
1269 2078 1469 2149 linguas
1512 2090 1775 2144 acuerunt,

188 2164 530 2231 impndrntcm
557 2167 864 2219 calumniam
902 2169 1266 2222 concinnarunt
1287 2211 1301 2233 ,
1335 2172 1496 2223 aedes
1523 2181 1782 2239 perpetra—

186 2263 322 2318 runt,
357 2257 555 2309 cruoris
584 2267 823 2310 torrentes
858 2259 1228 2327 profuderunt,
1258 2259 1360 2329 igni
1382 2278 1441 2312 ac
1471 2262 1603 2329 ferro
1625 2264 1779 2338 juva-

189 2360 303 2396 num
339 2362 558 2413 corpora
584 2350 1000 2417 consumpserunt
1025 2390 1037 2411 ,
1070 2351 1242 2405 multis
1278 2367 1340 2403 ac
1372 2352 1631 2421 pt'wclaris
1661 2338 1779 2403 viris

187 2437 475 2489 innumeras
507 2440 684 2508 plagas
711 2450 755 2491 et
781 2443 1033 2494 cruciatus
1060 2442 1375 2509 intulerunt,
1410 2444 1606 2496 nullum
1637 2445 1779 2496 deni—

185 2542 274 2593 que
301 2527 525 2593 lapidem
554 2546 651 2581 non
680 2534 965 2593 moverunt,
988 2549 1085 2599 quo
1111 2542 1157 2585 te
1184 2543 1314 2586 metu
1341 2535 1656 2604 perterritam
1683 2536 1778 2587 huc

184 2617 461 2687 alligarent,
490 2630 542 2672 ut
564 2620 624 2673 iis
645 2638 754 2689 qutv
776 2623 971 2675 videras
993 2626 1249 2677 contraria
1277 2626 1488 2678 diceres.
1531 2628 1593 2677 At
1617 2636 1667 2677 tu
1700 2629 1778 2678 in—

183 2718 284 2759 star
310 2710 498 2777 aquila:
536 2709 748 2765 sublime
784 2713 1014 2777 volantis,
1064 2731 1233 2766 eorum
1271 2715 1457 2769 retibus
1478 2718 1675 2785 fractis,
1710 2717 1777 2769 ad

184 2796 425 2851 libertatis
448 2800 709 2869 fastigium
736 2802 903 2854 virtuti
928 2812 1027 2856 tua:
1044 2814 1434 2856 consentaneum
1464 2804 1773 2858 ascendisti:
1804 2870 1813 2878 υ

182 2890 249 2941 sic
273 2899 319 2943 te
338 2908 646 2959 comparans
675 2934 687 2953 ,
722 2902 775 2947 ut
797 2894 858 2945 ab
884 2896 1006 2962 ipsis
1038 2895 1241 2946 minime
1265 2895 1776 2959 circumscribereris;

182 2980 277 3032 into
321 2981 475 3036 etiam
503 3022 516 3045 ,
564 2996 808 3048 quantum
837 2984 904 3035 ad
932 2984 1085 3053 hujus
1113 2985 1333 3037 incendii
1364 2986 1550 3037 crimen
1591 2987 1775 3038 attine-

181 3068 281 3134 bat,
306 3072 457 3139 cujus
487 3072 688 3124 nomine
710 3075 877 3125 miseri
897 3085 1043 3143 atque
1066 3074 1288 3142 infelices
1310 3076 1535 3128 homines
1556 3077 1775 3128 maxime

181 3160 565 3227 gloriabantur,
614 3178 697 3214 eos
732 3163 1000 3217 calumnia:
1042 3166 1377 3219 conrinceres.
1426 3167 1515 3220 Sic
1546 3166 1688 3219 illam
1721 3168 1771 3220 in

185 3257 283 3300 tota
317 3251 545 3317 epismla
579 3252 818 3306 laudibus
850 3253 1102 3307 celebrat.

250 3339 302 3391 lu
349 3342 519 3395 altera
559 3359 769 3412 quoque
790 3386 802 3408 ,
838 3361 993 3413 quam
1025 3345 1089 3398 ad
1122 3347 1285 3415 ipsam
1314 3348 1453 3400 misit
1483 3391 1496 3413 ,
1548 3349 1770 3417 epistola

185 3427 281 3482 1οι
313 3430 460 3484 illam
507 3432 725 3498 perinde
756 3436 1015 3487 encomiis
1050 3445 1292 3491 exornat.
1340 3437 1600 3503 Quoniam
1645 3454 1772 3492 vero

183 3521 417 3577 audierat
452 3524 596 3577 illam
623 3525 689 3578 de
713 3526 952 3580 discessu
982 3528 1048 3581 ab
1074 3528 1203 3582 urbe
1244 3531 1480 3598 cogitare
1505 3571 1520 3595 ,
1560 3530 1625 3581 ab
1658 3531 1769 3599 ipsa

185 3615 303 3682 petit
350 3632 419 3671 ne
465 3616 535 3671 de
572 3632 629 3671 re
678 3618 980 3686 hujusmodi
1027 3620 1258 3687 cogitare
1308 3629 1495 3691 pergat
1528 3639 1539 3675 :
1572 3623 1767 3692 primo,

183 3707 312 3773 quod
346 3707 659 3763 concivihus
686 3710 977 3764 subsidium
1015 3720 1235 3766 essetet
1270 3713 1650 3768 adminiculum
1684 3714 1767 3778 iis,

182 3798 261 3863 qui
303 3798 352 3850 in
396 3799 672 3853 laboribus
715 3802 1100 3867 versabantur;
1148 3804 1418 3870 secundo,
1471 3805 1611 3875 quod
1644 3806 1767 3859 anni

186 3896 387 3956 tempus
425 3889 478 3944 id
523 3889 698 3945 facere
728 3908 832 3947 non
862 3894 1231 3962 permitteret:
1264 3912 1384 3950 cum
1416 3898 1556 3952 enim
1594 3898 1762 3953 imbe-

180 3979 391 4035 cillitate
445 3984 691 4051 corporis
758 3984 1063 4050 laboraret,
1108 3985 1297 4041 hiemis
1343 3996 1585 4057 tempore
1622 3998 1675 4044 et
1717 3991 1766 4043 in

183 4077 314 4124 tanta
344 4073 393 4125 vi
426 4073 639 4141 frigoris
676 4074 860 4143 pedem
895 4092 1109 4131 movere
1140 4094 1242 4131 non
1266 4078 1514 4133 debebat.

245 4161 638 4233 Chrysostomus
686 4166 737 4219 in
778 4166 1005 4219 morbum
1050 4168 1247 4223 incidit.
1276 4199 1349 4209 —
1377 4169 1557 4224 Hiems
1587 4180 1764 4225 autem

182 4253 266 4307 illa
297 4256 515 4324 gravior
542 4255 709 4326 (Anno
735 4258 860 4328 405)
883 4301 896 4321 ,
927 4274 1083 4327 quam
1115 4260 1320 4313 solebat
1360 4259 1457 4314 fuit
1480 4303 1493 4325 ,
1543 4273 1598 4315 ut
1639 4262 1770 4317 dicit

183 4343 286 4412 ipse
331 4346 752 4417 Chrysostomus
790 4364 875 4417 ep.
912 4349 946 4403 6
971 4350 1037 4403 ad
1072 4348 1461 4422 Ciympiadem.
1518 4352 1768 4422 Ingrave-

183 4447 353 4489 sceute
400 4448 582 4491 autem
625 4439 817 4508 frigore
858 4440 907 4493 in
956 4442 1200 4495 morbum
1234 4442 1322 4497 ille
1353 4440 1567 4509 incidit,
1615 4446 1685 4500 ita
1713 4456 1770 4501 ut

182 4526 455 4607 adportas
496 4545 660 4597 usque
704 4532 889 4585 mortis
915 4574 928 4597 ,
967 4533 1170 4602 inquit,
1215 4537 1539 4600 accesserit,
1584 4552 1645 4591 ac
1676 4552 1769 4606 per

184 4619 308 4672 duos
336 4637 551 4675 menses
584 4622 633 4675 in
662 4624 800 4677 lecto
822 4625 1135 4679 decubuerit
1158 4668 1173 4692 ,
1206 4628 1469 4681 stomachi
1502 4638 1553 4682 et
1579 4630 1769 4698 capitis

184 4709 453 4768 doloribus
473 4755 487 4777 ,
518 4714 823 4780 vernilibus,
860 4717 1137 4770 insomniis
1163 4719 1497 4772 excruciatus
1532 4737 1543 4773 :
1575 4730 1767 4774 caetera

187 4812 350 4856 autem
383 4804 716 4872 a-gritudinis
743 4806 1080 4860 incommoda
1109 4807 1347 4875 pluribus
1377 4808 1464 4861 ilie
1493 4809 1764 4863 describit.

188 4891 277 4947 Ubi
321 4907 501 4951 autem
546 4912 642 4951 ver
683 4897 937 4964 advenit,
989 4899 1318 4968 mutatioqnc
1362 4900 1542 4961 aeris,
1590 4902 1769 4955 omnia

190 4998 366 5052 sponte
393 4986 604 5055 dilapsa
636 4997 757 5042 sunt
785 5004 798 5051 ;
832 4987 901 5041 ita
932 4999 1107 5043 tamen
1152 5000 1206 5043 ut
1246 5005 1433 5059 magna
1465 4991 1561 5059 ipsi
1594 4989 1769 5045 adhuc

193 5075 237 5128 iu
264 5079 427 5131 victus
457 5079 660 5133 ratione
679 5094 804 5133 cura
831 5094 963 5149 opus
984 5091 1145 5135 esset.
1174 5080 1463 5151 Postquam
1486 5082 1599 5137 luce
1615 5081 1765 5147 dixit,

193 5166 250 5219 ad
276 5168 639 5239 Olympiadem
672 5185 971 5224 sermonem
1017 5173 1317 5236 convertit,
1360 5187 1518 5242 quam
1570 5174 1767 5241 ingenti

193 5262 375 5313 amoris
404 5271 457 5316 et
501 5260 739 5316 caritatis
782 5261 972 5317 all‘eetu
1003 5279 1062 5317 se
1090 5265 1337 5333 prosequi
1370 5263 1625 5318 declarat.
1680 5264 1767 5317 llla

196 5364 309 5404 vero
330 5368 541 5423 quoque
557 5353 701 5421 gravi
731 5355 918 5408 morbo
936 5369 1211 5424 oppressa,
1239 5356 1289 5410 in
1317 5364 1612 5410 extremum
1644 5356 1766 5410 vitae

198 5443 474 5505 periculum
536 5453 788 5507 venerat;
843 5445 937 5499 sed
989 5460 1109 5500 cum
1164 5444 1581 5515 Chrysostomus
1632 5446 1768 5500 banc

200 5530 263 5583 illi
292 5534 567 5602 epistolam
605 5534 855 5603 scripsit,
904 5536 1185 5591 commoda
1225 5536 1529 5591 valetudine
1558 5535 1768 5591 frueba-

201 5627 292 5673 tur.
322 5621 488 5691 lpsam
518 5638 677 5692 porro
704 5625 925 5679 summis
957 5625 1201 5680 laudibus
1227 5625 1452 5688 extollit,
1489 5625 1627 5695 quod
1662 5641 1764 5679 non

200 5710 347 5763 modo
372 5729 459 5768 res
492 5723 597 5767 tam
632 5716 880 5770 adversas
916 5715 1034 5770 forti
1062 5727 1115 5771 et
1141 5717 1403 5772 Constanti
1450 5718 1628 5773 anime
1661 5717 1761 5771 lcr-

3373 317 3482 371 ενι

1892 443 2008 495 ret,
2043 433 2135 485 sed
2172 448 2263 485 eas
2310 434 2468 486 etiam
2511 447 2607 501 pro
2648 433 2814 487 nihilo
2856 442 3102 501 putaret,
3148 432 3384 499 aliosque
3413 433 3480 486 ad

1891 524 2035 594 paria
2063 524 2353 577 certamina
2387 531 2641 588 acueret,
2671 533 2724 577 et
2750 522 3144 592 philosophiam
3172 523 3319 576 omni
3349 532 3481 575 tem-

1892 620 2099 681 pestate
2121 612 2452 681 superiorem
2475 611 2667 682 adepta
2697 621 2859 666 esset.

1964 701 2283 773 Olympiadis
2304 704 2459 757 virtus
2483 714 2530 755 et
2556 704 2709 756 animi
2737 702 2972 771 ﬁrmitas.
2990 732 3061 742 -—
3078 702 3210 756 lluic
3235 703 3479 772 epistola:

1890 794 2294 861 responsionem
2340 793 2598 848 modestia
2649 795 2859 863 plenam
2910 793 3057 848 misit
3089 794 3385 864 Olympias,
3418 809 3481 849 se

1891 901 1996 938 non
2049 894 2306 953 Impurum
2353 886 2590 940 erexisse
2640 886 2862 952 dicens,
2906 902 3012 939 non
3067 886 3342 940 victoriam
3399 904 3483 941 rc-

1892 977 2107 1041 tulisse,
2146 993 2243 1031 nec
2290 993 2541 1033 coronam
2588 979 2833 1049 adeptam
2883 995 3022 1034 esse.
3054 980 3283 1048 Reponit
3322 980 3483 1049 Chry-

1890 1082 2159 1121 sosromus
2230 1069 2279 1121 in
2346 1069 2571 1138 epistola
2626 1070 2890 1139 septima,
2948 1079 3114 1123 totum
3173 1070 3357 1123 orbem
3430 1070 3484 1121 id

1890 1160 2192 1223 allirmare,
2241 1161 2378 1229 quod
2422 1162 2533 1229 ipse
2576 1163 2627 1215 in
2671 1162 2894 1229 epistola
2936 1162 3217 1229 superiore
3250 1161 3479 1221 dixerat,

1890 1261 1943 1305 et
1990 1252 2185 1320 ubique
2240 1261 2498 1305 terrarum
2558 1255 2806 1321 praeclara
2839 1252 3169 1324 Olympiadis
3208 1264 3355 1323 gesta
3388 1253 3483 1306 de-

1890 1344 2123 1405 cautari;
2158 1343 2277 1395 licet
2309 1344 2451 1396 enim
2482 1358 2587 1395 uno
2620 1345 2668 1396 in
2716 1344 2832 1397 loco
2865 1359 2950 1396 res
2979 1356 3096 1397 aeta
3130 1343 3284 1397 fuerit
3306 1385 3317 1407 ,
3362 1359 3476 1397 eam

1891 1441 2067 1486 tatneu
2128 1433 2193 1486 ad
2251 1435 2506 1487 terminos
2561 1433 2704 1488 orbis
2758 1437 3077 1503 pervasisse.
3124 1434 3293 1504 Ipsam
3350 1449 3485 1487 vero

1889 1527 2073 1580 merita
2132 1536 2183 1580 et
2247 1528 2444 1596 palmas
2494 1529 2760 1582 auctiores
2818 1528 3113 1581 reddidisse
3173 1544 3233 1581 ex
3293 1527 3478 1579 mode-

1887 1617 1985 1672 stia
2015 1633 2107 1670 sua
2139 1626 2191 1671 et
2218 1618 2375 1671 animi
2405 1618 2750 1673 demissione.
2777 1619 2967 1673 Narrat
2997 1620 3189 1673 deinde
3215 1618 3483 1687 quomodo

1889 1708 2056 1775 patria
2089 1709 2329 1778 expulsa,
2361 1711 2539 1774 domo,
2574 1712 2759 1764 amicis
2790 1720 2839 1765 et
2866 1712 3105 1780 Cognatis
3134 1713 3349 1770 relictis.
3380 1713 3479 1763 alia

1886 1801 2063 1866 gravia
2097 1810 2450 1869 exspectaret,
2480 1802 2569 1855 Dei
2596 1810 2771 1855 tamen
2796 1819 3007 1870 semper
3033 1804 3255 1872 gloriam
3292 1804 3483 1871 prti'di-

1886 1892 2107 1944 caverit.
2141 1891 2363 1945 Demum
2392 1892 2518 1947 dicit
2558 1893 2738 1963 pejore
2769 1895 2820 1948 in
2853 1894 3155 1948 conditione
3200 1909 3294 1949 eos
3328 1909 3478 1959 esse,

1886 1986 1973 2055 qui
2022 1994 2162 2039 tanta
2196 1988 2332 2040 mala
2366 1986 2600 2041 inferunt
2624 2028 2637 2049 ,
2672 2004 2827 2057 quam
2855 2003 2947 2043 eos
2978 1989 3063 2058 qui
3098 1990 3183 2041 illa
3212 2003 3331 2041 eum
3362 2004 3481 2056 gra-

1889 2077 2079 2130 tiarum
2126 2079 2335 2133 actione
2364 2080 2667 2149 patiuntur;
2704 2080 2811 2133 imo
2840 2095 2968 2136 vero
3001 2081 3049 2133 bi
3079 2080 3290 2133 coronis
3316 2079 3479 2133 desti-

1888 2178 2100 2230 nantur,
2130 2168 2337 2236 illisque
2367 2169 2625 2239 supplicia
2659 2181 2913 2238 parantur
2939 2190 2952 2225 :
2986 2170 3143 2240 idque
3171 2181 3479 2225 sanctorum

1886 2258 2131 2325 exemplo
2182 2258 2354 2326 palam
2405 2258 2584 2313 facere
2629 2260 2837 2329 satagit.
2871 2260 3012 2314 Inter
3055 2260 3190 2313 mala
3221 2260 3303 2313 illa
3332 2260 3479 2329 ponit

1884 2348 2205 2403 calumniam
2231 2391 2244 2411 ,
2289 2349 2355 2403 de
2384 2365 2485 2419 qua
2521 2350 2728 2404 beatam
2758 2350 3125 2421 Olympiadem
3154 2351 3218 2405 ad
3252 2351 3477 2405 tribunal

1884 2437 2165 2490 adductam
2200 2440 2589 2504 incursaverant,
2620 2439 2759 2509 quod
2795 2441 3037 2495 videlicet
3059 2441 3173 2509 ejus
3199 2454 3361 2510 opera
3388 2456 3482 2493 ec-

1882 2527 2041 2580 clesia
2071 2529 2283 2581 incensa
2319 2528 2519 2582 fuisset.

1958 2618 2221 2687 Olympias
2248 2618 2686 2689 Constantinopoli
2732 2620 2878 2689 pulsa
2930 2624 3043 2691 fuit.
3066 2651 3135 2661 -—
3154 2621 3285 2675 Hinc
3313 2621 3477 2691 liquet

1884 2710 2021 2763 hanc
2046 2710 2322 2777 epistolam
2348 2712 2605 2773 scriptam
2640 2711 2800 2764 luisSe
2825 2754 2838 2776 ,
2880 2723 3159 2780 postquam
3203 2711 3476 2782 Olympias

1880 2800 2339 2867 Coastantinopoli
2371 2800 2517 2868 pulsa
2548 2810 2600 2853 et
2628 2801 2677 2854 in
2708 2802 2951 2855 exsilium
2981 2802 3139 2856 missa
3169 2802 3356 2856 fuerat.
3379 2801 3478 2857 So-

1881 2906 2136 2944 zomenus
2183 2907 2311 2945 vero
2353 2891 2481 2945 dicit
2531 2890 2780 2963 (Sozam.
2814 2893 2849 2945 l.
2881 2894 2933 2947 8.
2993 2886 3037 2945 ε’.
3070 2893 3161 2965 24)
3218 2893 3469 2962 Optatum

1880 2980 2195 3034 Prmfeclum
2226 2982 2338 3034 auri
2371 2996 2574 3034 summa
2615 2982 2755 3035 illam
2791 2984 3157 3047 mulctavisse,
3200 2983 3480 3054 ipsamque

1882 3067 2343 3139 ConstantinOpoli
2378 3073 2557 3124 relicta
2590 3070 2838 3143 Cyzicum
2871 3074 3286 3142 commigrasse;
3318 3076 3466 3143 quasi

1882 3161 1965 3214 illa
1989 3170 2179 3228 sponte
2202 3176 2292 3213 sua
2319 3160 2811 3231 ConstantinOpulin
2838 3163 3124 3232 reliquerit.
3148 3163 3344 3217 Verum
3369 3164 3475 3217 [ille

1879 3250 2091 3319 dignior
2115 3249 2532 3322 Clnysostomus
2561 3262 2641 3305 est
2662 3294 2676 3316 ,
2708 3253 2795 3321 qni
2823 3252 2951 3307 dicit
2984 3253 3149 3321 ipsam
3178 3255 3385 3321 pulsam
3419 3265 3468 3307 et

1880 3344 1929 3397 in
1958 3343 2199 3397 exsilium
2236 3345 2447 3396 missam
2480 3343 2671 3406 fuisse,
2716 3344 2873 3414 idque
2920 3346 3112 3414 repetit
3156 3346 3205 3399 in
3248 3345 3468 3412 epistola

1877 3434 2081 3488 decima
2111 3442 2255 3503 sexta
2284 3452 2296 3487 :
2325 3434 2463 3500 Quid
2489 3436 2618 3489 enim
2649 3444 2749 3500 est,
2784 3434 2982 3506 inquit,
3013 3437 3211 3489 civitate
3244 3437 3392 3505 pelli,
3422 3450 3470 3490 et

1876 3541 1938 3577 ex
1980 3525 2093 3578 aliis
2142 3525 2262 3577 locis
2304 3526 2353 3577 in
2398 3526 2501 3579 alia
2544 3527 2752 3579 subinde
2795 3528 3047 3597 migrare,
3076 3538 3222 3596 atque
3253 3529 3472 3593 undique

1876 3616 2119 3684 exagitari
2151 3626 2196 3667 ct
2227 3616 2468 3685 proscribi
2490 3626 2534 3668 et
2565 3616 2632 3667 ad
2663 3616 2933 3669 tribunalia
2974 3618 3104 3669 trahi
3140 3627 3183 3669 et
3222 3634 3252 3669 a
3290 3617 3469 3670 militi-

1877 3706 1964 3759 bus
1994 3708 2205 3774 raptari,
2235 3718 2381 3776 atque
2409 3707 2469 3760 ab
2499 3710 2558 3760 iis
2579 3750 2591 3769 ,
2623 3710 2709 3776 qui
2740 3711 2983 3763 sexcentis
3012 3711 3263 3775 beneﬁciis
3303 3710 3471 3779 a/Tecu'

1876 3797 2095 3865 fuerant,
2128 3799 2381 3858 contraria
2413 3814 2542 3850 nitnc
2570 3800 2780 3867 perpeti,
2808 3817 2867 3850 ac
2893 3810 2995 3852 tum
3028 3818 3059 3851 a
3086 3802 3291 3871 famulis
3314 3844 3325 3865 ,
3361 3811 3468 3855 tum

1874 3903 1905 3939 a
1935 3886 2100 3939 librris
2126 3887 2313 3952 vexari,
2343 3904 2454 3940 cum
2481 3888 2659 3941 horum
2690 3890 2951 3957 prwmiunt
2984 3891 3159 3943 caelum
3188 3892 3272 3955 sit,
3306 3902 3349 3943 et
3374 3909 3470 3960 pu-

1875 3980 2077 4033 rissima
2104 3979 2194 4032 illa
2222 3980 2371 4047 bona,
2403 3997 2515 4049 qua:
2544 3997 2633 4034 nec
2656 3982 2815 4035 verbis
2841 3983 2956 4036 ullis
2987 3984 3229 4050 explicari
3256 3997 3464 4055 queunt,

1875 4088 1963 4124 nec
2008 4072 2161 4141 ﬁnem
2204 4074 2418 4139 habent,
2466 4090 2634 4125 verum
2684 4074 3016 4126 immortalem
3060 4074 3277 4143 fructum
3318 4084 3470 4144 atque

1875 4162 2250 4216 oblectationem
2291 4162 2551 4232 pra'bent?
2590 4162 2678 4217 Sic
2710 4164 2890 4233 paucis
2934 4164 3023 4217 ille
3064 4165 3240 4217 verbis
3286 4176 3467 4219 narrat

1875 4263 2070 4322 quanta
2101 4265 2153 4307 et
2182 4271 2337 4323 quam
2365 4254 2477 4307 dira
2509 4269 2661 4323 passa
2696 4256 2762 4307 sit
2790 4255 3059 4325 Olympias
3080 4297 3095 4321 ,
3126 4257 3285 4309 etiam
3318 4267 3465 4324 post-

1875 4359 2032 4415 quam
2059 4346 2519 4413 ConstantinOpoli
2568 4345 2713 4414 pulsa
2756 4344 2947 4398 fuerat.
2981 4344 3105 4399 [lare
3142 4344 3242 4399 sibi
3274 4359 3462 4407 succe-

1874 4435 2053 4490 dentia
2079 4436 2217 4489 mala
2243 4435 2609 4505 Olympiadem
2650 4436 2701 4489 in
2741 4435 3046 4489 inuestitiam
3077 4436 3420 4505 conjecerant
3446 4454 3459 4489 :

1875 4536 2199 4596 quapropter
2227 4526 2355 4580 nihil
2384 4542 2487 4579 non
2517 4527 2622 4596 agit
2651 4526 3087 4596 Chrysostomus,
3120 4536 3175 4579 ut
3203 4527 3345 4580 illaut
3370 4545 3463 4595 spe

1876 4616 2167 4669 futurorum
2193 4617 2474 4680 bonorum,
2498 4632 2615 4685 quae
2638 4614 2899 4684 ejusmodi
2922 4617 3190 4671 continuis
3210 4622 3466 4673 aerumnis

1874 4709 2095 4761 mirillce
2116 4707 2355 4777 augenda
2382 4717 2554 4771 erant,
2583 4706 2650 4760 ad
2671 4708 2848 4761 omnia
2872 4708 3155 4777 patienter,
3186 4710 3292 4764 imo
3321 4717 3467 4765 tran~

1875 4800 2033 4871 quille
2064 4799 2281 4854 ferenda
2312 4799 2544 4853 inducat.

1948 4890 2250 4955 Anthemio,
2286 4891 2373 4960 qui
2404 4889 2593 4944 consul
2624 4889 2728 4945 hoc
2751 4904 2891 4946 anno
2917 4890 3020 4946 405
3043 4892 3142 4945 elel
3160 4901 3245 4947 tus
3267 4889 3462 4955 fuerat,

1874 5000 1935 5039 ac
1964 4993 2218 5053 praeterea
2249 4983 2535 5038 Pr.rl'cctus
2573 4982 2814 5037 Przetorii
2852 4992 2997 5049 erat,
3039 4984 3319 5053 epistolam
3359 4984 3465 5040 H7

1875 5076 2079 5138 scribit,
2111 5090 2211 5143 qua
2243 5074 2339 5142 ipsi
2375 5082 2433 5126 ut
2464 5073 2636 5127 amico
2660 5072 2972 5143 gratulatur,
3005 5074 3171 5144 magis
3197 5075 3266 5129 ob
3293 5075 3462 5129 virtu-

1878 5180 2004 5231 tem,
2026 5181 2181 5233 quam
2200 5164 2269 5218 ob
2287 5179 2475 5217 novam
2498 5163 2831 5234 dignitatem.
2849 5165 3186 5233 Quapropter
3212 5165 3277 5221 iis
3301 5167 3464 5222 etiam

1873 5259 2187 5329 gratulatur,
2231 5258 2319 5327 qui
2364 5257 2557 5326 injuste
2602 5256 2957 5327 laedebautu‘r;
2992 5258 3273 5327 imperium
3318 5261 3463 5313 enim

1875 5352 1987 5419 ejus
2014 5364 2352 5402 communem
2382 5364 2567 5403 eorum
2596 5350 2686 5419 qui
2716 5348 2907 5418 injuria
2934 5348 3305 5404 aflicicbantur
3336 5365 3459 5418 por-

1877 5455 1982 5494 tum
2015 5441 2124 5494 fore
2152 5440 2390 5507 putabat.

1945 5531 2123 5585 Primo
2149 5546 2273 5585 vere
2298 5529 2720 5601 Chrysostomns
2757 5531 3110 5587 valetudinem
3151 5548 3286 5602 pene
3328 5534 3465 5589 inte»

1874 5640 2018 5693 gram
2053 5624 2403 5693 recuperavit.
2435 5622 2629 5677 Verum
2656 5623 2838 5685 Isauri,
2864 5625 2954 5693 qui
2975 5629 3205 5684 hiberno
3224 5641 3471 5699 tempore

1874 5716 1936 5769 ad
1969 5715 2081 5769 loca
2111 5729 2205 5769 sua
2229 5714 2451 5772 reversi.
2477 5714 2542 5769 ab
2571 5715 2971 5771 incursionibus
2998 5718 3340 5778 destiterant,
3375 5716 3455 5770 in-
