4276 6316
821 274 926 329 265

822 408 979 450 ottnte
1030 410 1173 460 vero,
1222 411 1313 466 per
1352 411 1539 452 omnes
1579 397 1688 450 vias
1707 394 1855 451 effusi
1886 405 2041 459 sunt;
2067 395 2134 447 ita
2159 394 2395 447 utetiam

821 488 1077 555 ingenuas
1101 498 1370 544 matronas
1398 498 1680 557 caperent,
1721 498 1776 543 et
1811 487 1951 543 viros
1971 529 1987 551 ,
2018 488 2103 556 qui
2135 487 2189 540 in
2213 500 2400 540 cormn

823 596 1011 637 manus
1066 581 1397 648 inciderant,
1452 580 1850 633 obtruncarent.
1890 580 2229 647 Quapmpter
2278 590 2399 629 cum

819 672 996 727 aditus
1037 688 1225 726 omnes
1264 670 1534 725 interclusi
1576 679 1789 735 essent,
1822 669 2099 724 Theodoto
2141 666 2399 732 diacono,

820 764 903 817 cui
932 764 1209 833 epistolam
1238 761 1336 817 140
1364 763 1583 825 scribit,
1612 770 1669 817 et
1696 776 1855 831 supra
1891 768 2179 814 memorata
2211 774 2402 813 recen-

820 865 921 920 set,
952 866 1009 908 ut
1034 854 1132 909 sibi
1162 854 1396 923 ignoscat
1423 855 1571 923 petit,
1602 851 1741 923 quod
1773 866 1834 908 ea
1865 852 1931 907 de
1959 866 2117 905 causa
2155 865 2259 903 non
2290 849 2399 903 fre-

822 955 1046 1014 quenter
1089 945 1165 1000 illi
1215 946 1507 1015 scripserit.
1565 946 1695 999 Cum
1743 957 1870 998 vero
1915 944 2077 996 sciret
2132 940 2275 995 illmn
2332 939 2400 994 de

822 1037 1121 1092 valetudine
1164 1052 1256 1091 sua
1302 1038 1583 1092 certiorem
1634 1036 1747 1092 fieri
1794 1050 2019 1104 cupere,
2058 1034 2186 1088 dicit
2227 1033 2303 1087 illi
2343 1049 2401 1088 se

820 1129 1092 1197 superiore
1119 1128 1308 1200 hyeme
1335 1128 1478 1199 gravi
1521 1128 1707 1182 morbo
1734 1135 2019 1196 :egrotasse
2040 1166 2054 1191 ,
2102 1138 2241 1177 nunc
2274 1139 2401 1176 vero

821 1222 1087 1289 paululmn
1121 1233 1419 1277 recreatum
1451 1237 1603 1285 esse;
1633 1220 1726 1275 sed
1756 1236 1818 1274 ex
1861 1220 2000 1274 aeris
2045 1219 2399 1273 inconstantia

821 1303 969 1367 tatnc‘
1002 1328 1214 1383 quoque
1261 1313 1586 1383 perturbari,
1615 1312 1881 1380 etiamque
1912 1319 2038 1365 tunc
2062 1309 2239 1363 denuo
2268 1307 2400 1378 hye-

821 1418 959 1455 mem
988 1404 1200 1471 vigere;
1233 1417 1449 1470 sperare
1480 1410 1679 1468 tamen,
1707 1415 1827 1456 cum
1858 1408 2016 1453 uastas
2041 1398 2315 1458 effulserit,
2342 1412 2401 1452 se

820 1492 988 1546 morbi
1018 1492 1270 1562 reliquias
1294 1493 1658 1561 depositurum
1679 1506 1818 1546 esse.
1849 1490 2008 1545 Addit
2032 1502 2227 1558 corpus
2244 1503 2399 1542 suum

820 1586 961 1639 nulla
991 1600 1051 1639 re
1080 1600 1232 1653 atque
1263 1584 1593 1649 labefactari,
1626 1595 1682 1638 ut
1709 1583 1926 1653 frigore,
1957 1594 2056 1636 nec
2081 1594 2266 1635 rursus
2294 1578 2400 1633 ulla

820 1689 877 1728 re
902 1690 1051 1744 atque
1074 1674 1269 1744 jnvari,
1299 1684 1355 1729 ut
1388 1682 1572 1731 aestate
1600 1682 1656 1729 et
1681 1673 1879 1729 caloris
1904 1672 2115 1727 solatio.

889 1765 1114 1831 Eodem,
1143 1778 1201 1820 ut
1224 1775 1455 1835 putatur,
1483 1780 1624 1819 anno
1659 1766 1862 1819 testatis
1890 1771 2131 1833 tempore
2153 1760 2401 1816 Theodo-

818 1866 902 1910 tus
924 1856 1177 1917 diaconus
1197 1855 1636 1927 Cbrysostomum
1661 1856 1927 1911 invisurus
1940 1854 2206 1910 Cucusum
2222 1855 2396 1908 venit:

815 1963 878 2001 ac
926 1956 1046 2016 post
1086 1946 1377 2003 discessum
1427 1947 1549 2001 inde
1592 1962 1771 2013 suum,
1817 1963 1974 2017 quem
2015 1945 2242 2001 moleste
2283 1944 2402 1999 tulit

816 2039 1049 2094 Joannes
1075 2048 1281 2104 noster,
1312 2040 1404 2094 diu
1433 2039 1600 2094 tacuit
1639 2039 1759 2103 ille,
1794 2053 1893 2093 nec
1918 2036 2303 2109 Cltrysostomo
2333 2037 2401 2091 li-

818 2141 962 2185 teras
994 2131 1158 2185 misit.
1192 2131 1305 2198 Qua
1336 2130 1403 2185 de
1431 2146 1590 2186 causa
1623 2131 1715 2185 ille
1741 2129 2019 2200 epistolam
2055 2129 2124 2185 59
2153 2128 2397 2197 scripsit,

812 2238 914 2292 qua
937 2232 1138 2285 tantum
1166 2223 1281 2292 ejus
1311 2223 1581 2277 silentium
1605 2222 1777 2275 amico
1808 2221 1987 2274 animo
2011 2220 2204 2288 carpit,
2228 2233 2400 2287 neque

814 2327 971 2381 posse
1015 2314 1160 2367 illum
1202 2313 1282 2367 sui
1321 2313 1607 2367 excusandi
1652 2326 1811 2368 causa
1853 2311 2154 2365 Isaurorum
2198 2319 2397 2364 metum

813 2406 1105 2460 obtendere
1131 2448 1143 2471 ,
1176 2406 1602 2475 quandoquidem
1632 2404 1781 2458 multi
1815 2413 1989 2469 erant,
2018 2402 2108 2471 qui
2142 2412 2265 2471 post
2291 2401 2399 2454 dis-

813 2512 1023 2551 cessum
1053 2497 1169 2566 ejus
1195 2497 1459 2552 Cucusum
1490 2504 1769 2552 venerant.

882 2587 1176 2657 Epistulam
1213 2589 1313 2644 l38
1352 2590 1417 2641 ad
1464 2588 1752 2657 Elpidium,
1783 2587 2092 2655 episcopum
2137 2584 2397 2639 Laodice-

813 2697 962 2745 num,
991 2682 1178 2735 eodeni
1205 2681 1421 2735 circiter
1445 2689 1684 2750 tempore
1710 2678 1987 2747 scripsisse
2015 2677 2245 2731 videtur.
2273 2676 2399 2729 Erat

813 2773 900 2826 ille
928 2774 1168 2827 sincerus
1209 2772 1411 2826 amicus
1435 2812 1447 2831 .
1481 2780 1535 2824 et
1570 2779 1746 2824 tamen
1778 2784 1835 2823 se
1865 2784 1985 2822 raro
2018 2768 2090 2820 illi
2119 2767 2397 2836 scripsisse

813 2866 1005 2918 fatetur
1036 2883 1045 2918 :
1078 2880 1263 2918 verum
1293 2872 1347 2917 et
1374 2862 1497 2916 anni
1529 2869 1815 2931 tempestas
1842 2869 1894 2913 ct
1919 2857 2153 2913 solitudo
2185 2857 2307 2918 loci,
2344 2856 2393 2910 in

809 2973 914 3026 quo
960 2959 1156 3012 arctius
1200 2973 1354 3025 quam
1400 2956 1451 3010 in
1494 2970 1707 3010 carcere
1749 2956 1981 3008 inclusus
2012 2953 2311 3015 tenebatur,
2342 2961 2397 3005 et

809 3065 992 3103 enrunt
1024 3065 1109 3118 qnt
1142 3064 1198 3101 se
1225 3048 1432 3103 adirent
1478 3048 1828 3117 infrequentia
1850 3089 1863 3110 ,
1905 3063 2039 3118 quos
2068 3060 2242 3104 tamen
2286 3067 2317 3104 ιι
2343 3068 2391 3105 ιη

810 3154 995 3194 omnes
1024 3141 1123 3194 sibi
1154 3140 1287 3194 fidos
1312 3156 1430 3194 esse
1460 3139 1708 3208 putabat,
1759 3153 1823 3194 ac
1860 3138 2093 3210 denique
2135 3141 2354 3196 morbus
2375 3183 2391 3208 ,

810 3230 897 3297 qui
941 3229 1086 3283 illum
1134 3246 1227 3299 per
1273 3239 1435 3283 totam
1481 3228 1590 3284 fere
1632 3229 1877 3301 hyemem
1928 3230 2065 3283 lecto
2106 3231 2389 3286 aflixerat:

810 3324 924 3376 hch
954 3322 1151 3385 omnia,
1184 3323 1385 3392 inquit,
1416 3337 1473 3376 se
1500 3339 1566 3376 ne
1594 3323 1770 3392 plures
1799 3323 2058 3379 scriberet
2088 3324 2270 3380 literas
2296 3344 2392 3381 eo-

811 3414 1108 3477 liibnemnt,
1133 3428 1293 3482 seque
1326 3426 1498 3468 tanten
1524 3414 1952 3483 frequentissime
1976 3415 2123 3471 illum
2143 3428 2201 3472 ut
2228 3418 2390 3474 fidunt

812 3505 1038 3557 amicum
1061 3504 1111 3556 in
1140 3506 1318 3556 animo
1344 3520 1579 3558 versare.

886 3594 1078 3649 Eadem
1108 3595 1319 3647 circiter
1349 3604 1661 3663 tempestate
1687 3595 1932 3651 Anatolio
1959 3600 2171 3667 scripsit
2193 3600 2392 3669 cpisto-

813 3686 913 3737 lam
949 3684 1073 3740 205.
1102 3684 1225 3739 Erat
1258 3684 1343 3739 ille
1374 3686 1648 3739 Anatolius
1691 3688 1982 3752 rparrhicus
2007 3731 2019 3749 ,
2068 3689 2117 3743 id
2168 3701 2247 3744 est
2271 3732 2287 3755 ,
2335 3701 2392 3745 ut

812 3789 958 3849 puto,
991 3777 1373 3848 Exprtcfectus;
1406 3778 1491 3849 qui
1522 3781 2067 3849 postquam-Joannes
2112 3794 2295 3838 noster
2338 3786 2387 3839 in

810 3868 1055 3922 exsilium
1084 3870 1270 3937 pulsus
1292 3868 1479 3933 fuerat,
1514 3871 1673 3924 multi
1709 3872 1757 3923 in
1787 3873 1901 3941 cjns
1926 3876 2148 3941 gratiam
2185 3875 2392 3929 dixerat

813 3964 1132 4033 feceratque.
1162 3962 1245 4015 Ait
1277 3977 1403 4016 vero
1432 3981 1511 4027 se,
1538 3980 1604 4018 ne
1633 3964 1729 4032 ipsi
1761 3964 2051 4030 scriberet,
2083 3954 2235 4034 longa
2265 3982 2389 4019 cor-

812 4054 953 4121 poris
970 4053 1277 4121 atgt-itttdinc
1299 4054 1568 4108 detentum
1593 4054 1773 4115 fuisse,
1793 4055 1859 4109 ab
1880 4054 2077 4124 illoque
2100 4056 2229 4125 petit
2246 4065 2300 4108 ut
2321 4057 2389 4110 de

810 4159 902 4197 sua
933 4159 1253 4213 suorumque
1285 4145 1583 4199 valetudine
1610 4162 1667 4200 se
1699 4146 1866 4199 literis
1892 4147 2174 4199 certiorem
2210 4148 2385 4200 faciat.

876 4234 1256 4303 Cltrysostonms
1283 4236 1601 4289 Antiocltcnis
1630 4238 1819 4289 scribit.
1840 4238 2058 4290 --Cum
2096 4238 2383 4292 Antioche-

810 4329 889 4379 nis
940 4326 1166 4379 maxime
1214 4326 1480 4379 literarum
1530 4342 1745 4395 semper
1790 4331 2113 4382 consortium
2170 4329 2383 4394 habuit,

810 4428 863 4471 et
909 4432 1025 4469 cum
1067 4414 1222 4470 Clero
1263 4418 1496 4485 ejusdem
1541 4418 1784 4472 civitatis.
1833 4418 1995 4473 Erant
2043 4430 2219 4475 autem
2271 4422 2387 4477 istic

808 4517 1032 4575 quatuor
1080 4506 1370 4576 presbyteri
1418 4508 1519 4560 sibi
1568 4504 1911 4562 addictissimi
1952 4520 2110 4579 atque
2154 4512 2384 4567 amicitia

808 4607 984 4650 mutua
1016 4598 1455 4666 conjunctissimi,
1489 4616 1678 4668 nempe
1708 4601 1922 4665 (Iastus,
1958 4602 2192 4657 Valerius
2214 4647 2228 4671 ,
2261 4605 2384 4658 Dio-

809 4688 1032 4757 phantns
1078 4698 1130 4743 et
1172 4689 1462 4760 Cyriacus:
1496 4691 1578 4744 his
1608 4707 1732 4747 vero
1762 4692 1861 4747 hoc
1887 4695 2099 4749 circiter
2146 4706 2386 4766 tempore

805 4780 1082 4849 epistolam
1118 4782 1329 4850 scripsit
1360 4782 1478 4838 150.
1504 4783 1721 4838 Orditur
1749 4794 1923 4841 autem
1953 4786 2156 4850 dicens,
2188 4791 2382 4844 carita-

812 4874 873 4928 tis
903 4870 1109 4926 vincula
1136 4873 1397 4927 creditore
1435 4876 1621 4942 quovis
1654 4874 2053 4931 vehementiora
2092 4893 2229 4933 esse.
2255 4880 2384 4934 (ire-

803 4965 942 5018 ditor
983 4966 1122 5019 enim
1169 4976 1442 5035 postquam
1490 4965 1693 5020 debitas
1730 4967 1827 5021 sibi
1871 4969 2121 5037 pecunias
2162 4971 2380 5040 recepit,

806 5054 932 5108 nihil
965 5056 1099 5109 ultra
1133 5056 1502 5125 requirendum
1536 5056 1768 5122 habere,
1796 5060 1888 5113 sed
1927 5060 2099 5114 debita
2146 5061 2383 5115 caritatis

802 5157 1079 5217 postquam
1124 5147 1293 5200 Sttltlltl
1343 5157 1496 5213 sunt,
1536 5148 1721 5203 eadem
1753 5166 2001 5217 manere,
2037 5154 2142 5206 imo
2170 5169 2382 5221 semper

800 5254 1124 5293 accrescere.
1158 5240 1289 5305 Quia
1318 5256 1445 5294 vero
1476 5241 1547 5294 illi
1577 5240 1641 5295 de
1669 5241 1830 5311 ipsius
1857 5244 2158 5299 valetudine
2181 5246 2381 5298 certio-

801 5348 883 5386 res
907 5332 1015 5387 fieri
1047 5334 1420 5403 peroptabant,
1445 5334 1515 5387 ait
1538 5335 1625 5388 ille
1646 5350 1703 5390 se
1730 5336 1988 5391 stomachi
2018 5338 2379 5393 imbecillitate

798 5424 1075 5479 liberatum
1103 5441 1252 5491 esse,
1286 5438 1444 5497 atque
1475 5428 1680 5490 valere,
1712 5443 1811 5482 nec
1834 5428 2130 5493 obsidione,
2170 5445 2268 5485 nec
2304 5431 2379 5484 la-

802 5526 1011 5569 tromun
1043 5518 1450 5581 incursionibus,
1479 5534 1577 5572 nec
1607 5518 1707 5572 loci
1734 5519 2036 5584 solitudine,
2065 5536 2163 5575 nec
2182 5520 2374 5575 adver-

799 5606 873 5660 sis
897 5608 1107 5663 casibus
1134 5608 1436 5663 cunturbari
1458 5651 1472 5673 ,
1501 5609 1593 5664 sed
1622 5610 1730 5664 otio
1750 5652 1763 5671 ,
1796 5614 2077 5668 securitate
2107 5629 2169 5669 ac
2199 5601 2376 5684 quiete

799 5700 927 5766 frui,
954 5714 1016 5755 ac
1040 5700 1269 5772 singulis
1291 5702 1477 5758 dit-bus
1501 5705 1567 5761 de
1594 5703 1802 5760 illorum
1831 5716 1969 5762 statu
1996 5696 2175 5763 cuiam
2210 5708 2372 5763 habe~

1885 279 1940 330 Β.
1980 274 2258 331 ,ΙΟΑΝΜΞ
2286 271 2754 330 CHRYSOSTOMI
2797 275 2972 343 \'Il'.-\,

3996 287 4098 343 ΞΗ

2515 407 2589 449 re.
2621 407 2683 446 ac
2710 409 2830 446 cum
2862 396 2924 447 iis
2948 396 3035 464 qui
3069 398 3389 452 accedebant
3429 400 3493 453 de
3532 399 3691 455 rebus
3718 401 3781 455 ad
3811 404 3952 471 ipsos
3977 420 4097 473 spe-

2510 483 2775 537 ctautibus
2797 485 3060 553 colloquia
3088 486 3332 543 nascere.

2580 573 2706 628 Hmc
2732 575 2955 644 epistula
2984 577 3102 631 aliis
3133 578 3527 649 circunqiositis
3549 581 3757 652 longior
3776 593 3875 637 est.
3901 584 4095 639 Verum

2508 665 2665 720 aliam
2685 666 2821 721 hanc
2837 667 3132 737 longiorem
3155 668 3282 738 ipsis
3302 671 3466 735 misit,
3492 672 3579 727 ubi
3606 674 3771 727 multa
3793 685 4007 728 enarrat
4026 676 4095 728 de

2511 758 2859 812 tentationum
2890 769 2942 815 et
2965 758 3349 817 adversitatum
3378 763 3549 818 fructu
3576 782 3589 816 :
3619 767 3693 819 ait
3721 782 3848 821 vero
3868 782 3947 829 se,
3972 767 4097 821 licet

2509 846 2746 915 epistola:
2777 848 2973 905 limites
3016 853 3311 907 exmssisse
3354 853 3616 916 videatur,
3659 869 3877 926 sperare
3916 867 4095 909 tamen

2511 938 2653 1006 ipsos
2680 940 2903 995 vinculis
2926 942 3123 996 amoris
3146 943 3452 1009 obstrictos,
3482 944 3779 1000 breviorem
3811 947 3951 1000 illam
3976 963 4094 1002 ess:

2510 1036 2781 1094 putaturos
2812 1044 2951 1083 esse.
2980 1029 3087 1085 Res
3112 1046 3178 1086 ex
3200 1042 3323 1087 voto
3342 1032 3727 1104 Cbrysostomo
3746 1037 3907 1090 cessit
3933 1054 3947 1088 :
3980 1037 4097 1089 lon-

2506 1132 2625 1186 gam
2658 1119 2796 1173 enim
2840 1120 2981 1173 illam
3009 1123 3289 1190 epistolam
3321 1124 3537 1179 brevem
3582 1125 3681 1179 sibi
3722 1126 3887 1180 visam
3932 1127 4099 1181 fuisse

2508 1211 2787 1275 dixerunt,
2820 1222 2875 1266 ut
2898 1213 2949 1266 in
2979 1215 3201 1281 epistola
3243 1214 3314 1268 22
3349 1215 3415 1269 ad
3461 1218 3605 1282 ipsos
3632 1218 3794 1271 missa
3828 1226 4092 1271 narratur.

2509 1300 2581 1354 Ea
2608 1303 2750 1357 enim
2781 1314 2865 1357 est
2892 1304 2971 1358 vis
2998 1305 3264 1371 caritatis,
3305 1306 3474 1375 inquit
3503 1307 3591 1361 ille
3610 1348 3624 1372 ,
3659 1322 3776 1376 qua:
3802 1322 4094 1376 numquam

2505 1392 2706 1461 expleri
2738 1394 2926 1462 possit,
2956 1395 3026 1449 ita
3057 1406 3111 1450 ut
3138 1396 3181 1450 si
3211 1396 3440 1467 decuplo
3464 1397 3673 1468 longior
3701 1397 3927 1467 epistola
3956 1396 4095 1452 fuis—

2506 1496 2585 1540 set
2610 1528 2623 1551 ,
2649 1487 2827 1541 brevis
2857 1495 3032 1543 tamen
3060 1489 3171 1543 visa
3203 1487 3390 1543 fuisset
3419 1491 3740 1544 amantibus.
3766 1490 3888 1543 [huc
3913 1500 4095 1545 autem

2507 1576 2597 1631 ille
2640 1578 2880 1648 pluribus
2912 1580 3273 1648 persequitur.
3304 1580 3569 1648 Quoniam
3613 1596 3740 1635 vero
3766 1581 3864 1649 ipsi
3896 1578 4099 1634 hortati

2508 1669 2650 1723 illum
2680 1670 2888 1725 fuerant
2935 1680 2997 1727 ut
3042 1672 3318 1735 Romano,
3362 1673 3674 1744 presbytero
3720 1673 4097 1738 Antiocheno,

2506 1760 2855 1815 sanctimonia
2885 1770 2938 1817 et
2964 1776 3172 1831 morum
3203 1762 3464 1817 suavitate
3503 1762 3690 1833 insigni
3713 1805 3726 1826 ,
3757 1762 3939 1818 literas
3964 1764 4098 1817 mit-

2507 1859 2643 1905 teret
2666 1868 2678 1904 :
2704 1867 2909 1907 morem
2932 1852 3062 1923 ipsis
3076 1868 3286 1923 gerens,
3307 1855 3586 1924 epistolam
3610 1855 3681 1908 25
3698 1854 3763 1908 ad
3788 1854 4096 1909 Romanum

2507 1946 2877 2017 presbyterum
2910 1946 3083 2009 misit,
3112 1960 3270 2016 quem
3314 1956 3371 2000 ut
3407 1947 3644 2001 caritatis
3675 1947 3788 2015 lege
3818 1946 3916 2000 sibi
3948 1962 4097 2001 sem-

2507 2054 2603 2107 per
2628 2037 2943 2092 adstrictum
2974 2037 3149 2092 laudat
3180 2052 3213 2093 a
3241 2054 3449 2092 morum
3474 2039 3787 2108 virtutisque
3806 2039 4098 2107 suavitate,

2506 2142 2609 2197 qua
2640 2142 2825 2182 omnes
2852 2128 2941 2198 qui
2973 2127 3039 2182 ad
3070 2128 3242 2197 ipsum
3286 2128 3613 2183 accedebant
3652 2143 3779 2184 suos
3820 2128 4095 2185 redderet.

2507 2219 2677 2287 Rogat
2698 2229 2874 2273 autem
2905 2220 3085 2273 literas
3107 2219 3206 2282 sibi
3231 2221 3425 2283 mittat,
3452 2228 3507 2275 et
3535 2234 3593 2274 se
3625 2234 3841 2289 precum
3868 2234 4095 2274 suarum

2503 2308 2740 2362 subsidio
2760 2308 2928 2377 jnvet.
2957 2308 3229 2364 Romanus
3252 2325 3378 2364 vero
3405 2310 3503 2363 hac
3524 2309 3744 2378 epistola
3768 2313 4093 2377 concitatus,

2505 2416 2609 2454 non
2638 2400 2796 2454 modo
2822 2400 3015 2455 Joanni
3044 2402 3351 2472 rescripsit,
3383 2403 3477 2456 sed
3516 2403 3674 2456 etiam
3712 2402 3762 2455 id
3790 2401 4004 2469 effecit,
4038 2414 4095 2458 ut

2503 2493 2739 2546 caritatis
2788 2503 2839 2547 et
2889 2494 3275 2548 benevolentia:
3324 2509 3446 2563 erga
3492 2484 3931 2565 Cltrysostomum
3982 2511 4096 2549 sua:

2506 2584 2642 2636 fama
2677 2598 2780 2636 non
2820 2583 2871 2637 in
2901 2586 3207 2638 Armeniam
3251 2594 3456 2638 tantum
3477 2626 3491 2648 ,
3526 2584 3619 2638 sed
3646 2594 3698 2637 et
3729 2584 3781 2637 in
3806 2583 4095 2653 Cappado-

2502 2676 2659 2739 ciam,
2686 2676 2861 2743 qzmris
2887 2676 3002 2728 tuba
3030 2674 3329 2729 luculentius
3359 2676 3690 2745 pervaderet.
3719 2675 3969 2729 llormtnr
3994 2690 4094 2728 au-

2505 2774 2608 2821 tem
2627 2767 2772 2819 illum
2793 2766 2931 2821 utde
2959 2766 3262 2822 valetudine
3288 2782 3382 2822 sua
3416 2768 3516 2822 sibi
3550 2767 3875 2838 frequentius
3906 2767 4096 2822 literas

2502 2858 2695 2922 mittat,
2727 2865 2779 2911 et
2816 2857 2868 2910 in
2900 2857 3145 2926 precibus
3173 2858 3254 2913 sui
3280 2860 3591 2914 memoriam
3621 2874 3725 2913 non
3749 2859 4092 2913 intermittat.

2500 2948 2671 3003 Aliam
2696 2962 2909 3016 quoque
2931 2947 3210 3017 epistolam
3235 2948 3343 3002 222
3364 2950 3508 3004 misit
3530 2950 3713 3004 iisdem
3739 2949 4093 3020 presbyteris,

2497 3037 2660 3093 Casto
2685 3080 2699 3103 ,
2734 3039 2945 3094 Valerio
2965 3080 2979 3104 ,
3030 3040 3327 3109 Diophanto
3350 3049 3402 3095 et
3424 3038 3677 3111 (Syriaco,
3707 3041 3794 3110 qui
3826 3040 4002 3109 ipsum
4036 3050 4097 3095 ut

2500 3130 2702 3199 prolixa
2732 3130 2831 3185 sibi
2860 3130 3084 3199 epistola
3116 3131 3466 3199 responderet
3496 3134 3692 3200 precati
3720 3131 3941 3185 fuerant.
3970 3130 4096 3185 blu-

2502 3228 2592 3273 tuo
2616 3230 2792 3273 autem
2817 3221 2937 3274 illos
2958 3221 3156 3275 amoris
3173 3221 3384 3275 vinculo
3405 3222 3723 3276 constrictos
3742 3221 4095 3291 depraedicat,

2500 3323 2790 3382 optareque
2817 3327 2875 3367 se
2895 3313 3025 3367 dicit
3050 3322 3108 3368 ut
3127 3326 3415 3383 congressu
3441 3312 3540 3367 frui
3562 3314 3739 3379 liceat,
3762 3314 3854 3367 sed
3881 3314 4009 3382 quia
4042 3314 4097 3368 id

2497 3420 2714 3473 sperare
2746 3421 2848 3457 non
2888 3414 3115 3472 poterat,
3146 3403 3413 3473 ingentem
3458 3404 3643 3458 saltem
3678 3402 3949 3458 literarum
4000 3419 4098 3459 co-

2498 3496 2636 3564 piam
2664 3494 2729 3548 ad
2754 3510 2815 3552 se
2846 3495 3077 3548 tnittant.

2570 3587 2805 3654 Epistula
2832 3586 2901 3641 93
2928 3587 3122 3654 scripta
3143 3584 3586 3654 fuit'Aphthonio,
3607 3584 3899 3646 Theodoto,
3925 3581 4099 3638 Clm~

2495 3695 2604 3734 re.e
2646 3680 2971 3751 presbyteris
3014 3688 3069 3734 et
3116 3678 3429 3741 monachis,
3473 3678 3695 3747 aliisque
3742 3678 3792 3729 in
3836 3675 4097 3730 sodalitio

2495 3771 2797 3842 Zeugmatis
2826 3769 3159 3824 versantibus
3186 3788 3197 3821 :
3222 3784 3515 3837 eorumque
3538 3770 3781 3837 precibus
3802 3781 3923 3821 sese
3941 3781 4097 3821 com-

2497 3864 2731 3927 tnendat,
2767 3864 2959 3931 utqui,
2986 3877 3105 3915 cmn
3140 3859 3337 3913 mundo
3366 3859 3743 3913 vale-dixissent
3784 3868 3836 3912 et
3872 3857 3987 3926 jam
4038 3860 4095 3913 in

2498 3956 2780 4025 tranquillo
2812 3962 2965 4023 portu
2994 3962 3356 4017 versarentur,
3392 3960 3574 4005 noctes
3625 3952 3675 4004 itt
3722 3950 3834 4004 dics
3863 3950 3926 4015 ad
3962 3967 4096 4018 pre-

2495 4048 2722 4102 candum
2753 4045 3194 4101 commutaverint
3220 4061 3233 4106 ;
3266 4043 3585 4111 insnperque
3609 4051 3661 4094 nt
3689 4041 3754 4095 de
3778 4041 4093 4097 valetudine

2496 4158 2587 4194 sua
2618 4154 2676 4194 se
2709 4139 2874 4193 literis
2915 4138 3197 4191 certiorem
3231 4135 3429 4189 faciant
3469 4144 3707 4203 exoptat.
3738 4132 3930 4186 Eadem
3972 4133 4095 4187 fere

2496 4234 2605 4302 ipsa
2634 4232 2827 4302 repetit
2857 4231 2907 4284 in
2937 4230 3162 4299 epistola
3186 4228 3253 4282 70
3274 4228 3341 4281 ad
3368 4226 3584 4280 eosdem
3624 4229 3782 4279 missa
3814 4242 3826 4278 :
3852 4226 3902 4278 in
3929 4226 4093 4294 cujus

2496 4327 2599 4379 line
2628 4325 2752 4379 dicit
2778 4365 2788 4386 ,
2821 4339 2878 4378 se
2905 4321 3122 4393 quidem
3165 4330 3349 4375 exacta
3381 4319 3557 4372 hieme
3602 4328 3655 4372 et
3684 4327 3869 4371 exorto
3897 4332 4029 4372 vere
4058 4334 4090 4371 a

2491 4420 2635 4488 gravi
2681 4416 2869 4472 morbo
2915 4415 3196 4469 liberatum
3249 4412 3447 4479 fuisse,
3488 4411 3583 4466 sed
3635 4411 3798 4480 ipsius
3830 4410 4092 4478 reliquias

2498 4512 2673 4565 adhuc
2728 4508 3096 4570 circumferre,
3151 4521 3284 4576 quas
3337 4505 3595 4573 augebant
3649 4502 3807 4558 etiam
3866 4503 4123 4556 Isaurici

2494 4602 2988 4670 tumultus:quare
3051 4599 3104 4652 in
3169 4612 3522 4650 :rrumnarum
3590 4594 3835 4648 solatium
3901 4594 4093 4649 literas

2492 4695 2592 4749 sibi
2626 4692 2929 4762 frequenter
2957 4691 3170 4745 mittant
3211 4697 3445 4757 exoptat.
3476 4687 3586 4743 Sub
3623 4687 3733 4739 hazc
3764 4687 3945 4739 literas
3976 4686 4087 4755 ipsi

2492 4786 2750 4839 miserunt
2778 4783 3114 4845 Theodorus,
3147 4781 3396 4836 Nicolans
3424 4790 3473 4834 ct
3500 4778 3748 4834 Clum-eas
3771 4821 3785 4842 ,
3816 4778 3969 4846 queis
4005 4789 4091 4833 te-

2490 4881 2856 4936 stificabantnr
2884 4894 2941 4932 se
2971 4878 3235 4931 Cucusum
3281 4876 3446 4946 ipsius
3475 4872 3675 4927 visendi
3708 4887 3864 4925 causa
3892 4884 4093 4928 ventu-

2492 4990 2578 5027 rus
2610 4973 2809 5035 fuisse,
2854 4970 2952 5023 nisi
2989 4969 3289 5023 Isaurorum
3325 4967 3661 5020 incursiones
3693 4963 4091 5032 impedimento

2489 5064 2587 5117 sibi
2642 5063 2884 5115 fuissent.
2928 5060 3021 5114 llis
3067 5057 3341 5128 respondit
3392 5054 3807 5128 Cltrysostomus
3854 5056 4089 5123 cpistola

2490 5154 2626 5219 146,
2660 5168 2719 5206 se
2747 5162 2920 5206 tamen
2952 5152 3095 5220 ipsos
3135 5165 3196 5204 ex
3240 5148 3427 5203 affectu
3472 5149 3559 5202 tali
3592 5146 3740 5216 quasi
3786 5160 4092 5214 prtesentcs

2487 5264 2700 5318 semper
2731 5247 2949 5311 habere,
2982 5260 3080 5299 nec
3105 5243 3350 5299 dubitare
3386 5260 3443 5297 se
3473 5242 3598 5311 quin
3640 5239 3928 5310 aliquando
3967 5257 4077 5294 mu-

2488 5348 2591 5394 tata
2641 5356 2820 5394 rerum
2862 5338 3166 5393 conditione
3206 5336 3272 5392 ad
3300 5354 3358 5392 se
3396 5338 3629 5391 veniant.
3666 5336 3735 5389 Se
3778 5344 3959 5387 autem
4014 5338 4095 5387 ait

2487 5432 2666 5501 quiete
2693 5439 2747 5485 et
2772 5430 2879 5484 otio
2911 5428 3045 5497 frui,
3073 5444 3378 5499 corpusque
3402 5444 3554 5482 suum
3581 5427 3705 5482 licet
3732 5440 3837 5479 non
3872 5426 4091 5495 integra

2487 5524 2791 5577 valetudine
2819 5524 3043 5590 fruatur,
3075 5533 3158 5577 sat
3186 5520 3551 5577 commode'se
3584 5518 3782 5573 habere
3802 5558 3817 5580 .
3852 5527 3903 5571 et
3934 5518 4085 5572 lsau-

2485 5634 2665 5673 rorum
2693 5617 3023 5672 incursiones
3049 5616 3334 5671 valetudini
3365 5631 3472 5669 sum
3494 5612 3727 5667 of‘liccre.

2558 5712 2945 5776 Chrysostomtts
2969 5715 3031 5768 de
3058 5713 3415 5784 propagatione
3433 5715 3555 5782 ﬁdei
3570 5728 3768 5778 semper
3785 5713 4075 5767 sollicitus.
