4276 6316
206 396 315 451 Ξιῖὶ

207 506 597 578 --Nnmquam
640 523 921 574 mrumnre,
968 510 1137 565 morbi
1183 510 1366 565 aliisve
1409 509 1796 565 sollicitudines

207 596 471 651 Joannem
515 608 755 655 nostrum
800 609 1108 655 averterunt
1144 614 1174 654 a
1218 599 1579 655 sollicitudine
1608 614 1797 669 propa-

205 687 399 755 gandte
440 688 584 742 ﬁdei.
618 689 734 743 Jam
766 690 993 744 vidimus
1026 690 1217 760 ipsum,
1247 703 1350 759 qua
1377 689 1464 743 die
1502 688 1672 744 exsilii
1713 687 1798 742 ιο.

207 793 337 831 cum
366 784 553 845 petens
577 776 807 832 Nicaeam
849 779 1120 848 pergebat,
1168 778 1447 849 scripsisse
1487 777 1798 832 Constantio

210 872 545 939 presbytero,
579 878 637 922 ut
660 885 727 923 ne
752 886 816 923 ex
840 880 1100 939 prmsente
1128 877 1440 939 tempestate
1460 876 1798 923 amoveretur

206 957 281 1010 ab
322 956 500 1012 oiiieio
528 967 582 1013 et
606 974 637 1011 a
664 974 722 1011 re
752 969 1021 1028 suscepta,
1048 959 1142 1014 sed
1171 974 1267 1029 pro
1292 973 1442 1012 more
1466 972 1564 1011 suo
1587 958 1796 1027 eos,qui

206 1046 388 1101 adhuc
417 1046 724 1103 Graecorum
752 1051 1134 1119 superstitioni,
1164 1064 1259 1103 seu
1300 1048 1609 1103 idololatria:
1635 1048 1796 1102 dediti

206 1134 386 1199 erant.
413 1139 479 1193 ad
510 1139 863 1195 Christianam
898 1140 1053 1195 ﬁdem
1089 1148 1402 1194 convertere
1444 1148 1707 1208 pergeret,
1745 1146 1800 1192 et

208 1229 431 1298 impiam
477 1231 786 1300 religionem
832 1232 1233 1297 exterminaret,
1280 1240 1438 1300 atque
1485 1228 1792 1294 thnicim,

208 1318 425 1373 Arabia:
438 1319 742 1374 etOrientis
763 1322 1119 1376 Ecclesiarnm
1140 1335 1320 1375 curam
1342 1328 1572 1390 gereret.
1596 1319 1796 1373 Eadem

207 1423 430 1479 semper
456 1410 651 1465 ardens
684 1412 931 1480 cupidine
972 1410 1385 1482 Chrysostomus
1424 1411 1491 1464 ad
1518 1409 1797 1463 Nicolaum

208 1501 585 1572 presbyterum
614 1502 827 1571 scripsit
851 1503 1131 1573 epistolam
1158 1503 1227 1557 53
1270 1520 1284 1555 :
1332 1516 1491 1572 quem
1522 1500 1798 1555 Nicolaum

205 1591 467 1660 Opinatur
510 1608 563 1647 v.
595 1594 665 1647 cl.
710 1593 1085 1649 'l'illemontius
1111 1610 1231 1649 eum
1268 1608 1388 1649 esse
1415 1594 1527 1663 qui,
1561 1602 1619 1647 ut
1642 1593 1800 1647 modo

205 1682 544 1747 dicebamus,
584 1699 703 1739 cum
746 1686 865 1740 aliis
896 1687 1215 1757 quibusdam
1261 1686 1645 1757 Chrysostomo
1671 1687 1803 1741 scri-

208 1772 363 1842 psit:
389 1774 531 1843 quod
554 1774 601 1829 si
631 1791 737 1831 non
762 1786 988 1842 certum,
1026 1778 1312 1834 verisimile
1335 1779 1622 1833 admodum
1650 1778 1802 1833 vide-

212 1872 321 1918 tur.
349 1866 626 1922 Nicolaum
651 1868 799 1923 illum
825 1885 1165 1940 summopere
1188 1870 1387 1936 laudat,
1416 1870 1556 1940 quod
1586 1886 1804 1941 evange-

210 1954 334 2009 lica:
371 1956 731 2025 prmdicationi
761 1958 812 2013 in
842 1959 1113 2015 Phoenicia
1140 1975 1354 2029 semper
1382 1960 1713 2031 advigilaret.
1741 1975 1804 2015 ac

211 2047 510 2101 monachos
536 2047 626 2102 illo
653 2050 907 2116 misisset,
930 2060 1089 2119 atque
1118 2051 1169 2104 in
1207 2058 1351 2104 tanta
1378 2065 1554 2105 rerum
1580 2050 1806 2105 difﬁcul-

211 2143 326 2187 tate
356 2136 471 2190 illos
517 2137 637 2191 istic
680 2154 898 2194 manere
936 2141 1218 2210 coegisset.
1251 2139 1610 2210 llortaturquc
1655 2126 1801 2194 illum

208 2234 274 2279 ut
302 2224 619 2282 Gerontium
653 2229 1042 2301 presbyterum,
1076 2246 1234 2299 quem
1260 2246 1415 2285 suum
1446 2232 1596 2297 dicit,
1625 2233 1802 2285 statim

208 2326 373 2384 atque
395 2332 424 2370 a
454 2319 643 2373 morbo
664 2321 1015 2385 convaluerit,
1047 2328 1233 2390 urgeat
1267 2330 1323 2374 ut
1352 2322 1453 2374 iter
1480 2321 1602 2374 illuc
1635 2322 1804 2375 susci-

210 2406 347 2475 piat,
374 2416 631 2477 euretque
659 2419 717 2463 ut
735 2410 969 2465 Joannes
997 2425 1211 2480 quoque
1241 2412 1523 2483 presbyter
1546 2427 1675 2465 suus
1702 2427 1802 2465 una

206 2509 336 2549 cum
362 2496 830 2554 Gerontio-eodem
858 2510 1062 2571 pergat.
1084 2502 1152 2555 Se
1174 2500 1343 2570 ipsius
1366 2502 1564 2556 Nicolai
1590 2502 1803 2557 videndi

205 2595 266 2639 et
306 2588 669 2657 amplectendi
695 2606 886 2661 magno
918 2593 1084 2647 teneri
1112 2593 1378 2648 desiderio
1406 2594 1558 2657 dicit,
1585 2593 1678 2647 sed
1717 2603 1800 2648 ta-

204 2692 337 2730 men
363 2676 509 2731 illum
534 2695 675 2734 nunc
704 2679 821 2735 istic
847 2697 1065 2736 manere
1090 2697 1311 2737 necesse
1339 2683 1561 2738 omnino
1585 2698 1725 2738 esse.

283 2766 369 2820 Ad
408 2766 725 2824 Gerontium
768 2786 928 2839 porro
968 2772 1117 2826 illum
1147 2787 1306 2842 supra
1340 2784 1714 2840 memoratum,
1748 2775 1801 2829 in

205 2857 543 2914 leuiciam
574 2862 889 2931 profectum,
937 2863 1088 2917 binas
1133 2865 1345 2933 scripsit
1374 2865 1646 2933 epistolas,
1672 2880 1804 2935 qua-

204 2964 332 3002 rum
362 2950 527 3018 prima
568 2951 755 3019 periit;
789 2954 840 3005 in
867 2952 1099 3007 secunda
1125 2968 1255 3008 vero
1276 2954 1346 3008 54
1372 2954 1516 3008 illum
1555 2954 1805 3010 cohorta-

204 3046 299 3092 tur
318 3047 372 3093 et
397 3039 660 3103 obsecrat,
684 3050 761 3107 ut,
780 3052 977 3111 quanto
1004 3042 1175 3114 major
1189 3052 1269 3097 est
1291 3050 1803 3113 tcmpestas,quanto

205 3132 417 3201 majora
450 3131 745 3203 ingruentia
783 3135 939 3199 mala,
970 3143 1116 3189 tanto
1144 3134 1345 3204 majore
1370 3135 1544 3189 studio
1581 3147 1633 3191 et
1659 3152 1717 3191 se
1746 3146 1805 3192 et

204 3224 348 3277 alios
377 3222 443 3275 ad
491 3223 618 3277 illud
657 3226 836 3293 operis
885 3225 1278 3295 suscipiendum
1325 3227 1544 3292 excitet,
1597 3243 1718 3282 cum
1770 3244 1800 3281 a

214 3312 414 3365 morbo
449 3314 801 3371 convaluerit.
832 3315 967 3369 Dicit
1000 3325 1176 3370 autem
1217 3329 1276 3371 se
1328 3315 1642 3372 Constantio
1676 3334 1798 3389 pre-

204 3402 432 3471 sbytero
474 3402 525 3457 id
552 3404 747 3472 negotii
770 3405 1123 3471 commisisse,
1154 3413 1211 3458 ut
1237 3405 1348 3460 sive
1377 3407 1443 3461 ad
1482 3408 1676 3462 mdium
1701 3422 1801 3463 ειη-

203 3496 555 3560 struetiones,
602 3496 715 3551 sive
762 3497 827 3550 ad
872 3497 1249 3552 sublevandam
1300 3496 1523 3553 fratrum
1570 3499 1799 3569 inopiam

205 3586 360 3656 large
385 3586 487 3640 illis
515 3596 759 3656 sumptus
782 3596 833 3641 et
859 3589 1111 3657 pecunias
1127 3587 1449 3659 suppeditet,
1479 3589 1586 3644 imo
1603 3589 1800 3660 largius

204 3690 373 3743 qnam
397 3685 577 3732 antea.

282 3763 401 3819 Jam
451 3766 685 3821 vidimus
712 3766 971 3823 Joannem
1003 3779 1242 3825 nostrum
1274 3786 1466 3826 munus
1512 3786 1607 3828 seu
1651 3788 1798 3827 sum-

204 3871 353 3909 mam
398 3857 656 3925 pecunize,
686 3873 842 3927 quam
872 3858 1136 3929 Diogenes
1167 3862 1265 3930 ipsi
1298 3862 1535 3927 miserat,
1573 3878 1794 3918 recusa-

202 3945 370 4011 visse,
391 3955 444 3999 et
470 3946 541 4000 illi
568 3948 846 4017 scripsisse
875 3958 932 4003 ut
959 3965 1076 4004 eam
1098 3967 1361 4007 summam
1395 3955 1444 4007 in
1468 3954 1793 4011 thniciam

200 4035 277 4089 ad
299 4038 557 4107 evangelii
581 4054 856 4109 praecones
893 4044 1149 4107 mitteret,
1178 4052 1232 4097 et
1265 4045 1608 4115 Aphraatem,
1636 4063 1792 4115 quem

200 4127 311 4181 sibi
343 4128 561 4183 miserat
586 4130 651 4184 ad
695 4145 811 4185 eam
839 4147 951 4187 rem
981 4135 1249 4203 expediret
1281 4152 1298 4190 :
1331 4137 1418 4205 qui
1458 4138 1539 4190 vir
1574 4148 1685 4191 erat
1726 4140 1792 4193 ad

198 4221 290 4274 eis
315 4221 560 4275 solatium
587 4224 913 4279 afferendum
943 4226 1185 4281 idoneus.
1217 4226 1448 4281 Joannes
1481 4245 1620 4283 vero.
1641 4245 1792 4299 pres-

199 4311 365 4380 byter
390 4312 577 4365 eadem
618 4312 685 4367 de
712 4328 868 4369 causa
899 4316 953 4370 in
984 4315 1310 4371 thniciam
1358 4332 1415 4372 se
1452 4321 1750 4375 contuierat
1776 4340 1789 4375 :

200 4410 535 4469 quapropter
577 4400 993 4473 Chrysostomus
1034 4406 1182 4459 illum
1226 4408 1566 4462 commendat
1594 4410 1647 4462 in
1674 4411 1791 4478 epio

199 4490 343 4545 stola
372 4491 441 4545 55
468 4488 704 4545 Simeoni
734 4503 788 4548 et
814 4494 942 4549 Mari
987 4496 1310 4568 presbyteris
1339 4506 1395 4553 et
1432 4501 1707 4555 monachis
1737 4502 1789 4556 in

199 4582 526 4651 Apameensi
550 4584 766 4653 regione
794 4588 1126 4641 versantibus
1151 4604 1164 4641 :
1193 4588 1418 4657 illosque
1450 4589 1690 4644 hortatur
1711 4600 1786 4657 ut,

198 4675 247 4727 si
293 4690 427 4743 quos
460 4690 749 4744 generosos
788 4685 841 4732 et
870 4688 1181 4747 pnestantes
1212 4680 1354 4734 viros
1393 4683 1787 4751 nanciscantnr,

196 4766 295 4833 qui
322 4765 389 4818 ad
419 4781 535 4819 eam
577 4781 689 4821 rem
732 4768 1045 4824 auxiliarem
1097 4786 1311 4826 manum
1338 4773 1530 4827 afferre
1563 4776 1785 4842 possint,

198 4872 305 4911 eos
331 4857 421 4911 illo
437 4858 665 4913 mittant.
686 4860 818 4913 Cum
843 4860 1115 4917 didicisset
1132 4872 1308 4916 autem
1338 4865 1587 4933 Alphium
1611 4882 1790 4935 quem-

198 4949 351 5011 dam,
382 4964 538 5017 quem
582 4950 814 5005 Joannes
846 4952 1125 5023 presbyter
1149 4953 1373 5016 adierat,
1415 4955 1559 5009 illum
1590 4958 1788 5013 excita-

196 5042 366 5103 visse,
391 5048 548 5107 atque
570 5041 621 5094 in
649 5042 973 5097 thniciam
1002 5044 1230 5108 misisse,
1260 5045 1368 5099 imo
1386 5048 1501 5100 auri
1524 5063 1785 5102 summam

196 5131 308 5199 ipsi
335 5129 547 5185 dedisse
585 5146 598 5184 :
630 5132 876 5201 Alphium
916 5133 1036 5188 ideo
1060 5134 1295 5189 celebrat
1319 5134 1551 5191 Joannes
1577 5146 1779 5203 noster,

195 5232 257 5275 et
284 5230 344 5274 ut
368 5220 466 5275 sibi
494 5221 799 5292 frequenter
824 5223 1006 5278 literas
1036 5228 1210 5279 mittat
1239 5225 1500 5281 hortatur.

274 5308 547 5367 Tumultus
571 5314 625 5366 in
654 5312 917 5368 Phoenicia
945 5326 1120 5369 contra
1145 5316 1409 5387 Evangelii
1434 5334 1786 5386 pra-coner.—

198 5402 404 5458 anrto
450 5415 643 5472 magno
684 5404 737 5457 in
780 5403 1051 5459 thnicia
1082 5407 1328 5470 tumultu,
1374 5422 1494 5463 cum
1523 5410 1781 5478 evangelii

201 5507 478 5561 perennes
524 5493 576 5547 in
602 5494 874 5561 aerumnis,
902 5504 958 5550 et
994 5495 1213 5551 forsitan
1243 5498 1293 5551 in
1340 5499 1577 5567 periculo
1605 5514 1783 5554 versa-

200 5591 424 5647 rentur;
470 5592 740 5640 metuensr
758 5584 994 5641 Joannes
1024 5598 1206 5642 noster
1254 5603 1322 5643 ne
1362 5603 1392 5642 a
1441 5589 1782 5659 prardicando

198 5674 479 5745 evangelio
504 5673 842 5742 desisterent,
881 5675 1159 5746 epistolam
1191 5678 1292 5734 125
1320 5679 1532 5748 scripsit
1553 5680 1781 5751 presby-

199 5767 327 5823 teris
352 5774 405 5823 et
431 5767 709 5823 monachis
725 5769 949 5839 gentiles
976 5768 1029 5823 in
1067 5768 1337 5827 Phanicia
1362 5772 1770 5828 instituentibus.

501 5877 773 5939 ΡΑτιιοι..
806 5878 925 5940 Gn.
970 5880 1224 5944 XLVII.

1365 397 1546 457 NUNC
1587 397 1849 457 PRIMUM
1890 400 2284 458 ADORNATA.

3381 383 3490 439 ΞΜ»

1913 510 2165 565 llortatur
2207 518 2383 565 autem
2410 504 2633 566 cunctos
2661 518 2716 565 et
2742 509 2998 581 singulos,
3054 524 3121 564 ne
3148 510 3276 579 quis
3295 520 3393 565 eos
3425 502 3499 559 ob

1906 609 2151 654 exortum
2190 602 2469 655 tumultum
2513 602 2564 653 in
2594 598 2835 653 fraudem
2876 598 3117 668 impellat
3144 597 3227 653 vel
3257 583 3491 652 abducat

1904 688 1972 743 ad
2000 689 2326 744 Phaaniciam
2354 688 2759 759 relinquendam
2785 704 2797 740 :
2826 702 2932 757 quo
2960 689 3191 756 majores
3216 687 3359 741 enim
3388 683 3492 739 dif-

1906 777 2166 834 ﬁcultates
2193 788 2250 834 et
2274 794 2527 833 :crumnre
2548 778 2891 848 objiciuntur,
2922 792 2988 832 eo
3009 777 3208 846 majora
3233 775 3331 830 sibi
3355 788 3491 843 prae-

1905 870 2008 922 mia
2037 870 2319 924 reservari.
2349 870 2481 923 Cum
2509 869 2654 923 enim
2690 867 2977 936 impietatis
3014 875 3215 935 partem
3244 866 3297 918 in
3328 862 3489 918 l‘bme

1904 959 2038 1013 nicia
2060 959 2171 1028 jam
2200 958 2533 1025 sustulerint,
2558 959 2854 1013 curandum
2884 971 3005 1012 esse
3036 972 3108 1011 ne
3134 966 3311 1010 tantus
3340 953 3490 1008 labor

1904 1050 2075 1105 fructu
2104 1059 2302 1106 careat.
2326 1050 2398 1105 Se
2417 1051 2488 1104 ita
2520 1048 2817 1119 providisse
2842 1050 2937 1114 ait,
2984 1058 3043 1103 ut
3068 1046 3199 1102 nihil
3236 1059 3487 1116 umquam

1902 1144 2091 1198 deesse
2119 1141 2305 1211 possit,
2337 1151 2501 1212 utque
2526 1142 2702 1195 omnia
2746 1141 2876 1208 ipsis
2907 1139 3190 1193 affluenter
3222 1136 3491 1208 suppedi-

1905 1243 2100 1288 tentur.
2132 1233 2285 1299 Quod
2310 1236 2355 1287 si
2385 1235 2471 1288 ille
2506 1234 2558 1287 in
2581 1231 2775 1287 Cucusi
2816 1230 3102 1285 solitudine
3126 1242 3347 1284 versans
3374 1236 3490 1282 tan~

1906 1333 2011 1377 tam
2056 1324 2267 1377 illorum
2294 1340 2482 1378 curam
2509 1332 2680 1394 gerat,
2709 1321 2878 1377 multo
2905 1320 3073 1391 magis
3102 1320 3265 1390 ipsos,
3297 1317 3492 1387 quibus

1904 1412 2079 1467 omnia
2108 1413 2317 1467 abunde
2349 1422 2660 1483 suppetunt,
2688 1428 2806 1481 qua:
2833 1426 3047 1466 suarum
3088 1411 3317 1480 partium
3343 1414 3488 1470 sunt,

1906 1503 2114 1558 abunde
2132 1512 2389 1573 pra-stare
2422 1503 2640 1559 debere.
2674 1503 2762 1556 Ait
2788 1514 2916 1556 vero
2943 1515 3002 1556 se
3034 1497 3491 1569 religiosissimum

1905 1593 2164 1649 Joannem
2219 1594 2586 1665 presbyterum
2630 1594 2841 1649 misisse
2886 1593 2976 1663 qui
3006 1592 3128 1646 illos
3157 1588 3491 1645 cohortetur.

1908 1685 1979 1740 Se
2020 1685 2236 1740 demum
2268 1685 2446 1740 omnia
2487 1684 2700 1739 abunde
2729 1684 3039 1753 przestitisse
3087 1698 3101 1735 :
3142 1679 3282 1751 quod
3326 1679 3371 1733 si
3416 1677 3492 1732 illi

1907 1774 2043 1829 alios
2070 1790 2127 1830 se
2148 1775 2217 1829 ab
2242 1774 2421 1829 ofﬁcio
2441 1783 2747 1831 avertentes
2766 1774 3004 1841 audiant,
3028 1773 3243 1827 videant
3269 1771 3321 1825 in
3341 1769 3494 1839 cujus

1907 1874 2066 1936 caput
2092 1875 2235 1920 tanta
2274 1867 2476 1935 jactura
2502 1865 2676 1921 cadat.

1978 1956 2087 2011 Sub
2117 1955 2231 2010 haec
2258 1966 2433 2010 autem
2466 1970 2567 2010 nec
2594 1954 2762 2009 multo
2792 1962 2997 2023 postea,
3021 1941 3246 2023 gentiles
3273 1949 3491 2005 Phaeni-

1908 2048 2003 2102 eim
2030 2047 2081 2100 in
2109 2046 2340 2101 furerent
2372 2047 2496 2111 acti,
2526 2045 2577 2099 in
2609 2044 2901 2099 monachos
2922 2041 3186 2111 evangelii
3217 2053 3494 2110 pnecones

1910 2140 2331 2201 insurrexerunt,
2362 2152 2423 2192 ac
2469 2137 2772 2206 complures
2821 2135 3125 2190 vulneribus
3170 2132 3483 2197 affecerunt,

1908 2227 2169 2297 quosdam
2208 2227 2383 2287 etiam.
2416 2226 2745 2282 occiderunt.
2778 2226 2908 2292 Qua:
2954 2240 3041 2280 res
3084 2224 3345 2279 Joannem
3381 2224 3494 2277 'no-

1908 2328 2077 2375 strum
2121 2319 2406 2374 admodum
2433 2321 2756 2374 commovit:
2789 2318 3071 2388 statimque
3099 2317 3268 2371 virum
3298 2315 3495 2384 quaesi-

1910 2411 2005 2476 vit,
2034 2412 2123 2480 qni
2155 2420 2301 2464 tanto
2323 2410 2462 2465 malo
2483 2410 2776 2465 remedium
2805 2407 2996 2464 afferre
3025 2416 3222 2477 posset.
3254 2405 3364 2461 Nec
3383 2420 3495 2459 ma-

1909 2499 1987 2568 gis
2029 2500 2250 2554 idoneus
2303 2515 2422 2555 sese
2454 2501 2619 2555 menti
2647 2500 2860 2564 obtulit,
2909 2514 3069 2570 quam
3115 2498 3335 2552 Ruﬁnus
3376 2509 3490 2565 pre-

1908 2592 2111 2662 sbyter,
2130 2592 2213 2645 cui
2244 2591 2525 2661 epistolam
2555 2592 2644 2646 ille
2668 2590 2812 2645 misit
2835 2590 2955 2656 i26,
2988 2590 3243 2658 illumque
3268 2584 3494 2657 rogavit.

1908 2678 2016 2737 imo
2044 2682 2197 2745 ursit,
2240 2691 2296 2736 ut
2325 2696 2485 2750 quam
2515 2679 2797 2736 celerrime
2828 2686 3009 2749 posset
3046 2693 3103 2732 se
3134 2676 3200 2731 ad
3228 2678 3328 2730 iter
3367 2673 3493 2729 illud

1908 2772 2213 2842 accingeret
2243 2788 2255 2825 :
2283 2779 2490 2825 certum
2518 2769 2659 2825 enim
2686 2770 2787 2823 sibi
2819 2784 2959 2833 esse,
2993 2769 3037 2823 si
3068 2782 3275 2837 preces,
3310 2764 3480 2821 lenita-

1909 2873 2038 2922 tem.
2069 2861 2555 2927 mansuetudinem,
2600 2859 2932 2929 patientiam,
2963 2869 3015 2912 et
3041 2872 3159 2912 eam
3190 2863 3291 2927 qua
3331 2853 3497 2925 polle~

1909 2953 1999 3007 bat
2026 2952 2189 3005 animi
2221 2950 2588 3005 fortitudinem
2628 2949 2929 3013 adhiberet,
2961 2949 3134 3015 ipsum
3165 2946 3247 3000 vel
3275 2952 3495 3015 aSpectu

1908 3044 2024 3099 solo
2049 3042 2391 3099 adversarios
2414 3041 2463 3095 in
2493 3040 2667 3110 fugam
2692 3049 2936 3093 acturum
2964 3052 3103 3092 esse.
3144 3037 3232 3090 Ait
3256 3050 3383 3090 vero
3409 3048 3490 3103 se,

1908 3150 2030 3191 cum
2057 3136 2285 3204 primum
2316 3135 2433 3202 ejus
2472 3134 2523 3187 in
2562 3133 2892 3188 Phaeniclam
2919 3132 3205 3185 adventum
3236 3130 3491 3196 audierit,

1909 3236 2037 3281 tunc
2075 3227 2192 3282 sine
2219 3241 2343 3280 cura
2385 3234 2441 3280 et
2478 3226 2530 3279 in
2562 3226 2848 3279 securitate
2878 3223 3114 3277 futurum
3146 3237 3286 3277 esse.
3316 3221 3494 3278 Mirari

1905 3330 2037 3371 vero
2074 3329 2134 3371 se
2171 3314 2321 3377 dicit,
2362 3314 2503 3384 quod
2534 3329 2653 3368 eum
2695 3312 3011 3367 Theodorus
3037 3312 3318 3382 presbyter
3340 3312 3406 3365 ad
3436 3326 3495 3367 se

1906 3410 2164 3473 venisset,
2210 3406 2381 3460 nullas
2413 3406 2583 3475 ipsius
2611 3405 2790 3460 Ruﬁni
2823 3405 3003 3459 literas
3045 3405 3148 3458 sibi
3189 3404 3493 3460 attulisset:

1904 3491 2230 3569 quapmpter
2256 3499 2498 3553 hortatur
2522 3498 2667 3551 illum
2692 3507 2771 3564 ut,
2796 3512 2916 3550 cum
2942 3498 2990 3549 in
3018 3496 3346 3550 thniciam
3373 3500 3495 3565 pro-

1905 3591 2197 3659 ﬁciscetur,
2228 3594 2279 3644 in
2308 3592 2529 3658 singulis
2554 3590 2920 3643 mansionibus
2949 3588 3048 3642 sibi
3075 3588 3252 3643 literas
3278 3588 3450 3641 mittat
3477 3607 3491 3644 :

1903 3680 2046 3751 quod
2074 3681 2117 3734 si
2149 3679 2340 3733 fratres
2370 3679 2544 3733 adhuc
2587 3679 2681 3733 illo
2727 3679 2941 3732 mittere
2978 3685 3243 3746 oporteat,
3290 3676 3341 3730 id
3390 3675 3490 3729 sibi

1903 3781 2087 3827 notum
2115 3770 2291 3825 faciat.
2315 3772 2387 3823 De
2416 3779 2720 3824 sanctorum
2746 3783 2871 3821 vero
2890 3777 3183 3838 martyrum
3206 3767 3487 3837 Reiiqniis,

1902 3880 2035 3935 quas
2064 3870 2401 3933 poposcerat,
2437 3877 2502 3914 ne
2529 3861 2664 3915 ultra
2709 3868 2861 3913 curet
2892 3859 3137 3913 hortatur
3179 3876 3191 3911 :
3239 3873 3298 3911 se
3343 3857 3488 3911 enim

1902 3955 2212 4010 Terentium
2235 3952 2601 4023 presbyterum
2624 3951 2832 4004 misisse
2854 3949 2917 4003 ad
2937 3950 3200 4012 Otreium,
3221 3948 3488 4002 Arabissze

1899 4046 2233 4117 episcopum,
2289 4043 2377 4113 qui
2410 4043 2604 4095 multas
2642 4056 2705 4095 ac
2745 4040 2962 4094 minime
2988 4040 3176 4093 dubias
3215 4038 3488 4107 Reliquias

1901 4137 2150 4204 habebat,
2193 4151 2326 4207 quas
2371 4136 2552 4205 paucis
2602 4141 2784 4203 postea
2833 4131 3020 4186 diebus
3060 4132 3111 4184 in
3158 4130 3484 4185 thuiciam

1900 4228 1999 4296 ipsi
2026 4228 2286 4281 missurus
2311 4235 2445 4281 erat.

1970 4319 2027 4373 in
2046 4317 2267 4389 epistola
2285 4330 2495 4386 quoque
2509 4314 2581 4369 23
2596 4313 2660 4367 ad
2681 4312 2929 4366 Basiliam
2953 4311 3323 4381 presbyterum
3336 4310 3486 4375 ,dicit

1898 4410 2068 4474 illum,
2088 4422 2244 4477 quem
2264 4406 2332 4461 de
2359 4404 2491 4459 facie
2518 4419 2804 4472 numquam
2824 4402 3048 4463 viderat,
3078 4401 3332 4455 adversus
3357 4415 3486 4471 gen-

1899 4499 2018 4554 tiles
2038 4499 2333 4562 decertare,
2354 4506 2410 4549 ut
2434 4509 2530 4550 eos
2545 4494 2609 4548 ad
2630 4495 2766 4547 viam
2789 4493 3024 4546 veritatis
3049 4492 3335 4546 deduceret
3358 4508 3372 4546 :
3404 4500 3486 4544 ut-

1896 4605 2014 4644 rum
2040 4598 2217 4644 autem
2245 4586 2296 4641 in
2325 4586 2598 4641 Phoenicia
2626 4585 2674 4637 id
2703 4592 2903 4652 ageret,
2928 4584 3210 4637 incertum.
3235 4581 3387 4636 Prior
3407 4579 3483 4635 illi

1897 4682 2077 4737 literas
2095 4680 2237 4735 misit
2254 4676 2905 4749 Chrysostumus,pietatis
2922 4675 3086 4744 ipsius
3103 4674 3238 4728 fama
3254 4687 3483 4728 commo-

1898 4782 2003 4838 tus,
2039 4772 2387 4839 hortaturque
2426 4768 2575 4821 illum
2610 4777 2665 4820 ut
2693 4767 2917 4821 subinde
2946 4765 3049 4820 sibi
3077 4764 3261 4818 literas
3286 4765 3455 4819 mittat

1964 4863 2288 4917 Constmttius
2315 4861 2569 4930 presbyter
2588 4876 2619 4912 a
2648 4858 3003 4929 Chrgwslomo
3038 4862 3223 4912 missus
3251 4867 3475 4913 vexatur.

1891 4983 1961 4994 ——
1985 4953 2129 5007 Dixit
2151 4967 2311 5020 supra
2341 4950 2579 5004 Joannes
2602 4960 2788 5003 noster
2815 4949 2865 5001 in
2886 4948 3047 5017 epist.
3072 4947 3139 5002 ad
3165 4946 3483 5003 Gerontium

1894 5045 1982 5105 54,
2014 5059 2072 5098 se
2098 5043 2413 5097 Constantio
2445 5041 2759 5111 presbytero
2797 5041 3151 5103 commisisse,
3183 5049 3242 5093 ut
3268 5039 3353 5105 iis,
3393 5041 3481 5109 qui

1897 5137 1948 5190 in
1989 5136 2257 5190 thnicia
2308 5134 2583 5203 gentilium
2614 5130 2954 5186 conversioni
3004 5130 3205 5184 dabant
3238 5143 3479 5198 operam,

1896 5229 2149 5296 pecunias
2197 5225 2406 5278 abunde
2453 5225 2841 5293 suppeditaret.
2893 5221 3079 5292 Neque
3123 5221 3354 5289 explicat
3411 5221 3481 5274 ibi

1892 5335 1994 5384 qua
2038 5318 2109 5375 de
2151 5331 2310 5371 causa
2358 5316 2699 5371 Constantius
2733 5355 2747 5378 ,
2784 5316 2875 5385 qui
2914 5314 3283 5385 Chrysostomi
3328 5312 3483 5367 lateri

1894 5411 2149 5475 ha-rebat,
2197 5410 2248 5463 in
2296 5410 2416 5464 illas
2444 5418 2625 5479 partes
2667 5409 2768 5463 iter
2795 5408 3093 5478 susceperit
3132 5422 3148 5459 :
3194 5420 3379 5460 verum
3426 5405 3482 5459 in

1893 5504 2051 5570 epist.
2086 5501 2156 5555 63
2195 5501 2380 5567 Casto,
2410 5500 2647 5565 Valerio,
2678 5500 2998 5569 Diophanto,
3023 5509 3078 5554 et
3097 5497 3343 5570 Cyriaco,
3369 5511 3484 5565 pre-

1890 5592 2119 5663 sbyteris
2149 5590 2533 5657 Antiochenis,
2579 5605 2751 5659 ipsum
2806 5588 3149 5643 commendat
3200 5595 3257 5641 ut
3302 5585 3481 5654 inique

1890 5692 2135 5738 vexatum
2169 5685 2237 5738 ob
2264 5683 2527 5753 quoddam
2559 5683 2792 5751 ignotum
2832 5680 2986 5733 nobis
3028 5680 3316 5749 negotium,
3351 5689 3476 5745 pre-

1894 5781 2150 5845 cautrque
2169 5784 2225 5831 ut
2245 5783 2451 5842 curent,
2496 5789 2561 5829 ne
2601 5773 2702 5827 huc
2726 5780 2885 5842 atque
2916 5770 3037 5826 illuc
3065 5772 3475 5836 circumagatur,

3050 5877 3121 5937 1's
