4276 6316
810 389 913 442 2ιῖ

812 515 943 555 neve
968 500 1310 570 perindicum
1342 500 1619 556 tribunalia
1642 516 1757 555 eam
1779 502 1846 557 ob
1874 518 2088 557 causam
2117 503 2377 558 distraha-

813 604 893 645 tnr
923 603 1078 661 atque
1108 593 1387 658 laceretur,
1418 594 1486 647 ob
1513 608 1668 662 quam
1700 609 1818 648 enm
1844 596 2042 657 ornari,
2081 610 2141 649 ac
2170 595 2379 663 publico

812 684 1075 750 praeconio
1120 683 1376 739 celebrari
1407 699 1500 752 par
1537 694 1671 738 erat.
1718 684 1866 739 Illum
1908 701 2036 740 vero
2077 687 2284 740 Cucuso
2315 684 2379 739 ad

808 774 934 827 Illud
960 774 1153 843 negotii
1176 776 1431 844 proficisci
1462 790 1567 828 non
1599 776 1668 830 ita
1692 777 2049 831 necessarium
2083 784 2377 845 putaverat,

807 873 864 915 ut
892 864 941 915 in
974 866 1128 932 epist.
1163 866 1229 919 76
1258 864 1323 918 ad
1349 864 1672 919 Clialcidiam
1716 866 1877 931 dicit;
1916 878 1969 921 et
1995 867 2226 936 alioquin
2265 883 2377 921 me-

807 955 988 1007 tuebat
1032 970 1097 1009 ne
1140 956 1187 1007 in
1233 955 1531 1009 Isaurorum
1572 972 1758 1010 manus
1786 958 2061 1011 incideret.
2110 957 2377 1011 Chalcidia

807 1058 933 1095 vero
956 1052 1011 1096 et
1043 1043 1334 1113 Asyneritia
1367 1045 1417 1097 in
1447 1053 1648 1111 partem
1676 1060 2054 1112 aerumnarum,
2089 1061 2207 1116 qua:
2236 1047 2377 1101 Con-

805 1134 1000 1185 srantio
1033 1133 1412 1199 inferebantur,
1456 1134 1755 1199 veniebant,
1801 1134 2051 1205 illumque
2081 1135 2193 1190 dire
2221 1149 2383 1188 vexa.

809 1234 915 1274 tum
940 1224 1180 1277 videntes
1198 1223 1479 1276 admodum
1500 1223 1770 1279 dolebant.
1794 1223 2125 1294 Quapropter
2146 1224 2196 1278 in
2221 1224 2377 1294 epist.

804 1310 872 1363 ‘30
902 1312 1039 1379 ipsas
1068 1312 1390 1365 consolatur.

875 1401 1036 1452 lsauri
1060 1416 1270 1470 semper
1291 1403 1403 1457 vias
1426 1403 1775 1473 regionesque
1801 1403 2000 1457 vicinas
2023 1402 2372 1467 infestabant;

804 1489 896 1540 sed
932 1489 1119 1543 hiemis
1150 1500 1385 1559 tempore
1425 1490 1704 1561 aliquando
1733 1491 1919 1546 saltem
1958 1501 2232 1561 receptura
2279 1492 2374 1544 ha-

804 1578 980 1633 lnnsse
1009 1578 1272 1633 dicuntur.
1309 1580 1499 1635 Verum
1547 1582 1599 1634 in
1628 1581 1799 1637 hieme
1841 1597 2051 1653 quoque
2093 1581 2376 1652 aliquando

802 1673 1040 1738 erupisse
1072 1672 1240 1739 palam
1272 1687 1389 1727 esse
1416 1673 1624 1728 videtur
1646 1689 1708 1729 ex
1742 1674 1824 1742 iis,
1858 1690 1974 1744 quae
2021 1674 2071 1728 in
2115 1689 2237 1728 mox
2267 1689 2377 1727 me-

803 1762 1071 1835 morandis
1098 1764 1334 1830 epistolis
1358 1772 1537 1819 narrat
1554 1764 1783 1820 Joannes
1804 1774 2002 1820 noster.
2027 1764 2104 1819 Ad
2129 1764 2375 1832 Alphium

802 1853 1039 1905 scribens
1070 1854 1224 1921 epist.
1258 1854 1346 1917 5‘5,
1381 1854 1526 1918 dicit,
1580 1870 1638 1910 se
1694 1856 1764 1909 illi
1814 1857 2008 1925 smpius
2048 1858 2366 1924 scripturum

804 1940 982 2004 fuisse,
1018 1943 1115 1995 nisi
1144 1942 1312 1996 hiems
1339 1953 1391 1997 et
1414 1943 1719 2013 prmdonum
1761 1946 1990 2014 impetus
2017 1945 2129 1999 vias
2157 1944 2375 1999 infestas

804 2033 1064 2085 redderet.
1095 2033 1283 2088 Narrat
1306 2032 1445 2089 vero
1470 2036 1719 2105 Alphium
1748 2037 1975 2091 amicitia
2005 2022 2376 2105 coniunctissi-

803 2136 944 2175 mum
976 2123 1073 2175 sibi
1107 2123 1243 2177 dona
1287 2125 1513 2190 misisse,
1545 2125 1637 2181 sed
1669 2126 1798 2180 nihil
1839 2140 1897 2181 se
1926 2126 2227 2195 recepisse;
2255 2140 2375 2179 eum

802 2214 941 2266 enim
969 2215 1055 2282 qui
1082 2215 1336 2269 afferebat
1367 2225 1507 2272 metu
1535 2217 1842 2287 prmdonum
1872 2219 2060 2287 pedem
2091 2218 2333 2272 retulisse
2360 2234 2373 2270 :

804 2313 1087 2372 monetque
1116 2305 1260 2358 illum
1303 2315 1359 2359 ut
1400 2321 1430 2360 a
1482 2307 1751 2361 mittendis
1781 2306 1935 2361 donis
1980 2308 2285 2371 abstineat;
2318 2321 2375 2360 se

803 2394 944 2446 enim
992 2394 1280 2463 ingentium
1320 2396 1578 2451 donorum
1627 2398 1745 2453 loco
1771 2398 1885 2466 ejus
1924 2400 2186 2453 sinceram
2214 2407 2267 2453 et
2290 2414 2377 2452 ar-

802 2482 1013 2536 dentem
1045 2483 1464 2540 benevolentiam
1493 2487 1709 2541 habere.
1739 2488 1933 2542 Eadem
1962 2487 2069 2542 fere
2102 2488 2211 2558 ipsa
2242 2488 2379 2543 dixit

768 2610 777 2621 .
806 2574 859 2626 in
887 2588 976 2641 cp.
1018 2574 1086 2629 49
1128 2575 1192 2629 ad
1221 2578 1465 2632 eumdem
1505 2579 1776 2647 Alphium,
1824 2595 1980 2649 quem
2009 2581 2204 2641 laudat,
2236 2578 2376 2648 quod

805 2680 915 2730 eos,
946 2666 1032 2734 qui
1064 2682 1183 2721 cum
1231 2669 1425 2737 pietate
1451 2671 1705 2732 viverent,
1750 2686 1996 2725 recreare
2038 2671 2294 2736 studeret,
2326 2670 2373 2724 id

804 2766 903 2817 est.
935 2760 1243 2813 muneribus
1272 2761 1380 2813 suis
1404 2760 1633 2829 quietem
1665 2761 1767 2815 illis
1796 2761 2099 2815 conciliare.

872 2847 1111 2902 Monachi
1138 2849 1243 2903 duo
1268 2850 1524 2904 Romulus
1554 2861 1606 2903 et
1629 2850 1799 2920 llyzus
1831 2850 1881 2903 in
1909 2850 2191 2904 solitudine
2218 2849 2377 2919 dege-

804 2939 950 3005 bant,
975 2949 1026 2992 et
1048 2940 1257 3009 pietatis
1292 2940 1426 2994 fama
1455 2940 1877 2994 celebrabantur.
1919 2940 2009 2993 llis
2038 2941 2183 2993 misit
2206 2940 2378 3009 Chry-

804 3038 1071 3082 sostomus
1122 3029 1400 3099 epistolam
1428 3029 1649 3098 56,qua
1700 3044 1758 3082 se
1787 3044 2123 3097 summopere
2172 3029 2373 3097 efﬂagi-

805 3126 918 3170 tare
942 3117 1087 3181 dicit,
1122 3128 1177 3171 ut
1210 3119 1303 3187 ipsi
1326 3118 1594 3173 Cttcusum
1623 3118 1853 3182 veniant,
1885 3126 1937 3171 ut
1966 3127 2071 3171 tam
2103 3106 2377 3187 religiosos

805 3211 947 3264 viros
972 3211 1099 3278 ipsis
1122 3211 1290 3265 oculis
1316 3211 1623 3279 conspicere
1650 3214 1833 3279 possit.
1866 3210 1997 3276 Quia
2026 3225 2155 3264 vero
2179 3218 2286 3263 tum
2309 3208 2377 3263 ob

807 3300 1009 3353 itineris
1040 3299 1436 3369 longitudinem.
1473 3308 1581 3351 tum
1611 3300 1678 3352 ob
1705 3299 1894 3353 hiemis
1926 3309 2152 3368 tempus,
2179 3309 2288 3352 tum
2310 3298 2379 3353 ob

808 3390 1106 3443 Isaurorum
1153 3400 1349 3445 metum
1395 3390 1445 3443 id
1490 3390 1706 3443 minime
1755 3390 1963 3455 licebat,
2013 3391 2186 3445 literis
2230 3405 2377 3444 suam

806 3496 928 3549 erga
977 3495 1071 3535 eos
1101 3480 1522 3535 benevolentiam
1569 3481 1734 3535 voluit
1763 3482 2053 3543 testiﬁcari,
2106 3483 2378 3536 hortatur-

806 3588 907 3640 que
935 3573 1056 3626 illos
1087 3582 1140 3626 ut
1160 3574 1259 3626 sibi
1286 3573 1579 3626 rescribant
1601 3580 1653 3626 et
1679 3571 1745 3626 de
1769 3572 1942 3626 salute
1972 3588 2063 3625 sua
2095 3573 2375 3626 certiorem

808 3679 866 3715 se
898 3662 1110 3717 faciant.
1141 3662 1365 3733 ilypatio
1388 3662 1547 3715 etiam
1578 3664 1887 3732 presbytero
1909 3662 2222 3717 veneranda:
2253 3671 2381 3716 aeta-

809 3754 1018 3807 tisviro
1045 3753 1250 3822 scripsit
1281 3752 1439 3821 epist.
1472 3751 1559 3817 97,
1580 3766 1681 3821 qua
1713 3752 1861 3805 illum
1891 3753 1941 3805 in
1971 3753 2224 3806 aerumnis
2247 3767 2378 3807 con-

808 3844 1026 3899 solatur.
1075 3843 1179 3898 Sed
1227 3844 1517 3911 longiorem
1557 3843 1729 3896 eidem
1779 3844 1921 3897 misit
1957 3844 2112 3913 epist.
2161 3844 2280 3908 l80,
2328 3850 2383 3898 et

809 3954 963 4005 quem
991 3938 1098 4006 jam
1122 3938 1171 3990 in
1199 3936 1315 3991 aliis
1344 3936 1512 3990 literis
1532 3935 1856 3998 laudaverat,
1887 3936 1969 3989 hic
1995 3951 2207 4006 quoque
2238 3937 2381 3991 cele-

812 4028 947 4095 brat,
967 4029 1105 4097 quod
1134 4028 1184 4081 in
1210 4035 1351 4080 tanta
1369 4035 1641 4081 senectute
1662 4026 1911 4095 pupulum
1934 4028 2206 4101 religionis
2222 4041 2381 4082 causa

814 4112 1055 4171 vexatum
1103 4117 1304 4170 foveret
1330 4124 1382 4170 et
1410 4115 1786 4173 confirmaret:
1818 4131 1980 4187 seque
2020 4117 2147 4172 dicit
2187 4118 2382 4186 smpius

811 4210 910 4277 ipsi
954 4210 1269 4277 scripturum
1320 4207 1501 4271 fuisse,
1544 4207 1646 4261 nisi
1678 4217 1784 4259 tum
1833 4208 2111 4261 hibernum
2152 4217 2381 4277 tempus,

812 4314 919 4357 tum
969 4302 1275 4370 pra-donum
1308 4310 1479 4356 metus
1508 4301 1794 4355 obessent:
1840 4301 2180 4355 diaconorum
2222 4302 2381 4355 etiam

814 4394 1025 4449 Eusebii
1057 4404 1110 4448 et
1139 4393 1483 4463 Lamprotati,
1512 4393 1599 4462 qui
1628 4407 1983 4446 aerumnarum
2019 4393 2224 4464 llypatii
2254 4407 2384 4447 con-

814 4496 984 4540 sortes
1038 4495 1209 4550 erant,
1240 4485 1559 4539 mentionem
1608 4482 1747 4537 facit.
1782 4484 1978 4538 Danieli
2022 4499 2229 4554 quoque
2258 4500 2383 4554 pre-

811 4580 1030 4648 sbytero
1047 4576 1254 4644 scripsit
1279 4575 1436 4643 epist.
1471 4573 1604 4641 199;
1628 4588 1782 4642 quem
1817 4574 1994 4628 laudat
2019 4583 2069 4628 et
2100 4575 2383 4628 admodum

812 4672 1042 4724 celebrat
1086 4684 1113 4721 a
1144 4668 1412 4737 patientia,
1466 4666 1791 4732 fortitudine,
1840 4666 2086 4736 loquendi
2118 4667 2382 4729 libertate,

813 4776 967 4830 quam
994 4774 1113 4813 cum
1159 4758 1315 4812 sociis
1360 4758 1468 4811 suis
1511 4756 1764 4811 exhibere
1817 4772 1919 4809 non
1949 4757 2389 4824 desinebat,sibi-

813 4867 915 4918 qne
939 4851 1012 4904 ait
1043 4850 1093 4903 in
1123 4849 1297 4903 hieme
1337 4847 1569 4903 versanti
1596 4861 1660 4903 ac
1686 4845 2023 4917 prtcdonibus
2046 4858 2239 4903 vexato
2257 4849 2388 4902 scri-

817 4943 941 4997 bere
969 4957 1072 4996 non
1097 4940 1325 4994 desinat.

888 5035 997 5089 Hac
1045 5035 1177 5103 ipsa,
1224 5041 1284 5087 ut
1338 5041 1584 5102 putatur,
1638 5030 1813 5087 hieme
1860 5032 2134 5102 epistolam
2186 5033 2389 5102 accepit

816 5126 1076 5181 Theodoti
1129 5125 1358 5191 diaconi,
1399 5126 1488 5195 qui
1512 5139 1853 5194 summopere
1884 5126 2027 5179 illum
2080 5125 2309 5181 invisere
2338 5134 2389 5179 et

815 5220 1081 5272 (Incusum
1126 5216 1385 5286 proficisci
1416 5216 1681 5286 cupiebat,
1730 5214 1825 5270 sed
1877 5214 2154 5271 hibernum
2184 5226 2391 5282 tempus

815 5319 870 5362 et
894 5308 1228 5377 negotiorum
1257 5306 1539 5361 difficultas
1568 5306 1946 5377 impedimento
1987 5305 2215 5361 fuerant.
2261 5305 2393 5359 lluie

818 5400 1097 5468 epistolam
1125 5399 1209 5452 ille
1230 5394 1372 5451 misit
1392 5399 1479 5464 ιι,
1499 5407 1663 5467 utque
1683 5408 1921 5454 suaserat
1940 5398 2039 5468 ipsi
2062 5397 2389 5460 Theodotus,

819 5492 885 5546 ad
916 5493 1168 5561 plurimos
1190 5493 1321 5547 alios
1350 5491 1600 5561 scripsit;
1643 5506 1749 5545 non
1776 5502 1952 5546 autem
1978 5492 2043 5546 ad
2074 5490 2390 5555 Carteriam,

820 5599 977 5649 quam
1004 5583 1210 5638 caeteris
1248 5585 1559 5653 adjunxerat
1587 5582 1909 5649 Theodotus,
1939 5586 2060 5656 quia
2091 5600 2260 5655 nuper
2295 5587 2393 5657 ipsi

823 5680 1001 5733 literas
1025 5682 1255 5743 miserat,
1288 5689 1341 5733 et
1366 5676 1770 5748 qniadidicerat
1799 5677 1938 5732 illam
1966 5678 2176 5749 longam
2215 5680 2398 5735 iniisse

826 5769 1302 5845 peregrinationem
1330 5786 1345 5836 ;
1374 5779 1717 5840 prCCaturque
1743 5767 2069 5825 Theodotum
2103 5780 2158 5825 ut
2182 5769 2397 5826 Marcel-

1864 389 1917 441 ὃ.
1961 386 2238 444 ΙΟᾹΝΧΙΞ
2276 384 2743 441 CllRYSOSTOlll
2788 385 2965 451 VlT.\,

3959 377 4063 431 ειε

2494 501 2693 556 lianum
2722 512 2772 557 et
2800 503 3013 558 fratrem
3043 502 3343 569 conveniat,
3370 512 3423 556 et
3451 516 3570 555 eum
3601 500 3703 554 illis
3726 506 3865 568 agat,
3906 504 3982 558 ut,
4022 497 4063 548 si

2490 594 2700 662 quando
2720 594 2969 649 Carterite
2993 596 3248 657 scribant,
3281 609 3339 648 se
3375 593 3510 664 apud
3542 593 3684 646 illam
3727 600 3965 660 purgent,
4012 598 4066 641 ut

2489 687 2575 753 qui
2603 700 2705 739 non
2738 702 2829 755 per
2859 688 3226 756 negligentiam
3257 687 3498 741 tacuerit.
3537 681 3707 751 Epist.
3740 696 3867 734 vero
3892 680 3961 734 43
4000 679 4064 729 ad

2487 774 2789 829 Bassianum
2809 777 3128 845 misit,quam
3148 777 3320 845 arguit
3339 777 3476 843 quod
3498 775 3596 829 sibi
3615 775 3796 827 literas
3821 786 3925 825 non
3947 769 4065 822 mit-

2486 873 2580 929 tat,
2605 866 2744 933 quod
2771 876 2943 919 tamen
2964 865 3115 920 facile
3142 866 3446 935 possit,cum
3466 875 3663 933 praesto
3684 861 3872 916 habeat
3887 859 4062 913 Theo.

2484 952 2664 1007 dotum
2692 955 2991 1018 diaconum,
3009 956 3095 1025 qui
3129 954 3369 1009 mittendi
3399 952 3698 1008 facultatem
3721 952 3845 1005 dare
3868 949 4059 1019 possit.

2556 1050 2665 1105 Hoc
2689 1051 2803 1120 ipso
2829 1066 2971 1106 anno
2994 1053 3148 1121 epist.
3176 1052 3274 1105 148
3303 1050 3443 1103 misit
3469 1047 3535 1101 ad
3558 1045 3852 1113 episcopos,
3868 1040 4059 1123 Cyria-

2483 1154 2625 1205 cum,
2669 1140 3016 1205 Demetrium,
3055 1140 3365 1198 Palladium.
3393 1137 3687 1206 Eulysium,
3720 1132 3807 1200 qui
3833 1130 4061 1183 Romam

2481 1228 2851 1298 confugerant,
2878 1241 2931 1283 et
2955 1229 3022 1285 de
3050 1230 3238 1299 quibus
3269 1243 3389 1283 mos
3411 1225 3610 1280 mentio
3635 1221 3931 1276 habebitur.
3950 1216 4062 1270 llos

2483 1335 2610 1375 vero
2640 1322 2824 1375 beatos
2850 1331 2902 1375 et
2924 1331 3003 1376 ter
3031 1322 3213 1376 beatos
3238 1321 3382 1382 dicit,
3407 1318 3477 1372 ob
3502 1315 3746 1379 sudores,
3769 1324 4060 1371 aerumnas,

2482 1410 2690 1467 labores
2720 1420 2773 1467 et
2800 1413 3049 1481 pericula,
3082 1428 3200 1479 quze
3232 1426 3327 1479 pro
3352 1409 3598 1462 omnibus
3620 1405 3766 1458 orbis
3808 1402 4063 1455 Ecclesiis

2482 1504 2750 1555 subierant
2792 1521 2804 1555 :
2847 1517 2947 1571 qua
2996 1503 3061 1557 de
3090 1516 3247 1554 causa
3288 1500 3445 1553 etiam
3494 1496 3563 1549 ab
3603 1491 3863 1548 universis
3912 1503 4061 1541 sanat

2481 1594 2674 1649 mentis
2718 1594 3018 1647 hominibus
3065 1592 3490 1655 celebrabantur,
3534 1596 3587 1641 et
3628 1584 3856 1651 amplam
3888 1597 3916 1633 a
3948 1580 4063 1632 Deo

2480 1684 2778 1739 mercedem
2804 1694 2956 1737 erant
2979 1684 3263 1751 accepturi.
3293 1680 3425 1734 Dicit
3450 1686 3623 1731 autem
3645 1674 3924 1745 (Iyriacum
3944 1671 4062 1724 dia-

2479 1790 2690 1836 c0num,
2721 1778 2807 1844 qni
2839 1775 3059 1827 Romam
3094 1772 3431 1840 navigaturus
3458 1776 3592 1832 erat,
3624 1779 3764 1819 nunc
3794 1761 4061 1832 proﬁcisci

2484 1883 2584 1920 non
2610 1866 2866 1937 potuisse,
2891 1863 3028 1933 quod
3057 1864 3221 1917 multo
3251 1861 3432 1914 labore
3453 1856 3727 1913 confectus
3748 1860 3919 1908 esset.
3952 1850 4061 1905 Sed

2481 1955 2737 2009 Joannem
2760 1955 3127 2024 presbyterum
3158 1958 3210 2004 et
3237 1950 3453 2005 Paulum
3480 1947 3783 2010 diaconum,
3811 1955 3935 1994 cum
3964 1955 4064 1992 un-

2481 2046 2638 2113 dique
2684 2054 3024 2108 vexarentur,
3054 2052 3108 2095 et
3137 2054 3392 2108 nusquam
3422 2035 3712 2091 consistere
3755 2031 3838 2085 vel
3863 2028 4061 2083 delite-

2481 2148 2631 2188 scere
2657 2141 2897 2202 possent,
2928 2132 3149 2184 Romam
3179 2130 3322 2197 ipsos
3347 2126 3493 2180 adire
3523 2132 3735 2179 coactos
3759 2120 3944 2184 fuisse,
3968 2133 4063 2171 ro-

2480 2233 2668 2292 gatque
2694 2236 2814 2277 cum
2840 2222 3061 2275 caritate
3090 2220 3231 2287 ipsos
3256 2216 3541 2284 excipiant.

2551 2312 2784 2365 Arsacias
2805 2312 3034 2375 moritur,
3057 2320 3101 2362 et
3119 2308 3310 2360 Atticus
3330 2306 3381 2358 in
3408 2303 3573 2359 sedent
3590 2300 3647 2355 C.
3666 2299 3735 2354 P.
3758 2297 4060 2353 intruditur.

2482 2402 2684 2458 —Jam
2730 2400 2795 2455 ad
2836 2402 2937 2454 alia
2978 2412 3299 2459 evocamur,
3330 2412 3448 2466 quae
3489 2393 3587 2449 etsi
3617 2404 3836 2461 prorsus
3878 2403 4061 2442 rerum

2483 2494 2797 2549 faciemnon
2840 2502 3130 2555 mutavere,
3181 2490 3341 2543 multa
3387 2487 3639 2540 induxere
3688 2496 3843 2536 nova.
3878 2479 4063 2533 Tertio

2482 2599 2707 2654 namque
2745 2582 2863 2636 idus
2890 2581 3205 2635 Novembris
3251 2576 3522 2641 Arsacius,
3552 2575 3641 2642 qui
3678 2569 4064 2626 Constantino-

2481 2675 2765 2743 politanam
2810 2672 2989 2726 sedem
3032 2671 3331 2731 invaserat,
3374 2682 3469 2721 seu
3512 2666 3689 2734 potius
3735 2662 3785 2713 in
3814 2672 3934 2714 eam
3980 2657 4064 2709 in-

2480 2765 2669 2818 ductus
2712 2762 2901 2826 fuerat,
2933 2762 3096 2814 obiit:
3134 2759 3211 2812 vir
3236 2772 3393 2827 quem
3437 2755 3680 2809 laudibus
3719 2749 3922 2804 extollit
3956 2747 4063 2802 So-

2480 2861 2651 2906 crates
2672 2853 2843 2922 (Socr.
2869 2852 2905 2904 ι.
2932 2849 2984 2904 6.
3013 2866 3057 2902 ι’.
3081 2847 3174 2916 ΞΟ)
3196 2864 3209 2911 ;
3234 2846 3566 2901 Sozomcnus
3602 2855 3731 2895 vero
3750 2838 3877 2893 dicit
3895 2836 4065 2890 fuisse

2482 2942 2629 2995 illum
2678 2950 3009 2994 mansuetum
3052 2945 3107 2990 et
3149 2936 3488 3004 religiosum,
3530 2930 3623 2985 sed
3664 2928 3869 2982 laudem
3915 2926 4065 2980 illam

2480 3034 2737 3088 minuisse
2777 3032 3001 3085 clericos
3051 3029 3341 3098 quosdam,
3386 3026 3477 3096 qui
3524 3023 3701 3078 omnia
3745 3034 3842 3090 pro
3893 3016 4069 3071 lubito

2481 3124 2706 3193 agebant
2729 3122 2963 3192 (Sozom.
2996 3123 3032 3174 ι.
3053 3118 3107 3173 8.
3133 3134 3181 3172 c.
3206 3115 3297 3188 27)
3323 3133 3336 3169 :
3362 3130 3545 3171 verum
3573 3111 3786 3167 infamia
3830 3107 4067 3178 quadam

2482 3224 2695 3268 notasse
2735 3213 2881 3266 illum
2925 3226 3012 3277 ea,
3041 3226 3160 3279 qua:
3197 3217 3383 3262 contra
3426 3202 3790 3275 Chrysostomi
3828 3198 4071 3253 fautores

2480 3316 2625 3377 gesta
2640 3314 2782 3360 sunt.
2811 3305 2878 3359 At
2896 3303 3065 3358 deliro
3087 3301 3200 3356 seni
3217 3314 3320 3354 non
3342 3313 3434 3351 sua
3456 3296 3701 3359 fortasse,
3720 3291 3812 3345 sed
3835 3290 4071 3344 aliorum

2486 3398 2751 3461 facinora,
2799 3396 2934 3448 hanc
2960 3403 3138 3446 notam
3172 3392 3438 3443 invexere.
3485 3385 3614 3441 Utut
3639 3399 3725 3438 res
3751 3391 3851 3446 est,
3886 3378 4074 3435 Gmi

2488 3491 2631 3544 illum
2668 3490 2717 3541 in
2756 3486 2970 3541 blenmis
2994 3483 3102 3537 Suis
3130 3491 3429 3536 sanctorum
3460 3490 3681 3531 numero
3704 3471 4071 3537 adscripsere.

2486 3579 2669 3632 Tantae
2697 3576 2839 3631 sedis
2866 3591 2928 3628 ac
2967 3572 3239 3643 dignitatis
3282 3568 3605 3637 occupanda:
3635 3563 3878 3632 cupidine
3915 3560 4073 3613 ducti

2484 3668 2715 3739 plurimi,
2747 3667 3017 3720 machinas
3044 3678 3228 3718 omnes
3272 3660 3546 3715 intendere
3575 3675 3588 3711 :
3622 3656 3942 3722 demumquc
3972 3656 4075 3707 At-

2486 3764 2621 3815 ticus
2673 3758 2977 3829 presbyter,
3023 3771 3087 3810 ex
3139 3750 3494 3807 ambientibus
3538 3763 3696 3808 unus,
3745 3744 3834 3812 qui
3877 3752 4075 3796 contra

2485 3854 2742 3909 Joannem
2786 3851 3227 3920 Chrysostomum
3272 3843 3578 3912 episcopum
3622 3853 3797 3900 suum,
3846 3849 3976 3889 eum
4022 3834 4076 3887 in

2486 3944 2728 3999 exsilium
2772 3941 3075 4010 pelleretur,
3120 3936 3285 3991 multa
3317 3942 3573 3995 moverat,
3603 3930 3803 3983 electus
3847 3924 4077 3979 ordina-

2489 4046 2677 4105 tusque
2718 4032 2856 4087 fult:
2900 4032 2983 4085 vir
3036 4027 3346 4089 industrius,
3394 4021 3734 4078 mediocriter
3773 4017 3967 4072 doctus
4024 4024 4079 4069 et

2488 4129 2767 4197 eloquens,
2799 4138 2922 4193 erga
2948 4136 3042 4177 eos
3071 4130 3269 4183 autem,
3298 4116 3388 4186 qui
3418 4123 3595 4185 partes
3621 4125 3742 4166 suas
3770 4123 3874 4163 non
3891 4118 4079 4161 secta-

2488 4221 2701 4282 bantur,
2730 4216 2921 4271 ardens
2943 4223 2997 4268 et
3018 4211 3288 4267 terribilis.

2562 4309 2803 4379 Episcopi
2835 4304 3043 4376 plurimi
3070 4302 3285 4357 Romam
3311 4296 3628 4369 confugiunt.
3654 4322 3726 4335 --
3754 4292 3831 4346 Ex
3851 4290 4077 4345 Oriente

2491 4402 2716 4456 Romam
2741 4397 2891 4452 multi
2915 4395 3239 4449 advenerant
3259 4386 3495 4459 (Pallad.
3526 4404 3578 4456 p.
3606 4382 3697 4447 26,
3726 4381 3845 4449 27),
3877 4389 3989 4433 tum
4018 4390 4078 4431 ut

2490 4492 2608 4560 fuga
2641 4487 2909 4544 securitati
2938 4500 3049 4539 sua:
3074 4481 3444 4542 consulerent,
3474 4486 3585 4530 tum
3611 4483 3669 4528 ut
3699 4471 4075 4526 Innocentium

2490 4582 2686 4651 Papam
2716 4580 2783 4634 de
2809 4575 3234 4635 calamitatibus,
3265 4586 3384 4641 qua:
3407 4565 3731 4623 Orientalem
3774 4561 4078 4616 Ecclesiam

2490 4670 2835 4733 divexabant,
2880 4667 3245 4726 informarent,
3283 4670 3443 4728 atque
3466 4673 3587 4711 eum
3619 4665 3674 4708 ut
3718 4652 3951 4708 remedia
3984 4652 4081 4704 ad-

2494 4766 2698 4818 hiberet
2718 4760 3049 4816 inducerent.
3078 4754 3355 4825 Cyriacus,
3373 4746 3739 4826 Synnadorum
3766 4743 4080 4811 cpiscopus,

2492 4857 2650 4911 nullis
2672 4856 2957 4909 instructus
2984 4846 3245 4919 epistolis,
3268 4844 3363 4898 sed
3388 4842 3455 4897 ad
3471 4855 3589 4897 eam
3608 4852 3719 4893 rem
3743 4833 4081 4889 tractandam

2494 4948 2735 5009 idoneus,
2767 4944 2996 5000 edictum
3046 4936 3326 5008 lmperiale
3360 4930 3693 4994 ostendebat,
3736 4940 3842 4995 quo
3888 4923 4079 4978 edice-

2495 5042 2667 5105 batur,
2698 5047 2757 5092 ut
2796 5035 3034 5106 quisquis
3073 5046 3194 5086 cum
3235 5024 3531 5094 Theophilo
3553 5064 3568 5089 ,
3600 5020 3819 5076 Arsacia
3852 5026 3908 5071 et
3940 5016 4077 5070 Pon-

2494 5131 2683 5203 phyrio
2720 5143 2827 5182 non
2861 5123 3299 5182 communicaret,
3331 5116 3398 5171 ab
3428 5115 3734 5185 episcOpatu
3763 5118 4078 5169 arceretur,

2493 5200 2547 5279 et
2571 5200 2826 5293 quidquid
2868 5232 3026 5285 opum
3055 5213 3139 5269 vel
3178 5210 3483 5265 facultatum
3520 5204 3741 5260 haberet
3782 5200 4084 5293 amitteret.

2496 5292 2623 5369 Post
2658 5326 2779 5366 eum
2809 5307 3074 5377 Eulysius,
3110 5305 3357 5372 Apameae
3401 5298 3455 5352 in
3482 5294 3727 5365 Bithynia
3767 5292 4084 5361 episcOpus,

2497 5406 2641 5460 venit
2668 5420 2683 5457 :
2706 5402 2796 5471 qui
2826 5399 3005 5453 literas
3034 5394 3287 5449 afferebat
3312 5387 3613 5461 quindecim
3642 5384 4025 5454 episeopomm
4060 5398 4088 5435 e

2500 5495 2712 5568 Synodo
2733 5492 2973 5555 Joannis,
2994 5498 3047 5542 et
3064 5485 3246 5557 optimi
3275 5480 3418 5536 senis
3441 5478 3643 5549 Anysii,
3665 5474 4089 5568 Thessalonices

2501 5566 2757 5658 episcopi,
2786 5592 2841 5637 et
2866 5589 3181 5652 pnesentem
3220 5583 3273 5629 et
3314 5572 3544 5643 priorem
3581 5568 3744 5623 totius
3770 5566 4089 5621 Constanti-

2506 5679 2712 5749 nopolis
2740 5674 3091 5744 direptionem
3121 5667 3481 5721 testificantes.
3516 5660 3744 5730 Anysius
3776 5673 3906 5712 vero
3931 5658 4085 5712 dice-

2508 5772 2594 5825 bat
2616 5784 2673 5823 se
2696 5765 2891 5837 judicio
2920 5763 3175 5817 Romanae
3206 5755 3457 5813 Ecclesiae
3481 5753 3842 5823 acquiescere.
