4276 6316
78 86 479 215 τ

220 212 279 239 35""

254 400 358 446 0:75)

258 425 346 451 σι’..

325 513 517 581 Elapso
573 527 754 567 mense
809 510 1034 564 HCt‘L‘Sall
1086 507 1383 571 Palladius,
1444 504 1838 573 Ileienopoleos

254 616 541 670 episcopus
563 643 575 662 ,
608 617 665 654 se
711 603 940 654 furorem
972 600 1310 667 magistratus
1339 596 1638 650 declinandi
1680 608 1837 647 causa

251 694 451 759 fugisse
482 705 729 754 narrans,
753 700 805 743 et
828 706 943 758 qua:
969 698 1093 742 tunc
1118 690 1229 741 dira
1259 688 1644 741 exercebantur
1672 686 1837 753 signi—

250 786 435 839 ittaus.
463 785 591 837 Post
623 784 912 836 Palladium
948 784 1089 835 venit
1124 782 1427 835 Germanus
1458 780 1761 848 presbyter,
1786 788 1839 830 et

248 888 372 927 Cum
407 873 495 926 illo
519 872 807 927 Cassianus
832 872 1118 935 diaconus,
1150 872 1199 923 in
1243 881 1353 923 toto
1380 872 1507 923 orbe
1537 869 1838 923 Christiano

172 1001 181 1009 -
248 964 635 1019 celeberrimus
667 980 677 1015 :
706 964 794 1033 qui
817 964 996 1016 literas
1019 960 1307 1014 offerebant
1334 960 1497 1012 totius
1516 958 1651 1011 (lleri
1678 957 1840 1010 Joan-

251 1055 339 1107 ttis
370 1054 760 1122 ChryStistomi,
811 1054 1153 1105 testiﬁcantes
1197 1052 1501 1119 episcopum
1550 1064 1701 1100 suum
1756 1058 1837 1117 ty-

251 1142 470 1197 rannice
503 1144 552 1196 iu
592 1143 836 1197 exsilium
877 1151 1050 1194 actum
1087 1156 1203 1193 esse
1232 1156 1325 1208 per
1347 1138 1630 1191 factionem
1662 1136 1839 1189 Anicii

251 1234 887 1303 Ilerweusis,Theophili
946 1232 1319 1294 Alexandrini,
1373 1229 1616 1282 Antiochi
1668 1227 1839 1281 l'tolc-

251 1327 477 1390 maidos,
509 1336 563 1379 et
584 1325 854 1378 Severiani
880 1322 1223 1377 Gabalorum.
1255 1319 1334 1373 Ad
1366 1319 1482 1372 lirrc
1512 1317 1836 1370 breviculum

249 1418 624 1478 ostenderunt,
649 1429 752 1483 quo
782 1414 1009 1482 pretiosa
1038 1427 1156 1464 vasa
1188 1410 1513 1463 tradiderant
1542 1424 1719 1462 coram
1748 1408 1838 1474 ju-

248 1506 479 1567 dicihus,
505 1505 694 1557 Studio
724 1501 983 1556 Prtefccto
1026 1502 1193 1567 urbis,
1230 1500 1557 1570 Eutycliiaao
1584 1496 1839 1550 Praefecto

250 1594 531 1658 Praeterii,
582 1593 787 1647 Joanne
841 1592 1045 1646 Comite
1094 1572 1508 1651 thesaurorum,
1564 1586 1838 1640 Eustatliio

246 1676 529 1754 Quaestore
561 1694 614 1739 et
640 1684 960 1745 Tabulariis,
991 1682 1043 1735 in
1071 1697 1222 1745 auro,
1258 1689 1476 1748 argento
1498 1687 1550 1732 et
1581 1676 1835 1741 vestibus,

246 1777 571 1831 calumniam
598 1775 788 1829 Joanni
829 1774 1083 1841 episcopo
1116 1770 1395 1827 confictam
1444 1768 1832 1839 propulsantcs.

245 1868 362 1931 Qua
389 1868 458 1921 de
494 1881 552 1920 re
582 1876 757 1919 aetum
785 1874 884 1928 est,
915 1879 1032 1917 cum
1064 1862 1131 1917 de
1160 1861 1469 1931 espulsione
1489 1857 1830 1928 Chryosuuni

245 1960 411 2012 verba
440 1958 683 2013 lccimus.

323 2048 445 2104 Post
478 2050 597 2103 illos
629 2046 807 2113 rediit,
844 2048 931 2116 qui
954 2046 1062 2115 jam
1105 2054 1227 2100 ante
1266 2054 1481 2099 venerat
1516 2042 1835 2106 Demetrius,

245 2140 583 2193 l‘essinuntis
629 2138 944 2207 episcopus,
992 2136 1081 2204 qui
1138 2135 1408 2189 Orientem
1462 2141 1837 2203 percurrcrat,

247 2229 551 2299 pnedicaus
589 2228 953 2282 Romanorum
995 2226 1424 2279 communionem
1469 2239 1588 2277 cum
1634 2222 1840 2276 Joanne

240 2322 520 2390 (episeopo,
552 2320 781 2373 ostensis
799 2318 1090 2371 Innocentii
1111 2315 1265 2382 Papa:
1288 2315 1487 2377 literis;
1515 2325 1637 2367 tunc
1659 2323 1837 2366 autem

239 2411 476 2465 aﬂ'erens
507 2412 688 2464 literas
711 2408 1078 2479 episcoporum
1106 2404 1297 2470 Cariae,
1331 2407 1417 2473 qui
1445 2405 1664 2459 Joannis
1688 2418 1837 2457 com-

242 2504 562 2557 munionem
600 2501 1088 2571 amplectebantur,
1121 2498 1357 2565 aliasque
1404 2496 1836 2566 presbyterorum

241 2596 580 2659 Antiochize,
626 2595 715 2664 qui
746 2593 1039 2647 Romanam
1082 2592 1415 2661 disciplinam
1460 2590 1836 2660 sequebantur,

240 2686 708 2755 deplorabantquc
759 2683 1039 2753 Porphyrii
1090 2682 1476 2737 ordinationem
1526 2690 1709 2735 contra
1751 2679 1839 2747 jus

241 2776 435 2845 fasque
461 2776 681 2829 inducti.

317 2868 446 2924 Post
473 2869 591 2922 illos
620 2882 808 2923 omnes
828 2865 974 2922 venit
1002 2866 1334 2920 Domitianus
1357 2864 1657 2935 presbyter,
1691 2876 1840 2918 teco-

242 2974 442 3015 nomus
490 2959 743 3014 Ecclesia:
795 2958 1431 3027 ConstantinOpolitanze,
1490 2965 1544 3009 et
1598 2955 1840 3025 V'allagas

238 3052 485 3121 quidam,
517 3049 795 3120 presbyter
820 3049 1123 3112 Nisibenus,
1144 3062 1367 3101 narrans
1393 3046 1837 3099 monasteriorum

238 3142 643 3211 Mesopotamia:
671 3138 1033 3193 afflictionem.
1067 3138 1127 3192 IIi
1158 3138 1315 3191 etiam
1354 3137 1687 3204 protulerunt
1715 3143 1831 3187 acta

238 3234 425 3304 Optati
456 3230 728 3293 Praefecti,
762 3229 813 3281 in
839 3230 989 3299 queis
1012 3228 1281 3282 ferebatur
1311 3226 1561 3280 honestas
1590 3225 1840 3280 mulieres

239 3339 313 3377 ex
340 3336 539 3392 genere
569 3319 848 3373 consulum
889 3317 1219 3372 diaconissas
1249 3314 1503 3371 Ecclesia:
1530 3313 1838 3369 Constanti-

242 3414 592 3482 nopolitanae,
623 3409 675 3464 in
699 3410 868 3463 oculis
888 3409 1065 3478 populi
1088 3406 1154 3462 ad
1182 3421 1302 3461 eum
1328 3407 1605 3469 adductas,
1628 3415 1839 3459 coactas

241 3506 412 3559 fuisse
440 3512 531 3556 aut
562 3516 683 3556 cum
713 3503 933 3555 Arsacio
961 3499 1389 3562 communicare,
1423 3508 1514 3551 aut
1544 3497 1673 3551 lisco
1711 3497 1840 3551 dare

240 3600 508 3653 ducentas
556 3594 669 3649 auri
714 3595 891 3648 libras.
926 3595 1131 3647 ASCCl'J!
1157 3606 1367 3663 quoque
1394 3599 1448 3645 et
1489 3589 1719 3659 virgines
1748 3588 1841 3641 ad-

239 3698 419 3753 erant,
438 3685 779 3741 ostendentes
798 3685 994 3739 sulcata
1014 3684 1179 3738 latera
1201 3683 1253 3737 in
1270 3683 1518 3752 equuleo,
1541 3693 1593 3736 ct
1617 3682 1667 3734 in
1692 3690 1839 3751 tergo

242 3782 530 3834 verberum
565 3790 736 3833 notas.

316 3872 609 3927 Innocentii
654 3870 812 3941 Papa:
842 3872 1020 3928 litera.
1043 3900 1116 3912 —-
1142 3870 1233 3925 llis
1254 3870 1557 3939 conspectis
1590 3869 1839 3923 omnibus

243 3966 593 4021 Innocentius
608 3964 753 4033 Papa
794 3963 1198 4034 Chrysostomo,
1224 3978 1250 4014 a
1278 3978 1383 4033 quo
1412 3963 1594 4015 literas
1619 3976 1839 4029 accepe-

243 4065 351 4115 rat.
376 4054 670 4123 reseripsit,
689 4062 740 4105 et
757 4052 819 4106 ad
846 4054 1149 4121 patientiam
1170 4054 1220 4106 in
1240 4062 1382 4105 tanta
1401 4051 1676 4105 subeunda
1693 4052 1839 4104 cala-

243 4152 432 4202 mitate
457 4149 764 4200 cohortatus
794 4157 872 4200 est
903 4145 1136 4212 (Sozam.
1168 4147 1203 4199 ι.
1246 4146 1300 4200 8.
1342 4162 1387 4197 c.
1416 4145 1531 4213 26).
1564 4143 1839 4212 Episcopis

242 4240 431 4300 etiam,
477 4236 826 4307 presbyteris,
870 4235 1109 4290 diaconis
1142 4244 1197 4290 ct
1238 4237 1492 4290 universo
1535 4233 1691 4289 Clero
1735 4234 1837 4289 Ec-

241 4331 424 4383 clesia:
454 4327 1078 4397 Constantinopolitaiur,
1107 4328 1194 4397 qui
1223 4328 1323 4381 sibi
1351 4328 1529 4381 literas
1561 4328 1834 4389 miserant,

243 4436 341 4489 per
367 4417 691 4473 Germanum
740 4419 1105 4489 presbyterum
1132 4427 1187 4473 et
1211 4419 1519 4472 Cassianum
1557 4419 1836 4471 diaconum

246 4508 547 4579 respondit,
582 4516 785 4561 tantum
823 4510 1019 4562 malum
1075 4510 1172 4563 sibi
1206 4509 1497 4562 renuntiari
1537 4509 1753 4573 dicens,
1784 4517 1839 4561 ut

244 4602 359 4656 sola
386 4600 661 4677 patientia:
700 4600 1064 4655 consolatione
1101 4601 1274 4654 sanari
1310 4616 1465 4669 posse
1508 4609 1670 4669 putet.
1700 4599 1835 4653 Tum

242 4707 361 4755 eos,
402 4692 493 4761 qui
520 4706 627 4745 non
656 4690 891 4745 auditum
935 4691 1192 4745 Joannem
1232 4691 1643 4756 damnaverunt,
1677 4703 1735 4746 ut
1762 4692 1837 4746 fa-

244 4783 530 4837 cinorosos
563 4782 825 4851 improbat
857 4800 871 4835 :
906 4785 1370 4852 necessariumque
1403 4798 1523 4839 esse
1551 4785 1625 4836 ait
1667 4784 1839 4853 Syno-

242 4874 370 4926 dum
394 4887 609 4943 cogere,
632 4890 749 4944 qua:
768 4874 832 4927 de
852 4882 993 4929 tanta
1022 4889 1080 4928 re
1104 4874 1595 4943 possitdeecrnerc.
1621 4876 1689 4930 Sc
1708 4890 1835 4931 vero

242 4965 448 5029 omnia,
494 4978 613 5033 quae
647 4963 745 5032 ipsi
774 4964 1081 5028 narrabant,
1111 4964 1380 5018 audivisse
1417 4965 1548 5020 dicit
1591 4982 1618 5017 ει
1651 4968 1833 5036 θουρί-

243 5056 424 5127 scopis
444 5056 555 5109 suis
580 5056 865 5121 Demetrio,
890 5056 1131 5127 Cyriaeo,
1155 5056 1371 5128 Eulysiu
1396 5066 1449 5112 ct
1468 5058 1721 5123 Palladio,
1742 5059 1833 5128 qui

241 5157 369 5205 tunc
390 5147 575 5203 Roma:
599 5157 773 5203 erant.

315 5240 643 5296 Innocentius
679 5239 827 5307 Papa
859 5250 906 5293 et
938 5239 1197 5295 Honorius
1227 5240 1367 5311 Imp.
1409 5242 1678 5316 Syttodttm
1702 5261 1834 5299 ircu-

244 5333 491 5387 metricam
507 5332 748 5386 celebrari
773 5334 1004 5401 cupiunt.
1025 5362 1094 5375 --—
1120 5335 1191 5389 De
1212 5334 1449 5391 Concilio
1471 5336 1630 5408 igitur
1653 5337 1831 5395 (Ecu-

246 5424 455 5478 inenico
479 5423 723 5494 cogendo
743 5424 808 5477 ad
841 5425 1131 5481 Ilonorium
1159 5428 1537 5497 Imperatorem
1566 5439 1703 5487 tunc
1725 5434 1830 5489 lia-

246 5530 434 5568 venna:
475 5524 775 5569 versantem
802 5506 1163 5588 scripsit.‘Qui
1194 5535 1306 5574 rem
1335 5535 1677 5591 summOpere
1710 5538 1833 5591 pro-

249 5603 981 5675 bansjussit0ccidentalium
1003 5608 1274 5679 Synodum
1305 5612 1443 5681 c0gi.
1465 5610 1644 5666 Coactl
1674 5613 1832 5682 igitur

247 5695 478 5764 episcopi
506 5695 689 5757 ltalim,
722 5706 776 5750 ut
806 5699 875 5751 ait
905 5698 1169 5755 Palladios
1199 5703 1432 5769 (creterte
1473 5719 1704 5774 namque
1731 5706 1833 5761 Oc-

248 5783 469 5840 c2dentis
511 5787 797 5855 provincie
825 5799 874 5842 et
917 5791 1158 5862 regiones
1190 5796 1684 5863 septentrionalium
1730 5814 1826 5852 na-

1421 395 1597 450 MINtl
1642 391 1901 448 l'lililUll
1938 392 2327 446 ADOIKNAIA.

3425 383 3530 440 9.30

1956 514 2155 559 ttonutn
2188 503 2549 557 invasionibus
2582 502 2911 567 laborantes,
2950 500 3032 553 vix
3064 506 3307 567 poterant
3336 497 3388 548 in
3430 496 3529 548 lia-

1950 595 2072 647 liam
2100 595 2378 663 episc0pos
2404 608 2530 647 suos
2559 595 2791 662 mittere)
2823 608 2839 649 :
2870 606 2972 644 una
3007 589 3103 644 fuit
3124 599 3299 657 autem
3334 589 3531 655 ίιρῑκοω-

1951 698 2135 751 porum
2163 685 2424 737 sententia
2451 701 2463 747 ;
2498 685 2746 736 nimirum
2778 691 2837 735 ut
2869 690 3015 734 tanto
3063 678 3204 732 malo
3235 678 3529 732 remedium

1948 772 2245 836 alierretur,
2282 775 2641 826 necessarium
2670 786 2787 825 esse
2817 770 3109 823 Concilium
3142 768 3530 822 meumcnicnm

1947 863 2367 917 Occidentalium
2396 864 2551 916 simul
2580 873 2631 917 et
2661 862 3029 922 Orientalium,
3057 872 3109 915 et
3134 860 3531 915 Thessalonica:

1949 952 2286 1006 indicendum
2336 969 2474 1016 esse,
2519 962 2573 1007 ut
2615 952 2821 1007 facilius
2859 952 3090 1008 Orientis
3135 962 3189 1004 et
3229 950 3533 1006 Occidentis

1950 1044 2204 1112 prwsulcs
2230 1045 2319 1099 illo
2360 1060 2641 1098 accurrere
2675 1052 2911 1113 possent.
2962 1043 3051 1096 llis
3085 1045 3381 1097 assentiens
3426 1043 3533 1097 Ho-

1948 1137 2151 1201 norius,
2181 1137 2421 1190 Romano
2453 1136 2693 1190 Pontilici
2726 1137 3036 1189 Innocentio
3065 1137 3299 1204 scripsit,
3334 1146 3390 1187 ut
3418 1137 3529 1204 epi.

1948 1241 2136 1295 sc0pos
2153 1227 2386 1295 quinque
2399 1226 2895 1295 Constantinopolin
2914 1228 3168 1291 mitteret,
3190 1226 3531 1294 presbyteros

1946 1324 2100 1386 duos,
2132 1336 2185 1377 et
2224 1326 2526 1385 diaconum,
2557 1324 2643 1393 qui
2692 1336 2841 1376 suam
2883 1322 2947 1374 ad
2982 1320 3199 1374 fratrem
3246 1319 3529 1373 Arcadium

1946 1414 2225 1481 epistolam
2253 1414 2524 1467 afferrent.

2019 1504 2311 1572 Epistulam
2342 1506 2497 1572 igitur
2525 1504 2751 1558 Arcadio
2794 1503 2939 1557 fratri
2970 1502 3213 1570 scripsit,
3246 1516 3401 1569 quam
3434 1500 3530 1568 ipsi

1950 1596 2250 1650 tertiam'ea
2292 1597 2355 1650 de
2386 1612 2443 1651 re
2489 1597 2703 1651 mittere
2748 1597 2907 1661 dicit,
2956 1606 3213 1665 rogatque
3251 1595 3535 1666 episeopo:

1946 1686 2242 1740 Orientales
2276 1696 2428 1742 curet
2463 1687 2856 1741 Thessalonicae
2895 1686 3243 1755 congregari,
3272 1695 3535 1753 cogatque

1947 1778 2332 1846 TlieOphilum,
2362 1779 2450 1848 qui
2494 1780 2730 1831 omnium
2779 1778 3037 1831 malorum
3084 1790 3240 1829 causa
3291 1790 3411 1829 esse
3455 1776 3531 1825 fe-

1946 1869 2193 1930 rebatur,
2249 1868 2486 1922 (Zoucilio
2537 1867 2747 1921 adesse.
2801 1868 2871 1921 Se
2920 1869 3120 1937 legatos
3174 1866 3269 1933 ipsi
3324 1865 3534 1917 mittere

1947 1959 2143 2024 probos
2172 1966 2224 2011 et
2253 1960 2361 2012 veri
2412 1967 2687 2020 amantes,
2717 1968 2852 2027 quos
2890 1965 2948 2010 ut
2978 1957 3111 2010 bene
3155 1956 3381 2023 excipiat
3410 1955 3533 2007 lior-

1949 2057 2107 2101 tatur.
2157 2048 2258 2117 Qui
2306 2063 2434 2101 vero
2480 2049 2628 2101 missi
2670 2048 2820 2102 fuere
2862 2047 3042 2115 legati,
3096 2054 3249 2099 erant
3298 2046 3532 2113 episcopi

1946 2136 2217 2203 IEmiiius,
2240 2138 2551 2211 Cythegius,
2576 2138 2906 2194 Gaudentius
2920 2148 2975 2191 et
2996 2136 3294 2199 Marianos;
3315 2137 3533 2205 quintus

1946 2241 2120 2283 autem
2149 2246 2179 2285 a
2222 2231 2459 2285 Palladio
2501 2247 2608 2284 non
2636 2230 2943 2285 nominatur
2972 2248 2983 2280 :
3014 2230 3312 2298 presbyteri
3352 2236 3531 2281 autem

1946 2321 2050 2373 duo
2077 2331 2226 2374 erant
2254 2318 2655 2375 Valentinianus
2686 2333 2737 2375 et
2766 2320 3091 2375 Bonifacius.

2017 2412 2249 2481 Anysius
2279 2412 2357 2464 vir
2375 2412 2485 2480 jam
2513 2425 2673 2466 senex
2700 2420 2755 2467 et
2782 2413 2999 2481 probus,
3038 2412 3319 2479 episcopus
3358 2410 3532 2464 Thcs-

1946 2502 2327 2567 salonicensis,
2348 2503 2529 2557 literas
2560 2502 2778 2573 Eulysio
2814 2501 3057 2567 dederat,
3089 2512 3145 2555 ut
3176 2502 3420 2565 vidimus,
3453 2500 3537 2553 ln-

1946 2592 2195 2646 noccntio
2228 2592 2382 2661 Pap:c
2412 2592 2733 2658 afferendas,
2765 2594 2918 2663 queis
2946 2608 3003 2647 se
3033 2607 3127 2661 pro
3148 2591 3534 2662 (Ilirysostomo

1946 2698 2088 2741 stare
2115 2687 2515 2740 testiﬁcabatur.
2561 2685 2696 2741 lluic
2724 2701 2963 2739 summas
2986 2686 3181 2755 gratias
3222 2683 3329 2753 egit
3358 2682 3536 2753 Chry-

1945 2787 2214 2833 sostomus
2263 2777 2313 2831 in
2365 2778 2593 2844 epistola
2637 2762 2758 2831 162.
2807 2776 2939 2830 Eam
2992 2775 3193 2829 tardius
3236 2788 3394 2844 quam
3444 2788 3537 2842 par

1946 2868 2135 2924 fuisset
2178 2884 2236 2924 se
2272 2870 2483 2923 misisse
2528 2868 2874 2932 testiﬁcatur,
2905 2868 2973 2920 ob
3022 2866 3122 2919 loci
3172 2864 3533 2918 solitudinem.

1947 2959 2237 3029 Virumque
2286 2960 2522 3012 laudata
2552 2958 2859 3013 fortitudine
2900 2966 2953 3011 ct
2994 2956 3312 3017 constantia,
3353 2954 3533 3007 horta-

1947 3062 2137 3120 turquc
2179 3060 2236 3105 ut
2283 3051 2395 3120 pari
2442 3052 2636 3104 virtute
2678 3058 2863 3119 pergat
2894 3049 3185 3103 Ecclesiam
3226 3046 3532 3103 defendere.

1946 3141 2237 3210 Epistolam
2266 3158 2478 3213 quoque
2510 3141 2611 3197 I65
2642 3142 2785 3196 misit
2814 3140 2879 3195 ad
2910 3141 3189 3210 episcopos
3217 3154 3403 3193 omnes
3424 3138 3536 3193 Ma-

1944 3234 2204 3298 cedoni-.e,
2238 3234 2423 3289 eadem
2453 3234 2618 3287 ferme
2662 3235 2773 3301 ipsa
2803 3233 3079 3286 ferentem.
3116 3232 3327 3284 Illorum
3359 3238 3537 3283 autem

1947 3326 2193 3380 undecim
2226 3328 2273 3379 iu
2324 3325 2474 3378 titulo
2527 3326 2739 3378 nomina
2783 3324 3003 3392 profert,
3047 3337 3343 3391 agmenque
3393 3322 3539 3374 diu-it

1946 3419 2179 3489 Anysius
2234 3416 2768 3479 Thessalonicensis;
2827 3416 2893 3469 ad
2962 3423 3293 3483 carterosiue
3349 3429 3537 3468 omnes
3590 3406 3597 3415 ’

1945 3510 2105 3564 etiam
2153 3498 2258 3560 non
2310 3508 2609 3560 nominatos
2660 3506 2927 3575 dirigitur.
2981 3504 3273 3574 Epistolam
3326 3519 3540 3573 quoque

1948 3598 2048 3652 ιδι
2078 3598 2219 3652 misit
2251 3596 2317 3649 ad
2348 3597 2741 3662 Alexandrum,
2774 3595 3015 3649 Corinthi
3047 3596 3378 3666 episcopum,
3406 3597 3541 3647 ami-

1947 3690 2070 3745 citia
2109 3688 2211 3743 sibi
2252 3688 2631 3756 coniunctum,
2679 3687 2746 3742 de
2777 3702 2881 3756 quo
2922 3696 3098 3741 tamen
3129 3686 3368 3755 queritur
3397 3688 3540 3756 quod

1946 3782 2128 3835 literas
2160 3780 2332 3833 nullas
2364 3778 2429 3833 ad
2459 3794 2517 3834 se
2552 3780 2746 3832 mittat.

2015 3876 2402 3946 Clit-usostonms
2429 3874 2727 3930 Isaurorum
2766 3862 3137 3927 incursionibus
3176 3872 3371 3941 cogitur
3394 3871 3539 3925 sedes

1944 3979 2140 4021 mutare
2169 3977 2215 4020 et
2242 3967 2533 4021 Ambissunt
2557 3962 2847 4036 confugere.
2875 3994 2947 4006 —-
2969 3965 3087 4019 Jam
3117 3964 3205 4018 diu
3235 3966 3537 4017 Isaurorum

1946 4058 2279 4112 incursiones
2307 4060 2579 4128 regionem
2612 4059 2755 4110 illam
2786 4065 2840 4110 et
2862 4057 3040 4111 omnia
3071 4057 3273 4109 circum
3305 4056 3417 4108 loca
3453 4056 3535 4107 in-

1945 4148 2077 4205 festa
2113 4150 2425 4203 habuerant.
2460 4147 2656 4203 Verum
2701 4162 2837 4201 anno
2878 4145 2983 4203 40;”)
3016 4155 3274 4211 vertente,
3304 4154 3357 4200 et
3390 4145 3539 4199 initio

1944 4242 2223 4310 sequentis
2263 4239 2385 4304 606,
2421 4240 2576 4309 longe
2614 4238 2789 4292 acrius
2842 4237 3121 4300 inStitere;
3163 4244 3361 4289 etcum
3396 4236 3538 4303 peri-

1943 4330 2122 4388 culum
2164 4339 2309 4385 esset
2338 4345 2405 4386 ne
2440 4329 2726 4393 Cucusum,
2779 4343 2883 4381 non
2928 4328 2997 4382 ita
3043 4328 3303 4381 munitum
3337 4326 3530 4385 locum,

1946 4422 2257 4477 invaderent
2304 4430 2683 4491 caperentque,
2730 4419 2962 4474 Joannes
3011 4426 3193 4474 noster
3243 4416 3308 4469 ad
3362 4415 3535 4486 fugam

1949 4515 2335 4585 capessendam
2378 4522 2595 4569 coactus
2642 4521 2766 4567 est:
2815 4527 2876 4566 ac
2925 4510 3227 4566 securitatis
3269 4525 3426 4563 causa
3485 4510 3535 4563 in

1944 4610 2237 4680 asperrima
2282 4609 2459 4665 hieme
2500 4605 2613 4664 loca
2672 4606 2897 4663 subinde
2945 4609 3320 4667 commutavit,
3364 4609 3432 4661 ita
3481 4619 3537 4659 ut

1945 4701 2104 4757 modo
2131 4701 2184 4755 in
2213 4701 2457 4763 urbibus,
2491 4700 2653 4755 modo
2683 4700 2733 4753 in
2768 4709 2925 4753 terra:
2956 4699 3191 4755 faucibus
3216 4708 3268 4753 et
3290 4699 3532 4761 saltibux,

1945 4794 2146 4849 versari
2206 4793 2638 4863 compelleretur.
2695 4791 3041 4861 Tandemque
3104 4791 3405 4844 lsaurorum
3453 4800 3533 4844 tu-

1942 4883 2110 4937 multu
2139 4884 2399 4953 tantisper
2423 4882 2625 4947 sedato,
2660 4881 2772 4935 loca
2801 4881 3011 4938 deserta
3036 4881 3369 4952 relinquens,
3404 4882 3537 4935 Ara-

1942 4974 2143 5030 bissum
2167 4972 2421 5044 confugit,
2449 4974 2499 5029 in
2526 4987 2642 5045 quo
2667 4971 2863 5044 oppido
2905 4988 3000 5027 arx
3029 4982 3143 5027 erat
3174 4972 3389 5041 reliquis
3415 4988 3530 5023 om-

1942 5066 2099 5120 nibus
2127 5067 2316 5120 vicinis
2342 5065 2476 5121 locis
2502 5066 2683 5129 tutior,
2710 5065 2761 5120 in
2784 5081 2909 5119 arce
2936 5074 3114 5119 autem
3142 5064 3298 5119 sedes
3326 5065 3526 5127 habuit,

1943 5161 1994 5213 lu
2022 5159 2219 5230 oppido
2242 5160 2383 5215 enim
2414 5168 2527 5214 toto
2559 5159 2758 5214 versari
2785 5172 2888 5213 non
2917 5167 3142 5227 poterat.

2012 5248 2140 5305 Hart:
2172 5249 3113 5321 porronarratipseJoannesnoster
3132 5250 3184 5303 in
3206 5250 3426 5319 cpistola
3465 5251 3534 5302 ϐε)

1941 5342 2005 5396 ad
2057 5340 2331 5396 Nicolaum
2375 5341 2768 5414 presbyterum.
2826 5339 2990 5394 Addit
3042 5351 3219 5395 autem
3265 5355 3385 5396 esse
3430 5341 3529 5394 sibi

1942 5431 2080 5488 hanc
2108 5431 2289 5487 sedem
2340 5431 2484 5486 omni
2522 5446 2736 5487 carcere
2783 5431 3129 5486 deteriorem.
3172 5431 3529 5501 Praztcrquam

1940 5526 2077 5596 quod
2111 5525 2253 5579 enim
2303 5525 2469 5580 Isauri
2508 5526 2743 5597 quotidie
2762 5526 2941 5579 omnia
2982 5524 3329 5591 invadebant,
3370 5534 3531 5593 atque

1940 5618 2044 5687 igni
2095 5627 2147 5671 et
2190 5618 2334 5675 ferro
2383 5626 2491 5671 tum
2543 5616 2787 5684 :rdilicia,
2832 5626 2941 5671 tum
2988 5631 3211 5689 corpora
3257 5616 3527 5678 delebant,

1939 5710 2131 5766 famem
2175 5712 2367 5775 etiam,
2413 5726 2570 5781 quam
2614 5722 2669 5764 et
2712 5711 2813 5765 luci
2857 5712 3099 5780 angustia
3145 5719 3197 5765 et
3241 5708 3531 5763 multitudo

1941 5818 2127 5856 eorum
2170 5804 2257 5873 qui
2306 5804 2395 5857 illo
2457 5800 2852 5871 confugit-bant,
2906 5800 3232 5867 minabatur,
3272 5800 3523 5870 pertime-
