4276 6316
790 370 885 425 251

786 484 968 539 scebat
1018 484 1125 538 ille.
1168 484 1245 537 Ad
1291 484 1404 538 hsce
1451 500 1577 539 vero
1624 484 1855 538 diuturni
1888 483 2055 537 morbi
2106 497 2262 551 quem
2306 492 2359 535 et

788 575 959 630 hiems
998 584 1054 629 et
1093 586 1345 645 perpetua
1376 577 1492 645 fuga
1542 584 1852 645 pepererat,
1880 575 1979 628 etsi
2012 574 2120 641 jam
2149 572 2359 626 sedatus

786 672 923 729 erat,
953 673 1126 718 tamen
1172 664 1422 735 reliquias
1462 665 1635 719 adhuc
1671 664 1761 717 ille
1798 662 2226 717 circumferebat.
2255 660 2357 713 Vix

786 765 961 811 autem
990 757 1269 827 quisquam
1296 757 1361 811 ad
1394 758 1535 810 illum
1566 770 1889 817 commeare
1912 755 2172 818 audebat,
2219 752 2357 820 quod

784 846 881 899 via:
935 846 1166 917 undique
1210 847 1504 901 interclusa:
1541 856 1739 901 essent.
1792 846 1988 901 Eadem
2032 846 2202 898 ferme
2246 842 2357 911 ipsa

786 936 980 1005 repetit
1009 937 1060 989 in
1092 937 1311 1005 epistola
1340 936 1409 990 70
1432 936 1499 990 ad
1529 936 1910 1006 Apbtltonium,
1940 932 2271 987 Theodotum
2303 939 2357 985 et

783 1022 1057 1079 (lltmreatn
1107 1026 1441 1095 presbyteros
1486 1034 1540 1080 et
1584 1023 1892 1088 monachos,
1932 1022 2055 1091 quid
2104 1020 2167 1074 ad
2208 1020 2357 1074 illum

784 1115 1047 1183 proﬁcisci
1092 1117 1469 1186 pet-optabant;
1501 1116 1592 1171 sed
1632 1117 1751 1185 quia
1798 1117 1850 1169 in
1881 1115 1969 1170 tali
2014 1128 2192 1168 rerum
2222 1127 2354 1166 con-

783 1204 983 1258 ditiouc
1012 1204 1138 1258 illud
1171 1206 1267 1259 iter
1292 1207 1485 1275 suscipi
1514 1207 1723 1260 nonnisi
1749 1220 1868 1259 cum
1909 1204 2092 1276 grandi
2125 1203 2356 1285 periculo

788 1306 1013 1363 poterat,
1038 1296 1280 1351 hortatur
1308 1299 1429 1353 illos
1453 1309 1509 1352 ιιι
1536 1300 1635 1354 sibi
1665 1313 1759 1368 per
1783 1297 1997 1351 crebras
2027 1296 2209 1348 literas
2230 1308 2355 1347 con-

784 1384 1094 1439 solationem
1124 1388 1348 1455 pariant.

855 1474 913 1529 In
951 1476 1173 1548 cpistola
1218 1495 1344 1533 vero
1391 1479 1488 1533 127
1525 1478 1591 1533 ad
1632 1477 1908 1548 Polybium
1957 1477 2049 1540 ait,
2104 1474 2204 1529 sibi
2244 1475 2353 1543 jam

787 1565 947 1619 adimi
1001 1567 1270 1621 literarum
1319 1571 1561 1625 solatium
1601 1585 1694 1639 per
1738 1568 1873 1623 nivis
1916 1568 2183 1638 ingentem
2214 1566 2349 1629 vim,

786 1670 906 1724 qum
952 1656 1063 1709 vias
1107 1672 1303 1711 omnes
1349 1660 1744 1721 intercluserat;
1791 1656 1886 1711 sed
1938 1657 2106 1726 magis
2155 1656 2352 1709 invium

786 1739 1318 1816 inaccessibilemque
1335 1748 1483 1804 reddi
1501 1750 1676 1804 locum
1690 1749 1760 1804 ab
1778 1743 2074 1823 Isaurorum
2117 1753 2316 1799 terrore
2336 1761 2349 1809 ;

781 1837 871 1898 qui
898 1844 1077 1887 tantus
1104 1846 1235 1898 erat,
1272 1844 1326 1888 ut
1350 1851 1507 1889 nemo
1528 1837 1672 1890 domi
1702 1851 1918 1890 manere
1946 1835 2197 1899 auderet,
2234 1850 2351 1888 om-

785 1935 983 1997 nesque
1012 1924 1343 1993 aufugerent,
1370 1924 1440 1977 ita
1470 1935 1525 1979 ut
1551 1926 1710 1981 urbes
1740 1937 1864 1980 tunc
1891 1927 2119 1995 parietes
2149 1937 2351 1979 tantum

781 2019 833 2063 ct
861 2020 995 2064 tecta
1040 2024 1237 2076 essent,
1279 2022 1544 2083 prterupta
1580 2024 1757 2070 autem
1800 2025 1854 2069 et
1898 2014 2065 2069 saltus
2106 2015 2158 2069 in
2194 2014 2351 2068 urbes

781 2110 1131 2155 mutarentur.
1180 2102 1379 2175 Tantus
1421 2105 1623 2159 scilicet
1665 2115 1779 2160 erat
1818 2105 2115 2159 Isaurorum
2160 2104 2345 2159 furor:

779 2189 910 2243 alios
941 2189 1253 2259 jugulabant
1290 2193 1371 2247 vel
1416 2194 1815 2258 comburebant,
1859 2194 1993 2249 alios
2037 2209 2104 2248 ex
2130 2193 2350 2263 captivis

777 2296 960 2335 servos
1005 2282 1323 2339 efﬁciebant.
1374 2284 1753 2340 Adolescentes
1804 2300 2015 2355 quoque
2057 2286 2108 2338 in
2163 2285 2350 2339 mediis

780 2374 1023 2431 noctibus
1062 2376 1310 2445 aufugere
1348 2379 1517 2432 coacti
1558 2378 1609 2431 in
1657 2378 1852 2430 nivium
1881 2376 2129 2448 congerie
2157 2376 2349 2447 frigore

774 2460 1170 2530 obrigescentes
1222 2466 1604 2521 moriebantur.
1660 2467 1946 2535 Superiora
1999 2467 2209 2521 brevius
2267 2484 2350 2521 rc-

774 2561 956 2607 censct
983 2554 1033 2606 in
1079 2555 1304 2623 epistola
1345 2557 1443 2611 131
1488 2555 1557 2611 ad
1589 2556 1849 2625 Elpidiutn
1886 2557 2213 2627 episeoptun,
2248 2559 2346 2608 ait-

772 2656 875 2709 que
910 2657 969 2695 se
1002 2644 1155 2697 sedes
1187 2646 1380 2713 saepius
1407 2647 1713 2713 mutavisse,
1746 2661 1916 2716 neque
1944 2648 1995 2700 iu
2022 2648 2262 2711 castello,
2295 2647 2344 2699 in

774 2726 878 2799 quo
904 2740 1025 2786 tunc
1052 2733 1201 2802 quasi
1232 2734 1285 2787 in
1316 2749 1532 2789 carcere
1559 2735 1792 2789 inclusus
1812 2737 2079 2799 manebat,
2108 2736 2235 2787 satis
2264 2746 2346 2787 tu-

774 2832 882 2887 tum
906 2838 1025 2879 esse
1055 2841 1069 2879 :
1117 2824 1280 2879 Isauri
1323 2842 1549 2895 namque
1580 2827 1878 2897 hujusmodi
1918 2842 2067 2881 arces
2101 2827 2347 2880 obsidere

772 2929 877 2967 non
901 2914 1231 2970 dubitabant.
1264 2915 1597 2987 Quapropter
1626 2919 1758 2987 petit
1785 2927 1840 2971 ut
1869 2918 2107 2987 ignoscat
2134 2918 2268 2984 sibi,
2300 2919 2342 2970 si

772 3018 893 3057 ra:o
924 2994 1021 3076 ipsi
1048 3006 1227 3061 literas
1261 3010 1454 3073 mittat,
1486 3018 1740 3076 rogatque
1776 3007 2082 3077 frequenter
2109 3008 2195 3061 ille
2216 3008 2343 3073 ,‘eui

771 3094 982 3162 licebat,
1014 3096 1062 3150 id
1092 3091 1325 3152 niuneris
1347 3108 1682 3167 exsequatur.

840 3185 1103 3254 Epistolas
1127 3188 1251 3241 item
1274 3187 1404 3242 duas
1425 3188 1637 3256 scripsit
1658 3188 1723 3241 (i7
1754 3197 1807 3241 et
1834 3187 1901 3241 63
1925 3186 1988 3241 ad
2013 3186 2340 3241 Theodotum

767 3278 1049 3331 diaconum
1075 3279 1176 3333 sibi
1200 3278 1641 3344 addictissimum,
1673 3281 1724 3333 in
1751 3295 1970 3349 quarum
1990 3280 2151 3333 altera
2174 3280 2298 3333 dicit
2326 3297 2337 3331 :

772 3363 865 3419 Tot
906 3369 1155 3422 Armenia:
1202 3369 1338 3422 mala
1377 3380 1533 3435 sunt,
1572 3387 1629 3423 ac
1660 3380 1921 3440 tempestas
1967 3370 2126 3425 altera
2176 3371 2343 3422 omnia

766 3459 959 3524 excepit
1005 3473 1023 3509 :
1065 3475 1182 3531 nam
1226 3475 1536 3528 quocumque
1579 3460 1779 3512 tandem
1825 3460 2085 3529 quisquam
2136 3460 2339 3519 venerit,

768 3556 998 3601 cruentos
1046 3558 1324 3614 torrentes,
1378 3550 1675 3602 cadaverum
1730 3552 1960 3619 agmina,
2010 3550 2185 3601 domos
2235 3554 2341 3602 solo

766 3647 1006 3705 arquatae,
1034 3639 1176 3691 urbes
1227 3655 1420 3692 eversas
1467 3640 1747 3709 perspiciet.
1789 3638 1977 3708 Oppidi
2004 3648 2177 3693 autem
2204 3640 2339 3693 Ara-

768 3727 893 3781 bissi
934 3730 1215 3798 episcopus
1264 3740 1379 3785 erat
1428 3732 1638 3785 Otreins
1679 3731 2057 3801 Chrysostomo
2111 3732 2339 3785 amicitia

764 3819 1097 3886 conjunctus,
1144 3827 1198 3873 ιιι
1226 3820 1471 3889 liquetex
1507 3821 1726 3889 cpistola
1772 3822 1873 3875 126
1897 3822 1962 3873 ad
1990 3821 2255 3875 Ruﬁnum.
2286 3822 2337 3875 In

762 3909 982 3977 cpistola
1007 3911 1104 3965 155
1136 3910 1409 3966 Theodoto
1430 3912 1652 3967 diacono
1668 3914 2064 3982 gratiasagcus,
2089 3913 2229 3982 quod
2258 3916 2338 3967 sui

766 4000 1025 4055 inviscndi
1054 4016 1211 4055 causa
1234 4002 1342 4071 jam
1373 4005 1423 4057 in
1448 4007 1739 4075 asperrima
1777 4006 1951 4059 hieme
1987 4006 2252 4068 venisset,
2287 4016 2339 4061 et

764 4090 902 4158 quod
930 4090 1165 4146 secundo
1195 4094 1503 4148 Arabissum
1536 4105 1787 4149 venturus
1816 4096 2019 4160 fuisset,
2052 4098 2150 4149 nisi
2174 4084 2338 4150 Isauri

766 4179 876 4231 vias
909 4181 1321 4248 prmclusissent,
1368 4199 1425 4236 se
1453 4184 1666 4253 quidem
1706 4200 1892 4253 magna
1923 4188 2098 4253 quiete
2138 4196 2191 4239 et
2230 4186 2339 4239 etio

762 4265 864 4320 frui
897 4268 992 4334 ait,
1026 4278 1307 4340 tamenque
1344 4272 1672 4329 obsidionem
1715 4275 1765 4327 in
1798 4274 1916 4329 dies
1947 4275 2330 4343 ingravescere.

760 4356 925 4433 Iam,
993 4359 1196 4429 inquit,
1240 4363 1402 4415 media
1441 4374 1580 4417 nocte
1632 4374 1810 4435 praeter
1845 4382 2039 4419 omnem
2080 4376 2336 4434 exspecta-

763 4449 945 4501 tionem
996 4461 1324 4504 trecentorum
1374 4452 1671 4506 Isaurorum
1708 4470 1884 4524 agmen
1922 4455 2165 4524 oppidum
2221 4462 2334 4525 pet"-

764 4541 998 4605 cursavit,
1030 4557 1246 4611 peneque
1290 4558 1381 4594 nos
1416 4545 1562 4612 cepit.
1590 4543 1744 4596 Putat
1794 4558 1847 4594 v.
1870 4542 1939 4596 cl.
1972 4543 2337 4598 Tillemontius

764 4632 847 4685 his
873 4631 1154 4701 signiﬁcari
1186 4633 1488 4687 Isaurorum
1518 4631 1646 4687 illud
1673 4648 1861 4702 agmen
1895 4633 1947 4686 in
1973 4633 2237 4702 oppidum"
2258 4634 2338 4687 in-

760 4735 1004 4792 gressum
1037 4723 1231 4796 fuisse;
1262 4724 1400 4795 quod
1430 4734 1603 4777 tamen
1630 4739 1734 4778 non
1763 4722 1972 4777 videtur
1996 4722 2225 4777 Joannes
2254 4723 2337 4778 his

762 4815 941 4871 verbis
965 4816 1286 4886 significare.
1318 4814 1450 4882 lmo,
1482 4817 1524 4869 si
1570 4816 1622 4869 in
1648 4809 1914 4885 oppidum
1959 4817 2180 4885 ingressi
2207 4818 2335 4872 fuis-

763 4914 911 4968 sent,
946 4906 1119 4961 czcdes
1154 4906 1294 4960 haud
1331 4905 1519 4972 dubie,
1542 4906 1901 4975 direptiones,
1947 4907 2152 4977 aliaque
2200 4909 2335 4963 mala

765 4995 1104 5065 intulissent,
1144 5011 1267 5066 qua:
1292 4994 1711 5069 'Clnysostomus
1760 4997 2061 5055 describere
2101 5014 2205 5054 non
2244 5016 2335 5054 ne-

764 5087 1037 5155 glexisset.

838 5178 895 5231 In
917 5178 1133 5245 epistola
1163 5193 1290 5233 vero
1319 5178 1387 5234 70
1412 5180 1483 5233 ait
1511 5194 1567 5234 se
1587 5194 1705 5233 cum
1742 5181 1887 5249 gravi
1914 5182 2152 5250 corporis
2179 5183 2335 5250 aegri-

768 5268 950 5327 tudine
974 5269 1285 5325 conﬁictari.
1334 5272 1400 5326 At
1447 5272 1499 5325 in
1543 5272 1762 5341 epistola
1813 5272 1907 5327 151
1964 5274 2030 5327 ad
2073 5273 2335 5341 Elpidium

764 5373 977 5428 gravem
1002 5358 1127 5415 dicit
1147 5362 1435 5418 accessisse
1455 5364 1715 5428 morbum,
1737 5364 1886 5433 cujus
1902 5360 2074 5419 adhuc
2089 5364 2338 5433 reliquias

764 5447 1168 5505 circumferebat
1194 5468 1208 5504 :
1239 5450 1380 5521 quod
1427 5451 1593 5521 ipsum
1620 5452 1747 5505 dicit
1775 5454 1824 5505 in
1852 5453 2071 5520 epistola
2114 5454 2232 5509 158.
2258 5454 2337 5508 Ad

764 5534 1128 5605 Olympiadem
1150 5547 1283 5594 Vero
1311 5542 1550 5596 scribens
1574 5542 1846 5610 epistolam
1876 5542 1942 5596 15
1966 5544 2056 5604 ait,
2080 5558 2141 5597 se
2166 5558 2194 5597 e
2215 5559 2337 5611 gra-

769 5628 985 5683 vissimo
1008 5633 1285 5686 emersisse
1316 5633 1523 5698 morbo,
1554 5634 1647 5687 sed
1692 5633 1860 5687 morbi
1892 5632 2139 5701 reliquias
2165 5632 2340 5687 adhuc

766 5717 1104 5774 circumferre
1129 5738 1141 5774 :
1172 5731 1225 5775 et
1253 5722 1438 5777 adesse
1466 5724 1564 5777 sibi
1591 5723 1800 5797 quidem
1829 5722 2062 5778 medicos
2087 5720 2336 5791 optimos,

1804 372 1858 426 S.
1896 369 2172 425 .IOANNIS
2210 362 2683 423 CHRYSOSTUMI
2725 367 2901 433 \‘l'l'A,

3936 370 4050 426 25?.

2468 480 2561 531 sed
2580 479 2996 531 necessariarum
3018 493 3191 532 rerum
3208 479 3457 547 inopiam,
3478 479 3749 534 medicinas
3766 480 4047 537 utilitatem

2468 570 2817 633 labefactare;
2850 586 2946 625 nec
2976 573 3130 623 modo
3162 571 3347 625 abesse
3378 572 3762 626 medicamenta
3793 583 4042 628 czetems—

2468 674 2572 727 que
2613 676 2718 723 res,
2750 675 2930 715 verum
2962 661 3118 714 etiam
3167 659 3357 715 famem
3398 670 3452 715 et
3498 673 3694 729 testem
3727 664 4043 727 imminere;

2468 748 2685 817 beneque
2734 750 2869 803 mala
2900 750 3197 804 lsaurorum
3248 752 3576 808 incursiones
3615 756 3870 822 parturire
3894 796 3912 821 ,
3949 758 4047 826 qui

2465 854 2649 893 omnes
2673 840 2783 893 vias
2810 840 3235 905 intercluderent,
3268 840 3495 911 hincque
3545 845 3829 911 periculum
3870 847 4047 900 creari

2466 927 2530 980 iis
2556 930 2644 997 qui
2685 929 2782 983 iter
2824 928 3072 985 facerent.
3105 931 3460 986 Andronicum
3487 934 3627 987 enim
3657 934 3935 1003 quemdam
3966 936 4048 989 ait

2465 1017 2514 1069 in
2543 1019 2748 1072 illorum
2780 1035 2965 1075 manus
2986 1022 3253 1088 incidisse,
3276 1031 3431 1092 atque
3459 1023 3525 1077 ab
3548 1024 3610 1077 iis
3638 1025 3938 1093 spoliatum,
3962 1033 4046 1080 sic

2464 1097 2665 1163 salvum
2697 1123 2868 1165 tamen
2893 1115 3144 1167 evasisse.

2535 1199 2854 1254 Constantius
2911 1204 3164 1274 presbyter
3213 1205 3265 1258 in
3327 1201 3547 1275 Cyprum
3596 1206 3745 1277 fugit.
3797 1236 3867 1246 —
3920 1206 4041 1261 Non

2464 1288 2564 1358 ipsi
2611 1306 2821 1360 semper
2872 1302 3066 1361 praesto
3097 1292 3240 1348 fncre
3288 1295 3473 1348 medici
3508 1312 3521 1347 :
3554 1311 3675 1349 nam
3720 1297 3771 1350 in
3816 1295 4043 1365 epistola

2463 1378 2565 1432 105
2616 1379 2680 1433 ad
2728 1378 3050 1435 C'nalcidiam
3097 1382 3171 1436 ait
3210 1397 3268 1439 se
3318 1383 3640 1438 medicorum
3690 1385 3903 1453 penuria
3958 1386 4045 1439 la-

2463 1470 2671 1525 borare.
2705 1472 2827 1527 lla-c
2856 1489 2980 1528 vero
3008 1473 3275 1529 Chalcidia
3298 1475 3489 1528 virtute
3513 1475 3766 1545 singulari
3797 1476 4043 1545 pnedita,

2460 1576 2579 1631 qua:
2609 1578 2823 1631 magnas
2863 1580 2956 1634 per
2982 1566 3141 1620 vitam
3168 1581 3315 1620 suam
3343 1581 3606 1620 aerumnas
3632 1582 3781 1636 passa
3831 1569 4039 1632 fuerat,

2459 1652 2511 1705 in
2542 1654 2775 1706 omnium
2798 1656 3162 1722 gravissimam
3185 1664 3307 1711 tunc
3335 1656 3609 1710 inciderat.
3634 1658 3776 1710 Illam
3804 1673 3933 1712 vero
3953 1674 4046 1711 so-

2459 1741 2598 1795 latur
2620 1742 3052 1813 Cbrysostomus,
3094 1743 3231 1798 fluxa
3257 1760 3375 1799 esse
3427 1749 3705 1814 praesentia
3754 1756 3862 1801 tum
3896 1748 4041 1802 bona

2460 1840 2567 1885 tum
2596 1833 2732 1886 mala
2763 1834 2963 1897 dicens,
2987 1844 3039 1888 et
3068 1850 3331 1889 mrumnas
3354 1845 3549 1904 quanto
3576 1837 3845 1904 graviores
3871 1848 4041 1904 sunt,

2460 1930 2604 1974 tanto
2632 1923 2831 1999 majora
2860 1923 3072 1992 praemia
3090 1932 3144 1977 et
3161 1938 3384 1978 coronas
3408 1925 3710 1979 conciliare.
3743 1927 3886 1981 lianc
3909 1945 4045 1983 Vero

2459 2026 2646 2065 novam
2677 2012 2967 2067 Chalcidice
2992 2000 3285 2067 terumnar'n
3316 2029 3433 2069 esse
3470 2029 3624 2083 posse
3654 2018 3890 2085 opinatur
3926 2014 4043 2071 Til-

2454 2101 2741 2158 lemontius
2765 2104 3057 2159 Constantii
3084 2105 3378 2175 presbyteri
3410 2106 3508 2161 sibi
3534 2107 3950 2175 eonjunctissimi
3983 2119 4045 2164 et

2454 2191 2737 2248 Chalcidis:
2760 2194 2955 2248 addicti
2990 2209 3169 2248 casum
3201 2196 3365 2261 illum,
3398 2196 3485 2264 qui
3524 2211 3552 2248 a
3580 2196 3816 2252 Palladio
3846 2214 4045 2252 narra-

2458 2291 2540 2335 tur
2569 2282 2815 2351 (Pallad.
2850 2283 3077 2355 Dialog.)
3114 2304 3127 2339 :
3153 2300 3275 2340 cum
3307 2285 3548 2341 videlicet
3573 2287 3895 2358 Porphyrius
3927 2291 4044 2343 An-

2456 2373 2751 2441 tiochentts,
2781 2391 2919 2445 a'gre
2962 2375 3143 2430 videns
3191 2377 3336 2431 illum
3382 2379 3451 2431 ob
3501 2378 3818 2448 singularem
3861 2384 4041 2449 picta-

2457 2472 2560 2516 tetn
2588 2464 2637 2517 in
2681 2466 2848 2532 pretio
2898 2466 3108 2532 haberi,
3152 2468 3385 2536 pecuniis
3413 2467 3713 2537 impetravit
3743 2468 4043 2540 imperato-

2454 2554 2556 2607 rias
2590 2556 2785 2619 literas,
2818 2559 2965 2625 queis
2996 2557 3082 2610 ille
3108 2566 3166 2611 ut
3196 2558 3372 2627 populi
3404 2561 3739 2627 perturbatur
3767 2561 3818 2615 in
3851 2563 4037 2617 Uasint

2452 2644 2800 2713 relegabatur.
2832 2646 2984 2714 Quod
3013 2656 3068 2701 ut
3110 2649 3322 2702 rescivit
3349 2648 3706 2716 Constantius,
3739 2652 4038 2707 amicorum

2454 2736 2689 2789 subsidio
2715 2738 2763 2790 in
2795 2738 3030 2808 Cyprum
3053 2737 3270 2807 aufugit.

2524 2827 2831 2881 Theodotus
2856 2843 2981 2883 vero
3021 2828 3275 2884 diaconus
3313 2827 3695 2900 Cltrysostomo
3730 2833 4036 2890 addictissi-

2452 2931 2588 2980 mus,
2620 2917 2687 2969 de
2716 2933 2820 2985 quo
2841 2932 2996 2986 supra
3024 2918 3371 2986 loquebamur
3392 2960 3403 2980 ,
3434 2920 3482 2972 in
3515 2923 3802 2988 astterritna
3854 2924 4037 2979 hieme

2452 3006 2620 3073 ipsum
2675 3006 2938 3061 invisurus
2981 3008 3286 3061 Arabissum
3334 3019 3581 3071 venerat,
3628 3020 3783 3079 atque
3835 3011 4036 3068 iterum

2450 3106 2702 3150 venturus
2730 3108 2875 3161 erat,
2914 3098 3014 3151 nisi
3059 3097 3220 3151 Isauri
3249 3099 3360 3152 vias
3390 3100 3797 3166 praeclusis-sent.
3823 3102 4037 3157 Eodem

2448 3186 2658 3242 circiter
2698 3199 2936 3256 tempore
2960 3198 3012 3242 et
3046 3187 3271 3243 fortasse
3300 3204 3417 3243 cum
3458 3188 3736 3243 Theodoto
3763 3191 3996 3247 diacono
4017 3234 4035 3260 ,

2446 3277 2512 3331 ad
2540 3277 2977 3349 Cbrysostomum
3002 3279 3142 3334 venit
3165 3279 3471 3334 Theodotus
3492 3281 3809 3335 alterlector
3830 3281 4033 3353 (Epist.

2448 3367 2561 3438 6|),
2598 3368 2736 3423 ﬁlius
2764 3369 3022 3424 Theodoti
3051 3386 3116 3424 ex
3146 3371 3527 3434 consularibus,
3561 3387 3718 3441 quem
3749 3383 3894 3443 pater
3921 3377 4037 3429 mi-

2447 3468 2589 3515 serat
2607 3460 2671 3514 ad
2697 3460 3158 3531 Clu-ysostomum,
3184 3472 3241 3515 ut
3268 3462 3433 3531 ipsius
3454 3460 3690 3516 doctrina
3706 3472 3761 3516 et
3780 3466 4039 3533 exemplo

2448 3550 2498 3602 in
2532 3565 2652 3603 vera
2680 3549 3039 3619 philosophia,
3072 3566 3229 3619 quam
3278 3550 3652 3619 proﬁtebatur,
3684 3552 3891 3606 radices
3924 3568 4033 3621 po-

2447 3653 2572 3693 nere
2617 3640 2850 3704 valeret;
2897 3640 3188 3708 eodemque
3238 3649 3473 3708 tempore
3515 3640 3820 3694 Theodotus
3875 3650 4037 3709 pater

2445 3744 2662 3783 munera
2684 3729 3065 3799 Chrysoswmo
3097 3730 3268 3793 misit,
3312 3728 3726 3799 precabaturque
3756 3730 3936 3796 illum,
3972 3741 4034 3788 ut

2446 3819 2608 3872 ﬁlium
2641 3834 2793 3872 suum
2821 3819 2958 3887 apud
2990 3832 3047 3873 se
3076 3819 3345 3873 retineret.
3378 3819 3669 3887 Respondit
3698 3834 3826 3873 vero
3853 3819 4027 3875 Joan-

2446 3924 2541 3962 nes
2570 3918 2748 3963 noster
2785 3924 2843 3963 se
2874 3910 2983 3978 jam
3028 3924 3056 3962 a
3086 3909 3362 3964 Theodoto
3388 3919 3588 3963 tantum
3629 3926 3819 3965 munus
3862 3925 4026 3967 acce-

2444 4001 2615 4069 pisse,
2647 4016 2767 4053 cum
2808 4000 2969 4055 ﬁlium
3005 4016 3157 4055 suum
3200 4011 3339 4054 tanta
3377 4002 3571 4055 virtute
3615 4003 3888 4071 praeditum
3915 4004 4022 4061 sibi

2444 4094 2621 4158 misit,
2655 4101 2710 4147 ut
2736 4108 3070 4161 sumnmpere
3116 4093 3370 4159 miretur,
3413 4093 3553 4162 quod
3583 4093 3701 4148 aliis
3725 4107 3932 4163 quoque
3962 4112 4028 4152 se

2445 4184 2751 4237 muneribus
2797 4185 3066 4237 cumulare
3114 4183 3382 4237 voluerit:
3426 4194 3749 4252 quapropter
3796 4199 4022 4239 munera

2443 4264 2630 4329 ἱειιιεηο
2670 4276 2764 4345 ipsi
2806 4276 3040 4339 remisit;
3084 4275 3243 4328 lilium
3276 4290 3400 4329 vero
3434 4277 3549 4344 ejus
3588 4290 3645 4330 se
3669 4274 4025 4333 libentissime

2443 4375 2769 4419 retenturum
2799 4364 2957 4418 fuisse
2978 4365 3129 4429 dixit,
3158 4364 3249 4418 sed
3281 4350 3400 4433 quia
3428 4363 3789 4419 lsauri'omnia
3817 4366 4022 4422 circum

2443 4455 2584 4509 ferro
2628 4457 2851 4524 igneque
2889 4455 3276 4525 populabantur
3299 4494 3314 4520 ,
3350 4455 3567 4525 ipseque
3605 4455 3839 4525 quotidie
3863 4457 4022 4512 sedes

2444 4555 2647 4600 mutare
2683 4540 3004 4615 cogebatur,
3050 4546 3168 4600 ideo
3196 4561 3254 4600 se
3291 4546 3435 4600 illum
3475 4545 3752 4601 Theodoto
3794 4546 4023 4603 diamno

2442 4635 2669 4697 misisse,
2695 4636 3076 4704 mandasseque
3106 4636 3181 4687 illi
3200 4645 3257 4687 ut
3278 4634 3539 4689 Theodoti
3568 4636 3782 4690 lectoris
3805 4638 4021 4693 assidue

2441 4739 2619 4778 curam
2644 4720 2882 4795 gereret,
2928 4728 2981 4780 in
3025 4726 3182 4796 idque
3221 4740 3410 4796 magno
3435 4725 3612 4780 studio
3652 4736 3709 4781 et
3744 4726 4021 4797 diligentia

2442 4817 2789 4873 incumberet.

2511 4906 2758 4962 Theodoti
2788 4909 2983 4962 lectoris
3009 4907 3234 4961 historia.
3262 4933 3334 4949 ε-
3360 4907 3663 4962 Theodotus
3712 4918 3888 4963 autem
3936 4907 4019 4963 le-

2442 5008 2556 5053 ctor
2584 5009 2764 5066 pOStea
2794 4997 2932 5066 apud
2962 4997 3402 5068 Cltrysostomum
3424 5010 3543 5050 sese
3578 4997 3847 5049 excusavit
3876 4998 4022 5065 quod

2441 5090 2508 5141 ab
2540 5089 2627 5141 illo
2654 5089 2963 5142 secessisset
2991 5102 3003 5138 :
3037 5088 3304 5142 discessus
3332 5100 3459 5140 vero
3486 5100 3699 5139 causam
3748 5084 3909 5140 fuisse
3932 5087 4020 5141 di-

2442 5180 2611 5242 cebat,
2646 5187 2755 5233 tum
2775 5176 2915 5248 quod
2936 5178 3209 5231 oculorum
3241 5175 3542 5229 inﬁrmitate
3580 5175 3873 5240 laboraret,
3906 5184 4020 5231 tum

2442 5270 2582 5340 quod
2612 5270 2831 5325 nimium
2859 5268 3023 5338 frigus
3050 5267 3421 5322 extimesceret
3448 5282 3461 5319 :
3489 5262 3700 5321 dicebat
3724 5265 3884 5321 etiam
3906 5266 4021 5320 'ali-

2442 5374 2576 5430 quos
2599 5374 2719 5429 esse
2748 5360 2837 5428 qui
2866 5359 2965 5413 sibi
2997 5352 3211 5411 insidias
3236 5364 3522 5417 strucrent,
3551 5354 3603 5408 id
3625 5363 3726 5419 est,
3755 5362 3811 5408 ut
3834 5367 3899 5408 ex
3928 5368 4023 5408 se.

2444 5442 2725 5517 quentibus
2747 5449 2931 5518 liquet,
2958 5448 3047 5517 qui
3074 5455 3276 5517 patrem
3308 5460 3459 5499 suum
3495 5443 3775 5499 adversum
3801 5458 3860 5498 se
3889 5458 4025 5499 cott-

2443 5543 2684 5597 citarcnt.
2730 5542 2957 5611 chonit
2991 5539 3401 5611 Cltrysostomus
3435 5537 3488 5592 in
3535 5536 3755 5605 cpistola
3796 5535 3932 5599 {56,
3961 5550 4025 5591 se

2445 5632 2775 5687 Theodotum
2817 5632 2965 5700 quasi
3016 5638 3330 5699 prtrsentctn
3361 5642 3571 5697 semper
3601 5625 3828 5691 habere,
3858 5637 4026 5695 atque

2447 5722 2623 5777 animo
2651 5722 2966 5792 complecti;
2998 5720 3343 5789 hortaturque.
3373 5718 3520 5774 illum
3549 5727 3606 5775 ut
3635 5716 3768 5773 mala
3793 5731 4025 5787 quaeque
