4276 6316
305 288 412 346 253

310 401 589 471 pra-sentin
607 404 1028 467 spernat,utpote
1042 394 1321 462 nummum
1334 402 1543 457 semper
1560 383 1891 441 manentibus

312 491 545 560 praemiis
573 498 985 556 compettscntur
1007 523 1020 547 ,
1050 494 1208 551 atque
1233 490 1288 534 ut
1317 478 1531 533 assidue
1561 477 1891 544 Scripturam

309 595 514 635 sacram
557 579 733 647 legat,
761 583 1010 646 quantum
1039 588 1132 642 per
1159 570 1430 624 «.culorum
1477 565 1892 620 imbecillitatem

309 669 508 726 licebit.
550 669 682 723 Cum
726 681 886 734 porro
917 663 1160 718 muneris
1189 673 1364 714 causa:
1403 657 1679 711 Theodoto
1708 653 1891 707 lectori

308 775 524 829 semper
556 763 944 821 iucresccrcut,
991 753 1155 822 patris
1199 761 1256 803 ut
1302 751 1505 802 videtur
1550 753 1894 815 exasperatus

309 852 522 904 animus
561 859 616 904 et
651 848 924 902 oculorum
971 844 1338 906 imbecillitas;
1386 841 1469 893 his
1507 839 1575 895 de
1612 837 1786 891 causis
1828 836 1893 889 ad

307 940 767 1010 Chrysostomnm
786 931 1148 1012 scripsit:qui
1191 946 1252 986 ea
1283 944 1383 1000 qua
1415 944 1508 998 par
1547 935 1661 982 erat
1704 941 1892 980 conso-

310 1029 510 1085 latione
537 1029 685 1082 illum
714 1025 966 1080 recreavit
995 1024 1046 1078 iu
1087 1022 1310 1092 epistola
1340 1019 1444 1074 109.
1474 1038 1486 1072 :
1527 1021 1664 1072 circa
1708 1018 1894 1070 oeulo-

308 1135 430 1174 rum
463 1117 874 1186 iuvaletudincm
904 1116 1145 1169 hortatur
1172 1114 1320 1178 illum
1350 1121 1406 1166 ut
1435 1111 1670 1165 medicos
1695 1125 1894 1164 consu-

311 1214 411 1278 lat,
436 1221 489 1266 et
516 1209 582 1264 ad
605 1225 715 1266 rem
748 1219 944 1262 tantam
968 1205 1234 1275 advigilet.
1259 1204 1399 1258 Patri
1427 1202 1565 1256 haud
1587 1202 1747 1256 dubie
1766 1201 1898 1255 scri-

313 1303 421 1372 psit
445 1298 877 1373 Chrysostomus,
912 1309 968 1352 ut
997 1299 1142 1352 illum
1173 1313 1293 1354 cum
1326 1296 1433 1350 filio
1476 1295 1712 1364 pacatius
1740 1309 1898 1363 agerc

306 1402 544 1448 curaret.
569 1393 700 1460 Qua:
721 1406 806 1446 res
835 1407 900 1445 ex
932 1399 1051 1444 voto
1076 1388 1238 1443 cessit
1267 1389 1364 1454 illi,
1397 1395 1453 1441 ut
1498 1387 1663 1456 liquet
1692 1403 1754 1441 ex
1787 1387 1899 1454 epi-

307 1481 449 1536 stola
490 1482 610 1536 HI.
656 1480 786 1534 Nam
831 1495 952 1534 cum
983 1479 1288 1532 'l'heodotus
1330 1477 1497 1532 lector
1515 1477 1898 1547 Chrysostomo

307 1573 618 1642 scripsisset
636 1587 693 1626 se
716 1586 745 1624 a
773 1580 921 1640 patre
953 1569 1246 1624 honorifice
1275 1577 1552 1639 cvceptum
1580 1567 1772 1635 fuisse;
1810 1568 1899 1623 ille

308 1659 590 1715 Theodoto
630 1659 960 1714 cxconsUlari
1005 1659 1137 1727 patri
1185 1659 1479 1726 rescripsit,
1508 1659 1705 1725 gratias
1738 1672 1900 1727 agens

309 1751 456 1821 quod
484 1766 594 1806 rem
628 1751 698 1804 ita
724 1750 1116 1825 composuerit,
1148 1748 1490 1820 hortaturque
1519 1749 1667 1803 illum
1697 1758 1754 1803 ut
1777 1765 1897 1804 cum

313 1843 430 1911 pari
458 1840 648 1896 affectu
674 1841 928 1910 deinceps
955 1840 1223 1910 procedat.

376 1921 636 2001 ,‘Armenia:
665 1932 800 1985 mala
827 1941 1035 1999 quanta.
1056 1960 1130 1971 —
1152 1929 1427 1985 Theodoto
1465 1932 1624 1986 etiam
1674 1931 1899 1986 diacono

310 2018 626 2075 fidelissimo
653 2033 751 2077 suo
779 2019 1009 2088 scripsit,
1039 2029 1312 2095 postquam
1355 2021 1399 2077 is
1425 2020 1676 2074 Arahisso
1695 2020 1900 2074 disces-

308 2119 478 2177 serat,
508 2126 566 2166 sc
592 2111 830 2166 absentia
859 2110 1022 2179 ipsius
1066 2098 1297 2164 maxime
1327 2112 1559 2181 torqueri
1591 2111 1894 2177 declarans,

310 2210 397 2254 tot
420 2215 608 2270 nempe
629 2201 782 2254 malis
811 2201 1219 2270 circumscptum
1254 2199 1451 2271 (Epist.
1485 2202 1553 2256 (i7
1577 2201 1615 2269 ).
1649 2201 1900 2269 Qucritur

310 2289 476 2344 etiam
498 2305 555 2344 se
573 2289 959 2360 infrequentius
985 2290 1168 2345 literas
1192 2291 1258 2343 ab
1277 2280 1615 2346 illo'dircctas
1633 2294 1895 2362 accipere;

307 2381 507 2442 fatetur
534 2393 710 2436 tamen
745 2383 1034 2438 tabellariis
1065 2383 1375 2442 interclusas
1402 2399 1523 2439 esse
1564 2385 1675 2439 vias
1705 2402 1718 2437 :
1752 2395 1900 2455 rogat

310 2488 465 2542 ergo.
494 2473 538 2527 si
568 2475 865 2543 pauciores,
898 2474 1160 2543 longiores
1201 2475 1388 2534 saltem
1419 2475 1671 2543 cpisrolas
1701 2477 1897 2532 mittat.

315 2561 374 2616 In
406 2565 643 2632 sequenti
675 2573 850 2618 autem
881 2564 950 2619 68
977 2579 1035 2619 se
1059 2564 1190 2618 duas
1215 2564 1332 2633 ejus
1356 2566 1606 2633 epistolas
1629 2568 1899 2635 accepisse

309 2653 388 2705 ait
411 2668 530 2707 cum
556 2654 752 2722 ingenti
795 2655 1004 2718 lmtitia,
1035 2664 1087 2707 et
1110 2665 1164 2707 ut
1200 2654 1508 2723 frequenter
1540 2656 1591 2708 id
1620 2655 1774 2710 faciat
1801 2674 1896 2710 co-

307 2743 572 2797 hortatur.
599 2743 733 2796 llinc
753 2753 944 2812 quanta
973 2753 1154 2798 essent
1174 2744 1438 2797 Armenia:
1467 2745 1598 2797 mala
1624 2744 1894 2799 describit.

309 2831 389 2885 lbi
426 2842 550 2888 tunc
579 2833 762 2887 videre
807 2842 919 2888 erat
961 2844 1210 2888 cruentos
1236 2841 1532 2899 torrentes,
1579 2834 1894 2889 cadaverum

306 2922 540 2991 agmina.
562 2921 751 2976 domos
780 2923 894 2976 solo
919 2931 1174 2992 aequatas,
1203 2922 1360 2975 urbes
1391 2938 1623 2978 eversas.
1651 2924 1762 2978 Sub
1785 2925 1899 2979 haec

307 3022 490 3068 autem
533 3013 837 3067 Theodotus
863 3029 1074 3082 quoque
1109 3023 1432 3082 conquestus
1457 3023 1566 3079 est,
1599 3015 1738 3083 quod
1771 3031 1898 3085 pau-

308 3103 488 3156 ciores
516 3117 630 3174 ipse
665 3102 1029 3172 Cln-ysostomi
1064 3103 1243 3155 literas
1285 3101 1568 3171 acciperet.
1604 3104 1898 3173 Respondit

309 3195 402 3248 ille
445 3194 496 3246 in
533 3194 690 3262 epist.
719 3195 851 3260 157,
892 3194 1221 3247 ΤΙιοοιιοειιιη
1263 3188 1479 3248 ιυῑίόθηι
1529 3196 1745 3262 literas,
1792 3214 1893 3251 una

307 3286 483 3339 minus
515 3300 545 3337 a
573 3300 629 3338 se
657 3285 948 3353 accepisse,
971 3294 1098 3353 quot
1128 3284 1241 3352 ipse
1277 3295 1570 3352 acceperat.
1605 3285 1680 3340 De
1699 3295 1895 3341 ctrtero

308 3377 552 3431 hortatur
583 3387 818 3443 utquam
850 3376 1142 3444 srcpissime
1178 3375 1371 3444 poterit
1395 3375 1461 3429 ad
1501 3389 1561 3429 se
1581 3377 1804 3442 scribat;
1849 3379 1893 3431 si

306 3476 484 3521 autem
518 3467 599 3520 vel
630 3467 755 3520 anni
797 3474 1084 3535 tempestas
1123 3466 1206 3520 vel
1237 3465 1534 3519 Isaurorum
1567 3466 1812 3523 incursus
1843 3469 1893 3522 id

309 3555 648 3625 prohibeant,
680 3571 800 3610 cum
821 3555 936 3624 ejus
965 3557 1174 3610 animus
1189 3556 1286 3609 sibi
1315 3557 1626 3624 exploratus
1650 3559 1736 3620 sit,
1772 3558 1894 3614 hinc

307 3663 365 3700 sc
382 3647 612 3715 amplam
635 3645 868 3700 diuturni
886 3645 1084 3699 silentii
1106 3646 1522 3701 consolatinncm
1549 3659 1890 3717 accepturum

305 3751 445 3790 οδω.

377 3824 640 3878 l'lurimas
667 3839 880 3894 quoque
904 3825 1056 3890 alias,
1087 3825 1322 3880 Arabissi
1353 3826 1609 3892 inclusus,
1642 3829 1893 3899 epistolas

306 3916 553 3985 scripsit.
583 3915 634 3969 in
666 3918 817 3983 queis
845 3915 909 3969 ad
938 3915 1178 3970 diversos
1209 3918 1394 3970 eadem
1421 3916 1591 3980 ferme
1619 3930 1888 3984 recenset,

307 4022 366 4060 se
409 4020 604 4074 nempe
631 4006 892 4060 inclusum
943 4005 1014 4060 ibi
1064 4021 1302 4074 manere,
1329 4023 1449 4060 cum
1494 4009 1894 4079 a‘gritudinibus

306 4097 622 4163 conﬂictari,
649 4095 860 4152 Isauros
879 4099 1055 4152 omnia
1086 4101 1284 4152 circum
1311 4099 1642 4169 depopulari,
1675 4102 1888 4170 oppida,

307 4188 452 4242 vicos
477 4196 532 4241 et
549 4202 768 4256 campos
791 4189 1020 4241 humano
1046 4190 1302 4258 sanguine
1329 4199 1610 4244 cruentare
1630 4230 1645 4255 ,
1676 4192 1787 4244 vias
1816 4193 1896 4245 in-

309 4277 568 4332 terclusas
592 4269 731 4342 esse,
763 4277 832 4331 ita
873 4285 930 4330 ut
970 4276 1152 4330 literas
1178 4277 1264 4331 vel
1303 4278 1514 4333 mittere
1544 4280 1625 4334 vel
1656 4281 1894 4348 recipere

307 4369 581 4424 rarissime
608 4367 798 4438 possit.
817 4367 917 4422 Ubi
943 4367 1249 4422 consideres
1269 4368 1447 4434 velim,
1475 4383 1634 4438 quam
1664 4369 1893 4424 nefando

305 4458 433 4513 odio
456 4465 515 4513 et
539 4457 708 4511 livore
750 4457 949 4511 inimici
973 4459 1088 4526 ejus
1112 4457 1253 4512 ducti
1281 4458 1470 4511 fuerint
1508 4475 1520 4509 :
1555 4453 1890 4527 neque'enim

307 4549 438 4602 satis
464 4545 702 4602 habuere
722 4535 869 4600 illum
899 4563 965 4602 ex
997 4547 1126 4602 sede
1154 4563 1245 4601 sua
1268 4549 1552 4617 depulisse.
1573 4548 1677 4623 sed
1703 4549 1760 4603 in
1779 4548 1890 4602 loca

309 4636 398 4689 illa
425 4635 660 4699 deserta,
691 4636 1083 4690 incursionibus
1104 4637 1447 4690 barbarorum
1470 4635 1729 4692 funestata
1752 4679 1768 4704 ,
1799 4639 1894 4692 ab-

309 4724 430 4777 duci
456 4737 729 4777 curavere.
755 4724 865 4776 lmo
892 4735 1040 4787 vero,
1073 4724 1194 4792 quia
1218 4725 1344 4777 tanti
1366 4724 1462 4778 viri
1493 4719 1628 4778 fama
1659 4734 1711 4779 et
1740 4740 1892 4779 sanc-

311 4812 529 4868 timonia
551 4801 856 4867 innumeros
881 4814 931 4867 in
959 4814 1073 4867 loca
1097 4814 1184 4867 illa
1207 4823 1311 4868 tam
1337 4815 1518 4884 procul
1543 4816 1708 4883 posita
1726 4825 1891 4869 attra-

311 4905 507 4972 hcbat,
555 4904 610 4960 in
636 4912 920 4968 extremos,
947 4915 1002 4958 ut
1031 4921 1154 4959 mox
1183 4905 1496 4968 videbimus,
1525 4905 1735 4975 imperii
1761 4906 1892 4961 fines

314 4997 458 5050 illum
487 4991 674 5067 postea
700 4996 970 5049 amandari
1000 5010 1274 5049 curavere.
1301 4996 1554 5050 Arabisso
1583 5007 1758 5053 autem
1788 4998 1893 5052 Cu-

311 5101 498 5141 cusum
537 5085 761 5140 rediisse
786 5094 999 5154 putatur
1021 5100 1162 5138 anno
1189 5085 1311 5139 106.

381 5175 769 5246 Chrymtomus
797 5176 864 5228 ad
891 5176 1240 5229 Occidentales
1267 5175 1545 5245 Epist-apes
1576 5178 1744 5233 literas
1774 5181 1890 5233 mit-

315 5265 390 5317 tit.
413 5292 486 5304 -—
510 5264 643 5318 Cum
673 5278 833 5332 porro
871 5265 1034 5317 sciret
1080 5262 1491 5332 Chrysostomus
1527 5265 1894 5322 Occidentales

313 5355 594 5423 episcopos
613 5368 644 5406 a
675 5353 916 5422 partibus
943 5353 1056 5408 suis
1076 5361 1240 5417 stare,
1273 5361 1327 5409 et
1348 5371 1412 5408 ea
1438 5371 1556 5424 qua:
1591 5355 1897 5411 Constanti-

313 5444 491 5517 nopoli
511 5454 568 5500 et
593 5444 646 5499 in
670 5443 982 5513 expulsione
1007 5458 1103 5498 sua
1129 5452 1184 5498 et
1204 5454 1385 5513 postea
1411 5457 1552 5515 gesta
1577 5446 1784 5502 fuerant
1805 5464 1898 5504 ve-

317 5534 594 5590 hementer
619 5534 919 5602 improbare
937 5575 953 5598 ,
983 5534 1234 5604 epistolas
1260 5535 1397 5590 bene
1426 5536 1617 5591 multas
1656 5537 1721 5590 ad
1769 5553 1893 5593 eos-

315 5625 434 5681 dem
459 5627 746 5696 episcopos
772 5625 934 5693 misit,
965 5634 1018 5680 et
1046 5625 1258 5695 quidem
1297 5640 1394 5695 per
1433 5626 1711 5683 Evethinm
1768 5643 1892 5698 prc-

1436 271 1613 329 Μ]Νο
1649 265 1912 327 PRIMUM
1943 264 2334 322 ADORNATA.

3476 270 3580 330 εει

2003 383 2298 452 sbyterum,
2325 399 2484 453 quem
2529 384 2582 439 in
2626 385 2994 442 Occidentales
3038 381 3214 456 partes
3254 387 3416 443 misit.
3448 390 3579 458 Qurc

2001 472 2105 530 152
2132 471 2437 528 inscribitur
2455 516 2469 540 ,
2495 474 2558 529 ad
2587 478 2866 548 episcopos
2896 477 3054 531 missa
3084 478 3410 546 significatur
3433 520 3447 546 ,
3481 495 3582 535 nec

2000 563 2050 615 in
2078 563 2228 615 titulo
2267 562 2631 618 Occidentales
2680 577 3065 621 memorantur.
3097 566 3202 622 Sed
3248 585 3276 623 a
3322 570 3582 639 principio

1999 651 2064 705 ad
2087 651 2451 706 Occidentales
2479 646 2632 724 dirigi
2657 654 2919 710 indicatur
2948 657 3031 712 his
3057 659 3232 714 verbis
3265 676 3280 714 :
3313 659 3380 713 Et
3411 661 3582 727 prime-

2000 741 2088 792 tint
2125 741 2337 810 singulis
2362 751 2409 797 et
2434 745 2701 798 uniuersint
2731 749 2960 802 omnibus
2984 751 3173 819 gratius
3217 753 3354 805 vobis
3387 754 3584 823 deferre

2000 830 2257 896 debemus,
2285 849 2382 886 non
2415 851 2504 889 nos
2534 835 2811 906 duntaxat,
2828 840 2915 892 sed
2933 841 3082 894 etiam
3107 859 3277 896 onme:
3302 843 3584 900 Orientales

1999 921 2236 991 epismpi,
2263 923 2572 983 diversarum
2596 926 2796 980 urbium
2824 929 3012 995 clerici,
3038 947 3097 984 ac
3126 932 3244 986 laici
3274 934 3410 988 vario
3434 936 3585 990 modo

2000 1013 2166 1079 pulsi,
2193 1013 2326 1082 quod
2353 1023 2564 1083 paterna
2601 1018 2792 1071 uiscera
2820 1019 3132 1089 exhibentes,
3176 1025 3329 1096 viceni
3361 1034 3586 1079 nostram

2000 1099 2261 1166 doluistis,
2292 1105 2584 1174 fortiterque
2608 1109 2834 1162 stetistis.
2867 1110 3229 1180 llortaturque
3272 1115 3394 1168 illos
3437 1117 3582 1173 utin

2000 1194 2188 1260 coeptis
2218 1196 2522 1262 persistant.
2552 1197 2606 1251 lu
2635 1201 2978 1269 sequentibus
3018 1218 3228 1274 quoque
3259 1205 3499 1275 epistolis
3517 1209 3582 1262 ad

2001 1283 2217 1338 eosdem
2250 1287 2426 1340 missis
2452 1288 2553 1343 153
2578 1297 2633 1343 et
2661 1290 2784 1356 154,
2818 1301 2875 1346 ιιι
2903 1293 3145 1349 eandem
3175 1312 3386 1368 semper
3435 1300 3485 1353 in
3529 1316 3586 1354 re

2003 1385 2245 1444 suscepta
2295 1377 2650 1435 fortitudinem
2676 1381 2964 1438 exhibeant
3006 1386 3267 1454 obsecrat,
3290 1397 3342 1443 et
3378 1402 3590 1459 pertun-

2002 1463 2268 1519 hationem
2297 1467 2462 1533 illam,
2494 1484 2611 1538 qua:
2637 1470 2934 1528 Orientales
2982 1474 3245 1531 Ecclesias
3290 1479 3582 1544 invaserat,

2002 1555 2192 1611 sedare
2217 1567 2496 1614 conentur.

2074 1645 2215 1700 Inter
2235 1649 2513 1718 episcopos
2533 1658 2708 1704 autem
2739 1653 2878 1719 illos,
2904 1655 2991 1724 qui
3012 1655 3378 1728 Chrysostomi
3409 1671 3586 1730 partes

2003 1733 2228 1802 amplexi
2282 1735 2522 1805 fuerant,
2569 1739 2835 1796 eminebat
2888 1743 3259 1813 Chromatius,
3307 1750 3588 1819 episcopus

2004 1822 2384 1906 Aquileiensis,
2419 1828 2507 1895 qui
2540 1828 2661 1882 tuba
2689 1831 2902 1895 clarius,
2936 1832 3106 1903 inquit
3127 1835 3358 1892 Joannes
3381 1849 3582 1906 noster,

2006 1904 2104 1980 pro
2130 1928 2288 1968 causa
2310 1917 2474 1984 ipsius
2504 1927 2556 1971 et
2582 1929 2765 1980 contra
2794 1923 3129 1980 adversarios
3169 1941 3294 1983 suos
3324 1929 3584 1984 declama-

2002 2004 2111 2058 bat.
2145 2004 2310 2075 llujus
2340 2019 2628 2078 conspectu
2650 2023 2808 2082 atque
2835 2028 3127 2084 congressu
3151 2017 3248 2072 frui
3275 2020 3586 2089 peroptabat

2005 2090 2454 2168 Chrysostomus;
2485 2103 2577 2155 sed
2613 2103 2734 2172 quia
2765 2105 2891 2159 illud
2921 2109 3178 2177 temporis
3218 2111 3456 2167 conditio
3483 2129 3587 2168 non

2003 2184 2226 2254 ferebat,
2254 2189 2533 2244 Evcthium
2556 2193 2954 2264 presbyterum,
2982 2197 3070 2266 qui
3091 2198 3190 2252 sibi
3211 2214 3241 2253 a
3266 2200 3429 2255 latere
3448 2217 3586 2256 sem-

2005 2293 2100 2344 per
2124 2280 2318 2346 stabat,
2350 2281 2415 2334 ad
2459 2282 2608 2336 illum
2639 2285 2810 2351 misit,
2854 2303 3077 2353 precans
3106 2300 3162 2344 ut
3189 2290 3419 2362 benigne
3447 2294 3584 2348 exci-

2004 2377 2176 2437 peret,
2210 2384 2272 2423 ac
2303 2371 2545 2425 redeunti
2578 2374 2759 2429 literas
2779 2376 2932 2432 daret
2966 2379 3065 2432 sibi
3090 2379 3429 2449 afferendas;
3479 2394 3586 2438 tum

2002 2460 2200 2526 etiam,
2229 2461 2274 2515 si
2317 2461 2621 2518 tabellarios
2663 2466 2894 2522 nancisci
2940 2477 3148 2536 posset,
3197 2470 3265 2525 de
3295 2473 3465 2527 salute
3492 2490 3585 2526 sua

2002 2553 2283 2605 certiorem
2327 2568 2385 2607 se
2413 2553 2624 2609 faceret.
2657 2555 2756 2610 Hic
2793 2572 2920 2612 vero
2955 2558 3292 2615 Chromatius
3318 2562 3384 2616 ad
3427 2563 3586 2618 Joan-

2003 2649 2125 2697 nem
2165 2653 2405 2699 nostrmn
2447 2647 2694 2722 scripsit,
2727 2657 2781 2702 ut
2810 2661 3071 2706 memorat
3112 2651 3378 2709 Palladius
3423 2656 3474 2709 in
3501 2655 3586 2709 V'i-

2002 2742 2052 2785 ta
2115 2732 2495 2804 Chrysostomi.
2562 2736 2728 2806 Hujus
2783 2739 2942 2793 etiam
3005 2743 3207 2796 mentio
3259 2729 3487 2799 habetur
3534 2746 3584 2800 iu

1999 2823 2155 2889 epist.
2207 2823 2496 2878 Innocentii
2541 2826 2605 2878 ad
2657 2827 3118 2898 Chrysostomuin.
3173 2833 3325 2888 Hunc
3375 2850 3584 2906 quoque

1999 2911 2367 2969 Chromatium
2417 2908 2812 2985 Aquileiensem
2860 2920 3156 2978 honorifice
3203 2940 3586 2985 commemorat

2002 3001 2357 3074 Hieronymus
2383 3005 2694 3076 prmfationc
2724 3009 2776 3063 in
2810 3010 3006 3074 librum
3051 3012 3492 3085 Paralipomenon
3533 3029 3586 3076 et

2001 3095 2051 3147 in
2082 3097 2302 3163 cpistola
2329 3097 2416 3152 66.

2070 3189 2347 3258 Episcopis
2376 3191 2534 3245 etiam
2565 3191 3030 3260 Occidentalibus,
3069 3197 3158 3265 qui
3197 3199 3261 3252 ad
3299 3200 3582 3257 Arcadium

2000 3276 2133 3345 lmp.
2163 3277 2381 3334 Concilii
2413 3283 2725 3337 meumenici
2754 3285 3054 3356 postulandi
3076 3301 3234 3342 causa
3262 3290 3580 3358 veniebant,

1998 3382 2094 3437 per
2123 3369 2401 3425 Evethium
2433 3373 2799 3444 presbyterum
2829 3376 3080 3445 epistolas
3116 3380 3258 3432 misit
3285 3381 3409 3446 156,
3441 3383 3543 3438 157
3564 3426 3580 3448 ,

2001 3457 2122 3522 158,
2152 3460 2272 3524 159,
2303 3461 2486 3516 iisdem
2517 3477 2654 3531 pene
2680 3464 2853 3518 verbis
2879 3476 3188 3535 conceptas,
3218 3470 3578 3528 fortitudinem

1998 3547 2253 3614 laudans,
2289 3565 2614 3620 prccansque
2635 3593 2648 3617 ,
2683 3561 2740 3605 ut
2772 3557 3036 3609 constanti
3081 3559 3259 3612 animo
3300 3560 3351 3614 in
3384 3577 3442 3616 re
3472 3571 3578 3617 tam

1997 3639 2135 3692 bene
2156 3649 2325 3709 coepta
2356 3651 2714 3710 perseverent.
2744 3644 2824 3698 Ad
2856 3645 2968 3700 haec
2994 3663 3122 3702 vero
3145 3651 3427 3718 epistolam
3448 3656 3580 3710 scri-

1996 3730 2104 3799 psit
2130 3731 2230 3785 160
2259 3731 2511 3802 Episwpo
2531 3776 2544 3798 ,
2573 3735 2659 3802 qui
2685 3736 2748 3788 ab
2779 3735 3049 3792 Occidente
3076 3752 3274 3795 venerat
3293 3783 3308 3808 ,
3351 3744 3421 3798 ita
3452 3761 3580 3801 con-

1997 3820 2286 3888 cinnatam,
2317 3832 2372 3876 ut
2403 3832 2585 3893 posset
2611 3827 2831 3896 singulis
2860 3827 3288 3888 Occidentalibus
3317 3837 3580 3906 episcopis

1997 3911 2196 3967 offerri.
2227 3914 2556 3986 Presbyteris
2577 3916 2733 3971 etiam
2755 3918 3029 3987 Romanis,
3061 3924 3151 3992 qui
3174 3938 3293 3979 cum
3316 3928 3580 3997 cpisc0pis

1999 4002 2050 4055 in
2078 4001 2349 4057 Orientem
2371 4015 2647 4070 venerant,
2680 4009 2860 4063 literas
2882 4011 3025 4065 misit
3052 4028 3136 4081 ep.
3173 4014 3292 4077 161,
3319 4032 3412 4084 per
3432 4033 3570 4076 eum-

1998 4091 2118 4147 dem
2149 4093 2427 4148 Evcthium
2460 4095 2775 4152 afferendas.
2808 4100 2904 4166 Qui
2937 4102 3189 4156 Evethius
3224 4106 3382 4158 etiam
3415 4123 3579 4175 pecu--

1997 4183 2178 4236 liarem
2209 4185 2486 4251 epistolam
2519 4187 2618 4241 162
2643 4188 2707 4241 ad
2741 4186 3017 4260 Anysium,
3046 4191 3577 4253 Thessalonicensem

1997 4273 2325 4342 epise0pum,
2353 4275 2551 4340 attulit,
2586 4277 2935 4348 similiterque
2963 4281 3182 4335 alteram
3214 4283 3314 4338 165
3339 4285 3404 4338 ad
3429 4266 3578 4357 Any-

1999 4365 2133 4418 sium
2160 4376 2491 4435 cretcrosque
2533 4382 2719 4422 omnes
2746 4367 3066 4424 Macedonia:
3107 4373 3414 4443 episcopos,
3442 4389 3578 4445 quo.

1995 4469 2112 4508 rum
2141 4454 2386 4509 undecim
2419 4457 2791 4523 nominantur;
2829 4468 2880 4513 et
2909 4473 3026 4514 eam
3054 4462 3292 4532 insuper,
3319 4479 3436 4533 qua:
3478 4446 3578 4521 161

1997 4546 2336 4611 inscribitur,
2365 4547 2429 4600 ad
2463 4549 2821 4603 Alexandrum
2868 4551 3113 4607 Corinthi
3144 4556 3482 4625 episcopum,
3512 4553 3579 4613 de

1997 4650 2101 4702 quo
2127 4636 2294 4688 amice
2315 4638 2572 4704 queritur,
2603 4639 2741 4707 quod
2775 4641 2872 4694 sibi
2906 4642 3089 4696 literas
3110 4644 3283 4699 nullas
3313 4647 3504 4700 mittat.

2069 4727 2345 4796 Episcopis
2373 4729 2532 4782 etiam
2582 4731 2685 4785 illis
2725 4732 3116 4799 Orientalibus,
3163 4738 3266 4805 qui,
3297 4738 3378 4791 sui
3422 4752 3577 4807 causa

1999 4816 2220 4870 Romam
2252 4833 2309 4871 se
2335 4820 2701 4885 contulerant,
2743 4829 2799 4875 et
2833 4838 2952 4877 cum
2988 4823 3414 4881 Occidentalibus
3461 4832 3579 4897 epi-

1997 4907 2172 4974 scopis
2197 4907 2263 4962 ad
2289 4907 2665 4977 imperatorem
2687 4913 2971 4966 Arcadium
2991 4915 3306 4984 migrabant,
3330 4917 3582 4988 epistolas

1999 4997 2142 5052 misit
2163 4999 2284 5065 165,
2319 5001 2420 5054 166
2446 5012 2500 5054 et
2528 5002 2630 5057 167
2663 5019 2676 5055 :
2708 5017 2840 5072 quas
2867 5005 3039 5059 eidem
3088 5007 3313 5061 Evethio
3358 5010 3581 5082 preshy-

2001 5093 2114 5140 tero
2144 5087 2273 5156 ipsis
2305 5088 2592 5144 tradendas
2620 5093 2969 5162 consignavit.
3005 5094 3304 5149 Gaudentio
3332 5113 3576 5167 quoque.

2000 5174 2248 5229 Brixiano
2275 5177 2556 5247 episcopo,
2603 5195 2760 5249 quem
2785 5180 2895 5249 jam
2923 5183 3048 5236 olim
3093 5193 3350 5249 noverat,
3381 5186 3584 5254 episto-

2002 5265 2102 5318 lam
2131 5265 2231 5321 181
2262 5267 2493 5336 scripsit,
2520 5268 2803 5338 laudatque
2841 5271 2986 5325 illum
3018 5287 3046 5325 a
3069 5276 3367 5328 constantia
3389 5285 3440 5330 et
3473 5275 3583 5330 for-

1943 5414 1945 5416 η
2004 5354 2228 5410 titudine
2252 5366 2410 5426 atque
2448 5373 2476 5411 a
2514 5362 2941 5428 perseverantia,
2971 5371 3023 5416 ct
3053 5365 3232 5432 paucis
3261 5365 3457 5420 indicat
3474 5366 3582 5436 jam

2003 5444 2070 5498 de
2097 5460 2273 5500 rerum
2302 5462 2504 5501 summa
2533 5451 2638 5519 agi.

2076 5541 2255 5613 Legati
2311 5541 2488 5609 itaque
2535 5539 2782 5610 (Pallad.
2829 5541 3088 5614 Dialog.),
3120 5543 3366 5601 Aitnilius
3419 5546 3585 5602 Bene-

2009 5634 2149 5690 venti
2178 5632 2483 5703 episc0pus,
2507 5631 2812 5703 Cythegius,
2839 5631 3188 5694 Gaudentius.
3218 5635 3501 5703 Marianos,
3535 5650 3586 5695 ct
