4276 6316
744 376 845 432 255

744 500 875 547 ltllth
903 492 1053 559 cujus
1102 508 1292 544 notnen
1345 502 1649 557 capressum
1696 501 1801 539 non
1854 483 1981 549 fuit;
2030 484 2319 553 presbyteri

745 599 869 635 \ero
893 582 1286 635 Valentinianus
1303 588 1355 632 et
1372 577 1691 640 Bonifacius,
1720 587 1772 631 et
1795 575 2047 629 diaconus
2070 590 2221 637 unus,
2245 590 2323 628 ae-

742 675 1332 745 ceptisliterisllonorii
1366 673 1724 741 Imperatoris,
1756 670 2042 723 Innocentii
2076 680 2127 723 ct
2170 667 2322 719 Italo.

744 782 861 819 rum
902 766 1291 835 episcOpOrum,
1343 763 1633 817 Cbromatii
1684 760 2056 829 Aquileiensis,
2114 758 2320 811 Vener-ii

746 856 1152 910 llIediolaueusis
1182 862 1236 907 et
1258 855 1503 913 aliorum,
1530 850 1765 905 instructi
1787 851 1947 902 etiam
1973 849 2321 901 connnonlto-

742 952 823 1002 rio
844 947 1043 1017 Synodi
1067 946 1439 1007 Occidentalis,
1470 944 1637 997 Roma
1668 940 1885 1011 profecti
1913 950 2035 993 sunt
2076 955 2177 992 una
2202 956 2318 991 cum

740 1041 981 1109 (Syriaco,
1013 1038 1299 1101 Demetrio,
1333 1036 1571 1090 Palladio
1598 1043 1650 1088 et
1671 1032 1886 1101 Eulysio
1909 1030 2175 1097 episcopis
2204 1028 2320 1081 Ori-

740 1129 1018 1195 entalibus,
1046 1129 1133 1197 qui
1162 1123 1728 1193 Constantinopolitani
1778 1121 1980 1173 dissidii
2012 1134 2169 1171 causa
2216 1118 2321 1170 Ito-

743 1238 880 1274 mam
916 1228 1192 1275 venerant.
1227 1217 1293 1273 Ut
1319 1227 1493 1269 autem
1525 1230 1588 1267 ex
1621 1211 1838 1268 Palladii
1862 1212 2021 1267 dictis
2066 1209 2316 1277 liquidum

738 1323 825 1365 est
858 1311 1089 1381 (Pallad.
1128 1304 1378 1376 Dialog.),
1412 1304 1648 1357 nondum
1689 1302 1925 1355 sciebant
1976 1301 2045 1351 illi
2089 1300 2315 1351 Atticum

742 1415 857 1473 post
888 1403 1084 1457 Arsaeii
1110 1411 1336 1455 mortem
1359 1398 1542 1453 sedem
1564 1396 2201 1464 Constantinopolitanam
2242 1396 2321 1447 ix:-

740 1496 963 1549 vasisse.
996 1495 1050 1548 In
1081 1491 1488 1547 commooitorio
1517 1501 1692 1543 autem
1720 1488 2070 1541 Occidentalis
2121 1487 2316 1555 Synodi

740 1584 1031 1645 dicebatur,
1057 1582 1313 1637 Joannem
1348 1579 1666 1648 iujudicium
1690 1578 1942 1631 accedere
1970 1592 2071 1628 non
2102 1576 2313 1636 debere,

742 1675 842 1729 nisi
874 1676 1018 1745 prius
1038 1674 1133 1742 ipsi
1167 1673 1411 1726 restituta
1442 1669 1626 1722 luisset
1660 1678 1713 1721 ct
1738 1668 1973 1720 Ecclesia
2001 1675 2053 1718 et
2096 1682 2319 1717 commu-

738 1768 855 1819 nio:
879 1766 997 1833 jure
1018 1776 1244 1830 namque
1274 1758 1698 1827 conquerebatur
1725 1756 1833 1823 ille,
1881 1754 2019 1824 quod
2050 1763 2100 1807 ct
2126 1754 2318 1807 absens

735 1865 789 1910 et
818 1854 1011 1908 indicta
1037 1868 1191 1906 causa
1222 1852 1501 1906 damnatus
1524 1850 1731 1903 fuisset.

808 1945 1047 2013 Episcopi
1074 1944 1133 1996 ob
1166 1941 1393 1994 Honorio
1426 1939 1561 2009 Imp.
1602 1940 1667 1989 ad
1694 1937 1964 1989 Arcadium
1996 1936 2150 1999 missi,
2188 1937 2317 1989 male

739 2037 1067 2104 excipiuntur.
1090 2062 1159 2071 --
1181 2032 1482 2087 Consccnsa
1515 2030 1669 2099 igitur
1694 2028 1813 2081 navi
1846 2043 2026 2080 versus
2056 2027 2314 2081 Graeciam

743 2129 856 2179 vela
879 2126 1159 2187 dederunt,
1192 2136 1417 2190 cumque
1457 2120 1562 2189 jam
1592 2134 1755 2187 prope
1790 2118 2115 2170 Athenarum
2143 2118 2315 2170 littora

738 2217 1121 2284 pervenissent,
1168 2229 1197 2267 a
1228 2212 1437 2266 tribuno
1482 2210 1707 2279 quodam
1750 2209 1947 2262 detenti
2005 2208 2169 2271 luere,
2230 2208 2316 2274 qui

734 2309 1098 2363 centurionem
1118 2308 1216 2359 illis
1233 2305 1491 2372 adjunvit,
1509 2305 1713 2370 jussum
1733 2300 1980 2354 cobibere
2002 2316 2066 2353 ne
2088 2301 2317 2352 'I‘I.es~.a-

736 2403 984 2465 lonicam,
1008 2414 1113 2468 Quo
1138 2414 1195 2453 se
1215 2397 1460 2451 conferre
1491 2405 1645 2463 atque
1666 2392 1863 2463 Anysio
1889 2394 2066 2445 literas
2092 2392 2217 2444 dare
2238 2406 2319 2442 vo-

739 2492 935 2553 lebant,
958 2488 1279 2557 appellerent
1311 2484 1539 2537 (Pallad.
1567 2482 1761 2551 supra).
1780 2482 2067 2549 Conjcctos
2086 2481 2240 2548 igitur
2267 2480 2315 2531 in

737 2581 937 2649 navigia
958 2575 1064 2628 duo
1080 2576 1793 2646 dimisitJngruenteautem
1820 2579 1976 2624 vento
1998 2568 2314 2633 vebeun-nti,

735 2672 956 2741 AEgeum
987 2684 1133 2723 mare
1162 2679 1215 2721 et
1247 2667 1377 2719 freta
1411 2666 1524 2718 sine
1553 2664 1671 2716 cibo
1700 2664 2039 2729 trajecerant,
2070 2669 2120 2711 et
2152 2664 2317 2711 tertlrc

732 2764 836 2817 diei
865 2762 993 2815 hora
1021 2761 1331 2825 duodecima
1384 2755 1607 2825 (Ραιέοιι.
1644 2752 1890 2822 Di.xltg.).
1937 2751 2315 2805 Constantino-

735 2853 1141 2923 polinappulere
1172 2864 1335 2919 prOpe
1365 2846 1722 2900 suburbanum
1746 2845 1987 2895 Victoris.
2016 2842 2109 2895 Ubi
2130 2841 2317 2895 reten'i

731 2946 801 2999 ab
840 2943 1174 2999 exactoribus
1200 2950 1463 3009 portuum,
1493 2938 1641 3005 jussu
1672 2934 1942 3003 cujusdam
1968 2935 2063 2987 sibi
2112 2933 2270 3002 ignoti
2294 2969 2316 3005 ,

730 3049 876 3094 Ietro
896 3039 1291 3097 discesserunt,
1324 3042 1377 3087 et
1417 3031 1601 3085 inclusi
1642 3029 1784 3082 fuere
1838 3030 1889 3082 in
1930 3043 2050 3081 arce
2092 3028 2316 3096 quadam

732 3130 971 3185 ‘t‘bracite
996 3129 1279 3191 maritima,
1304 3126 1384 3180 cui
1406 3140 1596 3178 nomen
1617 3123 1812 3193 Atbyra
1833 3139 1846 3187 ;
1864 3122 2083 3177 Romani
2106 3123 2315 3191 quidem

730 3226 783 3276 iu
813 3236 911 3277 una
955 3218 1270 3273 domuncula
1301 3257 1314 3281 ,
1340 3217 1565 3269 iiautem
1584 3214 1670 3282 qui
1698 3228 1815 3265 cum
1841 3211 2062 3282 Cyriaco
2090 3223 2238 3265 erant
2266 3212 2316 3266 in

732 3313 962 3367 diversis
991 3309 1273 3380 separatim
1298 3350 1312 3372 ,
1335 3308 1547 3375 illicque
1590 3306 1759 3360 vexati
1783 3312 1905 3357 sunt
1929 3344 1943 3367 ,
1974 3302 2039 3355 ita
2061 3312 2114 3355 ut
2145 3318 2209 3355 ne
2236 3302 2313 3355 fa-

731 3406 909 3460 mulus
935 3403 1145 3471 quidem
1178 3409 1370 3470 pra-sto
1406 3407 1565 3461 esset,
1588 3398 1674 3466 qui
1708 3398 1809 3450 illis
1831 3394 2170 3448 ministraret.

806 3498 892 3552 Ait
944 3510 1103 3564 porro
1148 3494 1475 3549 Sozomenus
1518 3488 1747 3560 (Sozam.
1780 3488 1815 3540 l.
1848 3487 1900 3541 8.
1938 3503 1983 3539 τ.
2009 3488 2121 3554 9.8),
2155 3487 2314 3539 Joan-

737 3591 820 3642 nis
850 3586 1184 3641 adversarios
1212 3584 1517 3654 Imperatori
1555 3580 1804 3644 Arcadio,
1834 3580 2051 3632 credulo
2086 3578 2237 3630 nimis
2264 3588 2317 3631 et

734 3677 1019 3739 imbecillo,
1060 3675 1312 3739 suasisse,
1338 3674 1387 3727 id
1416 3674 1466 3727 in
1490 3671 1885 3727 contumeliam'
1906 3669 2191 3721 Orientalis
2212 3668 2313 3721 lm-

736 3767 863 3835 perii
896 3766 1087 3819 lactant
1116 3779 1271 3825 esse;
1306 3772 1461 3831 atque
1516 3761 1638 3822 hinc
1688 3760 1929 3813 mouisse
1980 3767 2033 3809 ut
2075 3757 2147 3809 illi
2193 3773 2312 3810 cum

737 3857 1451 3927 ignominiadimitterentur,
1484 3855 1713 3918 Joannes
1767 3860 1939 3904 autem
1992 3849 2219 3917 longius,
2264 3849 2313 3901 in

739 3948 985 4019 oppidum
1012 3948 1214 3999 scilicet
1240 3946 1561 4011 Pvtiuntem,
1595 3941 1987 3995 transferretur.

822 4043 861 4093 Λ
893 4040 1075 4107 legatis
1106 4054 1229 4090 vero
1270 4036 1522 4089 IIoiuanis
1549 4036 1795 4102 petebant
1838 4033 1889 4091 ii.
1930 4030 2017 4099 qui
2050 4042 2152 4083 tam
2200 4030 2313 4083 (life

737 4135 855 4187 illos
882 4132 1161 4192 vexabant,
1209 4130 1388 4182 literas
1437 4127 1773 4194 Imperatoris
1821 4138 1873 4177 et
1921 4125 2308 4193 episcoporum.

736 4221 1142 4291 Responderunt
1170 4220 1265 4283 illi,
1315 4233 1371 4271 se
1419 4216 1625 4270 IIOIIlll>I
1660 4215 1965 4284 Imperatori
1996 4213 2093 4281 ipsi
2120 4221 2173 4265 et
2198 4212 2309 4279 epi-

740 4314 916 4381 scopis
958 4328 1109 4381 petaso
1137 4312 1314 4368 literas
1338 4310 1452 4361 illas
1480 4307 1629 4363 dare.
1659 4306 1791 4359 Cum
1819 4320 1942 4357 vero
1974 4303 2315 4371 persistercnt

740 4406 816 4460 illi
845 4413 1119 4475 negantes,
1156 4402 1294 4456 venit
1321 4401 1487 4470 primo
1520 4398 1774 4451 Patricius
1800 4397 2054 4461 notarius,
2088 4405 2197 4447 tum
2226 4394 2312 4446 alii

736 4498 961 4567 iilipsum
992 4504 1253 4566 petentes,
1273 4493 1593 4559 demumque
1617 4488 1928 4541 Valerianus
1946 4487 2223 4555 Cappadox
2247 4501 2311 4539 ex

736 4592 960 4650 militum
993 4603 1235 4650 numero,
1267 4587 1395 4641 Ia-so
1417 4581 1631 4637 Mariani
1662 4580 1895 4649 episcopi
1946 4581 2154 4653 pollice,
2206 4578 2309 4632 Im-

737 4680 995 4753 peratoris
1022 4689 1075 4732 et
1104 4678 1327 4730 aliorum
1353 4675 1535 4727 literas
1560 4671 1656 4739 ipsi
1680 4670 1913 4723 abstulit.

813 4769 1069 4826 Postridie
1090 4779 1266 4821 autem
1298 4765 1379 4819 vel
1408 4764 1562 4817 aulici
1588 4760 1947 4828 Imperatoris,
1981 4760 2058 4812 vel
2093 4762 2205 4828 ipse
2228 4760 2311 4812 At-

738 4867 892 4926 ticus,
921 4862 1178 4915 miserunt
1208 4859 1286 4911 eis
1306 4854 1395 4925 qui
1426 4854 1523 4907 tria
1556 4851 1715 4905 millia
1745 4850 2117 4904 immismatmn
2150 4848 2308 4902 olTer-

737 4964 875 5017 rent,
899 4951 941 5005 si
959 4965 1080 5005 cum
1110 4948 1285 5002 Attico
1311 4944 1704 5001 communicare
1738 4940 1952 5002 vellent,
1979 4951 2030 4993 et
2060 4940 2124 4994 de
2150 4939 2311 4993 Joan-

738 5047 819 5098 nis
842 5041 1041 5110 judicio
1061 5046 1317 5093 tacerent.
1349 5036 1438 5089 IIis
1466 5033 1696 5101 rejectis,
1729 5031 1800 5085 illi
1847 5031 1911 5083 ad
1964 5046 2147 5098 preces
2183 5045 2309 5084 cou-

740 5137 877 5187 versi
906 5140 1049 5197 sunt,
1075 5138 1130 5183 ut
1155 5144 1273 5185 eum
1303 5124 1433 5185 nihil
1464 5131 1675 5193 possent
1695 5120 1908 5189 paciliee
1941 5136 2209 5189 peragere,
2244 5120 2312 5173 ob

742 5236 936 5279 tantam
961 5223 1160 5276 scilicet
1182 5217 1641 5285 inbumanitatem,
1666 5212 1935 5266 Ecclesias
1973 5226 2095 5264 suas
2153 5227 2311 5280 repe-

748 5332 852 5371 tere
881 5316 997 5369 sine
1028 5311 1266 5383 periculo
1289 5314 1520 5377 possent.
1551 5304 1711 5374 quue
1742 5304 1886 5371 ipsis,
1921 5304 2086 5371 inquit
2143 5303 2311 5357 Palla-

740 5410 876 5471 dias,
926 5406 1085 5458 variis
1125 5400 1536 5457 revelatiOnibus
1579 5396 1899 5450 declaratum
1951 5396 2083 5458 l'uit;
2142 5397 2209 5449 ita
2258 5406 2312 5450 ut

742 5499 895 5553 etiam
941 5496 1166 5558 diacono
1196 5492 1255 5548 S.
1288 5488 1527 5545 Emtnclii
1566 5486 1748 5553 Paulo,
1780 5487 1890 5537 viro
1940 5486 2219 5539 mitis~imo
2260 5498 2311 5540 et

740 5588 1005 5655 prudenti,
1028 5584 1219 5639 Paulus
1237 5580 1503 5650 apostolus
1523 5577 1841 5645 apparuerit.
1870 5575 2314 5645 Valerianusergo

740 5683 982 5734 tribunus
1010 5678 1127 5730 illos
1151 5676 1200 5727 in
1238 5670 1495 5741 putridam
1528 5684 1712 5721 navem
1760 5667 2001 5725 immisit,
2049 5668 2310 5729 mercede,

742 5787 793 5833 nt
815 5784 997 5838 mmor
1024 5776 1155 5831 erat,
1190 5764 1437 5817 nauclero
1469 5760 1607 5825 dattt,
1635 5771 1684 5810 ιιι
1711 5758 2016 5825 naviganti-5
2042 5758 2155 5811 3114,,-
2189 5773 2309 5827 ρρτ,

1835 371 1889 425 5.
1930 372 2205 427 JUANNIS
2241 369 2706 429 CIIRYSUSIOHI
2756 376 2927 441 VITA,

3909 380 4014 439 256

2438 485 2606 550 deret,
2638 487 2899 553 adjunctis
2929 490 3087 541 etiam
3123 491 3303 559 viginti
3328 492 3581 545 militibus
3612 507 3627 547 :
3659 493 3735 547 sic
3757 491 3874 547 illos
3896 508 4011 547 sta-

2434 578 2524 629 tim
2555 576 2767 647 Atb'vris
2791 580 3011 646 expulit.
3050 578 3181 632 Cum
3231 591 3375 634 tanto
3402 581 3558 650 igitur
3591 581 3825 649 pericqu
3851 584 4011 636 navi-

2432 680 2618 737 gantes
2648 670 2993 738 L:Illlp.\.’tCUlli
3022 672 3357 739 appulerunt,
3402 682 3457 726 et
3488 682 3685 727 mutata
3715 673 3836 725 navi
3864 674 4012 725 vice-

2431 759 2570 811 simo
2600 758 2687 812 die
2719 760 3045 829 Ilydruntem
3072 763 3393 830 applicuere.
3420 762 3527 815 Nec
3561 762 3829 831 quidpiam
3867 763 4011 815 edi,-

2431 862 2551 901 Cere
2575 858 2791 915 potuere
2823 850 2904 903 vel
2934 851 2998 904 de
3028 851 3182 905 beato
3210 852 3415 906 Joanne
3442 856 3521 906 vel
3550 852 3617 906 de
3644 861 3866 921 quatuor
3891 854 4013 905 Ori-

2428 942 2690 995 entalibus
2730 943 3095 1011 episcopisqui
3127 959 3303 997 secum
3332 944 3497 996 Itonia
3518 951 3790 998 venerant.

2501 1032 2626 1084 Cum
2657 1035 2901 1101 episcopis
2934 1032 3271 1087 Orientalibus
3305 1035 3465 1087 Roma
3490 1034 3809 1088 redeuntibus
3833 1051 4007 1103 exper-

2428 1124 2551 1175 rime.
2589 1135 2751 1177 artum
2783 1135 2872 1178 est.
2900 1155 2969 1164 —
2995 1126 3146 1191 Quod
3198 1135 3403 1194 spectat
3449 1126 3514 1178 ad
3561 1126 3837 1195 episcopos
3887 1127 4013 1179 illos

2428 1212 2742 1277 Orientales,
2782 1230 2961 1268 rumor
2988 1216 3164 1269 statim
3196 1214 3291 1267 fuit
3320 1216 3440 1269 illos
3473 1216 3523 1268 in
3562 1232 3707 1269 mare
3730 1217 4011 1269 demcrs‘os

2428 1303 2585 1355 luisse
2618 1302 2863 1372 (Pallad.
2898 1304 3126 1374 Dialog.)
3153 1322 3165 1368 ;
3196 1316 3245 1358 at
3279 1306 3393 1358 illos
3425 1306 3476 1359 in
3524 1316 3759 1359 extrema
3793 1305 4009 1375 Imperii

2432 1404 2481 1446 et
2534 1394 2670 1463 apud
2720 1394 2969 1447 barbaros
2996 1398 3264 1463 ablegatos
3294 1395 3453 1449 fuisse
3482 1397 3869 1464 deprehensum
3901 1410 4008 1450 est.

2428 1483 2555 1536 Nam
2602 1495 2656 1537 ut
2688 1485 2900 1553 quidam
2942 1486 3196 1539 diaconus
3250 1487 3535 1551 retulerat,
3565 1488 3819 1556 (Syriacus
3845 1486 4004 1541 Eme—

2438 1590 2596 1627 setius
2638 1576 2934 1645 Palmyram
2965 1576 3151 1629 ductus
3183 1577 3232 1629 in
3276 1576 3555 1631 Pen-arum
3600 1579 3817 1632 castello
3867 1588 4011 1642 erat,

2425 1664 2690 1732 ortoginla
2732 1666 3043 1719 milliaribus
3088 1666 3221 1719 ultra
3256 1666 3529 1730 Emesam;
3587 1666 4011 1737 Eulysiusvero.

2427 1755 2734 1808 nostrorum
2782 1758 3079 1824 episcopus,
3131 1758 3181 1809 in
3230 1758 3445 1811 castello
3475 1760 3730 1823 Arabum,
3776 1759 4014 1827 Mispbas

2424 1844 2584 1903 dicto,
2612 1845 2767 1896 trium
2790 1846 2991 1896 dierum
3020 1846 3205 1899 itinere
3228 1846 3427 1900 Bostris
3453 1847 3710 1913 distante;
3740 1848 4015 1901 Palladius

2424 1934 2633 2005 Syenen
2674 1936 2724 1988 in
2781 1936 2968 1990 vicinia
3002 1937 3333 2007 Bleinmyum
3372 1947 3421 1992 et
3444 1938 3771 2008 JEtbinpum,
3820 1938 4008 1993 Dentes

2428 2030 2559 2083 trius
2593 2032 2641 2081 in
2671 2030 2794 2083 Oasi
2838 2030 3115 2083 Maziribus
3138 2032 3396 2101 proxima.

2500 2126 2537 2175 Α
2565 2124 2818 2176 militibus
2848 2134 3019 2176 autem
3044 2166 3056 2186 ,
3090 2126 3289 2193 quieos
3320 2126 3370 2178 in
3405 2126 3667 2194 assignata
3694 2126 3808 2179 loca
3838 2124 4010 2178 dedu-

2431 2230 2577 2276 xere,
2611 2222 2711 2265 tam
2737 2230 2924 2283 aspere
2954 2214 3117 2267 Iiabiti
3140 2224 3284 2279 sunt,
3308 2228 3364 2268 ut
3385 2216 3518 2269 mori
3545 2218 4009 2285 praceptavissent.

2426 2306 2683 2359 Pecunias
2705 2308 2866 2367 enim,
2911 2324 3040 2376 quas
3078 2318 3433 2375 sumpserant,
3482 2309 3725 2377 abreptas
3758 2308 3897 2361 inter
3950 2325 4013 2363 se

2425 2398 2599 2463 partiti
2620 2405 2755 2456 sunt,
2780 2405 2831 2449 et
2854 2396 2904 2449 in
2926 2398 3041 2448 vilia
3061 2398 3293 2465 jumenta
3315 2399 3454 2466 ipsos
3473 2399 3835 2466 conjicientcs,
3861 2398 4013 2453 bidui

2427 2486 2528 2537 iter
2553 2500 2657 2538 uno
2685 2486 2769 2537 die
2798 2486 3153 2539 eonliciebant
3182 2488 3348 2539 multa
3394 2496 3548 2541 nocte
3585 2488 3703 2541 illos
3734 2489 3783 2541 in
3821 2488 4011 2541 diver-

2426 2580 2565 2629 soria
2599 2578 2961 2639 immittentes,
3003 2587 3055 2631 et
3100 2594 3307 2631 summo
3334 2594 3488 2632 mane
3516 2589 3639 2633 ante
3671 2580 3838 2632 lucem
3874 2594 4013 2649 pro-

2428 2668 2586 2720 licisci
2618 2678 2885 2736 cogentes,
2918 2669 2985 2720 ita
3018 2678 3070 2720 ut
3110 2684 3176 2721 ne
3203 2670 3424 2723 miseras
3450 2669 3661 2738 quidem
3690 2684 3841 2723 escas
3887 2680 4010 2724 sto-

2428 2758 2645 2809 machus
2670 2758 2899 2812 retinerc
2929 2768 3125 2825 posset.
3160 2758 3425 2827 Turpibus
3443 2761 3598 2813 etiam
3628 2770 3681 2814 et
3710 2761 4015 2816 inhonestis

2426 2848 2598 2901 verbis
2630 2849 2747 2900 illos
2788 2848 3043 2917 impetere
3084 2864 3187 2902 non
3222 2851 3475 2903 timebant
3510 2868 3521 2901 :
3568 2852 3803 2906 Palladio
3840 2854 4011 2907 etiam

2426 2938 2677 2991 famulum
2700 2940 3066 3002 abstulerunt,
3116 2940 3218 2992 vim
3248 2941 3343 3011 ipsi
3378 2940 3668 2995 inferentes
3702 2951 3757 2995 ut
3782 2943 4013 2997 tabellas

2424 3029 2732 3097 deponeret.
2768 3030 3089 3083 Demetrium
3122 3040 3298 3083 autem
3330 3046 3464 3083 unus
3492 3046 3556 3083 ex
3589 3031 3898 3085 ductoribus
3933 3034 4010 3085 ita

2426 3122 2658 3184 vexavit,
2689 3130 2744 3175 ut
2764 3134 2883 3173 cum
2910 3119 3147 3174 Zibinam
3180 3122 3342 3175 multa
3375 3134 3527 3176 nocte
3547 3123 3865 3191 pervenerit,
3894 3133 4012 3178 sta-

2427 3214 2517 3266 tim
2549 3214 2637 3267 iIIe
2667 3214 2992 3281 gravissimis
3020 3223 3135 3269 toto
3163 3229 3386 3282 corpore
3423 3216 3690 3269 doloribus
3716 3216 4011 3278 cruciatus,

2424 3303 2632 3357 vivendi
2666 3304 2823 3356 linem
2852 3302 3034 3357 fecerit
3064 3320 3076 3354 :
3106 3304 3174 3357 ita
3207 3313 3261 3356 ιιι
3290 3303 3377 3371 qui
3410 3304 3521 3356 lucc
3553 3304 3791 3358 viderunt
3813 3320 4014 3359 omnes

2427 3394 2516 3446 Dei
2547 3392 2832 3446 vindictam
2863 3404 3237 3460 agnoscerent.
3264 3393 3531 3449 Palladius
3563 3411 3685 3448 vero
3722 3396 3828 3464 jam
3856 3411 4009 3465 prte-

2424 3484 2633 3537 dixerat
2660 3498 2675 3537 :
2709 3483 2763 3535 In
2792 3483 2891 3537 bne
2919 3484 3110 3537 itinere
3133 3484 3505 3537 miserabiliter
3535 3486 3749 3552 peribis.

2489 3574 2550 3627 In
2582 3583 2727 3627 tanto
2769 3574 2956 3627 itinere
2995 3583 3208 3627 sanctos
3248 3574 3389 3626 viros
3429 3574 3679 3627 Ecclesiis
3716 3576 4012 3643 appropin-

2422 3678 2586 3731 quare
2616 3679 2719 3716 non
2752 3662 3017 3727 sinebant,
3041 3663 3132 3715 sed
3159 3663 3449 3716 diversoria
3484 3664 3748 3731 petebant,
3774 3664 3859 3717 ubi
3885 3682 4012 3719 nie-

2427 3755 2681 3809 retricum
2704 3763 2856 3807 erant
2881 3756 3089 3823 agmina
3120 3755 3202 3807 vel
3228 3770 3507 3823 synagoge
3544 3755 4011 3812 Samaritanorum

2430 3854 2519 3897 aut
2551 3843 2875 3907 Judteornm,
2908 3844 3171 3912 prtecipne
3202 3854 3377 3896 autem
3408 3844 3579 3907 Tarsi,
3611 3846 3698 3899 ubi
3730 3846 3780 3898 in
3828 3862 4010 3915 angn-

2425 3942 2554 3994 stias
2576 3938 2770 3991 redacti
2798 3946 2937 3991 sunt.
2957 3937 3100 3991 Unus
3122 3952 3246 3991 vero
3271 3952 3333 3992 ex
3354 3936 3615 4006 episcopis
3638 3938 3771 3991 alios
3799 3940 3877 3993 snl
3898 3950 4011 3995 itus

2422 4040 2522 4095 est,
2552 4028 2735 4082 dicens
2759 4027 2841 4080 his
2867 4026 3115 4080 omnibus
3139 4027 3299 4080 Deum
3319 4028 3483 4095 gloria
3511 4027 3671 4089 allici,
3702 4026 4012 4099 multasque

2420 4139 2485 4177 ex
2518 4122 2620 4175 illis
2640 4119 3029 4183 meretricibus,
3046 4135 3165 4188 qua:
3185 4121 3235 4173 in
3258 4120 3348 4172 Dei
3375 4120 3697 4173 oblivionem
3713 4131 4005 4185 venerant,

2422 4224 2513 4268 aut
2540 4229 2661 4267 eum
2694 4228 2760 4266 ne
2785 4222 2973 4266 norant
3000 4211 3233 4280 quidem,
3256 4212 3656 4281 visisepiscopis
3676 4213 3745 4267 ita
3766 4216 4005 4277 vexatis,

2424 4305 2475 4357 in
2505 4304 2749 4357 timorem
2775 4302 2868 4356 Dei
2900 4301 3129 4369 venisse,
3156 4311 3206 4355 et
3230 4300 3365 4354 forte
3387 4317 3672 4356 conversas
3703 4303 3887 4357 fuisse.

2494 4394 2742 4463 Plerique
2802 4401 2976 4447 autern
3032 4408 3097 4446 ex
3147 4392 3415 4461 episcopis
3469 4391 3709 4463 (Pallad.
3741 4393 4002 4464 Dialog.),

2420 4486 2508 4554 qui
2566 4484 3203 4561 Theopbiloba‘rebant,
3264 4498 3369 4536 non
3419 4483 3578 4537 modo
3615 4482 4003 4540 humanitatem

2421 4576 2619 4630 nullam
2648 4590 2773 4645 erga
2799 4574 3079 4643 episcopos
3121 4572 3240 4627 illos
3269 4572 3655 4636 exhibuerunt.
3695 4574 3789 4629 sed
3835 4576 4001 4629 etiam

2421 4667 2733 4721 muneribus
2762 4664 3106 4737 praetorianos
3130 4664 3448 4717 induxerunt
3470 4673 3659 4717 uteum
3686 4664 3789 4717 illis
3809 4679 4005 4732 aspere

2418 4766 2655 4829 agerent.
2703 4757 2803 4825 Qui
2836 4767 3012 4810 autem
3045 4757 3309 4826 praecipue
3337 4756 3459 4808 buic
3483 4755 3749 4809 vexationi
3778 4768 4001 4822 Operam

2419 4851 2637 4915 dedere,
2662 4858 2814 4903 erant
2843 4848 3079 4918 episcopi
3112 4848 3267 4901 Tarsi
3294 4858 3348 4901 et
3379 4846 3699 4909 Antiocbim,
3745 4845 4006 4915 Eulogius

2418 4941 2675 4996 Cmsarea:
2716 4940 3042 5003 Palaestinae;
3098 4949 3220 4993 ante
3265 4954 3452 4993 omnes
3504 4950 3677 4993 autem
3718 4938 4005 5007 episcopus

2420 5034 2664 5103 Aucvrtc,
2697 5041 2751 5085 et
2775 5030 3087 5083 Ammonius
3113 5029 3337 5094 Pelusii,
3385 5030 3606 5097 quitum
3651 5027 3826 5093 donis,
3887 5039 4000 5082 ιιιιιι

2423 5124 2580 5179 minis
2616 5124 2814 5177 milites
2843 5122 3098 5176 adversus
3137 5136 3231 5175 eos
3272 5122 3439 5188 magis
3468 5120 3883 5188 exasperabant,
3945 5136 4003 5175 ut

2421 5232 2488 5270 ne
2514 5216 2663 5269 laicis
2692 5214 2905 5283 quidem
2941 5214 3058 5266 illos
3087 5212 3333 5281 excipere
3364 5210 3659 5267 volentibus
3694 5212 3746 5266 id
3781 5215 4005 5291 permit-

2423 5314 2615 5359 terent.

2492 5396 2659 5450 Secus
2682 5405 2858 5447 autem
2899 5394 3070 5449 fecere
3114 5393 3203 5446 alii
3260 5395 3516 5464 episcOpi,
3556 5395 3644 5466 qui
3692 5412 3721 5451 a
3760 5397 4003 5457 Palladio

2422 5503 2540 5540 cum
2576 5485 2728 5539 laude
2756 5495 3272 5549 commemorantur;
3308 5502 3499 5556 nempe
3528 5487 3878 5557 Cappadocia:
3911 5506 3999 5543 se-

2421 5576 2607 5631 Clllldtl‘.
2638 5575 2895 5644 episcopi,
2929 5576 3017 5643 qui
3050 5590 3169 5629 cum
3201 5576 3450 5648 lacrymis
3478 5580 3753 5634 exsulibus
3794 5582 4007 5648 epism-

2424 5669 2504 5735 pis
2532 5665 2876 5719 condoluere.
2904 5663 3043 5718 Inter
3074 5680 3165 5720 eos
3189 5676 3363 5720 autem
3392 5669 3731 5723 eminuerunt
3751 5670 4006 5724 Theodo-

2431 5774 2540 5823 rus,
2580 5757 2880 5828 Tyanorum
2928 5756 3230 5826 episcopus,
3274 5757 3559 5827 Βοςνιιτὶυς
3598 5760 3827 5815 (ζοιοιιὲιν
3852 5803 3863 5824 ,
3922 5765 4012 5833 qni
