4276 6316
258 354 362 412 257

259 467 726 540 quadragesimum
766 473 1010 521 octavum
1044 477 1244 517 annum
1282 462 1335 515 in
1375 471 1682 530 episcoliatu
1722 474 1845 528 age-

260 557 383 618 bat;
411 555 668 622 Serapion
699 553 1021 618 Ostracinm,
1068 551 1155 620 qui
1193 551 1261 604 ab
1295 551 1448 603 anuis
1501 547 1847 618 quadraginta

259 647 500 716 quinque
524 645 828 715 episcopale
853 658 1040 696 munus
1059 641 1297 711 gerebat.
1324 638 1385 694 lli
1414 639 1465 692 in
1482 648 1685 707 partem
1706 653 1848 691 teru-

263 751 539 800 mnarutn,
595 736 749 805 queis
781 743 904 788 tunc
931 733 1295 786 obruebantur
1337 729 1551 784 exsules
1594 728 1849 797 epiSCOpi,

261 827 734 883 commiseratione
763 841 855 880 sua
876 833 1153 886 venerunt,
1184 835 1240 876 ut
1265 823 1314 876 in
1359 832 1559 892 partem
1604 819 1851 890 praemio-

265 934 391 973 rum
424 919 475 972 in
503 915 894 987 futurojudicio
908 915 1332 968 admitterentur.

344 1011 495 1063 Attici
523 1011 576 1063 in
602 1010 771 1064 sedem
799 1007 858 1063 C.
890 1007 958 1062 Ρ.
990 1007 1174 1060 intrusi
1239 1005 1521 1060 molimina.
1551 1034 1622 1044 —-
1651 1004 1855 1057 Atticus

267 1116 427 1164 vero,
455 1101 694 1154 omnium
736 1108 922 1153 contra
961 1099 1220 1153 Joannem
1263 1096 1597 1149 molimitmm
1633 1093 1854 1160 artifex,

263 1208 397 1248 cum
428 1191 631 1246 videret
659 1191 925 1245 neminem
954 1189 1067 1244 fere
1101 1188 1452 1243 Orientalium
1484 1188 1857 1254 episc0poru'm

263 1298 454 1336 secum
487 1281 888 1335 communicare
913 1279 1067 1344 velle,
1097 1279 1202 1332 imo
1224 1293 1350 1331 vero
1367 1276 1432 1346 ab
1448 1291 1505 1330 se
1526 1283 1859 1344 segregatum

271 1387 499 1428 manere
526 1373 780 1442 populum
805 1370 1488 1439 Coustantiuopolitanum,
1555 1366 1746 1422 Joanni
1803 1375 1860 1419 ut

266 1463 498 1518 antistiti
529 1477 626 1516 suo
653 1459 1320 1533 addietissimum(Pallad.
1348 1457 1604 1530 Dialog.);
1623 1457 1862 1528 Scriptu-

265 1556 742 1607 rarum'sacrarum
769 1553 1052 1622 legumque
1081 1552 1382 1606 divinarum
1411 1565 1604 1618 expers
1625 1563 1745 1603 cum
1773 1565 1860 1602 es-

266 1653 382 1709 set,
411 1643 479 1698 ab
506 1644 830 1713 lmperatore
858 1645 1038 1698 literas
1067 1645 1388 1711 impetravit,
1421 1651 1475 1696 ut
1505 1641 1587 1697 vel
1616 1643 1862 1696 nolentes

266 1734 342 1786 ad
369 1747 426 1788 se.
451 1734 686 1788 converti
710 1743 944 1803 cogeret.
977 1734 1313 1802 ltescriptum
1347 1743 1526 1788 autem
1574 1733 1861 1802 Imperato-

267 1823 354 1876 ris
396 1822 508 1877 ltazc
543 1822 786 1877 ferebat:
821 1823 882 1878 Si
923 1825 1032 1894 quis
1063 1826 1412 1895 episcoporum
1458 1842 1558 1878 non
1588 1827 1864 1877 conamini-

265 1923 356 1966 cat
375 1929 487 1966 cum
516 1911 814 1982 Theophila,
847 1913 1134 1984 l’orphyrio
1165 1925 1210 1968 et
1240 1915 1434 1977 Attico,
1494 1914 1722 1967 Ecclesia
1747 1915 1863 1983 qui-

265 2003 393 2056 dem
419 2001 669 2072 ejiciatur,
699 2012 792 2054 eta
822 2004 1042 2072 propriis
1084 2003 1408 2072 facultatibus
1444 2004 1696 2074 abigatur.
1757 2005 1868 2058 lloc

266 2093 490 2163 publice
518 2095 780 2163 prolatum
807 2095 1036 2148 edictum
1066 2095 1114 2147 id
1144 2094 1343 2160 effecit,
1372 2104 1427 2148 ut
1458 2095 1488 2149 ii
1516 2096 1604 2165 qui
1643 2095 1863 2148 faculta-

267 2185 421 2240 tibus
447 2185 740 2254 pollebattt,
768 2187 894 2256 ipsis
913 2187 1075 2241 etiam
1097 2187 1244 2240 inviti
1266 2188 1751 2256 conjungcrentur:
1777 2187 1866 2240 alii

266 2278 622 2346 pauperiores
649 2279 774 2333 etin
801 2294 928 2334 sana
959 2278 1063 2333 fide
1091 2279 1432 2344 infirmiores,
1457 2279 1719 2333 donormn
1750 2279 1864 2348 pol-

264 2366 656 2422 licitationibus
681 2367 858 2422 allecti
879 2368 943 2422 ad
964 2367 1108 2436 ipsos
1130 2377 1506 2424 accesserunt:
1539 2369 1627 2423 alii
1651 2383 1864 2438 genere,

274 2457 649 2522 facultatibus,
681 2467 733 2512 et
759 2459 1090 2529 corruptibili
1128 2459 1299 2530 gloria
1342 2459 1696 2530 posthabitis,
1747 2459 1867 2528 fuga

263 2546 380 2601 sibi
403 2549 811 2604 consuluerunt:
832 2565 897 2604 ex
923 2550 987 2604 iis
1004 2551 1219 2619 quidam
1239 2551 1465 2604 [lernam
1482 2549 1860 2620 confugerunt,

258 2640 370 2694 alii
395 2639 463 2694 ad
500 2650 734 2705 montes,
786 2641 873 2695 alii
906 2642 959 2696 in
997 2643 1316 2698 Ascetarum
1363 2642 1711 2696 monasteria.
1760 2641 1870 2696 Nec

259 2732 530 2786 adversus
565 2733 851 2802 episcopos
881 2735 1043 2788 modo
1065 2733 1299 2788 edictum
1329 2734 1585 2788 emissum
1624 2734 1741 2798 fuit,
1773 2736 1868 2791 sed

259 2821 419 2875 aliud
446 2822 815 2878 etiamcontra
846 2823 1008 2878 laicos
1052 2821 1137 2878 bis
1182 2825 1358 2878 verbis
1401 2837 1754 2893 expressum,
1813 2835 1870 2878 ut

261 2909 543 2976 videlicet,
593 2911 638 2966 si
668 2913 756 2982 qui
801 2929 923 2968 cum
957 2914 1271 2968 memoratis
1298 2926 1457 2982 supra
1486 2928 1592 2968 non
1622 2928 1865 2968 commu-

261 3005 534 3069 nicarcnt,
559 3005 645 3074 qui
670 3004 1065 3076 indignitatibus
1112 3014 1275 3060 essent
1319 3007 1600 3073 constituti,
1643 3022 1736 3060 suo
1777 3006 1869 3060 Ito-

263 3111 398 3148 nore
411 3104 458 3148 et
475 3095 720 3165 dignitate
737 3095 1055 3163 excederent,
1077 3097 1258 3151 milites
1273 3096 1532 3167 cingulum
1550 3098 1832 3152 amitterent
1847 3116 1866 3153 .'

265 3187 468 3255 reliqua
494 3189 632 3255 plebs
661 3196 811 3257 atque
835 3188 1042 3258 api/ices
1065 3230 1076 3252 ,
1128 3189 1270 3258 graui
1299 3191 1414 3242 auri
1465 3189 1688 3259 pondere
1733 3191 1865 3244 mul-

265 3282 413 3344 ctati,
446 3281 758 3350 subiacerent
789 3281 990 3334 exsilio.

345 3371 590 3441 Episcopi
622 3373 766 3425 multi
793 3373 955 3426 uexati
979 3383 1024 3426 et
1049 3373 1246 3428 sedibus
1271 3375 1425 3446 pulsi.
1455 3405 1526 3416 --
1579 3376 1865 3445 Postquam

270 3466 449 3520 edicta
484 3463 791 3534 lmjusmodi
823 3465 1151 3535 promulgata
1184 3463 1356 3531 fuere,
1383 3467 1532 3520 multi
1556 3484 1649 3536 per
1678 3465 1869 3523 Orien—

271 3566 384 3608 tem
435 3543 610 3607 variis
646 3553 818 3607 modis
843 3550 1020 3604 vexati
1065 3554 1309 3624 pulsique
1366 3555 1515 3610 fuere
1547 3553 1779 3628 (Pallad.
1815 3562 1867 3611 in

276 3643 483 3714 Dialog.
529 3643 730 3713 supra).
762 3643 1008 3712 Episcopi
1045 3644 1153 3713 qui,
1182 3655 1236 3698 ιιι
1267 3645 1518 3711 diximus,
1572 3646 1730 3700 minis
1783 3647 1864 3700 vel

281 3734 540 3788 a‘runmis
560 3748 589 3785 a
619 3733 800 3788 debito
817 3731 994 3788 oflicio
1016 3735 1250 3788 amoveri
1283 3749 1386 3788 non
1411 3746 1679 3803 poterant,
1713 3738 1866 3790 aufu-

273 3840 426 3892 gero.
473 3823 743 3878 Palladius
773 3823 1183 3894 llelenopolcos,
1215 3839 1322 3893 quo
1371 3833 1589 3880 auctore
1640 3835 1694 3880 et
1729 3825 1865 3883 duce

272 3915 391 3966 haec
422 3913 726 3976 scribimus,
749 3912 970 3967 Romam
998 3929 1056 3968 se
1089 3915 1309 3985 recepit,
1341 3916 1425 3969 ubi
1459 3925 1579 3985 post
1611 3915 1865 3988 Chrysos-

272 4005 406 4058 tomi
449 4014 677 4058 mortem
719 4001 932 4058 advenit
976 4020 1117 4058 anno
1161 4006 1285 4059 407.
1342 4005 1532 4060 Rhodo
1583 4007 1864 4076 episcopus

268 4093 415 4148 Asia:
443 4093 730 4166 Mitylenen
750 4093 953 4164 aufugit
982 4113 995 4150 :
1028 4095 1229 4160 Brisso,
1261 4096 1424 4150 frater
1451 4097 1670 4152 Palladii
1708 4099 1866 4155 llele-

269 4184 573 4254 nopolitani
596 4225 612 4250 ,
658 4184 894 4239 Ecclesia
927 4201 1019 4239 sua
1049 4187 1188 4240 ultro
1225 4187 1499 4253 derelicta,
1537 4188 1604 4242 ad
1633 4191 1862 4260 agellum

268 4289 429 4342 suum
449 4289 512 4328 se
538 4274 766 4343 recepit,
795 4275 885 4329 ubi
927 4285 1123 4330 terram
1153 4279 1385 4346 prepriis
1412 4279 1662 4335 manibus
1698 4298 1862 4337 exco-

268 4365 371 4419 luit
396 4383 409 4418 :
445 4364 698 4430 Hilarius,
727 4365 808 4420 vir
827 4376 1042 4422 sanctus
1069 4378 1124 4424 et
1144 4384 1329 4433 senex,
1355 4370 1407 4424 in
1456 4371 1700 4426 intimum
1720 4373 1860 4428 Pon-

269 4463 384 4507 tum
410 4453 594 4524 pulsus
622 4465 726 4518 est,
754 4457 921 4526 plagis
945 4457 1211 4521 concisus,
1257 4475 1365 4514 non
1416 4476 1444 4513 a
1471 4461 1677 4531 judice,
1707 4465 1801 4519 sed
1832 4481 1861 4518 a

261 4543 453 4598 Clem.
489 4543 536 4596 Is
561 4543 748 4598 decem
777 4554 830 4600 et
857 4557 981 4601 octo
1009 4563 1180 4602 annos
1212 4559 1577 4621 transegerat,
1635 4570 1739 4607 non
1771 4572 1862 4624 pa-

267 4649 397 4689 nem
415 4633 604 4700 edens,
638 4637 733 4691 sed
757 4636 904 4691 olera
928 4647 1131 4693 tantum
1169 4651 1222 4695 et
1269 4641 1595 4697 frumentmn
1625 4657 1859 4701 coctum.

265 4725 538 4778 Antonius
583 4740 712 4780 vero
769 4729 1128 4797 episeopusiu
1173 4733 1448 4800 speluncis
1468 4735 1862 4794 Palaestinaese-

266 4814 448 4881 ipsum
465 4815 731 4869 conclusit
763 4835 776 4870 :
810 4816 1127 4872 Timotheus
1157 4820 1442 4886 Maronem,
1473 4833 1526 4877 et
1547 4824 1779 4882 Joannes
1805 4833 1858 4882 in

264 4905 435 4976 Lydia
466 4907 771 4976 episcopus,
798 4909 848 4962 in
875 4909 1241 4968 Macedoniam
1293 4928 1352 4966 se
1408 4917 1676 4983 t'eCcpisse
1725 4918 1862 4973 dice-

267 4997 498 5053 bantur:
528 4998 819 5069 Gregorius
863 5002 916 5055 in
959 5001 1126 5074 Lydia
1175 5003 1480 5074 episcopus,
1524 5009 1576 5060 in
1631 5008 1858 5080 Phrygia

262 5091 1098 5162 essenarrabatnr.Lampetium
1119 5094 1369 5149 dicebant
1413 5097 1467 5150 in‘
1519 5099 1715 5169 oppido
1757 5101 1860 5172 Ly-

261 5182 370 5234 diae
396 5195 537 5246 esse,
565 5181 655 5235 ubi
681 5181 902 5250 juvante
926 5198 984 5236 se
1013 5183 1246 5253 quodam
1277 5185 1587 5242 Eleutherio
1619 5190 1856 5245 lectioni-

264 5272 367 5324 bus
393 5285 612 5339 Operam
639 5271 820 5324 dabat.
848 5271 1116 5342 Eugenius
1147 5274 1199 5327 in
1232 5277 1398 5343 patria
1415 5292 1509 5329 stta
1533 5294 1591 5333 se
1612 5281 1856 5336 contine-

264 5360 396 5414 bat:
431 5360 691 5429 Elpidius,
725 5378 944 5432 magnus
991 5363 1078 5418 ille
1123 5362 1404 5420 Laodicea:
1443 5369 1613 5438 Syri-.e
1658 5371 1857 5440 cpisco-

265 5466 386 5518 pus,
414 5461 465 5506 et
494 5451 705 5520 Pappus
734 5467 827 5521 per
855 5462 1024 5507 totum
1073 5455 1364 5510 triennium
1394 5458 1644 5527 precibus
1672 5477 1854 5517 vacan-

267 5555 348 5596 tes
371 5541 440 5597 de
467 5543 610 5596 scala
641 5541 832 5597 domus
856 5557 968 5598 sua:
997 5559 1103 5599 non
1136 5545 1531 5602 descenderunt
1558 5567 1572 5603 :
1629 5549 1855 5606 lleracli.

263 5633 358 5685 des
382 5630 643 5701 Ephesius
673 5647 766 5701 per
789 5633 1196 5702 quadriennium
1218 5637 1538 5695 Nicomedia:
1562 5638 1612 5694 in
1636 5656 1851 5697 carcere

270 5720 509 5782 inclusus
543 5725 763 5780 ntansit.

1435 347 1613 404 NUNC
1651 345 1910 403 PRIMUM
1951 342 2346 400 ADORNATA.

3440 337 3544 392 938

2030 453 2316 526 Presbyteri
2369 465 2414 509 et
2458 455 2690 509 monachi
2740 456 2870 510 male
2926 453 3138 524 excepti.
3173 481 3243 493 —-
3295 447 3544 519 Episcopi

1962 558 2142 602 autem
2176 548 2283 615 illi,
2330 547 2497 616 inquit
2523 546 2792 602 Palladius
2813 587 2829 613 ,
2867 545 2956 615 qui
2989 560 3098 615 pra:
3126 552 3267 598 metu
3295 542 3362 596 ad
3391 541 3548 594 Attici

1966 649 2142 708 partes
2172 638 2512 704 transierant,
2555 639 2607 692 in
2632 638 2763 692 alias
2811 636 3050 692 Thracia}
3082 635 3347 690 Eeclesias
3373 642 3547 686 trans-

1960 730 2049 783 lati
2081 739 2224 794 sunt,
2268 729 2444 784 Attico
2472 743 2665 799 nempe
2693 729 2742 782 vi
2769 737 2992 784 extorta:
3017 727 3227 782 illorum
3256 724 3552 778 adhmsioni

1962 837 2064 874 non
2083 821 2214 875 satis
2233 820 2448 874 fidente.
2466 819 2768 874 Anatolium
2782 819 3088 887 episeopum
3107 816 3355 870 dicebant
3369 828 3486 870 esse
3500 813 3556 866 in

1965 911 2169 965 Galliis.
2208 910 2648 980 Presbyterorum
2671 923 2798 963 vero
2827 907 2917 961 alii
2945 908 2995 961 in
3020 904 3265 960 Arabiam
3297 912 3351 958 et
3389 903 3558 957 Palu:-

1964 1010 2155 1055 st'matn
2186 1000 2455 1054 amandati
2482 1009 2625 1054 sunt.
2689 998 2897 1069 Tigrius
2929 999 2978 1051 in
3007 995 3442 1072 Mesopotamiam
3467 1009 3556 1048 re-

1968 1094 2170 1162 legatus
2188 1101 2290 1158 est,
2319 1093 2656 1162 Philippusin
2691 1092 2858 1146 Ponto
2883 1091 3032 1146 cxsul
3054 1090 3204 1155 obiit,
3227 1086 3558 1157 Theophilus

1967 1183 2019 1237 iu
2051 1183 2417 1252 Paphlagonia
2447 1191 2602 1248 erat;
2634 1182 2868 1237 Joannes
2889 1224 2902 1245 ,
2953 1181 3149 1237 x’Ethrii
3171 1182 3330 1244 filius,
3379 1180 3557 1233 Czcsa-

1975 1288 2082 1328 ηαξ
2113 1273 2495 1327 tuonasterium
2524 1273 2839 1327 construxit.
2875 1273 3204 1342 Stephanum
3233 1272 3283 1324 in
3308 1270 3557 1324 Arabiam

1969 1365 2258 1433 relegatum
2299 1374 2354 1418 et
2402 1363 2684 1418 custodum
2729 1363 2971 1417 manibus
3020 1363 3368 1428 abstractum,
3417 1362 3562 1416 Isau-

1970 1455 2013 1507 ri
2047 1454 2098 1506 in
2127 1453 2360 1507 Taurum
2400 1453 2718 1508 dimiserunt
2755 1472 2767 1506 :
2808 1453 3100 1508 Salustium
3151 1455 3200 1508 itt
3239 1450 3397 1508 Creta
3441 1466 3562 1506 esse

1970 1542 2256 1600 dicebant:
2289 1543 2566 1614 Philippus
2593 1543 2888 1600 monachus
2927 1553 2978 1599 ct
3008 1543 3294 1616 Presbyter
3337 1544 3561 1599 Schola-

1972 1650 2117 1698 rum,
2153 1635 2427 1688 dicebatur
2457 1635 2508 1688 in
2537 1635 2826 1705 Campania
2855 1646 3137 1706 a'grotare,
3175 1645 3229 1689 et
3258 1634 3563 1706 Stephanus

1971 1725 2234 1778 diaconus
2266 1724 2317 1777 in
2347 1722 2653 1779 Thebaidos
2679 1739 2893 1780 carcere
2922 1724 3170 1779 detineri.
3216 1725 3411 1778 Paulus
3447 1719 3564 1776 dia-

1974 1828 2171 1880 conus,
2203 1813 2501 1869 (Economi
2531 1814 2776 1883 adjutor,
2811 1814 3126 1869 narrabatur
3151 1815 3202 1868 in
3233 1813 3408 1869 Africa
3442 1829 3566 1867 ver-

1973 1909 2078 1961 sari
2106 1924 2122 1960 :
2149 1907 2286 1960 alius
2331 1907 2528 1963 Paulus
2570 1908 2829 1963 diaconus
2873 1909 3168 1963 Anastasite
3215 1907 3566 1980 Jcrosolymis

1974 1997 2310 2054 versabatur.
2358 1999 2633 2054 llclladius
2660 2000 2939 2071 presbyter
2971 2000 3154 2054 Palatii
3187 2001 3237 2054 in
3267 2001 3438 2070 agello
3469 2015 3566 2053 suo

1974 2088 2239 2158 Bithynice
2265 2090 2426 2146 vitam
2455 2091 2664 2162 agebat.
2699 2093 2846 2147 Multi
2885 2093 3343 2162 Constantinopoli
3384 2093 3562 2147 delite-

1975 2181 2227 2248 scebant;
2256 2182 2345 2236 alii
2373 2183 2424 2237 in
2455 2185 2678 2254 patriam
2702 2185 2926 2254 quisque
2949 2200 3097 2239 suam
3123 2185 3382 2239 abierant.
3402 2185 3568 2239 Silva-

1978 2290 2096 2340 nus,
2123 2284 2340 2331 sanctns
2361 2276 2676 2348 episcopus,
2706 2278 2758 2332 in
2789 2277 3000 2333 Troade
3036 2278 3366 2348 piscabatur,
3407 2285 3461 2332 et
3503 2293 3568 2330 cx

1977 2365 2184 2434 piscatu
2218 2365 2377 2420 vitam
2407 2367 2507 2422 sibi
2537 2368 2900 2437 comparabat.
2929 2367 3228 2437 Stephanus
3254 2369 3569 2430 monachus,

1976 2458 2067 2525 qui
2092 2456 2457 2512 Romanorum
2487 2460 2740 2529 epistolas
2766 2459 3054 2526 detulerat,
3087 2475 3148 2514 ea
3171 2458 3238 2513 de
3260 2474 3421 2514 causa
3449 2473 3569 2512 ver-

1985 2545 2224 2612 beratus,
2257 2548 2444 2602 decem
2477 2549 2752 2604 mensibus
2778 2549 3237 2619 Constantinopoli
3276 2549 3326 2604 in
3355 2565 3571 2604 carcere

1978 2639 2138 2692 vitam
2174 2640 2320 2709 egit:
2357 2655 2478 2695 cum
2529 2649 2706 2696 autem
2757 2643 3086 2710 proliositum
3142 2643 3238 2711 ipsi
3278 2641 3466 2696 fuisset
3515 2653 3571 2695 ut

1978 2728 2156 2783 Attico
2182 2728 2507 2797 lucreret,et
2535 2747 2640 2786 non
2672 2732 3051 2801 acquievisset,
3084 2733 3340 2787 lateribus
3372 2742 3425 2787 et
3474 2751 3570 2802 po-

1976 2831 2125 2875 ctore
2152 2822 2470 2890 ungularum
2493 2826 2539 2898 vi
2569 2823 2830 2879 laceratus
2861 2833 2942 2879 cst
2974 2824 3157 2894 :cujus
3189 2825 3264 2879 rei
3295 2826 3444 2880 testis
3474 2825 3571 2880 fuit

1978 2911 2090 2979 ipse
2121 2909 2407 2965 Palladius.
2447 2913 2757 2984 Stephanus
2790 2930 2917 2969 vero
2955 2914 3153 2969 Christi
3192 2915 3526 2986 providentia
3555 2958 3569 2980 ,

1983 2999 2038 3054 in
2065 2999 2298 3056 secunda
2329 3001 2554 3058 fortasse
2581 3003 2876 3058 certamina
2905 3013 3230 3070 reservatus,
3270 3014 3390 3076 post
3428 3005 3570 3060 deci-

1981 3106 2127 3145 mum
2148 3093 2440 3147 curationis
2461 3109 2570 3148 sua:
2597 3109 2856 3163 mensem,
2891 3095 3161 3152 Pelusium
3186 3098 3452 3166 relegatus
3469 3109 3569 3153 est.

1977 3183 2331 3239 Provincialis
2385 3187 2599 3256 quidam
2650 3189 2806 3243 miles
2852 3205 2914 3244 ex
2947 3189 3142 3244 scholis
3191 3191 3464 3258 Palatinis,
3519 3186 3574 3246 ut

1974 3274 2196 3330 Joannis
2246 3275 2419 3331 fautor
2448 3289 2750 3344 accusatus,
2783 3289 2903 3350 post
2934 3282 3062 3335 varii
3085 3283 3296 3352 generis
3317 3283 3496 3354 plagas
3521 3293 3573 3337 et

1979 3366 2348 3422 atrocissimas
2370 3367 2698 3435 abrasioncs,
2727 3370 2912 3426 Petras
2937 3372 3084 3428 exsul
3109 3374 3301 3427 missus
3327 3385 3427 3429 est.

2047 3459 2368 3530 Episciipum
2383 3461 2545 3516 alium
2565 3474 2824 3518 memorat
2839 3465 3096 3537 Synesius
3113 3467 3381 3537 (Synesins
3399 3466 3568 3536 Epist.

1973 3550 2044 3607 96
2073 3562 2116 3606 et
2142 3549 2290 3621 97),
2345 3554 2702 3610 Alexandrum
2758 3557 3289 3630 Basiliuopolitaunm
3315 3602 3330 3626 ,
3364 3563 3571 3633 Cyrene

1975 3644 2025 3697 in
2045 3642 2208 3714 Libya
2228 3655 2429 3713 natum,
2452 3647 2539 3718 qui
2554 3648 2765 3717 juvenis
2781 3653 3126 3706 nmnasticam
3147 3653 3305 3706 vitam
3324 3669 3584 3710 cxcreue.

1975 3745 2048 3790 rat
2062 3778 2076 3802 ,
2097 3749 2385 3810 posteaque
2413 3741 2691 3812 presbyter
2706 3751 2916 3800 creatus
2931 3759 3050 3799 cum
3068 3746 3567 3816 Constantinopolin

1974 3827 2225 3891 venisset,
2245 3828 2695 3903 a(‘.hrysostomo.,
2715 3834 2802 3904 qui
2831 3833 2945 3904 ejus
2974 3835 3222 3904 pietatem
3241 3846 3570 3908 exterasque

1973 3919 2134 3972 animi
2188 3919 2339 3974 dotes
2394 3923 2557 3989 probo
2613 3935 2868 3991 noverat,
2926 3925 3304 3996 Basinopoleos
3357 3930 3566 3998 episco~

1974 4023 2072 4079 pus
2117 4021 2328 4066 creatus
2375 4012 2494 4068 fuit.
2541 4012 2671 4069 Cum
2722 4031 2851 4070 vero
2898 4016 3312 4088 Cbrysostomus
3362 4037 3390 4072 a
3439 4021 3568 4075 sede

1971 4114 2068 4154 sua
2117 4101 2299 4170 pulsus
2343 4102 2475 4170 fuit,
2529 4105 2644 4174 ejus
2691 4105 2778 4160 ille
2821 4108 3060 4177 partibus
3108 4124 3322 4178 semper
3372 4111 3566 4175 habit.

1972 4190 2200 4263 ideoque
2242 4206 2465 4250 vexatus
2496 4196 2877 4254 Ptolemaidem
2925 4200 2975 4253 in
3008 4200 3172 4272 Libya
3221 4219 3279 4257 se
3323 4206 3564 4273 recepit.

1971 4299 2144 4354 neque
2197 4301 2446 4356 umquam
2492 4305 2519 4341 a
2567 4287 2934 4360 Chrysostomi
2990 4294 3224 4363 partibus
3277 4295 3568 4350 abscedere

1972 4375 2155 4430 voluit.

2041 4466 2233 4523 Narrat
2289 4485 2414 4525 vero
2464 4471 2730 4526 Palladius
2763 4470 2994 4544 (Pallad.
3042 4474 3289 4547 Dialog.)
3345 4493 3567 4548 scopum

1972 4559 2227 4614 Ecclesia:
2285 4561 2538 4616 Romana:
2596 4562 2756 4617 fuisse
2819 4581 2924 4618 non
2988 4569 3383 4623 communicare
3446 4585 3565 4623 um-

1969 4668 2129 4720 quam
2180 4670 2302 4707 cum
2352 4653 2708 4711 Orientalibus
2761 4657 3062 4729 episcopis,
3095 4661 3390 4729 prmscrtim
3445 4676 3565 4716 cum

1970 4742 2290 4813 Τιιυοριιὶιυ,
2322 4746 2493 4799 donec
2519 4745 2754 4801 dedisset
2784 4748 3043 4802 Dominus
3073 4749 3248 4805 locum
3279 4752 3565 4808 universali

1968 4832 2187 4904 Synodo
2212 4879 2226 4903 ,
2256 4853 2374 4907 quae
2419 4839 2728 4906 putrefactis
2771 4842 3026 4897 membris
3066 4858 3250 4899 corum
3277 4886 3292 4912 ,
3321 4847 3410 4916 qui
3453 4845 3570 4902 hare

1969 4934 2238 4992 patraraut
2262 4965 2276 4989 ,
2308 4927 2613 4982 mederetur
2646 4944 2658 4980 :
2693 4929 2946 5000 additque
2989 4937 3148 4987 etiam
3177 4943 3296 5004 post
3337 4945 3565 4990 mortem

1966 5013 2188 5069 Joannis
2212 5057 2226 5080 ,
2257 5015 2488 5087 viguisse
2520 5025 2696 5074 tamen
2727 5020 2871 5074 illam
2915 5022 3207 5079 Innocentii
3244 5035 3297 5078 et
3339 5025 3566 5083 Ποιητιηὶ

1965 5102 2188 5158 Concilii
2215 5105 2667 5176 declarationem,
2695 5111 2816 5180 quia
2864 5112 2918 5167 in
2965 5123 3110 5167 tanto
3137 5117 3366 5171 tumultu
3413 5120 3562 5172 tnulti

1967 5193 2164 5263 indigni
2196 5196 2261 5249 ad
2282 5197 2548 5252 Ecclesias
2564 5202 2900 5270 occupandas
2928 5203 3565 5280 involaverant.‘ldipsum

1963 5285 2096 5340 dicit
2119 5287 2490 5344 Theodoretus
2537 5290 2866 5362 (Theodoret.
2901 5297 2939 5349 ι.
2971 5297 3024 5352 5.
3056 5315 3102 5350 c.
3136 5297 3224 5367 54)
3248 5316 3259 5352 :
3280 5299 3564 5371 adjicitque

1965 5377 2127 5430 etiam
2159 5387 2279 5446 post
2320 5389 2545 5435 mortem
2575 5384 2753 5454 magni
2803 5385 3038 5442 doctoris
3068 5389 3215 5443 orbis
3261 5399 3556 5456 terrarum,

1965 5467 2335 5524 Occidentales
2351 5471 2650 5542 episcopos,
2673 5476 3045 5546 cpiscOporum
3065 5477 3280 5552 Egypti
3306 5491 3358 5536 et
3376 5481 3564 5539 Orien-

1967 5556 2068 5620 tis,
2107 5557 2324 5627 Bospori
2374 5570 2429 5616 et
2477 5561 2757 5630 Thraciae,
2804 5570 3234 5626 communionem
3285 5589 3388 5628 non
3438 5586 3564 5632 ante

1962 5645 2280 5713 admisisse,
2313 5666 2468 5717 quam
2515 5652 2676 5707 divini
2726 5655 2867 5711 illius
2898 5659 2992 5712 viri
3047 5675 3241 5717 nomen
3293 5681 3395 5720 una
3441 5682 3561 5724 cum

1961 5748 2165 5795 calens
2191 5740 2454 5801 defum'tis
2475 5747 2571 5816 cpi.
2590 5749 2738 5817 cupis
2753 5756 3192 5825 cousiguasscnl.
