4276 6316
714 271 822 327 239

774 387 1159 460 Chrysostomus
1178 387 1467 443 Innocentio
1486 388 1646 457 Papa:
1668 387 1838 442 literas
1856 387 2023 441 mittit.
2039 417 2108 426 -—
2123 383 2287 453 Chry-

702 488 974 553 sostomus
1010 494 1131 533 cum
1158 464 1418 547 episcOpis
1440 476 1869 532 Occidentalibus
1895 466 2284 530 causamsnam

706 569 1126 641 suscipientibus
1147 566 1349 630 scribit,
1379 565 1447 620 de
1476 563 1616 619 felici
1648 563 1728 619 rei
1756 563 1900 618 exitu
1929 561 2174 616 dubitare
2201 561 2280 615 vl-

705 664 886 730 detur,
918 663 1059 733 quod
1094 661 1402 725 nequitiam,
1437 661 1751 729 potentiam,
1783 655 2134 726 pervicaciam
2186 651 2283 708 ad~

706 756 1067 812 versariorum
1091 768 1310 809 suorum
1350 752 1516 823 probe
1544 757 1744 804 nosset.
1772 747 1883 802 Nec
1910 747 2031 802 ideo
2073 747 2286 801 minore

703 860 835 902 cura
855 856 910 902 et
928 845 1101 900 studio
1118 844 1183 898 ad
1202 858 1286 898 res
1304 839 1703 913 componendas
1743 838 2000 894 utendum
2027 852 2147 893 esse
2172 836 2287 893 exi-

705 938 976 999 stimabat,
998 945 1055 991 ut
1073 936 1255 990 videre
1276 940 1361 988 est
1379 934 1432 987 in
1460 932 1687 1003 epistola
1705 930 1771 985 ad
1798 929 2165 984 Innocentium
2189 929 2289 983 Pa-

704 1043 830 1100 pam
862 1026 950 1100 (T.
1000 1028 1054 1083 5.
1095 1043 1141 1079 c.
1185 1025 1332 1095 555),
1381 1023 1468 1079 cui
1520 1034 1759 1077 summas
1787 1019 1895 1089 agit
1920 1014 2122 1089 gratias
2145 1016 2289 1089 quod

699 1119 876 1173 tantas
916 1116 1255 1177 tempestates
1277 1147 1292 1170 ,
1324 1116 1496 1160 tantos
1525 1104 1714 1159 ﬂuctus
1744 1116 1840 1172 pro
1864 1103 2067 1156 viribus
2090 1102 2279 1156 sedare

698 1210 923 1255 conatus
967 1201 1081 1253 sit:
1116 1200 1186 1252 ita
1232 1207 1325 1261 ut,
1370 1198 1414 1251 si
1459 1204 1681 1250 conatus
1725 1208 1841 1262 ejus
1884 1193 2063 1247 felices
2105 1193 2280 1247 exitus

700 1291 1042 1355 habuissent,
1072 1290 1181 1359 jam
1234 1296 1415 1357 pacata
1470 1287 1645 1341 omnia
1693 1293 1908 1347 essent,
1939 1294 1992 1338 et
2041 1283 2275 1338 Ecclesia

700 1384 982 1452 tranquilla
1035 1396 1164 1450 pace
1219 1379 1505 1437 frueretur.
1563 1379 1834 1447 Rogatque
1886 1377 2031 1441 illum
2087 1389 2156 1428 ne
2206 1389 2275 1428 ex

697 1475 1129 1531 adversariorum
1196 1471 1375 1527 furore
1428 1473 1661 1525 animum
1716 1469 2089 1538 despondeat,
2156 1483 2277 1523 cum

699 1575 777 1620 tot
832 1564 1012 1619 videat
1066 1564 1286 1634 populos
1339 1562 1607 1631 dispersos
1639 1600 1654 1624 ,
1720 1560 1945 1615 clericos
2001 1567 2228 1614 vexatos
2254 1599 2273 1623 ,

696 1656 978 1726 episcopos
1021 1654 1237 1708 sedibus
1282 1652 1462 1721 pulsos
1512 1669 1526 1705 :
1574 1660 1628 1705 et
1671 1658 1868 1720 quanto
1915 1649 2084 1719 major
2136 1657 2275 1702 tem-

698 1755 877 1815 pestas
920 1755 1021 1811 cst,
1054 1753 1198 1799 tanto
1242 1743 1412 1813 majus
1454 1741 1685 1797 studium
1715 1739 1965 1795 adhibeat
2010 1749 2272 1809 precatur.

698 1838 875 1906 Seque
898 1836 1282 1907 frequentiores
1309 1835 1407 1905 ipsi
1452 1835 1632 1889 literas
1657 1834 1942 1887 missurum
1974 1831 2137 1885 fuisse
2162 1830 2271 1897 ait,

698 1927 799 1986 nisi
840 1926 1005 1983 Isauri
1050 1926 1321 1997 perpetuis
1367 1923 1755 1979 incursionibus
1800 1922 1913 1976 vias
1954 1919 2273 1977 interclude-

698 2027 837 2073 rent.

771 2109 914 2163 lianc
939 2108 1217 2178 epistolam
1249 2107 1469 2161 Romam
1496 2105 1722 2159 attulere
1745 2103 1975 2158 Joannes
2000 2101 2275 2173 presbyter

695 2208 749 2255 ct
778 2198 971 2254 Paulus
995 2200 1267 2263 diaconus,
1288 2207 1345 2253 ut
1371 2199 1420 2251 in
1453 2196 1539 2251 illa
1563 2196 1776 2261 dicitur,
1796 2211 1913 2265 quae
1940 2210 2023 2248 res
2048 2192 2279 2246 difticul-

697 2299 858 2346 tatem
904 2301 1080 2346 movet
1122 2305 1226 2344 non
1274 2300 1377 2343 tam
1409 2288 1564 2343 facile
1608 2285 1933 2343 solvendam.
1968 2283 2021 2337 ln
2051 2284 2273 2352 cpistola

694 2382 838 2437 enim
866 2383 968 2439 148
994 2382 1060 2439 ad
1086 2382 1365 2453 Cyrlacum
1390 2423 1405 2447 ,
1436 2380 1759 2436 Demetrium
1787 2388 1841 2433 ct
1866 2387 2087 2431 (κριοί-οε
2112 2418 2126 2441 ,
2156 2390 2275 2445 qua:

694 2474 893 2541 scripta
922 2482 1134 2542 putatur
1162 2487 1301 2526 anno
1329 2473 1454 2537 405,
1482 2473 1555 2525 ait
1582 2470 1992 2538 Cht'ysostomus
2017 2466 2275 2521 Joannem

695 2562 1060 2634 presbyterum
1088 2573 1140 2617 ct
1158 2563 1377 2616 Paulum
1402 2562 1683 2615 diaconum
1712 2564 1811 2614 iter
1828 2574 2029 2628 parare,
2053 2566 2106 2610 ut
2132 2557 2276 2626 ipsos

693 2654 1013 2708 conveniant
1066 2669 1080 2704 :
1134 2653 1178 2707 si
1233 2662 1408 2706 autem
1463 2667 1603 2706 anno
1654 2651 1758 2706 405
1812 2652 1947 2704 hanc
1997 2648 2273 2718 epistolam

692 2742 967 2811 scripserit
1000 2740 1409 2811 Chrysostomns
1433 2781 1447 2805 ,
1477 2756 1581 2809 quo
1630 2749 1786 2810 pacto
1813 2740 1994 2793 dicere
2024 2737 2191 2807 possit
2216 2752 2276 2792 se

698 2832 909 2888 tertium
954 2846 1149 2884 annum
1194 2832 1245 2884 in
1274 2832 1459 2884 exsilio
1486 2846 1645 2900 agere
1668 2870 1683 2895 ,
1712 2830 1800 2899 qui
1832 2839 1954 2883 tunc
1982 2826 2273 2882 secundum

696 2935 900 2978 tantum
927 2924 1062 2978 inire
1088 2922 1597 2993 poterat?0pinatur
1624 2921 1990 2975 'l‘illemontius
2016 2921 2272 2976 Joannem

694 3025 747 3071 ct
774 3014 1014 3079 Paulum,
1034 3014 1123 3084 qui
1152 3024 1274 3068 tunc
1302 3014 1401 3067 iter
1432 3014 1703 3081 parabant,
1724 3012 2104 3081 profectionem
2124 3026 2275 3066 suam

698 3104 749 3159 in
772 3117 969 3157 annum
992 3112 1299 3172 sequentem
1324 3102 1611 3156 distulisse.

765 3196 894 3250 Alia:
921 3212 1031 3260 ejus
1060 3195 1301 3266 epistolis.
1337 3223 1402 3233 -—
1432 3194 1618 3247 Joanni
1665 3204 1840 3247 autem
1874 3194 2180 3263 presbytero
2225 3202 2277 3246 ct

698 3286 857 3338 l'aulo
886 3284 1109 3338 diacono
1144 3282 1420 3355 epistolam
1451 3281 1597 3337 dedit
1628 3280 1748 3345 168,
1782 3281 1987 3346 Probat,
2022 3296 2276 3336 matrona:

699 3373 971 3439 Romanae,
1003 3372 1364 3437 adferendam,
1383 3375 1467 3425 cui
1496 3372 1613 3425 illos
1643 3373 1995 3436 commendat,
2029 3373 2277 3441 illamque

699 3473 757 3518 ut
783 3463 1109 3533 frequentius
1138 3462 1236 3517 sibi
1264 3462 1441 3517 literas
1466 3462 1637 3515 mittat
1663 3473 1928 3531 precatur.
1961 3463 2274 3531 Iisdemque,

700 3564 757 3610 ut
784 3564 996 3623 putatur
1019 3594 1033 3617 ,
1063 3553 1312 3622 epistolas
1353 3562 1636 3621 sequentes
1666 3553 1765 3607 169
1795 3563 1847 3609 et
1880 3554 1981 3608 170
2024 3554 2237 3608 tradidit
2262 3596 2275 3618 ,

699 3658 921 3713 quarum
940 3643 1088 3714 prior
1102 3642 1321 3697 Julian-.e
1338 3644 1472 3697 etiis
1490 3644 1713 3712 quicum
1747 3644 1832 3696 illa
1849 3655 1996 3697 erant
2014 3643 2276 3714 dirigitur,

706 3734 896 3804 quibus
921 3733 1115 3803 gratias
1140 3732 1247 3801 agit
1270 3773 1284 3798 ,
1316 3731 1456 3801 quod
1501 3733 1621 3787 illos
1644 3747 1828 3786 omnes
1854 3773 1865 3796 ,
1895 3748 2028 3801 quos
2056 3733 2279 3787 Ruinam

701 3826 920 3879 miserat
982 3823 1361 3893 benignissime
1416 3825 1805 3893 excepissent,
1875 3824 2117 3893 quodque
2175 3834 2279 3878 tam

702 3926 872 3969 smvos‘
910 3914 1162 3968 tumultus
1188 3955 1202 3979 ,
1230 3914 1317 3983 qui
1346 3926 1455 3967 tum
1499 3912 1792 3967 Ecclesium
1818 3913 2141 3967 Orientalem
2168 3914 2279 3983 agi-

704 4007 903 4074 tabant,
931 4021 1270 4079 compescere
1290 4007 1570 4061 studerent
1602 4022 1616 4057 :
1650 4006 1912 4074 posterior
1935 4020 2059 4060 vero
2088 4006 2281 4061 Italica:

706 4099 1007 4153 inscribitur
1031 4140 1045 4163 ,
1075 4113 1232 4168 quam
1262 4112 1292 4150 a
1322 4097 1628 4152 fortitudine
1652 4098 1885 4153 celebrat
1909 4139 1924 4163 ,
1950 4099 2088 4167 quod
2114 4116 2283 4169 neque

703 4190 953 4247 sedanda:
992 4189 1246 4245 Orientali
1292 4190 1589 4259 tempestati
1633 4191 1939 4245 incumbere
1978 4190 2283 4257 desineret;

704 4282 952 4349 acuitque
995 4280 1136 4334 illam
1166 4290 1224 4333 ut
1266 4280 1317 4333 in
1351 4280 1450 4334 hoc
1495 4289 1599 4333 tam
1648 4278 1910 4333 laudando
1941 4281 2114 4335 studio
2162 4298 2284 4350 pcr-

707 4380 933 4426 δυνατοί.
1510 4410 1515 4413 λ
1964 4384 1969 4389 ’

778 4460 1010 4523 Diversis
1036 4474 1247 4528 quoque
1291 4472 1386 4527 per
1413 4456 1754 4513 Occidentem
1800 4457 2060 4529 cpisc0pis
2106 4458 2285 4512 literas

708 4551 811 4604 hoc
846 4549 1058 4604 circiter
1084 4558 1322 4617 tempore
1352 4548 1532 4611 misit,
1563 4547 1645 4602 vel
1675 4558 1729 4600 ιιι
1752 4548 1950 4616 gratias
1986 4558 2166 4617 ageret
2192 4563 2287 4616 pro

711 4652 842 4709 pace
881 4638 935 4691 in
966 4637 1203 4692 Ecclesia
1231 4636 1486 4695 Orientali
1513 4638 1837 4692 restituenda
1885 4637 2245 4693 laborantibus
2268 4680 2283 4705 ,

711 4730 795 4784 vel
823 4738 879 4784 ut
904 4737 1117 4784 acueret
1134 4738 1188 4783 et
1209 4727 1274 4781 ad
1304 4736 1610 4782 constanter
1626 4728 1885 4798 agendum
1914 4727 2285 4784 inflammaret.

710 4820 859 4875 Talis
886 4828 969 4873 est
995 4819 1217 4888 epistola
1254 4818 1344 4872 151
1380 4819 1446 4871 ad
1491 4819 1725 4873 Asellum
1770 4819 2073 4887 episcopum
2108 4836 2121 4872 :
2156 4820 2289 4876 tales

714 4909 953 4981 epistola:
995 4908 1137 4974 152,
1182 4908 1324 4972 I53,
1367 4908 1509 4972 154,
1554 4907 1618 4959 ad
1663 4908 1941 4976 episcopos
1982 4908 2291 4977 simpliciter

716 4999 984 5067 inscripta:
1008 5038 1023 5062 ,
1052 4996 1104 5051 id
1146 5007 1227 5051 est
1251 5038 1266 5063 ,
1294 5006 1353 5050 ut
1389 5012 1454 5050 ex
1498 4997 1636 5051 serie
1675 4995 1877 5065 liquet,
1908 4996 1975 5051 ad
2014 5000 2293 5068 episcopos

715 5089 1103 5159 Occidentales.
1155 5088 1345 5143 Iisdem
1396 5090 1554 5143 missa
1604 5087 1699 5141 fuit
1742 5088 1963 5156 epistola
2012 5088 2151 5153 181,
2202 5089 2294 5145 ubi

715 5182 847 5237 dicit
893 5180 1013 5235 illos
1061 5179 1129 5233 ab
1172 5178 1419 5233 omnibus
1466 5178 1740 5246 praedicari
1789 5188 1946 5247 atque
1992 5179 2291 5246 celebtari,

718 5269 859 5340 quod
886 5270 987 5327 etsi
1016 5278 1121 5322 tam
1158 5269 1312 5337 longe
1337 5268 1506 5322 dissiti
1533 5277 1685 5322 erant
1704 5310 1717 5332 ,
1750 5267 1955 5324 fortiter
1979 5281 2297 5338 strenueque

720 5362 977 5417 adversus
1018 5361 1136 5414 illos
1163 5360 1251 5428 qui
1284 5359 1574 5413 Ecclesiam
1605 5360 1981 5427 perturbabant
2007 5360 2248 5415 steterint
2280 5379 2293 5413 :

728 5471 747 5503 ε
784 5450 935 5519 Quod
961 5449 1007 5504 si
1032 5490 1045 5514 ,
1086 5467 1106 5501 ι
1140 5449 1311 5519 inquit
1336 5490 1349 5512 ,
1387 5466 1405 5499 ι
1446 5448 1670 5504 necdum
1698 5450 2012 5517 importuna:
2037 5465 2147 5504 sua:
2171 5466 2301 5505 con-

726 5544 945 5598 teutioni
987 5552 1040 5595 et
1081 5541 1280 5608 injusto
1308 5540 1447 5595 bello
1475 5542 1631 5594 tinem
1664 5541 1937 5609 imponere
1963 5541 2181 5603 volunt',
2211 5544 2301 5611 qui

727 5636 971 5705 ιιοῃιῃιςι
1002 5633 1261 5713 principio
1304 5632 1561 5687 malorum
1623 5642 1873 5689 ant-tores
1899 5628 2064 5688 fuere.
2114 5647 2180 5687 ne
2211 5647 2300 5686 vos

1749 277 1805 331 s.
1839 272 2119 331 .IOANNIS
2147 266 2618 328 cnnvsosrosn
2660 272 2842 342 vin,

3849 276 3964 332 260

2393 385 2675 449 conturbet
2703 386 2850 453 illud,
2870 404 3002 444 neve
3025 389 3231 444 animos
3248 400 3455 446 vestros
3481 389 3751 446 debilitet:
3770 400 3975 460 quanto

2392 478 2533 532 enim
2559 480 2731 548 major
2756 480 2905 538 vobis
2945 481 3183 538 exoritur
3224 482 3374 540 labor
3396 523 3412 551 ,
3442 492 3591 541 tanto
3612 485 3773 540 etiam
3798 484 3974 554 major

2390 581 2586 622 corona
2608 579 2870 625 ηεοιθιιιτ.
2902 590 2923 624 1

2464 655 2693 715 Venerio
2716 676 2929 731 quoque
2952 660 3333 720 Mediolanensi
3362 666 3506 722 misit
3530 665 3811 737 epistolam
3840 665 3969 731 182.

2387 754 2443 800 et
2468 746 2733 819 Hesychia
2766 750 3041 807 Salonensi
3086 756 3138 808 in
3169 756 3422 812 Dalmatia
3466 759 3620 828 epist.
3654 760 3756 814 185
3786 778 3801 813 :
3832 774 3973 829 quos

2388 838 2609 907 perinde
2639 841 2817 897 laudat
2842 858 2873 897 a
2904 844 3097 900 virtute
3122 856 3177 901 ct
3200 851 3495 902 constantia
3519 889 3535 913 ,
3567 860 3619 904 et
3644 849 3886 903 hortatur
3910 860 3976 904 ut

2385 939 2558 998 cepta
2610 933 2868 999 perficere
2908 944 3167 1005 satagant.
3216 937 3567 1009 Summopere
3614 941 3862 1009 prtedicat
3904 940 3972 995 S.

2384 1018 2588 1075 Aurelii
2611 1020 3040 1091 Carthaginensis
3066 1028 3298 1097 episcopi
3326 1032 3595 1097 virtutem,
3615 1031 3974 1085 constantiam

2384 1117 2438 1163 et
2454 1109 2701 1179 loquendi
2721 1112 3016 1169 libertatem
3041 1115 3094 1169 in
3119 1118 3343 1185 epistola
3366 1117 3469 1175 “9
3486 1136 3500 1172 :
3518 1134 3677 1188 quem
3702 1120 3801 1174 etsi
3819 1130 3972 1175 tanto

2385 1206 2647 1254 terrarum
2673 1202 2949 1258 intervallo
2973 1205 3041 1259 ab
3066 1221 3123 1259 se
3140 1206 3405 1274 dissitum,
3425 1209 3526 1263 sibi
3557 1220 3729 1264 tamen
3746 1210 3972 1265 caritate

2383 1289 2877 1359 c0njunctissimum
2931 1311 3050 1351 esse
3103 1298 3403 1368 signiﬁcat,
3462 1300 3532 1353 ita
3591 1311 3649 1353 ut
3698 1300 3972 1359 ferventer

2383 1378 2669 1436 admodum
2685 1398 2901 1439 causam
2917 1403 3065 1441 suam
3089 1387 3355 1455 defendat,
3376 1389 3720 1460 hortaturque
3744 1389 3890 1445 illutn
3907 1398 3971 1444 ut

2384 1468 2435 1522 in
2460 1468 2561 1524 hoc
2580 1473 2834 1541 prmelaro
2854 1478 3146 1533 certamine
3167 1489 3488 1547 perseveret.

2452 1558 2632 1616 Libros
2673 1562 2801 1617 duos
2828 1567 3051 1635 egregios
3091 1569 3264 1621 scribit
3308 1570 3553 1638 mittitque
3595 1571 3664 1625 ad
3696 1568 3969 1644 Olympia-

2381 1648 2728 1706 dem—[loc
2764 1654 2971 1719 ultimo,
3014 1665 3071 1709 ut
3113 1666 3347 1725 putatur,
3364 1658 3536 1713 exsilii
3578 1660 3661 1713 sui
3701 1674 3864 1721 anno,
3897 1661 3962 1716 li-

2382 1736 2536 1793 brum
2565 1744 2884 1811 Composuit,
2913 1747 3066 1815 cujus
3113 1747 3194 1799 vel
3248 1749 3428 1801 titulus
3481 1749 3629 1802 solus
3653 1748 3972 1804 Christiana:

2376 1827 2731 1900 philosophia:
2746 1846 3010 1886 summam
3028 1833 3435 1903 complectitur:
3459 1833 3613 1901 Quod
3632 1837 3721 1906 qui
3741 1838 3975 1907 «ipsum

2374 1937 2479 1976 non
2498 1921 2659 1989 ledit,
2684 1941 2828 1980 nemo
2851 1927 3035 1982 ledere
3059 1930 3216 1996 possit
3244 1927 3330 1997 (T.
3360 1930 3411 1984 5.
3439 1946 3486 1982 c.
3509 1928 3783 1999 459).Ilic
3807 1932 3974 2003 quid-

2381 2009 2507 2077 quid
2557 2011 2623 2063 ad
2674 2012 2817 2079 pium
2879 2012 2997 2064 vita:
3049 2013 3344 2066 institutum
3409 2014 3673 2082 pertinet,
3725 2016 3972 2084 apposite

2382 2097 2668 2167 profertur.
2698 2100 2828 2165 Quia
2863 2117 2988 2156 vero
3013 2102 3100 2156 vix
3124 2103 3431 2173 contingere
3473 2114 3684 2173 potest,
3712 2115 3768 2159 ut
3792 2106 3881 2175 qui
3912 2105 3969 2161 in

2382 2189 2462 2243 via
2490 2190 2674 2246 salutis
2719 2191 2956 2259 incedit,
2988 2194 3241 2248 aerumnis
3283 2210 3390 2249 non
3420 2204 3691 2265 prematur
3712 2236 3729 2262 ,
3754 2208 3969 2265 quanta:

2383 2280 2618 2334 utilitatis
2636 2281 2743 2335 sint
2757 2297 3008 2337 aerumna:
3023 2293 3079 2338 et
3091 2284 3441 2351 calamitates,
3455 2294 3563 2340 tuut
3580 2301 3643 2341 ex
3656 2286 3969 2356 Scripturis,

2381 2377 2491 2423 tum
2530 2385 2595 2424 ex
2635 2381 2937 2427 sanctorum
2967 2373 3214 2443 exemplo
3258 2375 3429 2443 palam
3476 2374 3618 2430 facit.
3652 2376 3778 2430 Post
3825 2377 3969 2431 hunc

2373 2460 2716 2515 continenter
2753 2462 2917 2515 alium
2963 2464 3155 2516 Iibrtnn
3205 2463 3392 2525 edidit,
3435 2465 3589 2533 cujus
3616 2464 3846 2518 titulus:
3882 2465 3965 2516 Αιι

2373 2565 2460 2604 eos
2487 2552 2574 2619 qni
2602 2553 2937 2606 scandalizati
2966 2564 3082 2607 sunt
3110 2553 3172 2606 ob
3211 2553 3539 2608 adversitates
3576 2570 3692 2623 qua:
3732 2556 3962 2625 contige—

2371 2651 2510 2706 runt,
2538 2643 2812 2713 populique
2831 2653 2875 2697 et
2903 2644 3175 2698 multorum
3190 2646 3509 2698 sacerdotum
3525 2647 3967 2716 persequutionem

2371 2749 2432 2786 ac
2459 2736 2847 2814 perversionetn,
2894 2745 2996 2791 etc.
3032 2734 3122 2805 (T.
3172 2736 3227 2793 5.
3268 2752 3314 2790 c.
3346 2736 3476 2806 479)
3513 2754 3525 2789 :
3557 2737 3647 2792 'ubi
3676 2736 3818 2791 idem
3852 2734 3972 2793 fere

2380 2835 2750 2893 argumentum
2797 2826 3131 2895 persequitur
3173 2826 3315 2895 quod
3362 2827 3416 2880 in
3462 2825 3785 2894 praecedenti
3830 2825 3975 2881 libro

2384 2924 2720 2971 tractaverat.
2750 2918 2937 2987 Agitur
2979 2917 3066 2972 hic
3095 2917 3163 2971 de
3209 2916 3443 2971 ferendis
3486 2918 3647 2973 rebus
3687 2917 3930 2973 adversis
3954 2958 3972 2982 ,

2381 3008 2762 3078 cujuscumque
2791 3010 3000 3063 tandem
3044 3010 3255 3079 generis
3284 3008 3391 3062 sint
3416 3049 3431 3074 ,
3462 3008 3813 3078 exemploque
3840 3022 3973 3062 san-

2382 3109 2587 3152 ctorum
2619 3098 2823 3154 Veteris
2848 3099 3088 3169 Novique
3113 3099 3439 3153 Testamenti
3482 3100 3549 3153 ad
3580 3115 3697 3153 eam
3726 3115 3838 3154 rem
3881 3100 3973 3154 in-

2381 3191 2672 3244 stituuntur
2719 3191 3287 3261 CousL'tntinOpolitani
3314 3231 3330 3256 ,
3380 3191 3469 3261 qui
3517 3201 3642 3244 tunc
3670 3208 3701 3245 a
3729 3192 3978 3247 scelestis

2384 3282 2750 3351 pcrversisque
2802 3284 3105 3337 nominibus
3155 3282 3503 3337 vexabantur.
3559 3283 3639 3336 Ad
3692 3297 3786 3336 eos
3837 3298 3977 3336 vero

2382 3372 2610 3424 maxime
2636 3381 2841 3440 spectat
2863 3374 3057 3438 oratio,
3084 3374 3173 3443 qui
3202 3373 3398 3443 probos
3422 3374 3663 3427 videntes
3691 3388 3720 3426 a
3750 3372 3975 3426 seditio—

2382 3464 2457 3518 sis
2486 3462 2809 3533 nefariisque
2835 3465 3136 3520 hominibus
3164 3466 3365 3530 vexari,
3397 3465 3629 3522 divinam
3661 3466 3977 3519 incusarent

2384 3553 2793 3622 providentiam.
2836 3555 3069 3609 Atticum
3116 3566 3333 3618 autem,
3378 3555 3467 3623 qui
3513 3569 3543 3607 a
3589 3553 3978 3608 consceleratis

2386 3645 2436 3698 in
2480 3658 2842 3699 successorem
2886 3644 3088 3698 Arsacii
3133 3653 3411 3711 cooptatus
3454 3643 3661 3707 fuerat,
3707 3643 3977 3696 acerrime

2386 3734 2730 3803 perstringit,
2758 3749 2878 3788 cum
2919 3736 2993 3788 ait
3021 3749 3139 3803 cap.
3170 3734 3242 3788 ‘10
3274 3752 3287 3785 :
3325 3734 3473 3787 Nihil
3502 3750 3619 3804 ergo
3644 3734 3851 3787 istorum
3879 3734 3976 3787 tibi

2386 3823 2691 3890 offendicula
2719 3826 2803 3891 sit,
2836 3842 2934 3878 non
2964 3825 3195 3878 sacerdos
3224 3826 3309 3878 ille
3334 3841 3468 3878 nunc
3495 3826 3814 3895 deprauatus,
3845 3826 3977 3896 lupo

2386 3917 2558 3985 quovis
2598 3917 2778 3970 servius
2818 3918 2871 3969 in
2909 3934 3108 3988 gregem
3149 3918 3397 3971 insiliens.
3438 3917 3590 3973 Unde
3632 3918 3976 3987 comprobari

2386 4007 2605 4059 omnino
2634 4005 3020 4071 videtur,hunc
3049 4006 3241 4061 librum
3273 4007 3472 4062 editum
3501 4006 3663 4062 fuisse
3690 4018 3977 4079 postquam

2388 4097 2544 4167 legati
2601 4096 2893 4153 Innocentii
2945 4098 3141 4167 Papa},
3197 4099 3431 4167 episcopi
3482 4098 3820 4163 Orientales,
3878 4099 3975 4169 qui

2388 4203 2508 4241 cmn
2553 4188 2740 4258 legatis
2782 4199 3077 4253 venerant,
3121 4189 3317 4256 aliique
3362 4190 3509 4243 multi
3554 4190 3829 4259 episcopi,
3879 4205 3976 4248 sa-

2391 4280 2634 4336 cerdotes
2656 4321 2673 4347 ,
2699 4280 2879 4334 clerici
2904 4320 2919 4344 ,
2944 4287 2999 4334 et
3023 4280 3257 4349 cujusvis
3291 4280 3501 4352 generis
3525 4289 3581 4337 et
3607 4280 3929 4339 conditionis
3954 4327 3974 4351 ,

2393 4370 2566 4424 Attico
2592 4379 2827 4437 auctore,
2860 4370 2995 4439 pulsi
3023 4369 3247 4440 dit-eque
3270 4371 3442 4427 vexati
3472 4369 3704 4439 fuerant,
3729 4381 3787 4426 ut
3810 4386 3976 4441 supra

2391 4459 2637 4513 vidimus.

2463 4546 2714 4617 Epistula:
2758 4549 2989 4619 qua'dam
3037 4551 3105 4601 ad
3154 4548 3527 4621 Olympiadem.
3556 4582 3628 4592 —
3656 4552 3758 4609 Per
3804 4563 3976 4610 totum

2391 4647 2567 4691 autem
2620 4655 2816 4692 annum
2872 4640 2975 4694 406
3024 4640 3300 4695 commoda
3351 4641 3653 4697 valetudine
3701 4642 3977 4698 fruebatur

2393 4724 2801 4797 Cln'ysostotnus
2827 4769 2841 4791 ,
2876 4738 2928 4782 ut
2978 4729 3028 4782 in
3062 4729 3298 4798 Epistola
3340 4730 3407 4784 ad
3440 4731 3701 4800 Elptdiutu
3748 4733 3850 4787 142
3892 4745 3978 4789 sat

2395 4821 2670 4888 perspicue
2687 4820 2937 4885 insinuat,
2954 4821 3041 4875 ubi
3058 4822 3130 4875 ait
3146 4839 3203 4875 se
3217 4826 3324 4890 jam
3344 4822 3642 4879 Isaurorum
3662 4825 3980 4880 tumultibus

2384 4909 2716 4975 liberatum,
2762 4910 2873 4963 otio
2919 4925 2983 4964 ac
3027 4911 3203 4979 quiete
3250 4911 3349 4964 frui
3390 4922 3549 4982 atque
3594 4913 3647 4967 in
3687 4915 3981 4971 securitate

2396 5000 2610 5067 degere.
2649 4999 2709 5053 In
2749 4998 2925 5054 hieme
2965 5011 3140 5054 autem
3189 5013 3313 5056 tunc
3352 5004 3661 5056 versabatur
3684 5045 3701 5069 ,
3762 5020 3881 5072 quae
3923 5006 3980 5060 iu

2398 5092 2647 5145 Armenia
2673 5091 2911 5159 asperior
2925 5105 3045 5145 esse
3070 5091 3293 5146 solebat.
3313 5091 3544 5145 Joannes
3562 5108 3687 5145 vero
3711 5092 3981 5148 imbecillo

2399 5194 2624 5248 corpore
2642 5178 2909 5248 pneditns,
2926 5179 3050 5233 dum
3070 5180 3233 5248 frigus
3253 5180 3628 5243 smviret,domi
3646 5196 3705 5235 se
3722 5190 3982 5249 perpetuo

2402 5271 2722 5335 includebat,
2741 5286 2965 5340 raroque
2989 5286 3021 5325 e
3048 5271 3230 5324 litninc
3247 5270 3430 5338 pedem
3447 5270 3727 5342 etl‘erebat;
3752 5272 3983 5342 indeque

2404 5361 2597 5415 fat-tum
2644 5370 2703 5413 ut
2746 5361 2797 5414 in
2838 5360 3013 5414 hieme
3055 5360 3142 5413 illa
3186 5360 3321 5415 bona
3350 5360 3651 5416 valetudine
3693 5362 3980 5418 frueretur.

2406 5450 2464 5505 In
2490 5451 2711 5521 epistola
2741 5466 2952 5519 quoque
2975 5458 3160 5519 quarta
3186 5449 3252 5502 ad
3275 5448 3637 5520 Olympiadem
3664 5452 3737 5505 ait
3758 5467 3819 5506 se
3842 5452 3984 5510 bona

2407 5540 2707 5595 valetudine
2758 5539 2901 5604 frui,
2949 5550 3107 5608 atque
3155 5540 3206 5592 in
3255 5554 3441 5607 magna
3488 5541 3772 5595 securitate
3822 5556 3987 5609 esse;

2415 5629 2552 5683 adeo
2593 5642 2649 5684 ut
2694 5630 2927 5685 Atmenii
2978 5629 3041 5683 ad
3090 5636 3357 5697 stuporem
3411 5644 3575 5699 ustjtte
3620 5632 3987 5695 mirarentur.
