4276 6316
239 320 308 374 26
319 322 337 376 ι
1377 313 1557 372 NUNC
1597 310 1841 369 PRIMUM

1950 308 2226 366 bonum
2239 318 2300 364 ει.

241 438 381 509 quod
441 438 521 492 vir
578 437 714 493 adeo
779 435 1030 490 tntbccilli
1089 432 1329 502 corporis
1363 471 1378 496 ,
1446 425 1834 483 intolerandam

243 529 451 599 frigoris
478 531 585 584 vim
630 528 866 598 perferre
896 535 1109 596 posset,
1141 539 1262 578 cum
1309 522 1343 575 ii
1391 521 1575 582 etiam,
1608 518 1696 589 qui
1747 517 1836 570 tali

245 622 404 674 hiemi
451 622 649 676 assueti
695 629 887 683 erant,
921 618 1047 672 hinc
1089 632 1193 671 non
1225 616 1495 684 vulgarem
1523 613 1574 665 itt
1621 609 1836 665 modum

245 709 604 767 afﬁcerentur.
635 708 936 780 Olympiadi
972 717 1148 761 autent
1179 720 1239 759 se
1265 703 1478 759 misisse
1503 701 1575 754 ait
1604 701 1796 754 librqu
1821 738 1836 758 .

235 814 348 865 quo
393 800 583 868 probat
631 799 895 852 neminem
967 795 1161 851 ltedere
1210 807 1367 862 pos-ae
1408 806 1569 855 eum,
1616 784 1704 858 qui
1750 802 1837 841 se-

242 891 416 960 ipsum
446 906 552 945 non
581 889 745 955 laedit,
774 903 983 943 necnon
1011 887 1174 940 alium
1202 885 1396 938 librum
1432 881 1660 951 idipsum
1687 893 1838 933 com-

240 982 597 1050 probantem,
629 997 786 1050 quem
835 988 1162 1049 postremum
1206 991 1331 1030 eum
1375 987 1496 1028 esse
1524 972 1610 1026 cui
1655 969 1840 1025 titulus

239 1081 363 1136 est,
399 1073 478 1125 Ad
523 1088 607 1126 eos
655 1072 740 1140 qui
787 1068 1119 1125 scandalizati
1166 1074 1322 1134 sunt,
1355 1073 1460 1120 etc.
1489 1105 1504 1131 ,
1547 1063 1658 1134 jam
1706 1061 1839 1116 nihil

238 1161 571 1217 dubitamus.

314 1250 493 1320 Neque
519 1252 732 1306 silentio
760 1249 1186 1320 praetereundum
1231 1246 1282 1301 id
1311 1245 1452 1317 quod
1499 1243 1656 1314 paulo
1682 1251 1838 1296 antea

239 1340 543 1412 Olympiadi
587 1342 761 1407 dixit,
809 1357 868 1396 se
918 1355 1108 1408 nempe
1155 1346 1305 1392 certo
1354 1337 1408 1390 in
1456 1333 1639 1388 sedem
1689 1346 1838 1385 suam

239 1431 629 1486 restituendum
649 1431 782 1485 fore.
806 1430 883 1484 En
910 1431 1028 1498 ejus
1045 1429 1236 1482 verba:
1263 1426 1414 1493 Quod
1437 1426 1480 1479 si
1510 1425 1596 1478 tibi
1615 1423 1840 1477 maeroris

236 1536 448 1575 causam
476 1520 529 1574 id
557 1519 727 1586 aﬂ'ert,
747 1519 882 1588 quod
909 1536 940 1571 a
969 1519 1112 1572 nobis
1139 1520 1370 1587 scjuncta
1399 1517 1489 1581 sis,
1508 1515 1662 1584 hujus
1692 1513 1840 1567 etiam

238 1613 317 1665 rei
345 1611 514 1665 laetum
561 1613 715 1680 ﬁnem
761 1620 1014 1680 exspecta.
1044 1610 1206 1679 Atque
1253 1609 1348 1662 ltoc
1395 1624 1496 1661 non
1544 1605 1842 1660 consolandi

236 1702 400 1756 amnti
427 1704 500 1755 tui
523 1719 679 1756 causa
704 1719 837 1756 nunc
863 1701 999 1768 dico,
1019 1701 1107 1754 sed
1129 1701 1248 1769 quia
1273 1700 1591 1770 exploratum
1617 1698 1742 1750 mihi
1769 1705 1841 1751 est

238 1797 316 1849 ita
340 1796 468 1865 fore.
490 1794 630 1849 Nam
652 1796 748 1849 nisi
779 1796 850 1849 ita
875 1795 1108 1863 futurum
1123 1803 1269 1857 esset,
1279 1793 1616 1864 jampridem,
1642 1793 1739 1845 nisi
1764 1808 1844 1846 me

237 1887 415 1953 opinio
438 1888 591 1958 fallit,
613 1904 701 1958 per
717 1887 841 1940 mihi
856 1887 1026 1940 illatas
1040 1887 1354 1940 calamitates
1381 1901 1410 1938 e
1437 1886 1538 1938 vita
1562 1886 1838 1938 cessissem.

242 1974 318 2031 Ut
341 1978 471 2030 euint
487 1976 638 2030 etiam
652 1977 825 2030 omnia
851 1989 967 2046 qua
981 1974 1418 2044 Constantinopoli
1445 1990 1712 2043 perpessus
1728 1989 1840 2027 sum

240 2075 539 2135 prateream
562 2106 579 2132 ,
609 2075 798 2136 quanta
821 2107 835 2131 ,
869 2075 1132 2135 postquam
1163 2079 1224 2118 ex
1252 2064 1374 2117 urbe
1400 2065 1590 2117 excessi
1611 2103 1626 2125 ,
1659 2064 1709 2116 in
1737 2073 1841 2116 tant

238 2155 395 2226 longo
420 2171 481 2209 ac
507 2157 715 2210 ntolesto
741 2158 917 2210 itinere
943 2155 1148 2225 pertuli,
1171 2170 1385 2224 quorum
1407 2155 1566 2207 multa
1593 2153 1842 2222 ejusmodi

237 2256 415 2318 eram,
435 2257 491 2300 ut
517 2256 728 2301 mortem
753 2247 939 2313 afferre
967 2256 1203 2315 possent;
1232 2255 1423 2315 quanta
1451 2257 1716 2315 postquam
1743 2246 1842 2299 huc

237 2337 375 2402 veni,
405 2347 594 2406 quanta
623 2349 890 2408 postquam
918 2333 1117 2391 Cucuso
1147 2337 1377 2406 migratu",
1409 2344 1601 2404 quanta
1629 2335 1842 2404 denique

236 2437 508 2496 postquam
556 2427 782 2482 Arabissi
828 2435 1168 2481 commoratus
1218 2443 1369 2490 sum,
1423 2427 1705 2495 intelligere
1752 2427 1844 2480 tibi

235 2519 378 2571 licet.
432 2517 507 2572 Ita
561 2518 779 2589 putabat
826 2518 912 2573 ille
963 2517 1461 2586 Constantinopolin
1516 2517 1615 2570 sibi
1673 2517 1840 2570 remi-

235 2607 502 2672 grandum
549 2622 688 2662 esse.
723 2608 918 2663 Verum
963 2609 1107 2672 alio,
1153 2623 1311 2678 quam
1361 2607 1646 2676 sperabat,
1680 2608 1842 2663 modo

235 2713 332 2752 res
351 2698 559 2753 cecidit.

317 2787 372 2862 In
403 2787 508 2843 line
547 2797 725 2843 autem
756 2790 994 2858 epistol-.1:
1024 2790 1058 2843 4
1087 2789 1152 2843 ad
1180 2789 1548 2859 Olympiadem
1577 2787 1692 2842 lucc
1717 2789 1791 2842 ait
1824 2806 1838 2844 :

240 2879 324 2932 De
349 2877 559 2951 Pelagio
585 2882 833 2934 monacho
860 2898 1043 2950 magno
1069 2880 1244 2934 dolore
1268 2879 1482 2946 a/fectus
1508 2895 1638 2932 sum.
1664 2879 1841 2949 Cogita

232 2972 398 3042 igitur
421 2983 541 3041 quot
567 2974 867 3041 quantisque
891 2974 1090 3026 coronis
1115 2973 1256 3042 digni
1283 2973 1382 3025 sint
1408 2973 1494 3041 qui
1522 2973 1642 3041 [orti
1671 2973 1840 3025 animo

232 3080 292 3116 tn
344 3067 452 3116 acie
491 3074 773 3127 steterunt,
803 3081 916 3116 cum
961 3065 1132 3128 viros,
1163 3065 1248 3133 qui
1295 3073 1396 3116 tant
1440 3063 1526 3134 pie
1566 3079 1626 3115 ac
1669 3074 1844 3116 sancte

235 3163 479 3222 tantaque
492 3170 606 3207 cum
634 3155 898 3208 tolerantia
916 3156 1164 3219 vixerant,
1183 3155 1347 3224 abripi
1364 3165 1514 3224 atque
1540 3156 1592 3208 in
1609 3159 1842 3226 fraudem

233 3243 437 3307 impelli
461 3245 735 3297 videamus.
758 3245 854 3298 Hic
873 3255 1096 3314 putatur
1126 3245 1208 3313 agi
1235 3244 1301 3298 de
1321 3243 1532 3312 Pelagio
1562 3243 1842 3298 ltarresiar-

237 3331 344 3384 Cha
368 3373 384 3396 ,
414 3333 502 3400 qui
533 3332 635 3386 hoc
666 3343 904 3403 tempore
931 3348 1146 3388 errores
1171 3348 1296 3388 suos
1323 3334 1462 3388 circa
1490 3334 1716 3403 gratiam
1748 3334 1840 3388 Dei

240 3421 515 3492 publicare
535 3425 716 3492 cmpit.

314 3513 461 3569 Inter
487 3516 742 3585 epistolas
769 3516 1156 3586 Chrysostomi,
1188 3530 1320 3586 quas
1351 3515 1486 3569 bene
1513 3517 1705 3570 multas
1729 3514 1837 3584 jam

241 3606 658 3661 memoravimus
683 3646 698 3671 ,
730 3607 848 3659 alia:
878 3606 1120 3675 qotedam
1168 3614 1330 3671 sunt,
1361 3622 1481 3674 qua:
1525 3606 1724 3658 nullam
1757 3605 1840 3658 vel

243 3697 502 3766 temporis
529 3699 610 3752 vel
639 3699 936 3752 occasionis
966 3713 1068 3766 qua
1111 3698 1250 3750 data:
1280 3699 1428 3751 fuere
1453 3738 1466 3759 .
1502 3706 1683 3750 notam
1732 3713 1842 3765 prae

241 3804 304 3844 se
349 3789 544 3844 ferunt.
599 3789 913 3858 llnjnsmodi
962 3797 1087 3842 sunt
1132 3789 1288 3857 epist.
1335 3787 1405 3842 56
1451 3786 1517 3840 ad
1567 3786 1839 3840 Maronem

242 3881 531 3951 quemdam
583 3881 956 3954 presbyterum
1008 3889 1062 3934 et
1093 3879 1412 3933 monachum
1439 3919 1453 3943 ,
1485 3878 1570 3932 cui
1618 3879 1842 3932 sincera:

241 3973 632 4028 benevolentia)
657 3973 805 4042 signa
835 3971 1057 4041 profert,
1085 3971 1320 4039 dicitque
1349 3985 1408 4025 se
1432 3971 1502 4025 ob
1533 3970 1842 4025 tabellario-

245 4080 366 4117 rum
396 4065 672 4132 penuriam
716 4065 887 4117 rarius
932 4064 1028 4132 ipsi
1074 4064 1258 4117 literas
1287 4063 1416 4117 dare
1440 4104 1456 4125 ,
1486 4072 1540 4117 ct
1567 4076 1662 4131 pro
1693 4078 1843 4117 more

243 4163 400 4223 rogat
425 4153 492 4208 de
517 4154 818 4207 valetudine
843 4169 937 4208 sua
962 4155 1246 4208 certiorem
1275 4168 1334 4207 se
1359 4153 1532 4206 faciat.
1564 4153 1843 4221 Ejusmodi

244 4254 374 4300 sunt
398 4246 560 4301 etiam
605 4245 830 4314 epistola
859 4245 928 4298 46
959 4245 1025 4297 ad
1070 4244 1318 4297 Rufinum
1343 4284 1358 4308 ,
1409 4243 1632 4311 epistola
1663 4243 1732 4298 58
1775 4244 1842 4298 ad

243 4332 608 4391 Theodosium
637 4349 703 4388 ex
734 4333 964 4387 Ducibus
989 4348 1003 4396 ;
1032 4333 1188 4400 epist.
1231 4332 1301 4387 65
1327 4331 1394 4386 ad
1421 4331 1842 4402 Tranquillinum

245 4422 574 4500 quemdam;
621 4423 778 4489 epist.
827 4422 888 4476 71
940 4421 1008 4475 ad
1051 4420 1352 4484 Malchum,
1400 4435 1559 4490 quem
1609 4421 1678 4476 ob
1722 4421 1843 4476 filize

246 4523 478 4568 mortem
508 4521 757 4566 maestum
784 4514 1026 4577 solatur;
1055 4527 1140 4582 ep.
1169 4512 1241 4568 92
1264 4512 1330 4566 ad
1357 4512 1594 4581 Moysem
1625 4512 1845 4584 presby-

249 4612 448 4667 terum,
466 4602 557 4670 qui
575 4603 868 4656 monachus
898 4600 1061 4657 fuisse
1078 4601 1314 4656 ferturin
1332 4602 1560 4672 quadam
1589 4603 1843 4672 regione;

245 4692 411 4759 epist.
443 4691 543 4744 171
592 4690 661 4745 ad
703 4690 959 4744 Montium
985 4732 1000 4756 ,
1033 4691 1191 4759 epist.
1226 4691 1327 4745 187
1375 4691 1442 4745 ad
1487 4690 1802 4760 Procopium
1826 4732 1842 4758 ,

251 4781 359 4836 195
408 4781 476 4835 ad
519 4779 910 4846 Claudiannm,
956 4781 1057 4836 201
1107 4781 1174 4836 ad
1220 4781 1569 4849 Herculium,
1622 4782 1729 4839 209
1778 4784 1845 4838 ad

249 4873 602 4939 Salvionem,
653 4873 795 4942 quod
848 4888 1043 4928 nomen
1093 4874 1243 4927 varie
1295 4874 1553 4943 scriptum
1604 4875 1845 4944 legitur:

247 4965 341 5023 alii
386 4964 529 5018 enim
559 4963 792 5018 Salbioni
824 4963 1023 5018 habent
1047 5006 1062 5028 ,
1106 4964 1195 5017 alii
1241 4980 1465 5019 numero
1506 4965 1690 5036 plures
1718 4965 1847 5020 Cal-

247 5054 390 5108 bioni
411 5094 427 5118 ,
457 5052 738 5124 fateorque
755 5070 840 5110 me
870 5054 940 5109 ad
967 5055 1105 5109 hanc
1146 5055 1532 5124 praeferendam
1559 5059 1845 5113 lectionem

252 5141 608 5212 propendere.

326 5231 620 5299 Epistolttm
639 5247 769 5287 vero
788 5233 856 5288 ad
881 5231 1171 5288 Caesarium
1194 5233 1512 5292 monachum
1536 5237 1587 5291 in
1613 5239 1848 5302 secundo

252 5338 355 5378 suo
381 5323 607 5391 exsilio,
639 5333 695 5378 ttt
738 5325 905 5380 fertur
942 5327 994 5380 in
1026 5328 1213 5395 titulo,
1260 5343 1290 5382 a
1341 5329 1408 5383 R.
1465 5329 1526 5384 P.
1573 5331 1844 5400 Lequien,

257 5414 374 5466 viro
399 5413 530 5468 mihi
559 5415 905 5483 amicissimo,
931 5415 1039 5484 jam
1068 5417 1431 5485 reprobatant,
1451 5434 1511 5472 su
1523 5421 1844 5488 pposititiam

256 5516 380 5557 esse
400 5503 640 5574 pluribus
665 5504 1006 5572 probavimus
1032 5507 1084 5561 in
1117 5507 1315 5561 Monito
1343 5507 1511 5562 Tomo
1534 5510 1586 5562 5.
1602 5507 1705 5562 col.
1721 5506 1846 5566 747.

329 5592 674 5664 Chrysouomi
712 5595 902 5648 inimici
947 5596 1102 5649 livere
1138 5598 1356 5666 correpti
1383 5597 1528 5650 illum
1551 5598 1844 5653 Arabissum

256 5693 308 5742 et
334 5693 508 5752 postea
539 5681 1125 5754 Pityuntematnandari
1162 5698 1363 5741 curant.
1402 5717 1475 5728 -
1512 5688 1612 5743 Per
1657 5690 1846 5748 Orien-

3362 361 3368 366 .
3438 310 3546 368 ‘262

1951 432 2055 477 tem
2081 437 2248 477 mrum
2279 421 2536 477 volitabat
2564 418 2787 476 Joannis
2811 421 2978 475 nostri
3003 419 3142 476 farina
3162 464 3175 488 ,
3209 423 3297 492 qui
3349 422 3543 478 (Συριιεί

1946 526 1998 567 ct
2022 523 2206 574 postea
2236 513 2474 567 Arabissi
2521 515 2698 579 exsul,
2729 530 2917 569 omnes
2963 515 3167 570 circum
3227 515 3450 585 populos
3489 527 3543 570 et

1948 614 2166 672 pane-et
2203 606 2377 659 verbo
2407 605 2497 658 [)ci
2528 614 2769 674 paverat.
2796 603 3147 660 Conﬂuebant
3189 609 3317 661 item
3371 610 3548 661 Antio-

1946 692 2104 750 cbeni
2126 694 2529 763 ejusinvisendi
2557 711 2749 762 causa,
2782 705 2836 750 et
2860 696 3158 751 Antiochia:
3203 697 3319 766 ejus
3345 700 3545 752 sancti-

1947 796 2030 842 tas
2066 788 2477 858 prtedicabatur.
2505 788 2630 843 Haec
2657 789 2775 858 ejus
2806 788 3146 843 adversarios
3195 790 3548 858 mordebant,

1946 891 2112 951 atque
2131 883 2344 938 invidiae
2367 882 2580 938 flamma
2603 884 2814 938 accensi
2844 883 3168 940 Severianus
3214 893 3268 940 et
3301 885 3546 956 Porplty~

1948 979 2089 1042 rius,
2122 993 2186 1032 ac
2233 979 2449 1049 quidam
2479 979 2569 1033 alii
2597 979 2834 1048 episcopi
2881 978 3086 1049 Syriaa,
3121 988 3178 1033 ut
3218 979 3324 1034 alio
3369 987 3547 1034 trans-

1946 1066 2178 1122 ferretur
2231 1069 2407 1122 moliri
2455 1077 2733 1138 coeperunt
2765 1068 3003 1138 (Pallad.
3057 1067 3314 1140 Dia!og.).
3353 1070 3549 1124 Clerici

1945 1173 2160 1228 quoque
2193 1158 2295 1226 'qui
2347 1158 2468 1213 illos
2521 1159 2861 1213 sectabantur
2911 1158 3212 1213 mirabundi
3260 1159 3549 1215 dicebant:

1963 1246 2132 1302 i’itlete
2173 1257 2428 1301 mortuum
2471 1247 2778 1314 terribilem,
2809 1249 2942 1303 vivos
2996 1251 3304 1319 victoresque
3353 1261 3544 1304 terren-

1947 1346 2064 1404 tem,
2095 1348 2150 1390 ut
2177 1354 2360 1408 pueros
2385 1347 2570 1391 terrent
2601 1338 2772 1391 laruat.
2803 1337 2998 1407 Papia!
3033 1339 3070 1391 ii
3093 1339 3180 1410 qui
3216 1338 3545 1392 stetalaribns

1948 1428 2275 1496 potestatibus
2309 1438 2458 1498 atque
2505 1429 2854 1484 ecclesiasticis
2899 1431 3079 1498 opibus
3132 1431 3373 1484 succincti
3423 1439 3541 1482 sunt

1952 1534 2067 1571 cum
2090 1528 2336 1588 potestate
2355 1529 2402 1572 et
2429 1535 2544 1571 cum
2575 1535 2739 1572 rerum
2762 1519 2975 1589 imperio
2995 1561 3009 1586 ,
3034 1519 3343 1573 sacerdotem
3360 1519 3550 1585 solum,

1950 1618 2237 1674 extorrem,
2259 1624 2470 1679 corpore
2500 1609 2760 1676 inﬁrmum
2779 1651 2794 1675 ,
2822 1610 3045 1663 exsulem
3076 1611 3252 1666 timent.
3285 1620 3331 1665 et
3361 1611 3554 1680 pallent

1949 1698 2242 1753 titubantes.
2274 1698 2331 1754 id
2361 1714 2483 1753 cum
2519 1699 2596 1753 illi
2623 1698 2767 1754 ferre
2788 1715 2892 1753 non
2926 1700 3063 1755 ultra
3090 1710 3346 1770 possent,
3377 1701 3553 1769 impc-

1955 1802 2165 1848 traruut
2191 1801 2248 1847 ut
2275 1792 2585 1847 Arabissum
2609 1791 3010 1856 transferretur,
3041 1792 3092 1846 id
3125 1801 3374 1847 curantes
3402 1792 3552 1846 vide-

1949 1883 2106 1947 licet,
2143 1892 2198 1936 ιιι
2225 1883 2273 1936 vi
2298 1882 2646 1936 vexationum
2670 1882 2840 1936 virum
2872 1892 2978 1936 tam
3007 1881 3219 1936 infirmo
3248 1897 3474 1952 corpore
3501 1882 3553 1936 itt

1952 1975 2228 2029 interitum
2255 1973 2603 2029 deducerent.
2628 1973 2759 2028 Cum
2780 1982 2959 2028 autem
3006 1988 3111 2028 non
3145 1973 3322 2027 minus
3372 1973 3554 2042 splen-

1948 2065 2101 2119 deret
2128 2065 2362 2129 virtute,
2394 2071 2449 2119 et
2499 2065 2642 2134 paria
2702 2072 2983 2134 prmstaret
3038 2063 3275 2117 Arabissi
3325 2063 3392 2118 iis
3436 2079 3555 2134 qua:

1948 2154 2140 2210 Cucusi
2167 2153 2277 2222 jam
2296 2152 2568 2218 ediderat,
2609 2169 2797 2207 rursus
2836 2153 2904 2207 ab
2933 2153 3051 2206 aula
3082 2153 3426 2234 lmperatoria
3473 2169 3558 2207 re-

1896 2288 1901 2293 .
1949 2244 2206 2314 scriptum
2257 2244 2436 2298 acrius
2477 2244 2860 2314 impetrarunt,
2889 2253 2946 2297 ut
2997 2243 3136 2298 intra
3181 2242 3554 2298 brevissimum

1953 2344 2162 2404 tempus
2232 2335 2558 2404 assignatum
2619 2335 2923 2406 Pityuntem
2995 2335 3300 2400 duceretur,
3375 2334 3555 2390 locum

1949 2425 2186 2495 regionis
2213 2424 2516 2479 Tzanorum
2577 2426 3031 2493 desertissintum,
3062 2426 3144 2481 ad
3182 2426 3306 2481 litus
3347 2427 3553 2482 Pontici

1947 2518 2113 2571 maris
2161 2517 2342 2570 situm.

2022 2606 2214 2662 Milites
2244 2615 2421 2661 autem
2454 2604 2695 2661 Praefecti
2740 2606 3032 2671 Prmtorio,
3065 2608 3154 2677 qui
3197 2607 3341 2661 illmn
3379 2607 3547 2664 duce-

1948 2698 2078 2754 bant
2098 2740 2113 2764 ,
2138 2699 2190 2753 in
2215 2699 2298 2752 via
2328 2699 2502 2769 ipsum
2531 2698 2763 2753 maxime
2786 2707 3032 2767 urgentes
3053 2739 3068 2763 ,
3097 2698 3345 2752 dicebant
3389 2698 3440 2753 id
3491 2715 3552 2756 se

1951 2787 2154 2843 habere
2176 2789 2227 2842 in
2263 2787 2563 2851 mandatis;
2594 2788 2662 2841 ita
2693 2794 2751 2842 ut
2775 2788 3184 2857 intelligeretur,
3226 2788 3270 2842 si
3301 2798 3406 2843 tam
3437 2789 3558 2845 dire

1946 2890 2171 2937 vexatus
2188 2881 2238 2934 in
2263 2882 2343 2932 via
2363 2887 2660 2934 moreretur
2677 2879 2931 2943 Joannes,
2951 2879 3071 2934 illos
3092 2880 3156 2934 ad
3177 2879 3408 2949 majores
3427 2896 3554 2950 gra-

1948 2971 2048 3025 dus
2069 2969 2374 3025 evehendos
2405 2983 2543 3024 esse.
2579 2969 2727 3024 Unus
2755 2978 2930 3024 tamen
2958 2984 3024 3023 ex
3054 2969 3176 3032 illis,
3206 2971 3274 3024 de
3295 2973 3548 3039 praesenti

1949 3063 2134 3117 militia
2175 3063 2352 3116 minus
2396 3061 2690 3127 sollicitus,
2728 3061 2962 3131 aliquam
2991 3061 3066 3115 illi
3099 3062 3282 3115 furtim
3323 3063 3550 3118 exhibe-

1949 3152 2039 3206 bat
2086 3152 2491 3214 humanitatem.
2521 3153 2668 3204 Alter
2696 3161 2872 3206 autem
2911 3166 3078 3221 usque
3117 3151 3251 3206 adeo
3291 3150 3444 3209 ferox
3493 3167 3548 3209 et

1946 3259 2108 3312 asper
2126 3252 2262 3308 erat,
2289 3251 2342 3296 ut
2366 3243 2668 3309 blanditias,
2701 3243 2851 3312 queis
2878 3257 2936 3297 se
2961 3252 3306 3299 occurrentes
3333 3245 3548 3315 quidam

1951 3333 2308 3402 precabantur
2339 3342 2395 3386 ut
2422 3342 2607 3388 sancto
2638 3342 2918 3402 parceret,
2947 3349 3046 3406 pro
3076 3335 3286 3404 injuriis
3325 3335 3549 3393 haberet

1948 3424 2077 3478 illud
2106 3441 2268 3479 unum
2291 3433 2537 3493 satagens
2558 3435 2612 3479 ut
2640 3425 2775 3479 mala
2801 3435 2974 3480 morte
2999 3426 3258 3484 Joannem
3307 3441 3545 3487 necaret.

1951 3517 2083 3573 Cum
2118 3519 2288 3587 pluvia
2321 3518 2611 3573 vehemens
2631 3518 2942 3584 decideret,
2973 3521 3024 3573 id
3050 3521 3181 3574 nihil
3212 3535 3406 3577 curans
3426 3537 3552 3592 pro-

1950 3609 2286 3662 ficiscebatur
2303 3608 2427 3671 ille;
2459 3607 2532 3660 ita
2558 3617 2613 3660 ut
2640 3607 2689 3660 in
2713 3608 2874 3662 dorso
2895 3608 3021 3663 etin
3050 3619 3268 3677 pectore
3293 3628 3550 3683 aquarum

1949 3699 2045 3751 rivi
2073 3699 2441 3753 decurrerent.
2484 3699 2754 3770 Ingentem
2810 3716 2992 3754 rursus
3039 3702 3167 3755 solis
3211 3711 3398 3758 aestum
3455 3721 3552 3774 pro

1948 3785 2155 3841 deliciis
2177 3787 2436 3853 habebat,
2465 3803 2585 3842 cum
2610 3797 2790 3842 nosset
2810 3788 2867 3841 Β.
2900 3788 3120 3845 Joannis
3146 3801 3304 3859 caput
3323 3833 3340 3861 ,
3366 3793 3548 3850 Elismi

1949 3878 2116 3931 instar
2141 3879 2384 3945 calvum,
2414 3889 2546 3933 testu
2572 3880 2772 3933 vexari.
2825 3878 2881 3933 lu
2938 3881 3067 3935 urbe
3117 3889 3209 3936 aut
3258 3884 3407 3948 vico,
3454 3887 3546 3941 ubi

1949 3968 2262 4023 balneorum
2291 3969 2706 4024 solatiumlesset
2725 4012 2738 4033 ,
2767 3986 2834 4024 ne
2857 3977 3132 4026 momento
3161 3974 3376 4043 quidem
3423 3991 3548 4046 per-

1953 4058 2199 4112 mittebat
2225 4059 2402 4112 infelix
2428 4059 2514 4113 ille
2537 4058 2799 4114 Joannem
2827 4061 3045 4114 morari.

2024 4151 2080 4204 lu
2111 4150 2195 4205 his
2219 4151 2502 4216 omnibus,
2537 4152 2708 4220 inquit
2744 4151 3010 4205 Palladius
3043 4152 3268 4221 (idest,
3293 4155 3345 4207 ni
3376 4153 3549 4220 fallor,

1951 4243 2004 4297 in
2033 4243 2222 4297 itinere
2246 4243 2556 4296 Arabissum
2579 4284 2592 4305 ,
2619 4243 2704 4296 ubi
2733 4258 2828 4310 per
2851 4243 3064 4312 aliquod
3094 4253 3304 4314 tempus
3331 4247 3550 4312 mansit,

1950 4345 2005 4389 et
2033 4335 2085 4387 in
2111 4335 2299 4388 itinere
2324 4335 2579 4388 Arabisso
2602 4332 2946 4403 Pityuntem)
2977 4350 3070 4402 per
3098 4344 3206 4389 tres
3235 4352 3447 4392 menses
3468 4339 3552 4392 vir

1951 4433 2198 4486 sanctus,
2231 4423 2602 4478 difficillimum
2653 4423 2783 4478 illud
2829 4425 2930 4477 iter
2971 4428 3358 4494 agens,veluti
3402 4429 3554 4486 sidus

1951 4515 2242 4567 coruscans
2294 4513 2598 4583 perstabat,
2631 4513 2803 4583 inquit
2833 4513 3134 4574 Palladius.
3184 4516 3388 4572 habens
3432 4535 3553 4574 cor-

1954 4603 2233 4673 pusculum
2263 4612 2318 4656 ut
2339 4618 2553 4672 pomum
2583 4604 2633 4656 in
2656 4604 2918 4672 supremis
2941 4605 3104 4658 ramis
3132 4620 3161 4658 a
3190 4606 3304 4661 sole
3329 4609 3550 4664 rubens.

1954 4693 2085 4748 Cum
2107 4703 2284 4748 autem
2314 4692 2566 4748 Comanis
2594 4694 3147 4763 appropinquassent,
3182 4697 3375 4766 raptim
3407 4714 3552 4769 pra:-

1955 4786 2239 4854 tergressi,
2267 4794 2418 4838 extra
2446 4798 2628 4837 muros
2656 4784 2706 4837 in
2737 4785 2994 4855 martyrio
3042 4785 3277 4855 quinque
3322 4797 3414 4842 aut
3458 4804 3552 4843 sex

1954 4875 2188 4930 millibus
2207 4876 2436 4930 distante
2465 4887 2796 4929 manserunt.
2817 4876 3016 4930 Eadem
3046 4877 3157 4947 ipsa
3189 4889 3346 4934 nocte
3384 4895 3556 4950 appa-

1955 4970 2062 5021 ruit
2087 4966 2277 5021 Joanni
2323 4966 2425 5020 loci
2457 4966 2598 5020 illius
2627 4975 2830 5037 martyr
2862 4968 3076 5022 nomine
3108 4968 3428 5036 Basiliscus,
3462 4973 3550 5041 qui

1955 5057 2242 5124 episcopus
2260 5054 2616 5110 Cumanorum
2646 5071 2767 5110 cum
2794 5067 2969 5122 esset,
3003 5060 3313 5126 martyrium
3365 5075 3555 5130 passus

1956 5155 2039 5201 est
2065 5144 2390 5200 Nicomedia:
2419 5146 2472 5199 in
2499 5145 2748 5216 Bithynia
2786 5146 2885 5200 sub
2923 5145 3211 5200 Maximino
3231 5189 3245 5212 ,
3278 5165 3380 5203 una
3427 5166 3550 5203 cum

1956 5236 2222 5298 aniano,
2260 5236 2570 5307 presbytero
2595 5236 2958 5303 Antiocheno;
2990 5237 3230 5306 dixitque
3279 5239 3383 5304 illi,
3418 5238 3545 5292 Cott-

1955 5329 2090 5398 ﬁde,
2121 5331 2279 5398 frater
2305 5326 2570 5394 Joannes;
2596 5328 2820 5382 crastina
2847 5327 2980 5381 enim
3027 5328 3110 5381 die
3159 5327 3546 5388 simulerimus.

1954 5418 2253 5473 Narrabant
2274 5428 2450 5472 autem
2473 5461 2487 5485 ,
2516 5419 2724 5473 cuidam
2764 5419 2922 5474 etiam
2978 5420 3291 5490 presbytero
3347 5421 3543 5476 ibidem

1955 5509 2191 5563 manenti
2220 5509 2563 5578 prtedixisse:
2589 5510 2723 5564 Para
2748 5510 2921 5565 locum
2966 5510 3112 5564 fratri
3151 5510 3370 5571 Joanni;
3403 5515 3548 5570 venit

1956 5599 2119 5655 enim.

2025 5686 2112 5744 Jo.
2142 5687 2525 5759 Cltrysostontus
2551 5690 2787 5746 Cottianis
2819 5694 2867 5747 in
2896 5691 3057 5748 Ponto
3079 5694 3305 5748 nutritur.
3330 5686 3540 5745 —0r-'t-
