4276 6316
725 376 826 429 263

722 489 843 545 culo
871 486 1039 539 tidens
1056 482 1307 545 Joannes,
1332 480 1569 550 sequenti
1600 476 1685 534 die
1715 478 1907 531 milites
1936 484 2175 545 precatus
2199 482 2301 535 est,

726 589 781 633 ut
809 576 873 629 ad
912 577 1096 632 itcratn
1128 575 1361 641 quintam
1394 585 1557 639 usque
1588 570 1658 623 ibi
1682 564 2300 638 permanerent(80zom.

728 671 841 721 ιδ.
888 682 935 719 c.
966 666 1077 733 28).
1108 662 1183 715 Illi
1240 677 1365 715 vero
1418 659 1547 713 nihil
1576 667 1822 711 curantes
1875 653 2092 723 profecti
2146 659 2302 716 sunt,

726 771 883 827 atque
913 756 980 809 ad
1024 756 1234 823 triginta
1261 753 1479 808 circiter
1508 750 1673 805 stadia
1704 757 2013 818 pergentes,
2046 744 2110 799 ad
2159 760 2303 797 mar-

728 850 921 918 tyrium
968 847 1105 900 unde
1154 846 1511 900 discesserant
1561 842 1731 896 redire
1768 839 1935 893 coacti
1967 849 2122 899 sunt,
2164 835 2304 905 quod

729 939 818 992 ille
854 945 1164 1006 mgrotarel.’
1197 934 1381 1004 capitis
1423 934 1563 987 enim
1608 932 1793 985 dolore
1842 928 2131 990 laborabat,
2165 926 2305 994 quod

724 1027 855 1080 solis
892 1026 1071 1080 radios
1112 1024 1253 1079 ferre
1299 1040 1403 1077 non
1455 1031 1649 1092 posset.
1702 1021 1787 1074 Sic
1835 1020 1993 1089 igitur
2022 1030 2302 1080 reversus,

729 1114 1037 1184 splendidas
1068 1123 1280 1181 vestes,
1305 1114 1405 1168 vita
1432 1128 1523 1166 sua
1551 1114 1737 1181 dignas
1761 1154 1774 1177 ,
1808 1112 2059 1180 requirit,
2088 1120 2304 1163 exutus-

726 1223 831 1276 que
861 1205 1151 1276 prioribus,
1175 1206 1289 1258 illas
1332 1204 1520 1268 induit,
1558 1203 1805 1256 omnibus
1842 1203 1907 1255 ad
1948 1201 2305 1254 calceamenta

730 1314 898 1367 usque
924 1299 1165 1363 mutatis,
1194 1306 1353 1365 atque
1382 1297 1513 1349 alias
1546 1294 1894 1361 prtesentibus
1924 1293 2207 1345 distribuit.
2242 1292 2307 1345 Et

732 1387 961 1455 sumptis
988 1385 1276 1440 Dominicis
1299 1384 1586 1457 symbolis,
1619 1400 1795 1438 coram
1822 1383 2150 1436 adstantibus
2180 1382 2305 1434 ulti-

729 1492 867 1529 mam
886 1476 1180 1530 orationem
1203 1475 1410 1529 emisit:
1434 1485 1488 1529 et
1512 1490 1630 1527 cum
1664 1490 1755 1542 pro
1776 1485 1855 1525 mc
1868 1487 1922 1527 re
1948 1486 2045 1525 suo
2066 1471 2304 1533 dixisset,

730 1566 905 1619 Gloria
934 1563 1044 1619 Deo
1070 1574 1274 1634 propter
1301 1565 1468 1617 omnia
1491 1605 1505 1629 ,
1533 1572 1587 1618 et
1633 1564 1869 1616 ultintum
1892 1604 1906 1627 ,
1953 1562 2128 1626 Amen,
2158 1560 2303 1614 obsi-

732 1664 982 1723 gnasset,
1013 1656 1283 1725 appositus
1304 1655 1473 1709 estad
1506 1663 1679 1723 patres
1696 1668 1820 1707 suos
1848 1664 1901 1707 et
1945 1652 2007 1707 ad
2036 1652 2305 1706 Christum

732 1747 956 1800 transiit.

803 1835 937 1888 Mira
961 1837 1013 1889 in
1036 1838 1145 1906 ejus
1174 1836 1414 1905 exsequiis
1461 1836 1819 1888 monachorum
1848 1846 1892 1889 et
1916 1836 2160 1905 virginum
2206 1836 2304 1902 [rc-

730 1931 948 1995 qacntio.
987 1957 1061 1969 -—-
1096 1929 1234 1983 Obiit
1263 1940 1438 1983 autem
1467 1930 1529 1983 l4
1558 1929 1881 1997 Septembris
1901 1970 1914 1992 ,
1946 1927 2178 1981 Honorio
2225 1943 2307 1980 se-

732 2020 957 2088 ptimum
987 2029 1040 2073 et
1067 2018 1367 2074 Theodosio
1400 2021 1586 2073 iterum
1604 2020 1927 2073 consulibus.
1946 2019 2112 2072 Tanta
2133 2030 2304 2073 autem

734 2111 785 2162 in
812 2110 1079 2176 sepultura
1108 2110 1221 2178 ejus
1254 2107 1533 2163 muititudo
1564 2110 1823 2179 virginum
1846 2152 1861 2172 ,
1887 2109 2266 2163 monachorum
2290 2151 2302 2173 ,

732 2206 787 2250 et
835 2197 1058 2251 aliorum
1106 2202 1382 2253 sanctitate
1431 2200 1740 2268 fulgentium
1799 2200 1964 2253 adfuit.
2020 2215 2050 2253 e
2116 2200 2305 2269 Syria,

732 2286 913 2339 Cilicia
937 2327 953 2353 ,
978 2286 1144 2341 Ponto
1173 2299 1327 2355 atque
1354 2290 1600 2341 Armenia
1624 2332 1637 2353 ,
1674 2301 1729 2343 ut
1778 2290 2014 2357 plerique
2062 2300 2310 2358 putarent

820 2378 4027 2400 NW

1805 354 2251 412 COMPENDIUM
2290 349 2864 411 CllltONOLOGICUM

1516 2481 1918 2543 STILTINGI
1960 2478 2479 2541 COMPENDIUM
2522 2477 3215 2539 CHRONOLOGICUM

3888 354 3998 409 264

2412 469 2558 537 quasi
2590 467 2716 523 dato
2744 468 2893 535 signo
2916 480 3007 521 eos
3025 466 3302 522 advenisse
3324 468 3495 534 (Socr.
3524 468 3559 520 ι.
3586 467 3639 523 6.
3671 484 3717 520 c.
3738 467 3827 522 St.
3865 467 3995 520 Pal-

2412 562 2517 615 lad.
2544 558 2799 630 Dialog.).
2824 560 2953 614 Cum
2983 557 3290 614 celebritate
3307 568 3504 622 autem,
3535 565 3593 611 ut
3612 560 3777 612 victor
3816 558 3997 612 athle-

2415 660 2495 716 ta,
2529 667 2632 704 una
2685 667 2803 704 cum
2853 651 3103 704 Basilisco
3132 652 3183 704 in
3229 649 3416 705 eodem
3441 651 3697 719 martyrio
3750 649 4000 718 sepultus

2412 751 2511 795 est.
2534 740 2835 795 Adversarii
2860 748 3035 794 autem
3064 741 3209 808 ejus,
3242 741 3327 810 qui
3352 740 3499 793 illum
3538 750 3642 793 tam
3673 740 3785 793 dire
3824 754 3999 793 vexa—

2418 841 2646 895 verant,
2671 832 2829 883 variis
2860 830 3030 883 modis
3061 831 3310 884 ultionem
3341 830 3573 883 divinatn
3608 839 3733 883 sunt
3761 831 3989 898 experti,

2415 932 2472 977 ut
2504 923 2742 991 pluribus
2776 931 2950 974 narrat
2974 920 3241 975 Palladius
3267 922 3546 991 (Dialog.).
3580 921 3836 974 Arcadius
3868 936 4003 973 vero

2428 1015 2673 1084 princeps
2724 1015 3011 1083 iners,qui
3072 1013 3225 1067 facile
3279 1015 3455 1082 pravis
3498 1012 3803 1083 dolosisque
3861 1028 4001 1066 Con-

2414 1109 2546 1167 siliis
2574 1106 2945 1160 circumveniri
2980 1115 3222 1173 poterat,
3257 1115 3374 1172 post
3401 1106 3611 1171 elapsos
3640 1113 3841 1173 septem
3874 1117 4002 1156 cum

2412 1200 2634 1257 dimidio
2655 1214 2873 1255 menses
2912 1198 2980 1251 ab
3019 1197 3165 1251 obitu
3195 1196 3561 1267 Chrysostomi
3594 1205 3831 1247 mortuus
3880 1202 4003 1257 est;

2413 1292 2625 1359 quidam
2655 1302 2782 1345 vero
2832 1287 2902 1343 ob
2929 1286 3101 1339 illatas
3139 1285 3522 1355 Chrysostomo
3562 1283 3887 1336 calamitates
3936 1296 4006 1335 ex

2415 1385 2504 1436 Dei
2559 1384 2791 1438 vindicta
2842 1377 3319 1453 quadragenarium
3358 1375 3622 1428 sublatum
3653 1374 3815 1426 fuisse
3847 1380 4006 1440 puta-

2413 1486 2553 1531 I‘Ulll.

2485 1567 2677 1635 Corpus
2708 1568 2816 1635 ejus
2844 1564 3315 1631 Constantinopolin
3362 1556 3601 1616 rt'lttlum.
3639 1584 3713 1596 --ο
3750 1554 4011 1608 Memoria

2413 1658 2469 1714 S.
2501 1658 2721 1713 Joannis
2760 1656 3124 1727 Chrysostomi
3155 1657 3311 1725 paulo
3341 1663 3455 1723 post
3509 1654 3713 1707 obitum
3760 1646 3873 1721 ejus
3910 1660 4016 1713 per

2416 1760 2585 1804 totum
2631 1750 2815 1803 orbem
2870 1749 3112 1801 restituta
3165 1747 3261 1798 fuit
3284 1743 3615 1812 (Theodorei.
3651 1745 3687 1796 ι.
3807 1759 3851 1794 c.
3885 1735 4015 1811 3(3).

2412 1845 2619 1912 Corpus
2647 1852 2823 1895 autem
2862 1841 2975 1908 ejus
3003 1836 3496 1902 Constantinopolin
3525 1850 3644 1888 cum
3689 1834 3889 1903 ingenti
3914 1850 4005 1886 ec-

2414 1935 2658 1989 lebritate
2703 1933 2927 1987 relatum
2991 1930 3085 1981 fuit
3130 1943 3268 1981 anno
3323 1928 3449 1981 438.
3496 1925 3829 1979 Theodosius
3874 1939 4016 1977 vero

2411 2027 2592 2096 junior
2619 2025 2930 2093 Imperator,
2965 2022 3133 2090 inquit
3152 2019 3518 2072 Theodoretus
3542 2058 3557 2082 ,
3585 2016 3769 2070 oculos
3787 2027 3836 2067 et
3862 2013 4018 2069 fron-

2416 2126 2522 2169 tem
2552 2114 2728 2167 loculo
2754 2112 3043 2165 admovens
3066 2152 3081 2175 ,
3104 2125 3201 2179 pro
3230 2109 3537 2177 parentibus
3582 2106 3693 2159 suis
3738 2104 4016 2172 supplica-

2418 2208 2529 2270 vit,
2562 2215 2746 2273 petens
2769 2212 2826 2255 ut
2846 2204 2907 2255 iis
2930 2245 2943 2267 ,
2976 2201 3064 2271 qui
3095 2216 3189 2269 per
3217 2196 3625 2267 imprudentiam
3659 2202 3974 2264 peccassent
4002 2230 4022 2254 .

2419 2295 2625 2348 veniam
2644 2291 2988 2346 concederet.

3639 2386 3986 2393 ω

3183 2414 3982 2424 ιω

722 2617 1375 2701 GESTORUM
1423 2616 1571 2697 ET
1622 2614 2386 2697 SCRIPTORUM
2440 2613 2529 2694 S.
2584 2613 3066 2695 JOANNIS
3140 2612 4024 2746 CI‘IRYSOSTOMI.

1400 2769 1781 2813 EXCERPTUM
1827 2769 1911 2811 EX
1955 2768 2131 2811 ACTIS
2178 2765 2557 2809 SANCTORL’M
2603 2767 2826 2811 MENSIS
2874 2769 3048 2811 SEPT.
3096 2770 3154 2809 Τ.
3205 2770 3291 2810 ιν.

755 2876 1118 2948 Compendium
1142 2873 1549 2948 chronologirnm
1577 2883 1831 2946 gestorum
1868 2883 1915 2927 et
1954 2873 2280 2942 scriptorum,

1264 2956 1381 2995 ante
1407 2945 1747 2996 diaconatum.

791 3018 944 3072 Circa
971 3029 1166 3069 annum
1194 3014 1298 3068 514
1331 3022 1485 3069 natus
1516 3025 1597 3068 est
1626 3014 1685 3068 S.
1717 3013 1952 3069 Joannes
1990 3014 2314 3083 Clu‘ysosloo

726 3101 866 3141 lllllS.
1993 3127 1999 3133 .

797 3157 954 3209 Circa
1004 3169 1202 3208 annum
1248 3153 1373 3218 369,
1432 3153 1688 3207 absolutis
1740 3153 2057 3221 eloquentia:
2108 3153 2316 3217 studiis,

726 3240 906 3279 sacras
951 3225 1136 3278 literas
1184 3223 1391 3276 diseere
1440 3224 1640 3291 incipit,
1683 3236 1982 3289 cxponcnte
2030 3225 2067 3278 ὃ
2113 3224 2323 3277 Melelio

731 3296 1005 3362 episcopo,
1036 3294 1123 3363 qui
1153 3292 1414 3347 Joannem
1445 3293 1677 3361 baptizat
1703 3294 1794 3347 illo
1825 3302 2083 3363 tempore.
2108 3294 2203 3348 llic
2230 3294 2322 3347 de-

738 3366 862 3419 mde
894 3365 1061 3418 lec’tor
1091 3365 1386 3415 ordinatus.

810 3434 963 3487 Circa
993 3434 1199 3505 initium
1228 3434 1348 3485 anni
1382 3432 1505 3497 7.72,
1539 3434 1771 3505 retegato
1810 3434 1866 3490 S.
1891 3434 2322 3505 Melelio,Cltry-

734 3513 1006 3557 Suslﬂmlls
1037 3504 1315 3570 magistros
1341 3506 1530 3572 accipit
1568 3503 1865 3559 Carterium
1915 3516 1967 3559 et
2011 3503 2319 3568 Diodorum,

731 3578 798 3626 ad
831 3588 1058 3644 quorum
1088 3573 1419 3641 disciplinam
1469 3573 1662 3629 deinde
1719 3575 1981 3644 pertrahit
2037 3574 2321 3628 Maximum

730 3656 785 3697 et
814 3642 1177 3697 Theodorum.

805 3714 958 3766 Circa
983 3714 1313 3768 annum'575
1336 3714 1521 3769 scribit
1548 3714 1657 3768 duo
1686 3716 1852 3783 prima
1883 3716 2172 3783 opuscula,
2227 3730 2320 3769 seu

738 3784 1021 3850 epistolam
1051 3786 1316 3851 geminam
1342 3784 1410 3837 ad
1430 3784 1769 3838 Theodorum
1799 3787 2019 3852 lapsum.
2049 3787 2109 3838 ’l‘.
2138 3786 2175 3836 l.

806 3852 964 3907 Circa
993 3867 1191 3906 annum
1221 3853 1355 3925 A5747
1382 3854 1607 3908 Sanetus
1644 3855 1898 3924 quan-itur
1939 3856 2005 3908 a‘d
2049 3856 2324 3925 episcopa-

740 3934 849 3976 tum
878 3939 892 3985 ;
920 3932 974 3975 at
1002 3937 1060 3977 se
1082 3923 1398 3976 occultando
1428 3925 1621 3977 evadit.

808 3994 921 4047 Sub
946 3994 1103 4045 linem
1130 3994 1253 4045 anni
1284 3995 1408 4057 574,
1435 4005 1526 4047 aut
1553 3994 1757 4047 initium
1805 3994 1929 4049 anni
1955 3994 2079 4059 575,
2117 3996 2324 4064 ample-

732 4065 893 4117 ctitur
930 4067 1091 4116 vitam
1120 4064 1463 4116 monasticam
1489 4065 1539 4117 in
1572 4064 1873 4118 solitudine.

806 4133 960 4253 Clirca
987 4148 1185 4187 annum
1212 4134 1315 4188 2575
1339 4135 1519 4201 scripti
1568 4148 1659 4187 sex
1706 4134 1826 4188 libri
1875 4135 1942 4190 de
1992 4134 2319 4190 Sacerdotio.

813 4276 968 4325 Auno
1012 4272 1116 4344 576
1152 4272 1333 4344 scripti
1353 4281 1467 4344 tres
1497 4272 1616 4327 libri
1643 4273 1897 4329 adversus
1925 4274 2326 4344 Oppugnatores

738 4346 862 4394 γῖιῖι·
895 4343 1221 4395 monasticae.
1252 4342 1313 4397 Τ.
1349 4341 1387 4393 l.

815 4411 974 4465 Forte
1005 4428 1111 4465 non
1139 4413 1225 4465 diu
1254 4422 1396 4479 post,
1428 4428 1489 4467 ac
1517 4414 1878 4467 verisimilitcr
1909 4414 1957 4466 in
2018 4414 2326 4481 solitudine,

740 4482 940 4552 Scripta
970 4482 1309 4552 Comparatio
1340 4484 1479 4548 regis
1508 4493 1562 4537 et
1589 4484 1857 4538 monachi.
1888 4484 1951 4537 Τ.
1988 4484 2034 4539 l.

819 4553 949 4623 Item
982 4552 1034 4604 in
1057 4552 1346 4623 solitudine
1372 4554 1603 4621 scriptus
1653 4554 1788 4607 liber
1810 4554 1875 4606 de
1906 4552 2328 4623 Compunctione

738 4622 814 4693 ad
840 4622 1163 4693 Demetrium
1192 4640 1206 4687 ;
1231 4632 1372 4693 post
1414 4626 1551 4677 hunc
1599 4639 1727 4678 vero
1774 4625 1910 4678 alter
1951 4625 2019 4680 de
2058 4626 2328 4693 Compon-

749 4691 928 4744 etione
958 4691 1025 4743 ad
1051 4691 1397 4746 Stelecliium.
1425 4693 1488 4747 Τ.
1520 4693 1559 4747 l.

818 4764 976 4815 Anno
1019 4761 1167 4832 7377,,
1201 4771 1292 4814 aut
1337 4763 1462 4826 578,
1499 4764 1845 4832 probabiliter
1890 4765 2070 4832 scripti
2118 4774 2224 4821 tres
2263 4765 2328 4821 ad

742 4831 1123 4886 consolandum
1148 4831 1432 4903 Stagiriqu
1458 4831 1895 4903 energumeuum.
1925 4831 2055 4890 T.'l.

1344 4903 1409 4956 In
1435 4904 1722 4957 diuconattt.

818 4971 931 5023 Sub
957 4971 1112 5026 linem
1157 4973 1279 5025 anni
1321 4974 1445 5038 580,
1479 4984 1568 5029 aut
1613 4976 1817 5028 initium
1848 4976 1973 5029 anni
2014 4977 2148 5041 581,
2195 4977 2329 5031 San-

742 5052 877 5106 etus,
905 5042 975 5093 ob
1006 5042 1243 5096 morbmn
1271 5059 1335 5098 cx
1362 5060 1544 5099 eremo
1569 5045 1905 5100 Antiochiam
1942 5063 2211 5112 reversus,
2239 5067 2329 5101 or-

744 5112 963 5164 diuatur
987 5112 1260 5167 diaconus.

820 5182 1115 5256 tinuo__581
1147 5184 1381 5256 scriptus
1406 5186 1542 5239 liber
1569 5186 1632 5238 ad
1675 5186 1899 5241 Viduam
1941 5187 2232 5256 iuniorem,
2266 5204 2331 5243 ac

744 5250 1186 5371 Ernbalnliter'ad
1217 5250 1456 5307 eamdem
1482 5270 1594 5335 non
1617 5258 1704 5310 diu
1735 5267 1856 5326 post
1882 5250 2109 5327 scriptus
2132 5250 2229 5312 est
2262 5261 2325 5312 li-

781 5336 838 5371 ct‘
867 5320 933 5371 de
964 5339 1067 5371 non
1101 5325 1342 5371 Iteramlo
1363 5324 1640 5371 Comitem-
1670 5327 1731 5371 Τ-
1770 5327 1806 5371 Ι-

781 5336 838 5392 er
867 5320 1067 5392 denon
1101 5323 1342 5376 iterando
1363 5324 1640 5392 Conjugio.
1670 5320 1806 5380 Τ.Ἰ.

774 5460 782 5467 .
812 5387 868 5467 |_u
900 5390 1179 5467 diae-Quam
1206 5387 1819 5463 probabiliier'exaratus
1841 5408 1924 5452 est
1967 5398 2098 5455 liber
2125 5399 2193 5454 de
2224 5399 2332 5452 Vir-

737 5460 976 5528 ginitaie.
1010 5460 1073 5514 Τ.
1103 5461 1141 5515 Ι.

812 5528 1189 5611 Circa_at_inum
1221 5534 1325 5588 582
1353 5538 1679 5611 composittts
1699 5538 1834 5611 liber
1875 5540 1926 5594 in
1956 5540 2013 5595 S.
2047 5538 2328 5611 Babylam,

739 5611 925 5673 contra
959 5601 1228 5655 Julianum
1259 5616 1312 5658 et
1335 5601 1575 5673 gentiles.
1602 5607 1663 5662 T.
1699 5608 1758 5662 ΙΙ.

770 5669 836 5748 in
876 5669 1560 5751 diaconattrverisiniililer
1589 5681 1786 5751 scripta
1832 5682 2091 5751 Synopsis
2133 5682 2184 5734 in
2236 5698 2328 5734 va-

741 5744 845 5820 rios
875 5755 1042 5820 saera:
1068 5744 1353 5811 Scriptum
1393 5748 1593 5820 libros;
1650 5744 1740 5803 sed
1790 5744 1917 5808 tota.
1970 5744 2125 5820 quam
2167 5751 2331 5806 edidit

741 5814 1183 5889 .‘lontt‘auconus,
1205 5832 1308 5871 non
1338 5829 1417 5873 est
1447 5814 1832 5890 (illi-)‘wstomi.
1872 5823 1931 5875 'I'.
1971 5814 2049 5875 Vl.

2786 2893 2849 2947 In
2880 2895 3253 2964 presbyteratus
3294 2913 3428 2949 anno
3450 2894 3636 2964 primo.

2500 3007 2651 3061 Circa
2701 3008 2908 3060 initium
2955 3010 3079 3061 anui
3133 3010 3239 3063 586
3287 3010 3704 3078 Chrysostomus
3743 3008 4031 3061 ordinatur

2430 3080 2729 3201 presbyter,
2760 3094 3055 3139 munusque
3098 3081 3449 3134 coneionandi
3499 3080 3737 3141 ordiens,
3792 3079 4025 3146 primam

2448 3149 2589 3201 labet
2619 3150 2916 3201 Homiliaut.
2942 3149 3005 3201 Τ.
3041 3148 3079 3201 Ι.

2448 3148 2916 3202 talietliomiliam.
2942 3149 3005 3204 Τ.
3041 3148 3079 3201 Ι.

2504 3219 2629 3271 Post.
2659 3218 2811 3280 banc,
2848 3235 3030 3272 mense
3050 3220 3304 3275 Januario
3330 3233 3423 3275 aut
3467 3220 3761 3275 Februario
3790 3261 3803 3280 ,
3861 3216 4037 3271 habet.

2431 3288 2712 3343 Ilotniliam
2741 3289 2807 3341 de
2838 3290 2985 3353 ()zia,
3019 3306 3134 3343 eam
3168 3293 3442 3350 nimirum,
3495 3306 3613 3361 rpite
3644 3292 3709 3342 de
3754 3305 3820 3343 eo
3864 3303 4037 3355 argu-

2432 3370 2610 3412 mento
2660 3361 2891 3413 secunda
2941 3372 3024 3415 est
3079 3363 3354 3427 impressa.
3390 3362 3453 3415 Τ.
3493 3362 3574 3413 VI.
3632 3361 3841 3415 Secuta:
3895 3369 4036 3412 sunt

2429 3440 2553 3483 ante
2592 3430 3065 3499 Quadragesitnam
3101 3442 3207 3484 tres
3231 3432 3347 3485 alia:
3372 3432 3440 3486 de
3465 3431 3590 3485 Ozia
3637 3442 3727 3484 aut
3768 3432 3836 3484 de
3863 3431 4036 3485 Sera-

2433 3499 2628 3568 pltinis,
2656 3501 2900 3553 videlirel
2932 3505 3107 3567 tertia,
3138 3504 3322 3569 quinta
3346 3512 3400 3555 et
3428 3512 3597 3555 sexta.

2439 3616 2443 3620 .
2507 3569 2563 3622 lit
2599 3572 2859 3638 principio
2885 3572 3314 3642 Quadi-agestmte
3342 3573 3575 3626 inchoati
3597 3581 3723 3625 sunt
3748 3581 3870 3626 octo
3896 3575 4038 3631 Scr—

2432 3655 2619 3694 mones
2651 3643 2700 3693 in
2733 3642 3005 3695 Genesim.
3036 3643 3098 3696 'l‘.
3128 3644 3214 3696 IV.

2503 3710 2567 3782 In
2591 3712 2775 3764 eadem
2805 3712 3239 3782 Quadragesima,
3266 3722 3656 3781 consequenter
3674 3726 3855 3765 mense
3883 3715 4038 3771 Mar-

2434 3781 2524 3856 tio,
2557 3781 2749 3856 habita:
2791 3781 3036 3856 videntur
3064 3784 3185 3856 alia:
3212 3786 3445 3856 quinque
3475 3783 3731 3856 llomilim
3757 3824 3772 3856 ,_
3830 3802 4040 3856 nempe

2435 3851 2552 3902 dum
2585 3852 2651 3904 de
2681 3852 3066 3918 Prophetarum
3096 3854 3439 3906 obscuritate.
3474 3852 3538 3907 T.
3587 3853 3626 3906 Ι.
3658 3854 3807 3907 tertia
3837 3851 4040 3913 σοιιιῖιῖι

2435 3921 2754 3991 lllauielta-os
2775 3922 3037 3987 dicentes,
3076 3924 3355 3976 Dmmones
3394 3924 3697 3991 gubernare
3742 3925 4038 3983 mundum.

2434 3990 2494 4063 Τ.
2525 3991 2584 4042 ΙΙ.
2612 4003 2795 4059 quarta
2824 4006 3009 4047 contra
3033 3995 3316 4063 ignaviam.
3346 3990 3482 4047 Ibid.
3514 4003 3567 4048 et
3594 3994 3776 4063 quinta
3798 3996 3867 4051 de
3893 3997 3997 4051 Dia
4018 4031 4037 4040 -

2434 4062 2559 4114 bulo
2577 4073 2859 4117 tentatore.
2890 4064 3023 4119 Ibid.

2506 4132 2707 4186 Eodem
2736 4150 2897 4193 anno,
2925 4134 3286 4189 verisimiliter
3312 4149 3494 4188 mense.
3515 4133 3673 4202 Majo,
3709 4133 3887 4189 habita
3913 4137 4038 4195 llo-

2434 4203 2575 4255 milia
2604 4202 2655 4255 in
2682 4202 2736 4256 S.
2768 4203 3059 4257 Melelinm.
3095 4205 3155 4256 Τ.
3196 4204 3257 4257 ΙΙ.

2509 4273 2709 4327 Eodem
2735 4275 3096 4328 verisimiliter
3123 4291 3265 4328 anno
3285 4275 3562 4344 :rgrotavit
3581 4274 4027 4343 Chrysostomus,

2436 4341 3024 4412 habuitquellomiliam
3067 4346 3118 4398 in
3174 4345 3301 4401 illud
3339 4341 3591 4414 'Apostoli
3628 4364 3639 4399 :
3696 4341 3810 4399 Hoc
3858 4341 4035 4402 utilem

2434 4415 2636 4477 scitote,
2670 4424 2773 4466 etc.
2806 4415 2869 4469 T.
2898 4414 2983 4469 Vl.

2509 4484 2688 4539 Mense
2718 4486 2955 4550 Augusto
2997 4485 3173 4540 habita
3220 4495 3305 4539 est
3348 4485 3575 4539 [lomilia
3617 4487 3789 4553 prima
3837 4498 4030 4543 contra

2437 4554 2748 4626 Anomu-os.
2794 4556 2867 4626 ‘T.
2928 4557 2968 4607 l.
3049 4557 3175 4609 Post
3239 4559 3373 4609 hanc
3423 4556 3523 4609 sub
3586 4557 3748 4609 tinem
3803 4560 4033 4626 Augusti

2435 4636 2525 4677 aut
2549 4625 2754 4677 iuitimn
2785 4624 3137 4692 Septembris,
3165 4629 3391 4681 Sanctus
3416 4626 3596 4681 dicere
3651 4627 3813 4695 erepit
3838 4624 4034 4686 contra

2436 4695 2672 4759 ιυάίυος,
2708 4695 2999 4763 habuitque
3023 4698 3567 4766 consequouterdnas
3595 4698 3802 4764 priores
3821 4701 4035 4752 oratio-

2436 4781 2531 4821 nes
2558 4777 2741 4820 eontra
2762 4766 2997 4820 Judceos.
3027 4768 3089 4821 T.
3125 4768 3163 4820 Ι.
3189 4777 3241 4821 et
3271 4767 3404 4821 forte
3426 4766 3559 4819 alias
3586 4766 3744 4821 hodie
3768 4768 4031 4834 perditas.

2506 4835 2688 4891 Mense
2729 4836 3012 4891 Novembri
3056 4838 3282 4893 Sanctus
3314 4839 3537 4891 resumit
3584 4838 3876 4892 certamina
3930 4841 4037 4892 ad-

2435 4922 2625 4961 versus
2656 4908 2960 4967 Anomaeos,
2988 4909 3182 4976 illoque
3215 4919 3267 4961 et
3314 4908 3556 4974 sequenti
3607 4922 3792 4961 mense
3837 4920 4035 4964 contra

2438 4979 2557 5030 illos
2586 4976 2750 5030 habet
2779 4978 3036 5031 llomilias
3065 4977 3375 5043 secundam,
3407 4979 3643 5041 tertiam,
3694 4990 3938 5047 quartam
3977 4991 4038 5034 et

2436 5049 2674 5117 quintam
2706 5049 2774 5100 de
2799 5048 3349 5115 lneompreliensibili.

2508 5118 2634 5171 Post
2680 5118 2889 5171 tertiam
2938 5118 3078 5172 dicta
3138 5118 3346 5173 videtur
3391 5117 3616 5172 llomilia
3670 5117 3739 5172 de
3787 5119 4033 5175 Anatha-

2436 5199 2597 5243 niatc.
2632 5189 2692 5243 T.
2718 5189 2757 5241 1.

2511 5261 2636 5315 Post
2664 5260 2903 5328 quintam
2932 5274 3059 5312 vero
3090 5268 3287 5313 secuta:
3314 5258 3562 5312 videntur
3586 5258 3707 5312 dure
3749 5260 3887 5328 alim.
3948 5264 4037 5314 ni-

2437 5329 2628 5383 mirum
2651 5327 2718 5384 de
2749 5329 3166 5398 Nouvulgandis
3192 5330 3413 5383 fratrum
3461 5332 3715 5398 peccatis.
3746 5327 3809 5383 Τ.
3834 5331 3921 5383 Ill.
3974 5342 4033 5385 et

2436 5400 2503 5453 de
2530 5400 2642 5453 Non
2666 5400 3023 5467 deSperando.
3056 5398 3136 5452 Ib.

2436 5470 2727 5597 Ηιυὶςΐλῗί
2758 5470 3064 5525 Decembris
3088 5470 3317 5525 Humilia
3345 5469 3399 5523 in
3425 5469 3481 5524 S.
3500 5469 3889 5541 ’Philogonium
3922 5472 4031 5523 ha-

2476 5559 2486 5593 l
2516 5558 2565 5593 a.
2640 5583 2650 5594 .
2712 5579 2725 5593 .
3766 5574 3781 5579 ι

2476 5541 2650 5594 ila.T.
2688 5543 2725 5593 l.
3766 5574 3781 5579 ι

2509 5612 2605 5667 Die
2632 5611 2777 5667 XXV
2830 5611 3137 5667 Decembris
3182 5611 3362 5666 habita
3410 5610 3637 5666 Humilia
3690 5611 3739 5663 iu
3782 5610 4035 5666 Natalem

2440 5682 2667 5736 Domini.
2694 5683 2758 5736 T.
2791 5682 2851 5737 ιι.

2512 5754 2647 5805 Ante
2676 5755 2834 5808 tinem
2859 5753 2981 5806 anni
3009 5753 3213 5819 ﬁgenda
3243 5752 3467 5807 Humilia
3499 5754 3550 5807 in
3595 5750 3883 5813 abutentes
3938 5756 4035 5807 illo

2442 5825 2679 5891 Apustult
2704 5824 2867 5893 diem,
2898 5823 3014 5877 Sit?
3041 5842 3129 5895 per
3156 5826 3487 5888 occasionem,
3514 5834 3617 5879 ctc.
3652 5823 3712 5876 Ὺ.
3759 5821 3843 5875 lli.
