4276 6316
222 380 327 435 265

548 497 692 550 Anno
714 496 836 554 387.
877 497 1092 549 secando
1121 499 1508 566 presbyteratus.

220 635 264 689 Τ
301 567 480 689 Plu-imo
510 566 599 621 die
626 567 748 619 anni
805 568 906 620 557
957 570 1094 620 dicta
1121 563 1372 620 'lloniilia
1412 568 1462 619 in
1520 563 1802 620 Kalendas.

300 708 391 761 Die
419 707 460 761 11
484 705 724 760 Januarii
749 704 923 758 habita
950 705 1169 759 Humilia
1198 707 1510 759 ldcl.azaro
1529 714 1582 758 et
1611 704 1805 762 Divite;

221 786 346 844 post
367 792 525 844 quam
549 773 744 829 deinde
773 786 953 844 secuta
985 786 1065 830 est
1085 777 1337 841 secunda,
1373 775 1616 828 acetiam
1648 783 1803 826 terna

221 843 415 900 mense
431 845 704 897 Januario.
729 844 792 898 Τ.
816 843 855 896 1.

305 916 395 968 Die
427 915 490 967 VI
512 913 750 970 Januarii
779 914 1141 967 verisimilitcr
1167 916 1304 968 dicta
1336 914 1560 968 Humilia
1594 914 1644 966 in
1672 905 1802 980 Epi-

219 985 498 1053 phaniam.
634 983 696 1053 11.
725 999 786 1037 ac
810 985 1065 1049 postridie
1119 985 1170 1038 in
1219 985 1274 1038 S.
1310 985 1622 1038 Lucianom.
1651 983 1713 1036 T.

300 1053 393 1108 Die
426 1052 591 1108 XXIV
621 1052 854 1107 Januarii
885 1053 1014 1106 dicit
1047 1054 1096 1106 in
1121 1054 1351 1109 Laudem
1374 1053 1430 1108 S.
1463 1053 1719 1122 Bibylae.
1741 1050 1806 1106 τ.

217 1123 291 1247 gl;
323 1139 385 1178 ac
415 1123 573 1192 paqu
594 1132 714 1193 post
755 1125 804 1176 in
836 1123 1043 1177 Iaudem
1071 1124 1410 1180 S..Invcntini
1434 1133 1487 1176 et.
1513 1121 1806 1176 blaximini.

299 1263 425 1317 Post
455 1263 570 1316 illas
596 1262 664 1333 de
692 1263 1015 1333 martyribus
1036 1265 1344 1328 conciones,
1366 1261 1528 1317 habet
1563 1270 1809 1333 quartam

217 1333 508 1389 Hmniliam
527 1333 593 1386 de
611 1332 810 1386 Lazaro
831 1332 883 1386 et
916 1333 1102 1387 Divite.
1129 1333 1193 1387 Τ.
1221 1334 1258 1386 1.
1287 1334 1477 1388 deinde
1495 1342 1672 1386 secuta
1700 1332 1808 1384 Ho-

218 1403 370 1456 milia
397 1401 448 1456 in
481 1402 608 1455 illud
636 1403 895 1470 Apustoli,
921 1402 1000 1457 De
1024 1404 1402 1466 dormientibus,
1432 1413 1537 1456 etc.
1570 1401 1632 1456 Τ.
1661 1401 1698 1454 1.

299 1472 478 1525 Mense
499 1469 1230 1542 FebruarioQbrysostomus
1277 1474 1468 1525 iterum
1519 1474 1811 1526 Anummos

221 1541 551 1610 impugnare
575 1541 779 1610 incipit.
807 1541 968 1596 Dicta)
1002 1554 1125 1595 tunc
1157 1543 1396 1596 Humilia:
1418 1543 1651 1611 quinque
1677 1558 1807 1594 con-

220 1621 309 1666 tra
340 1613 628 1666 Anomteos
655 1612 755 1664 hoc
775 1611 962 1665 ordine
992 1630 1006 1665 :
1041 1615 1210 1679 primo
1237 1613 1484 1680 septima.
1530 1612 1593 1664 Τ.
1645 1611 1684 1662 1.
1728 1626 1810 1663 se-

216 1681 552 1751 cundoaiia.
582 1681 644 1732 'l‘.
679 1680 762 1734 Vl.
799 1689 908 1733 tum
931 1691 1138 1744 octava,
1169 1698 1326 1744 nona,
1357 1693 1409 1735 et
1455 1689 1572 1751 post
1600 1681 1810 1750 aliquas

218 1752 362 1804 forte
389 1749 598 1804 decima
626 1761 812 1804 eontra
841 1752 1151 1804 Anommos.
1187 1751 1247 1804 Τ.
1281 1754 1318 1805 1.

298 1821 446 1874 Inter
475 1820 760 1886 pratdictas
790 1821 962 1873 media
1005 1821 1102 1874 fuit
1144 1821 1369 1876 Humilia
1422 1820 1488 1873 de
1545 1821 1805 1874 Rcsurre-

217 1890 402 1943 ctione
431 1900 786 1943 mortuorum.
813 1889 874 1943 Τ.
909 1890 970 1944 11.
1001 1890 1134 1944 forte
1160 1892 1319 1945 etiam
1352 1891 1578 1945 Humilia
1618 1891 1684 1945 de
1720 1891 1810 1944 Vi-

217 1960 363 2030 dnis.
395 1957 458 2012 τ.
608 1974 794 2015 Iliense
817 1959 1108 2014 Februario
1134 1960 1358 2030 figenda.

296 2028 480 2083 Mense
511 2029 984 2083 Februarioctiam
1011 2028 1232 2099 ﬁgenda:
1266 2031 1488 2086 Humilia
1532 2030 1580 2083 in
1628 2030 1810 2085 Terra:

218 2108 451 2162 motum,
475 2100 690 2164 aliaque
715 2100 849 2153 hanc
874 2117 1139 2169 sequens.
1159 2101 1218 2152 'I‘.
1258 2101 1296 2154 1.

299 2170 436 2241 Ante
460 2169 933 2241 Quadragcsimam
966 2170 1141 2223 habita
1171 2171 1395 2224 Ilomilia
1424 2179 1610 2226 centra
1635 2170 1809 2241 Quar-

219 2238 620 2301 todccimanos,
649 2238 781 2292 alias
820 2241 976 2294 tertia
1006 2251 1191 2294 contra
1243 2241 1458 2297 Jud.cus
1516 2238 1808 2296 nominata.

217 2306 285 2360 Τ.
329 2307 366 2360 l.
391 2309 502 2362 sive
526 2310 666 2362 circa
698 2309 854 2363 linem
887 2310 1186 2366 Februarii.

293 2377 451 2431 Circa
477 2379 634 2432 linem
665 2377 940 2436 Februarii
962 2392 1056 2437 aut
1084 2385 1288 2437 initium
1321 2383 1510 2443 Martii,
1542 2382 1682 2436 dit-ta
1706 2381 1812 2432 Ilo-

217 2448 377 2502 milia
407 2449 458 2500 in
485 2450 570 2502 illa
596 2451 837 2519 Apostoli
865 2453 931 2507 ad
977 2453 1320 2508 Timotheum
1373 2455 1556 2518 verba,
1608 2451 1812 2504 Modic)

216 2519 345 2570 vino
370 2527 527 2577 utere.
553 2531 658 2574 ctc.
689 2519 753 2573 Τ.
787 2520 845 2575 II.
1598 2577 1602 2581 ,

297 2588 452 2661 (lit-ca
473 2591 680 2661 initium
708 2589 877 2644 Martii
932 2602 1117 2645 exorta
1170 2593 1465 2648 Antiochiae
1493 2591 1808 2661 gravissima

221 2659 440 2725 seditio,
497 2660 549 2715 iu
575 2675 678 2730 qua
707 2661 927 2732 deiecta:
960 2671 1087 2717 sunt
1134 2663 1420 2719 Theodosii
1471 2659 1813 2732 Imperatoris

224 2741 420 2785 statua:
429 2768 441 2780 .

302 2799 530 2854 Ilumilia
564 2799 734 2868 prima
759 2808 879 2869 post
909 2801 1051 2856 illam
1091 2801 1443 2869 seditionem,
1491 2811 1676 2856 vocata
1723 2816 1809 2856 se-

225 2869 409 2941 cunila
442 2871 508 2922 de
533 2871 751 2941 Statuis.
782 2870 848 2941 T.
877 2870 938 2923 ll.
969 2871 1110 2926 dicta
1138 2883 1220 2926 est
1242 2875 1424 2941 paucis
1453 2871 1644 2926 diebus
1686 2882 1815 2926 autc

225 2939 739 3007 Quadragesimam;
769 2940 964 2994 deimle
994 2943 1112 2995 alia:
1136 2939 1455 2997 hoc—ordine
1481 2959 1494 2994 :
1532 2941 1806 2994 Dominica

149 3041 154 3050 ι
225 3019 360 3062 ante
390 3009 863 3078 Quadragesimam
891 3025 984 3065 seu
1017 3010 1134 3065 XIV
1169 3013 1359 3077 Martii,
1391 3014 1542 3065 tertia
1567 3011 1813 3074 Humilia;

228 3087 352 3133 tum
378 3090 587 3148 quarta,
608 3080 828 3150 quinta,
861 3089 1033 3148 sexta,
1062 3083 1310 3150 septima,
1343 3091 1550 3145 octava,
1576 3081 1814 3135 decima-

226 3149 456 3217 quinta,
511 3165 607 3204 sex
636 3148 845 3219 diebus
889 3148 1342 3219 consequentibus
1385 3153 1567 3219 prinire
1624 3151 1819 3206 hebdo-

228 3219 428 3272 madw.
483 3217 685 3290 Deinde
707 3219 792 3274 die
819 3222 957 3274 luna:
980 3217 1254 3290 sequentis
1281 3217 1622 3276 hebdomadze
1655 3235 1814 3282 nona,

226 3297 285 3342 et
307 3290 564 3355 postridie
594 3288 822 3351 decima,
874 3299 992 3358 post
1035 3288 1195 3358 quam
1245 3293 1412 3345 nimio
1455 3293 1819 3346 AIIIIOCIII‘IIO'

227 3374 356 3412 rum
393 3367 600 3412 terrore
624 3374 838 3414 cessare
864 3362 1074 3428 cogitur
1101 3360 1350 3415 Sanctus.
1383 3362 1657 3416 Prioribus
1680 3363 1818 3416 illius

227 3428 584 3483 hebdomadm
601 3428 790 3483 diebus
817 3429 953 3483 dicta
980 3430 1296 3484 Catecbesis
1321 3433 1516 3497 prima.
1547 3431 1610 3485 Τ.
1648 3432 1710 3484 11.

305 3499 402 3553 Die
431 3498 599 3552 XXVI
646 3539 661 3563 ,
689 3507 780 3553 aut
804 3499 1017 3553 XXVIII
1042 3501 1214 3556 Martii
1239 3542 1252 3561 .
1280 3501 1457 3556 habita
1480 3509 1563 3556 est
1592 3501 1820 3554 Ilumilia

226 3569 439 3640 decima
465 3577 612 3622 sexta
636 3609 651 3633 ,
681 3569 906 3640 necdum
931 3570 1194 3624 inchoatis
1213 3571 1422 3639 iudiciis
1445 3588 1459 3635 ;
1483 3580 1604 3640 post
1622 3572 1819 3638 judicia

225 3653 363 3710 vero
391 3639 598 3710 decima
629 3640 853 3707 septima
883 3639 1092 3710 ﬁgenda
1126 3650 1209 3694 est
1249 3642 1335 3694 die
1369 3644 1403 3694 ἓ
1437 3639 1528 3695 aut
1566 3643 1599 3695 5
1625 3641 1822 3710 Aprilis

232 3707 358 3778 (uti
395 3719 450 3762 et
485 3707 792 3764 Catecbesis
834 3709 1063 3764 secunda
1086 3709 1125 3779 ).
1166 3710 1228 3779 Τ.
1264 3711 1324 3764 11.
1359 3719 1467 3764 tum
1498 3707 1700 3764 decima
1734 3726 1824 3765 uc-

228 3789 353 3833 tava
379 3819 391 3836 .
421 3779 700 3832 undecima
725 3819 741 3842 ,
780 3778 1093 3834 duodecima
1117 3821 1131 3846 ,
1162 3778 1368 3836 decima
1399 3781 1552 3837 tertia
1577 3823 1591 3848 ,
1629 3796 1821 3836 censeo

225 3849 518 3920 quentibus
544 3848 730 3902 diebus
756 3848 970 3920 habitae.

307 3918 509 3989 Deinde
539 3927 660 3987 post
689 3934 848 3972 unum
887 3919 1074 3974 saltem
1107 3929 1196 3975 aut
1227 3921 1403 3989 plures
1431 3921 1547 3975 dies
1575 3921 1712 3976 dicta
1743 3929 1827 3975 est

227 3986 437 4043 decima
459 3986 666 4057 quarta.
691 3989 840 4042 Circa
871 3989 1196 4045 Dominicam
1219 3986 1520 4045 Palinurum
1541 4003 1636 4053 aut
1658 3992 1708 4044 in
1734 3991 1824 4046 illa

229 4062 347 4126 ipsa
383 4058 651 4112 Dominica
679 4099 693 4122 ,
723 4058 886 4112 XVIII
912 4061 1105 4129 Aprilis
1126 4103 1143 4126 ,
1174 4062 1347 4114 habita
1372 4061 1597 4115 Ilumilia
1618 4062 1822 4116 decima

233 4143 419 4192 nona,
452 4140 569 4196 post
607 4129 850 4182 morbum
897 4129 1098 4185 Sancti.
1149 4131 1346 4184 Deinde
1393 4133 1444 4184 in
1497 4131 1824 4186 bebdomada

227 4207 458 4271 sancta!
489 4198 649 4271 dicta__
673 4199 928 4271 vigesima
953 4241 985 4271 ,Α
1006 4202 1138 4254 alias
1171 4201 1425 4271 vigesima
1466 4202 1721 4256 secunda.
1767 4201 1824 4256 In

230 4268 378 4341 {esto
408 4267 654 4341 Paschali
677 4268 817 4341 ,AXV
847 4269 1042 4341 Aprilis
1067 4311 1090 4341 ,ν
1113 4267 1252 4325 dicta
1281 4271 1532 4335 vigesima
1560 4272 1751 4341 prima.

306 4337 435 4409 Post
456 4336 654 4409 Pascha
679 4336 910 4409 Sanctus
924 4339 1178 4394 llomilias
1195 4343 1445 4409 quasdam
1466 4336 1646 4395 hab-uit
1668 4341 1827 4395 modo

234 4406 480 4478 perditas
499 4423 513 4468 ;
532 4406 738 4478 deinde
759 4423 943 4462 mense
969 4410 1105 4478 Maju
1133 4419 1186 4467 et
1213 4406 1384 4464 'Junio
1431 4411 1726 4465 Sermones
1759 4413 1828 4467 de

231 4475 410 4552 A_i_nizi.
439 4475 500 4528 Τ.
661 4492 730 4552 (ξε
771 4479 959 4552 quibus
998 4475 1282 4552 supersunt
1321 4481 1555 4552 quinque
1579 4521 1593 4536 .
1616 4481 1828 4537 amissis

231 4544 356 4600 aliis
383 4561 502 4599 cum
535 4546 756 4600 llomilia
789 4544 838 4600 in
867 4544 1180 4605 Pentecoste
1206 4544 1367 4604 dicta.

307 4615 462 4668 Circa
506 4616 664 4669 linem
695 4616 835 4670 Junii
860 4658 882 4683 _,
925 4618 1151 4673 Sanctus
1188 4620 1376 4673 morbo
1416 4621 1544 4674 satis
1577 4620 1828 4675 diuturno

231 4693 518 4755 correptus
557 4697 657 4739 est.
699 4687 827 4740 Post.
865 4689 1106 4741 morbum
1154 4705 1283 4744 vero
1315 4689 1455 4744 diota
1497 4690 1720 4744 Humilia
1762 4691 1829 4745 de

235 4757 436 4809 Decem
466 4755 689 4809 millium
719 4756 979 4812 debitore.
1010 4757 1072 4811 Τ.
1102 4758 1188 4811 111.
1219 4768 1328 4812 tum
1354 4767 1460 4813 tres
1482 4759 1601 4813 alia:
1628 4761 1696 4814 de
1725 4761 1827 4814 Da-

235 4825 379 4896 vide.
414 4823 478 4896 Τ.
512 4823 599 4878 IV.
631 4823 748 4896 Non
779 4827 867 4879 diu
896 4828 1217 4896 posthabita
1252 4829 1460 4884 \idctur
1498 4829 1723 4885 Humilia
1762 4831 1830 4885 de

234 4895 534 4950 Dilectione
560 4895 917 4950 inimicorum.
945 4897 1009 4950 Τ.
1040 4897 1126 4952 111.

309 4963 465 5018 Circa
492 4980 731 5018 mensem
769 4966 1065 5035 Augustum
1106 4969 1278 5023 editus
1318 4967 1479 5024 Liber
1509 4981 1695 5025 contra
1734 4971 1831 5026 Iit--

234 5033 389 5158 gaios
423 5041 479 5088 et
515 5036 742 5104 gentiles
779 5033 1207 5107 ad‘probandam
1245 5040 1440 5095 Christi
1475 5039 1828 5097 divinitatem.

323 5171 524 5228 Deinde
551 5188 737 5251 mense
750 5173 1064 5251 Septembri
1089 5185 1143 5232 et
1162 5177 1377 5251 Octobri
1399 5181 1632 5251 apioque
1653 5187 1832 5251 poste-

243 5242 420 5296 riores
448 5252 633 5296 contra
661 5242 876 5298 Judaros
904 5248 1178 5302 orationes
1205 5248 1382 5303 dieue.
1411 5242 1474 5303 Τ.
1504 5249 1543 5304 1.

315 5312 440 5436 lPo'i‘t
461 5313 691 5434 n§edium
712 5313 1000 5370 Octobrem
1032 5317 1210 5372 habita
1235 5318 1462 5374 Humilia
1485 5320 1534 5373 in
1559 5319 1832 5377 Psalmum

241 5398 352 5437 XLI.
386 5398 449 5436 Ἰ.
491 5398 547 5435 ν.

316 5452 396 5531 Ab
431 5451 646 5531 Octobri
685 5452 802 5531 fere
835 5454 989 5531 linito
1037 5458 1312 5531 usquead
1353 5458 1831 5531 Quadragcsimam

241 5523 366 5602 anni
388 5523 660 5604 sequentis
682 5521 815 5578 forte
835 5524 1028 5604 babith
1046 5521 1170 5604 sunt
1193 5521 1434 5583 Homiliit:
1457 5530 1535 5583 ha:
1558 5521 1790 5600 tibiaque
1816 5549 1828 5584 :

241 5593 415 5716 primo
457 5591 525 5647 de
565 5592 938 5664 Eleemusyna.
987 5595 1048 5649 'I'.
1095 5597 1182 5651 III.
1240 5607 1350 5653 tum
1405 5609 1512 5654 tres
1560 5591 1608 5654 HI
1658 5591 1829 5656 locum

267 5662 387 5716 ειυιὶ
416 5702 432 5716 .
469 5661 725 5716 [labentes
750 5665 977 5716 (tandem
1006 5665 1273 5716 Sm‘n’tmn.
1298 5667 1376 5716 Ib-
1401 5685 1462 5716 ne
1490 5671 1701 5716 tlenntm
1733 5673 1829 5716 :iiin

267 5662 432 5744 ‘auli,
469 5661 725 5744 [Iube-lites
750 5661 1273 5744 ettittdennbjpiritnnt.
1298 5667 1376 5744 Ib.
1401 5685 1462 5724 ac
1490 5671 1702 5724 demum
1733 5673 1830 5725 alia

241 5732 436 5854 iutilia
492 5731 641 5854 ΡηἨί
695 5735 898 5801 verba,
957 5731 1163 5792 Utinam
1219 5739 1528 5793 sustinentis
1581 5741 1831 5794 modicum

241 5818 339 5854 atttt
383 5843 393 5854 .
425 5812 525 5854 etc.
615 5821 646 5853 ν.

238 5812 394 5867 qttttl,
425 5812 525 5857 CIC.
567 5812 646 5854 Ib.

904 383 1274 440 GI‘ISTOIWM
1320 379 1879 440 E'l'SCRIPTOltljlll
1922 379 1978 435 S.
2020 377 2296 435 JOANNIS
2333 377 2824 434 CHIIYSOSTOMI.

3409 373 3511 431 965

2562 493 2705 546 .Innu
2735 492 2858 546 588.

2011 566 2163 620 Anno
2211 565 2357 626 588,
2405 565 2492 618 die
2543 563 2682 617 XVII
2741 561 3013 617 Februarii
3069 561 3181 616 sive
3235 559 3509 615 Dominica

1915 644 2040 688 ante
2063 635 2530 702 Quadragesimam
2559 677 2573 696 ,
2616 633 2752 688 dicta
2807 631 3259 702 llomiliaiprima
3293 633 3345 684 in
3399 629 3478 702 Ge

1917 699 2107 757 nesim.
2150 704 2212 757 'I‘.
2272 699 2358 758 IV.
2413 705 2708 770 Sequei.tes
2735 715 2878 757 ‘vero
2923 701 3189 754 continuis
3237 699 3362 770 fere,
3395 699 3486 753 die

1917 773 2015 826 bus
2055 773 2248 827 habit-.e
2274 815 2288 837 ,
2331 769 2557 828 subinde
2599 780 2776 826 tamen
2830 773 3136 838 intermptzc
3185 785 3280 835 per
3323 769 3483 823 Humi

1917 842 2016 895 lias
2055 843 2213 896 modo
2243 844 2494 911 perditas.
2534 844 2605 896 Ita
2652 843 2855 912 priores
2898 841 3108 912 triginta
3142 841 3268 912 dine
3318 855 3512 912 cense-5

1916 925 2142 980 quenter
2184 909 2336 967 dictae
2361 954 2374 973 ,
2414 909 2703 982 ultimaque
2747 928 2812 982 ex
2863 909 2983 982 illis
3011 911 3098 982 die
3129 910 3431 982 Mercurii,
3471 909 3510 982 δι’

1918 977 2116 1050 Aprilis
2143 982 2340 1036 habita.
2372 977 2634 1036 Poswidié
2663 983 2715 1035 in
2744 981 2906 1035 Carna
2937 979 3142 1050 Domini
3174 1020 3186 1042 ,
3219 979 3424 1050 dictum
3451 977 3519 1030 de

1916 1048 2050 1106 Juda
2083 1053 2369 1120 proditore.
2403 1052 2464 1106 Τ.
2497 1052 2557 1106 Il.
2587 1063 2697 1105 tum
2729 1051 2796 1106 de
2821 1050 3010 1104 Cruce.
3039 1048 3120 1102 Ib.
3151 1063 3214 1103 ac
3235 1050 3285 1102 in
3312 1048 3511 1120 festivi-

1920 1130 2025 1174 tate
2048 1119 2279 1187 paschali
2303 1121 2476 1176 habita
2499 1123 2720 1177 llomilia
2745 1132 2927 1175 cuotra
2953 1121 3207 1174 Ebriosus
3234 1119 3510 1185 inscripta.

1918 1195 2000 1245 Ib.
2025 1192 2281 1260 Sequenti
2307 1193 2575 1247 Dominica
2604 1233 2617 1252 ,
2642 1190 2761 1245 XVI
2788 1191 2979 1258 Aprilis
3007 1233 3020 1253 ,
3045 1190 3272 1260 Sanctus
3295 1188 3505 1260 inchoat

1920 1258 2176 1315 Humilias
2197 1263 2434 1330 quinque
2456 1272 2847 1330 tunsequentcr
2877 1262 3080 1314 habitas
3104 1260 3153 1330 in
3181 1258 3506 1330 Principium

1918 1332 2191 1386 Actorum.
2216 1327 2304 1384 Ib.
2339 1327 2538 1386 Deinde
2579 1327 2851 1400 diipntare
2891 1330 3073 1397 incipit
3110 1329 3178 1382 de
3219 1327 3513 1381 Mutationis

1918 1403 2214 1455 nominum.
2250 1400 2329 1459 Ib.
2361 1410 2654 1469 tractatqne
2685 1401 2750 1455 de
2777 1417 2841 1454 eo
2864 1400 3222 1454 verisimiliter
3251 1412 3422 1465 usque
3444 1400 3509 1469 ad

1919 1471 2112 1525 festum
2139 1471 2483 1526 PentecoSIes
2506 1514 2520 1534 ,
2548 1468 2618 1525 ita
2647 1480 2702 1524 nt
2729 1472 2910 1524 ultima
2933 1471 2999 1523 de
3023 1469 3312 1522 Mutationc
3335 1468 3508 1520 numi-

1919 1557 2046 1594 num
2081 1541 2307 1594 Humilia
2337 1542 2574 1595 videatur
2614 1552 2733 1607 post
2776 1541 3126 1596 Pcuteeosten
3157 1538 3319 1591 dicta.
3356 1537 3511 1607 Hisce

1920 1610 2057 1663 forte
2105 1611 2403 1665 intercessit
2453 1606 2679 1664 Ilomilia
2733 1612 2784 1664 in
2841 1610 3220 1664 Ascensiuncm
3278 1606 3508 1660 Domini.

1918 1681 1981 1732 Τ.
2029 1679 2088 1732 II.
2143 1690 2196 1734 et
2233 1681 2398 1734 altera
2450 1683 2500 1735 in
2540 1681 2910 1735 Pentecostcn.
2945 1679 3025 1732 Ib.
3067 1679 3356 1746 ltesumpta
3385 1691 3510 1732 vero

1917 1750 2191 1805 Geneseos
2228 1751 2488 1818 expositio
2531 1752 2671 1806 circa
2718 1752 2930 1806 .Iuninm
2961 1792 2974 1815 ,
3020 1764 3082 1803 ac
3127 1750 3271 1802 linita
3323 1763 3510 1802 menso

1917 1821 2217 1875 Septembri
2247 1831 2332 1874 aut
2362 1820 2595 1875 Octobri.

2015 1889 2148 1943 "orte
2178 1891 2276 1942 sub
2306 1893 2464 1945 linem
2497 1891 2618 1943 anni
2666 1892 2768 1945 588
2816 1890 3009 1943 Ιιίιιιίιιυ
3038 1887 3277 1943 Humilia
3311 1886 3430 1939 dum
3457 1888 3511 1939 in

1918 1959 2047 2014 illud
2080 1960 2319 2030 Apostoli
2346 2002 2358 2024 ,
2395 1961 2624 2014 Salutate
2654 1961 2940 2014 I’riscrllam
2968 1970 3013 2013 et
3042 1960 3296 2028 Aquilam.
3327 1955 3389 2010 T.
3421 1954 3503 2010 111.

2335 2032 2482 2084 Anno
2520 2031 2623 2084 589
2661 2040 2708 2084 et
2746 2032 3083 2097 sequentibus.

1989 2100 2101 2154 Sub
2143 2100 2302 2155 linem
2340 2102 2465 2155 anni
2508 2102 2610 2157 588
2635 2143 2649 2166 ,
2692 2111 2781 2154 attt
2815 2095 3029 2154 initium
3071 2099 3173 2151 589
3197 2141 3213 2165 ,
3247 2095 3512 2168 figendum

1918 2171 2127 2225 initium
2158 2170 2520 2240 Expositionis
2547 2173 2596 2226 in
2624 2172 2904 2226 Joannem.
2945 2172 3006 2224 Τ.
3046 2169 3180 2224 VIII.
3221 2186 3340 2238 qua:
3378 2168 3510 2222 intra

1916 2256 2116 2296 annum
2147 2241 2356 2296 videtur
2385 2242 2551 2295 ﬁnita.

1990 2310 2192 2365 Deinde
2228 2327 2370 2366 anno
2401 2314 2505 2367 589
2544 2323 2634 2365 aut
2666 2313 2772 2368 590
2806 2319 2996 2381 emptas
3027 2310 3272 2381 Humilia:
3294 2309 3344 2361 in
3377 2307 3512 2360 Slat-

1917 2387 2136 2436 meum.
2171 2381 2232 2434 T.
2266 2383 2376 2436 \‘ll.
2407 2383 2771 2452 absolutaeque
2798 2380 2940 2435 anno
2966 2381 3069 2452 590
3097 2390 3189 2452 aut
3217 2380 3341 2452 §9I.

1919 2521 1960 2574 Τ
1990 2452 2146 2574 [Rau
2172 2452 2268 2506 591
2305 2454 2516 2508 videtur
2552 2449 2790 2523 exposita
2839 2451 3075 2522 Epistula
3119 2449 3186 2504 ad
3221 2449 3510 2504 Romanos.

1988 2591 2143 2647 Circa
2197 2608 2398 2646 annum
2449 2593 2553 2648 592
2598 2591 2801 2658 ﬁgenda
2849 2591 3192 2661 probabiliter
3239 2588 3514 2659 Expositio

1919 2661 2195 2732 utriusque
2225 2664 2476 2731 Epistula:
2502 2663 2565 2716 ad
2594 2660 2917 2717 Corinthius.
2948 2663 3010 2715 ’I‘.
3042 2660 3109 2715 Χ.

1991 2733 2074 2786 Ab
2102 2727 2244 2787 anno
2267 2727 2484 2788 circiter
2509 2734 2612 2788 595
2639 2748 2806 2801 usque
2828 2734 2892 2785 ad
2919 2747 3117 2785 annum
3141 2730 3242 2785 597
3261 2727 3515 2801 ridentur

1917 2804 2229 2873 composita:
2267 2797 2737 2873 [interpretationes
2765 2802 3120 2873 Epistolarum
3258 2799 3418 2873 Pauli
3446 2797 3513 2850 ad

1919 2869 2154 2926 Gal-aias.
2182 2873 2246 2942 Τ.
2275 2871 2338 2926 Χ.
2361 2869 2430 2928 ad
2450 2873 2713 2942 Ephesios
2737 2869 2851 2933 ,ad
2881 2872 3249 2942 Philippeos-es
3267 2869 3512 2942 Ltitrins:

1920 2955 2024 3002 one
2062 2943 2126 2995 ad
2166 2938 2515 2995 Tlmotheuni
2534 2985 2547 3007 ,
2591 2941 2656 2995 ad
2696 2943 2871 2996 'I‘itum
2895 2981 2910 3007 ,
2952 2938 3402 2996 etVerisimiliter
3447 2938 3513 2992 ad

1922 3011 2286 3066 Pbilcmuﬂm
2310 3052 2324 3076 ,
2357 3027 2544 3066 omnes
2573 3013 2634 3065 Τ.
2665 3011 2756 3065 XI.

1995 3082 2125 3136 Item
2172 3081 2275 3152 illis
2322 3083 2476 3152 annis
2521 3082 2794 3152 Expositio
2844 3081 3174 3136 I‘salmorum
3218 3077 3517 3151 composita

1923 3150 2172 3219 dictaque
2197 3151 2263 3223 ad
2289 3151 2563 3223 populum.
2598 3150 2659 3204 Τ.
2693 3151 2756 3204 V.

1994 3225 2152 3276 Anno
2181 3219 2656 3292 59Tprobabiliter
2685 3223 2860 3292 tigitur
2883 3220 3252 3292 Interpretatio
3279 3219 3514 3292 priorum

1923 3292 2125 3362 aliquot
2150 3289 2380 3360 capitum
2414 3293 2560 3346 Isaiae
2583 3332 2597 3358 ,
2628 3289 2768 3362 quod
2799 3292 3041 3346 ultimum
3069 3291 3276 3345 videtur
3306 3305 3440 3360 opus
3462 3289 3516 3343 in

1926 3363 2314 3433 presbyteratu.
2345 3363 2407 3417 Τ.
2444 3362 2526 3433 VI.

2208 3498 2210 3501 _
2482 3432 2680 3486 Incerto
2719 3441 2956 3501 (corpore.

2001 3498 2267 3564 Tempore
2322 3501 2714 3568 pradicationis
2756 3497 3100 3556 Antiocbcntn
3126 3542 3139 3565 ,
3186 3500 3235 3554 id
3275 3507 3357 3553 est
3383 3541 3396 3560 ,
3449 3497 3518 3550 ab

1927 3571 2078 3626 initio
2117 3572 2227 3626 fere
2265 3573 2387 3626 anni
2432 3573 2536 3627 586
2579 3587 2746 3641 usque
2787 3572 2856 3626 ad
2891 3572 3213 3640 posteriores
3251 3569 3376 3641 anni
3415 3570 3517 3641 597

1929 3657 2143 3696 menses
2169 3685 2183 3706 ,
2212 3651 2268 3696 et
2297 3643 2526 3696 Itiaxime
2560 3639 2773 3711 quidem
2812 3639 2966 3696 annis
2997 3641 3206 3711 duobus
3253 3639 3516 3711 prioribus

1929 3711 2122 3766 habitm
2141 3711 2389 3766 videntur
2409 3708 2694 3780 sequentes
2719 3711 2958 3765 Homilim
2979 3751 2994 3773 ,
3021 3709 3267 3764 videlicet
3291 3708 3517 3780 Humilia

1875 3798 1884 3806 ·
1928 3781 1996 3835 de
2025 3783 2350 3847 reprehenso
2377 3777 2553 3835 Petro.
2579 3782 2638 3835 Τ.
2672 3781 2758 3835 lll.
2790 3780 3031 3834 Humilia:
3053 3789 3254 3844 septem
3275 3777 3345 3832 de
3376 3778 3517 3832 Lau-

1928 3851 2084 3904 dibus
2113 3852 2170 3906 S.
2204 3852 2372 3906 Pauli.
2405 3850 2468 3906 Τ.
2501 3851 2563 3904 ll.
2593 3851 2834 3905 Humilia!
2863 3865 3052 3905 novem
3079 3849 3148 3903 de
3179 3848 3516 3902 Pmnitentia.

1929 3921 1991 3990 Τ.
2018 3921 2078 3977 II.
2106 3923 2294 3990 majori
2316 3937 2378 3976 ex
2402 3935 2552 3990 parte
2575 3921 2804 3976 Ilomilia
2824 3919 2892 3975 de
2916 3919 3237 3990 Ctemeteriu
3259 3928 3313 3972 et
3331 3932 3513 3990 cruce.

1930 3989 2013 4045 Ib.
2046 3987 2205 4059 quani
2233 3993 2370 4045 intra
2397 3987 2514 4046 dies
2557 3992 2741 4060 viginti
2786 3999 2964 4045 secuta
3005 3997 3090 4044 est
3128 3989 3292 4043 altera
3324 3987 3391 4060 de
3421 3987 3518 4060 SS.

1931 4057 2253 4133 Martyribus
2281 4061 2537 4133 Hernico,
2570 4057 2839 4133 Drusdoce
2872 4071 2927 4133 et
2957 4060 3274 4133 _Domninah;
3321 4059 3422 4112 alia
3440 4057 3522 4133 de

1933 4126 2085 4184 hisce
2108 4133 2449 4201 martyribus.
2483 4131 2563 4185 Ib.
2590 4131 2833 4201 Homilize
2853 4131 2920 4185 de
2947 4129 3082 4183 Jnda
3111 4128 3399 4201 proditore.
3430 4126 3515 4201 Ib.

1931 4201 1998 4255 de
2023 4202 2192 4256 Cruce
2217 4196 2272 4256 ei
2300 4202 2549 4256 Latrone.
2594 4200 2675 4254 Ib.
2705 4202 2772 4256 de
2807 4202 3151 4255 Ascensione.
3185 4196 3266 4252 Ib.
3296 4197 3518 4252 Gemina

1931 4271 1999 4324 de
2030 4270 2362 4327 Pentectiste.
2399 4272 2480 4325 Ib.
2509 4283 2591 4327 est
2619 4272 2718 4326 loci
2752 4267 2957 4326 incerti.
3010 4269 3251 4322 Humilia:
3290 4283 3522 4338 panegy-

1934 4341 2058 4394 rice
2085 4385 2100 4403 ,
2129 4343 2333 4396 incerto
2364 4351 2605 4411 tempore
2633 4342 2930 4411 Antiochia:
2957 4340 3150 4411 habita:
3175 4380 3188 4400 ,
3219 4339 3427 4411 genuina
3456 4338 3524 4411 de

1933 4412 1989 4481 S.
2025 4411 2234 4481 Pelagia
2260 4453 2275 4477 ,
2307 4412 2375 4466 de
2415 4406 2744 4481 lgnatio,
2783 4409 2853 4464 de
2892 4412 2948 4464 S.
2998 4406 3314 4481 Eustatbio,
3357 4406 3521 4481 dels.

1935 4475 2179 4538 Romanu
2201 4475 2432 4551 gemina.
2461 4475 2554 4534 Ib.‘
2576 4481 2802 4535 llomilia
2830 4481 2882 4532 in
2908 4479 3066 4551 verba
3092 4478 3342 4551 Ieremia:
3365 4517 3381 4542 ,
3412 4475 3525 4551 Do-

1935 4553 2102 4614 mine,
2134 4545 2233 4604 non
2263 4552 2414 4604 estin
2451 4553 2689 4616 homine,
2734 4561 2838 4605 etc.
2881 4551 2944 4604 Τ.
2992 4549 3074 4602 Vl.
3122 4548 3363 4602 Homiliae
3404 4545 3525 4600 dua:

1934 4620 2002 4676 de
2017 4622 2325 4675 Macettba'is
2365 4633 2558 4690 [II‘tlBlCP
2593 4623 2749 4674 aliam
2771 4619 3005 4674 dubiam.
3031 4618 3092 4672 T.
3117 4618 3179 4673 II.
3206 4617 3430 4690 Humilia
3459 4619 3528 4670 de.

1935 4693 2135 4745 sanctis
2155 4691 2492 4761 Martyribns.
2520 4690 2601 4744 Ib.
2627 4691 2772 4745 Hanc
2797 4699 2978 4744 secuta
2999 4700 3084 4761 est
3105 4729 3120 4754 ,
3150 4704 3268 4761 utne
3293 4689 3477 4761 probat
3508 4727 3524 4749 ,

1936 4775 2044 4816 non
2070 4777 2188 4816 esse
2215 4757 2530 4830 ad'gratiam
2554 4761 3000 4817 concionanduni.
3035 4758 3118 4812 Ib.
3137 4759 3278 4830 ‘Ali_:e
3299 4757 3366 4830 de
3387 4757 3527 4810 Mar-

1938 4833 2142 4901 tyt'ibus
2166 4874 2180 4896 ,
2213 4833 2278 4885 dc
2305 4827 2361 4885 S.
2391 4831 2599 4885 Juliauu
2621 4832 2970 4901 Anazarbeno
2986 4871 3005 4901 ρ
3037 4831 3104 4883 de
3129 4827 3187 4884 S.
3217 4827 3524 4901 Barlaamo.

1936 4899 2020 4955 Ib.
2053 4901 2278 4955 Ilomilia
2313 4902 2363 4954 in
2397 4901 2572 4955 locum
2615 4900 2853 4969 Apostoli
2881 4941 2896 4966 ,
2946 4899 3084 4954 Nolo
3127 4915 3220 4969 tios,
3241 4899 3484 4969 ignorare
3512 4938 3524 4959 ,

1937 4975 2140 5042 fartres.
2162 4971 2231 5042 7T.
2263 4972 2346 5025 111.
2379 4971 2603 5042 Humilia
2635 4967 2790 5042 σεδ.
2813 4970 3048 5042 Druside
3072 5011 3086 5032 ,
3113 4967 3180 5022 de
3195 4967 3528 5042 ilartyrilitis

1935 5037 2222 5111 Egyptiis.
2254 5042 2316 5096 Τ.
2349 5041 2409 5094 11.
2453 5052 2508 5096 et
2550 5043 2653 5111 alia
2697 5041 2764 5094 de
2810 5040 3148 5111 Martyribus.
3185 5037 3266 5111 Ib.
3295 5037 3521 5111 Humilia

1940 5107 2273 5180 poéti'l'errm
2311 5123 2531 5164 motum.
2569 5110 2650 5164 Ib.
2678 5111 2776 5164 loci
2812 5107 2983 5178 magis
3019 5107 3244 5180 incerti,
3273 5123 3337 5180 ac
3364 5107 3526 5159 variae

1937 5177 2221 5234 admodum
2251 5182 2463 5245 dubi-az;
2492 5182 2674 5236 Oratio
2704 5183 2758 5235 in
2787 5177 2996 5235 laudem
3032 5178 3249 5234 Diodori
3296 5177 3526 5232 Tarsen-

1937 5253 2014 5305 sis
2041 5252 2200 5306 dit-ta.
2234 5251 2294 5305 'I‘.
2325 5253 2410 5306 111.

2190 5322 2341 5393 Gesta
2379 5330 2423 5374 et
2459 5322 2738 5393 scriptain
2777 5321 3071 5393 episcopatu
3095 5359 3109 5384 ,
3151 5317 3277 5393 598.

2010 5391 2215 5446 Mortuo
2259 5392 2502 5446 Nectariu
2528 5387 2847 5461 {epist-opu
2891 5387 3481 5461 constantinopolitano
3511 5428 3524 5449 ,

1939 5461 2356 5532 Chrysostomus
2379 5504 2392 5525 ,
2433 5463 2570 5518 clam
2603 5456 2882 5515 Iintiocltia
2912 5459 3137 5513 eductus
3161 5498 3175 5518 ,
3216 5456 3532 5532 perductus-

1938 5529 2584 5601 (μεθ’(ζοιιειειιιιίιιίιιιοιίω
2608 5572 2624 5599 ,
2655 5532 2851 5585 ibidem
2881 5539 3225 5585 consecratur
3247 5529 3531 5596 episcOpns

1947 5600 2114 5655 XXVI
2149 5600 2432 5657 Februarii
2449 5604 2573 5656 anni
2601 5604 2724 5656 598.

2015 5672 2131 5725 Mox
2185 5674 2409 5741 Sanctus
2460 5671 2914 5742 Constantinopoli
2970 5678 3154 5742 contra
3212 5668 3529 5742 Inrrcticos,

1941 5744 2238 5812 praesertim
2279 5739 2463 5796 contra
2499 5739 3197 5812 Anommos'concionattu.
3249 5741 3312 5790 .-\t
3360 5739 3531 5807 p:ima

1946 5811 2171 5866 Humilia
2206 5813 2428 5881 perdita.
2463 5811 2705 5867 Secunda
2747 5828 2874 5867 vero
2916 5819 2970 5867 et
3012 5811 3165 5865 tertia
3217 5819 3339 5865 sunt
3366 5848 3380 5875 ,
3413 5824 3533 5865 mu:
