4276 6316
722 356 826 415 367

722 485 869 530 toruo
898 476 1071 542 primo
1099 474 1456 533 inscribuntur
1483 477 1552 532 XI
1585 487 1636 531 et
1662 477 1754 531 Xli
1781 486 1964 530 contra
1999 478 2307 528 Anniumos.

720 543 1273 618 SecutaMcstliomilia
1304 548 1355 600 in
1387 548 1737 618 Paralytieum
1773 562 1865 618 per
1888 555 2082 618 tectum
2115 545 2314 618 demis-

721 631 860 687 sum.
908 614 971 687 Τ.
1007 617 1110 687 _ltl.
1157 629 1265 670 tum
1326 618 1482 686 paulo
1532 614 1704 672 serius
1743 614 1893 687 alia.__
1926 615 2020 687 Ib.
2054 617 2116 687 tu
2151 615 2312 668 verba

720 685 920 757 tilla-iiii
951 702 964 738 :
997 684 1151 757 Pater
1176 728 1190 747 ,
1228 689 1271 740 si
1304 684 1541 757 possibile
1568 699 1638 740 est
1664 728 1679 748 ,
1717 695 1821 738 etc.
1855 684 2155 757 Verisimile
2190 693 2269 737 est
2297 724 2310 745 ,

723 755 974 809 Sanctum
1008 755 1203 810 deinde
1243 754 1430 812 eodem
1470 772 1608 809 anno
1645 767 1931 824 a'grotasse
1955 796 1970 815 ,
2011 754 2313 824 dictamque

725 834 842 891 post
885 824 1130 878 morbum
1176 827 1454 880 ilomiliam
1494 826 1544 880 in
1589 823 1746 879 verba
1790 825 2026 889 Apostoii
2053 866 2066 890 ,
2112 823 2314 878 Scimus

720 895 959 963 quoniam
990 896 1310 966 diligentibus
1338 897 1500 950 Deum
1527 939 1542 961 ,
1573 905 1675 950 etc.
1709 895 1770 948 Τ.
1803 893 1885 947 Ill.

795 967 950 1017 Auno
981 962 1103 1020 598⁷
1123 966 1246 1021 item
1276 967 1570 1034 composita
1604 966 1850 1020 videntur
1883 963 1988 1018 duo
2019 962 2309 1034 opuscula,

725 1034 954 1099 primum
983 1046 1165 1090 contra
1197 1032 1464 1100 Clericos,
1510 1037 1596 1096 qui
1627 1051 1747 1090 cum
1780 1035 2068 1103 virginibus
2095 1032 2314 1086 cubabi-

728 1113 841 1176 tant
861 1105 1139 1176 [alterum
1182 1115 1367 1161 contra
1411 1107 1699 1176 [legularcs
1749 1104 1972 1159 feminas
1999 1145 2012 1169 ,
2043 1118 2161 1171 qua:
2189 1117 2311 1156 cum

731 1174 858 1227 \iris
890 1173 1149 1230 habitant.
1178 1177 1240 1230 T.
1271 1177 1306 1229 Ι.

799 1243 1000 1314 Eodem
1025 1259 1164 1300 anno
1185 1247 1409 1300 Sanctus
1428 1250 1577 1313 juvat
1595 1243 1651 1299 S.
1676 1245 2029 1314 Porphyrium
2057 1241 2122 1296 ad
2147 1242 2312 1314 impe-

731 1313 976 1368 trandum
1001 1315 1210 1369 Arcadii
1235 1316 1466 1370 edictum
1493 1357 1507 1381 ,
1535 1330 1641 1383 quo
1666 1313 1864 1382 templa
1885 1313 2142 1366 idolorum
2170 1313 2315 1363 t'ltttt-

725 1384 923 1437 duntur
949 1383 1106 1440 Gaza!
1139 1387 1189 1438 in
1221 1385 1523 1439 Palaestina.
1559 1385 1756 1438 Eodem
1784 1383 2144 1437 verisimiliter
2174 1399 2314 1434 anno

726 1453 1034 1508 Flavianum
1085 1455 1474 1510 Antiochenum
1519 1470 1639 1510 cum
1693 1453 1932 1508 Ecclesia
1979 1453 2216 1506 Romana
2260 1461 2316 1505 et

728 1523 1090 1579 Alexandrina
1119 1525 1386 1579 conciliat.

801 1592 1001 1649 Eodem
1029 1603 1119 1648 aut
1149 1597 1392 1663 sequenti
1417 1611 1558 1649 anno
1587 1595 1854 1649 translatzr
1884 1593 2196 1646 solemnitcr
2225 1608 2314 1663 rc-

728 1663 905 1732 liquize
934 1663 998 1717 ad
1024 1662 1308 1719 ecclesiam
1340 1666 1696 1720 suburbanam
1722 1708 1732 1725 ,
1767 1665 2049 1717 assistcnte
2079 1662 2312 1716 Eudovia

727 1733 1069 1803 imperati-ire
1095 1774 1111 1798 ,
1155 1744 1208 1788 et
1251 1736 1316 1789 ad
1356 1737 1745 1788 solemnitatem
1777 1733 2034 1803 postridie
2062 1733 2312 1803 veniente

726 1802 1076 1870 Imperatore.
1127 1805 1291 1859 Dicta:
1336 1804 1435 1859 hac
1474 1805 1753 1858 occasione
1781 1802 1996 1870 aliquot
2043 1802 2312 1862 honiiiizn,

723 1871 972 1928 Videlicet
991 1873 1059 1928 de
1083 1873 1140 1928 S.
1171 1875 1346 1930 Phoca
1371 1886 1620 1940 martyre.
1646 1873 1708 1926 Τ.
1738 1872 1801 1926 ll.
1830 1881 1878 1925 et
1910 1887 1976 1925 ex
2003 1888 2171 1940 nuper
2195 1871 2313 1925 edi-

727 1945 797 1996 tis
823 1943 963 2011 apud
994 1943 1448 2000 Montfaueonum.
1481 1941 1544 1999 Τ.
1574 1943 1669 1998 Xli
1698 1941 1926 1996 secunda
1954 1951 2006 1995 et
2031 1943 2204 1994 tertia.

801 2015 954 2083 Anno
978 2015 1102 2068 item
1126 2015 1248 2079 598,
1276 2025 1515 2083 tempore
1540 2014 1743 2074 acStivo,
1761 2021 1932 2080 empta
1962 2011 2181 2066 rebellio
2199 2011 2318 2065 Tri-

727 2080 909 2150 bigildi
931 2095 1114 2138 contra
1138 2080 1444 2150 Arcadium,
1468 2099 1635 2151 eaque
1659 2085 1962 2137 continuata
1994 2097 2134 2135 anno
2163 2097 2278 2150 seq.

798 2152 912 2222 Sub,
937 2152 1096 2208 linem
1127 2155 1248 2207 anui
1273 2155 1378 2209 598
1405 2197 1417 2217 ,
1442 2168 1524 2206 aut
1559 2154 1763 2220 initium
1787 2152 1910 2222 599,
1934 2160 2106 2222 empta
2135 2152 2317 2221 Expo-

725 2221 850 2276 sitio
879 2221 1128 2292 Epistula:
1153 2223 1220 2279 ad
1247 2223 1614 2279 Colosscnses.
1641 2222 1704 2276 T.
1739 2221 1829 2276 XI.

1370 2317 1516 2368 Anno
1555 2313 1680 2368 599.

802 2384 958 2437 Anno
1000 2384 1142 2450 39‘),
1193 2400 1378 2439 mense
1416 2384 1707 2448 Januario,
1760 2382 2049 2448 Eutroliius
2087 2381 2313 2445 consul,

728 2453 876 2508 omni
914 2453 1170 2523 dignitate
1205 2457 1426 2510 orbatus
1472 2463 1526 2508 et
1571 2454 1873 2522 relegatus,
1922 2453 1985 2506 ad
2034 2453 2316 2506 ecclesiam

730 2523 899 2594 fugit;
947 2540 1053 2594 quo
1101 2535 1340 2594 tempore
1385 2526 1561 2579 habita
1607 2523 1830 2578 lloiiiilia
1878 2523 1929 2576 in
1983 2523 2313 2594 Eutropium.

729 2589 911 2646 'l‘flil.
940 2589 1068 2649 Post
1093 2589 1290 2664 aliquot
1311 2596 1427 2649 dies
1454 2637 1468 2657 ,
1497 2596 1582 2647 ubi
1614 2595 1898 2661 Eutropius
1922 2589 2202 2664 ecclesiam
2233 2609 2319 2664 re.

730 2663 957 2734 liquerat
979 2706 993 2729 ,
1018 2659 1194 2734 eaque
1215 2667 1498 2734 occasione
1527 2675 1712 2734 captus
1740 2659 1854 2717 erat
1878 2704 1892 2728 ,
1919 2663 2058 2716 dicta
2092 2659 2317 2715 Humilia

729 2733 977 2803 deicapto
1010 2733 1283 2803 Eutropio.
1316 2733 1401 2787 Ib.

803 2801 981 2857 Mense
1028 2801 1318 2859 Februario
1364 2805 1537 2857 habita
1567 2813 1646 2858 est
1695 2801 1916 2856 liomilia
1949 2802 1966 2856 l
1994 2817 2057 2856 ex
2087 2811 2210 2856 ante
2239 2802 2317 2854 iu-

729 2872 888 2926 editis
904 2873 965 2927 Τ.
981 2872 1096 2930 XII.
1114 2876 1314 2929 "abitat:
1332 2876 1520 2928 eodem
1550 2874 1906 2927 verisimilitcr
1927 2887 2071 2925 anno
2095 2883 2281 2940 quarta
2299 2913 2314 2938 ,

730 2944 958 3014 quinta.
986 2954 1134 2998 sexta
1159 2987 1173 3010 ,
1207 2946 1432 3014 septima
1463 2954 1516 2999 et
1545 2957 1752 3014 octava.
1789 2943 1842 2995 In
1889 2941 2146 3014 Paschate
2189 2959 2317 3014 vero

728 3012 869 3066 dicta
900 3013 1123 3069 ilomilia
1151 3012 1332 3070 contra
1364 3015 1540 3068 Ludos
1566 3023 1619 3069 et
1643 3013 1895 3067 Theatra.
1930 3013 1990 3065 Τ.
2009 3012 2096 3065 VI.
2120 3012 2316 3067 Deinde

727 3097 794 3135 ex
825 3083 1036 3138 ineditis
1057 3100 1196 3139 nona
1217 3127 1231 3151 ,
1256 3100 1317 3138 ac
1333 3086 1688 3138 verisimiliti-r
1709 3083 1911 3136 decima
1935 3095 1987 3135 et
2013 3083 2312 3136 undecima.

732 3151 935 3225 Eodem
963 3170 1103 3208 anno
1125 3171 1305 3210 coram
1327 3155 1710 3225 Chrysostomo
1736 3166 2013 3206 accusatus
2040 3165 2120 3206 est
2148 3154 2317 3206 Anto-

730 3223 890 3276 ninus
919 3225 1201 3293 episcopus
1227 3223 1550 3294 Ephesinus.

802 3291 965 3348 Anno
1003 3291 1190 3349 eodem
1216 3336 1232 3359 ,
1279 3291 1470 3349 mense
1519 3292 1662 3347 Julio
1687 3335 1698 3356 ,
1743 3293 1937 3348 Gainas
1964 3333 1977 3350 .
2021 3291 2315 3346 Gothorum

729 3362 835 3433 dux
865 3405 880 3425 ,
912 3374 1096 3433 aperte
1125 3375 1308 3418 contra
1340 3364 1625 3419 Arcadium
1658 3363 1916 3416 rebellare
1946 3362 2147 3433 incipit.
2181 3365 2316 3416 Ante

731 3431 908 3504 ipsius
951 3431 1337 3504 rebellionem
1381 3436 1821 3504 Clll‘ySOSlomlﬂr
1861 3432 2179 3504 impedivit,
2247 3448 2316 3486 ne

732 3501 915 3571 Ariani
944 3505 1227 3558 ecclesiam
1259 3501 1518 3557 haberent
1553 3503 2032 3571 Constantinopoli.
2069 3502 2193 3556 P051
2233 3520 2316 3554 re-

729 3569 1017 3642 beiiiouem
1041 3573 1107 3628 ad
1136 3573 1358 3629 Gainam
1393 3574 1598 3642 legatus
1641 3569 1925 3642 prol'ecmsi
1944 3581 2022 3625 est
2049 3573 2276 3626 Sanctus
2301 3613 2314 3636 ,

728 3655 795 3694 ac
821 3641 1164 3696 Saturninum
1209 3654 1260 3696 et
1305 3641 1646 3697 Aurelianum
1687 3643 1877 3696 exsilio
1917 3641 2161 3694 liberavit
2187 3683 2200 3702 ,
2233 3658 2316 3694 rc-

729 3711 944 3779 duane
981 3713 1263 3766 liomiliam
1310 3713 1494 3767 habuit
1533 3712 1608 3768 de
1636 3711 1906 3766 Saturnini
1950 3721 2002 3765 ct
2045 3712 2316 3766 Aureliani

731 3777 1067 3835 liberatione.
1100 3783 1161 3836 T.
1199 3784 1286 3836 Ill.

804 3851 944 3921 Ante
982 3853 1287 3920 praedictam
1323 3853 1644 3921 legationem
1672 3851 1846 3904 habita
1875 3850 2081 3921 videtur
2107 3851 2316 3919 gemina

733 3917 961 3974 llomilia
982 3917 1059 3975 'de
1090 3921 1334 3976 Vanitate
1355 3917 1657 3976 divitiarum
1682 3924 1732 3973 in
1761 3921 1911 3984 illud,
1948 3920 2030 3973 Ne
2054 3917 2280 3975 timueris
2299 3963 2313 3986 ,

732 4005 848 4044 cum
872 3991 1009 4046 dius
1036 3996 1202 4061 factus
1230 3993 1377 4063 fuerit
1405 3993 1553 4044 homo
1575 4033 1587 4054 ,
1619 4002 1722 4044 etc.
1755 3991 1817 4044 T.
1850 3991 1908 4042 V.

1009 4083 1156 4136 Anno
1193 4085 1296 4139 400
1320 4126 1333 4149 ,
1377 4095 1422 4137 et
1460 4083 1656 4136 duobus
1693 4083 2028 4152 sequentibus.

805 4176 959 4229 Anno
989 4174 1093 4229 400
1122 4176 1265 4229 circa
1299 4174 1643 4228 Felmuarium
1675 4185 1764 4228 aut
1803 4175 2045 4227 Martium
2092 4174 2318 4230 Sanctus

732 4246 1087 4313 proﬁciscitur
1104 4247 1153 4297 in
1176 4246 1353 4297 Asiam
1380 4286 1395 4310 ,
1415 4244 1521 4314 ibiq
1542 4260 1591 4297 ιο
1619 4246 1669 4314 in
1691 4244 1918 4297 concilio
1944 4245 2314 4314 epise0porum

732 4314 1064 4383 septuaginta
1098 4314 1428 4368 Heraclidem
1463 4313 1706 4384 Ephesiis
1735 4314 1940 4384 ordinat
1972 4313 2316 4383 episcopum;

731 4384 926 4438 deinde
957 4385 1130 4439 varios
1159 4384 1378 4454 deponit
1404 4383 1685 4453 epi5c0pos
1709 4425 1724 4446 ,
1756 4383 2090 4444 Simimiacos
2112 4423 2128 4446 ,
2151 4385 2322 4451 Quar-

733 4455 1096 4509 tudecimauos
1120 4495 1134 4515 .
1167 4453 1489 4509 Novatianus
1515 4495 1530 4517 ,
1558 4463 1715 4523 atque
1743 4455 1924 4507 testivo
1962 4464 2200 4521 tempore
2230 4471 2318 4508 re-

729 4523 810 4578 dit
861 4523 1400 4594 Constantinopolim.
1465 4523 1641 4577 Prima
1705 4523 1886 4594 Sancti
1937 4523 2152 4578 humilia
2201 4536 2320 4594 post

731 4594 984 4649 reditum.
1033 4595 1097 4649 Τ.
1149 4593 1235 4648 lii.
1291 4595 1468 4650 statim
1527 4595 1724 4647 habita.
1768 4593 1899 4646 Tum
1929 4593 2317 4658 controversia

731 4666 902 4719 oritur
929 4666 1066 4719 inter
1095 4665 1347 4720 Sanctum
1378 4677 1430 4722 et
1455 4664 1802 4718 Severianum
1846 4662 2163 4718 Cabaiorum
2199 4667 2317 4722 eoi-

731 4749 994 4804 scopum,
1027 4737 1116 4804 qui
1138 4737 1206 4789 ob
1230 4735 1511 4790 tumultum
1541 4736 1720 4804 populi
1749 4733 1933 4804 fugere
1954 4735 2179 4804 cogitur.
2213 4733 2319 4792 Ve.

732 4803 852 4876 nim
872 4844 887 4868 ,
921 4803 1136 4876 petente
1168 4807 1394 4860 Arcadio
1420 4849 1436 4872 ,
1463 4803 1882 4876 Chrysostomus
1911 4803 2202 4876 Severiano
2228 4805 2320 4860 be-

732 4874 950 4948 nignum
982 4891 1050 4948 sei
1069 4886 1328 4948 pra‘stai,
1360 4874 1591 4946 eumque
1621 4875 1768 4930 brevi
1800 4874 2040 4927 oratione
2068 4888 2188 4927 eum
2225 4890 2318 4945 po-

730 4946 860 5012 pqu
885 4946 1145 5000 conciliat.
1178 4947 1238 4999 Τ.
1274 4947 1360 5000 ΙΙΙ.

804 5013 959 5069 Anno
1012 5016 1149 5084 item
1191 5018 1334 5075 400.
1396 5015 1754 5069 verisimilitcr
1801 5013 2317 5084 expoisitaiutraque

730 5082 968 5151 Epistula
997 5083 1054 5139 S.
1088 5086 1230 5139 Pauli
1262 5088 1326 5139 ad
1354 5082 1884 5140 Thessalonicenscs.
1911 5083 1973 5137 T.
2008 5083 2099 5138 XI.
2127 5095 2179 5138 et
2200 5082 2321 5154 par-

729 5156 824 5210 tim
853 5155 1042 5209 saltem
1076 5165 1195 5224 post
1225 5157 1326 5209 iter
1355 5158 1663 5210 Asiaticum.

803 5227 960 5278 Anno
989 5226 1087 5280 401
1121 5241 1304 5280 mense
1326 5225 1652 5287 Februario,
1677 5223 1734 5279 S.
1760 5223 2086 5293 Porphyrius
2116 5223 2319 5278 Gazcn-

731 5295 806 5349 sis
855 5296 1001 5350 venit
1057 5295 1610 5364 Constantinopolim,
1652 5296 1969 5365 juvaturque
2009 5311 2035 5345 a
2081 5295 2319 5365 Chryso-

730 5373 907 5419 stomo
959 5365 1024 5419 ad
1063 5366 1408 5419 obtinendum
1450 5368 1680 5420 edictum
1719 5364 2062 5434 imperatoris
2108 5366 2172 5419 ad
2198 5364 2318 5420 idc-

730 5435 983 5505 struenda
1001 5435 1158 5490 Gaza:
1191 5438 1385 5505 templa
1418 5436 1704 5489 idolorum.
1727 5436 1961 5490 Eudoxia
1990 5450 2054 5488 eo
2081 5445 2320 5505 tempore

731 5503 865 5576 iraia
895 5516 1008 5561 erat
1037 5503 1441 5576 Chrysostomo.

804 5572 1006 5646 Eodem
1032 5572 1174 5629 anno
1219 5576 1551 5630 inPascbate
1595 5575 1838 5630 inchoata
1907 5586 1990 5629 est
2045 5575 2319 5646 prositio

730 5643 848 5699 libri
878 5647 1153 5702 Actorum.
1187 5646 1246 5699 T.
1278 5645 1367 5700 lX.

800 5715 951 5790 Circa
983 5732 1178 5790 annum
1207 5717 1752 5790 igﬂitlltrysostomus
1782 5717 1997 5786 exponit
2031 5716 2317 5788 Epistulam

727 5788 794 5841 ad
832 5787 1104 5843 Ilcbrteus.
1138 5787 1198 5840 Τ.
1235 5787 1346 5842 XII.

1815 359 2253 418 COMPENDIUM
2290 360 2862 422 CHRONOLOGICL’M

3916 355 4026 412 2‘58

2859 476 3064 546 Scripta
3098 473 3280 526 incerti
3307 472 3570 542 temporis.

2493 545 2737 601 llomilim
2767 544 3136 616 aliquotaan
3159 550 3359 602 incerto
3381 550 3471 602 sed
3504 554 3628 598 ante
3657 544 3889 616 primum,
3919 559 4017 598 ex-

2424 615 2637 684 silium,
2665 615 3122 684 Constantinopoli
3169 619 3390 680 habitat,
3423 617 3669 668 nimirum
3703 615 3928 668 liomilia
3967 618 4020 666 in

2421 685 2619 757 dictum
2656 687 2791 741 istud
2822 689 3046 757 apostoli
3070 730 3082 748 ,
3120 688 3178 742 Si
3210 690 3438 742 esuriem
3468 687 3705 738 inimicus
3731 695 3923 757 tu_ns_,_i
3946 692 4018 734 te.

2421 754 2588 826 T.Ill.
2609 757 2830 810 llomilia
2860 753 2930 810 de
2955 759 3235 826 Seraphim
3268 759 3436 826 prima
3463 765 3514 808 ct
3539 753 3934 826 (μιλι-ιιῃΤηΥΙτ
3960 768 4025 806 ac

2423 835 2533 880 tres
2563 825 2792 880 humilia:
2825 828 3052 881 invicem
3085 824 3279 880 Secuto
3308 827 3374 879 de
3401 825 3610 895 Nuptiis
3635 834 3690 878 et
3715 824 3993 895 Coniugio.

2498 896 2740 950 Humilia:
2764 898 2903 960 alim,
2932 898 2997 950 de
3018 898 3210 966 quibus
3240 913 3342 949 non
3369 894 3600 966 constat,
3630 894 4025 966 utrum_Attti_o-

2422 963 2558 1036 ehiae
2581 981 2646 1019 an
2670 963 3130 1036 Constantinopoli
3163 969 3266 1020 sint
3292 966 3478 1028 dictze;
3511 964 3759 1036 videlicet
3791 963 4025 1036 [inutilia

2421 1035 2487 1107 de
2513 1038 2745 1104 Angusta
2773 1049 2923 1107 porta
2945 1048 2996 1091 et
3022 1033 3261 1091 oratione
3291 1036 3584 1090 Dominica.
3603 1034 3664 1087 Τ.
3687 1033 3770 1088 ιιι.
3794 1033 4024 1107 llorniiia

2421 1106 2488 1159 de
2515 1103 2691 1160 Gloria
2720 1103 3255 1171 in'trihulationibus;
3289 1107 3390 1159 alia
3430 1107 3499 1158 ine
3525 1107 3697 1157 locum
3731 1103 3973 1172 Apostoli
4010 1120 4023 1153 :

2425 1175 2633 1244 Oportet
2677 1177 2891 1231 liter-eses
2937 1196 3061 1238 esse.
3101 1188 3202 1232 etc.
3243 1177 3342 1230 alia
3385 1176 3436 1230 in
3481 1175 3647 1230 Eliam
3687 1185 3740 1227 et
3785 1174 4023 1225 viduam.

2429 1245 2655 1300 llomilia
2699 1248 2766 1301 de
2808 1248 3127 1302 Futurorum
3166 1247 3370 1300 deliciis
3404 1257 3455 1300 et
3497 1244 3840 1315 prmsentium
3875 1244 4028 1315 vani-

2423 1317 2799 1388 tate.llomilia
2825 1318 2874 1371 in
2908 1319 3145 1388 Magnam
3180 1313 3585 1388 hebdomadam.
3618 1313 3766 1388 T._V'_.
3793 1313 4027 1388 Humilia

2428 1387 2478 1437 in
2513 1387 2638 1458 illud
2671 1385 3058 1457 propheticum,
3092 1388 3203 1458 Ego
3234 1387 3483 1440 Dominus
3508 1385 3761 1458 Dett'sferi
3787 1385 4028 1458 [κριθῇ-ξι

2423 1451 2682 1521 tenebras,
2701 1451 2801 1511 etc.
2828 1468 3011 1512 contra
3038 1451 3358 1511 Matiichwos
3390 1457 3620 1510 maxime
3640 1456 3800 1508 dicta.
3831 1452 3893 1506 T.
3936 1451 4025 1504 Vl.

2421 1525 2524 1594 alia
2567 1526 2635 1579 de
2681 1528 2910 1594 perfecta
2960 1528 3253 1582 Cbaritate.
3303 1526 3384 1580 Ib.
3421 1527 3522 1579 alia
3551 1527 3620 1580 dc
3657 1521 4026 1579 Continentia.

2424 1593 2504 1648 Ib.
2542 1610 2600 1647 ac
2631 1593 2748 1650 dine
2775 1599 2840 1651 de
2868 1597 3248 1652 Consolatione
3276 1598 3460 1650 mortis
3486 1599 3525 1648 ¹.

2478 1663 2709 1720 Exordia
2733 1669 3089 1731 persecutionis
3117 1671 3168 1721 in
3197 1667 3464 1727 Sanctum,
3502 1683 3636 1719 anno
3658 1665 3763 1720 405
3788 1673 3989 1731 caput.

2497 1737 2651 1789 Auno
2681 1731 2785 1792 405
2814 1754 2997 1793 mense
3038 1737 3304 1807 ApriliLS.
3339 1737 3668 1807 Epiphanius
3696 1731 4030 1807 veluti-Cun-

2422 1807 2842 1878 stantinopolim,
2891 1803 3117 1878 indeque
3159 1819 3278 1877 post
3313 1803 3518 1877 aliquot
3545 1806 3661 1860 dies
3687 1803 3934 1868 discedit,
3964 1819 4030 1856 ac

2428 1891 2611 1947 mgtse
2641 1877 2776 1947 Majo
2805 1879 2858 1931 in
2892 1877 3062 1934 redito
3096 1879 3342 1932 moritur.

2494 1945 2696 1999 Eodem
2722 1944 2912 2012 'anuo,
2947 1951 3103 2017 eirea
3148 1949 3472 2017 Angustum,
3516 1944 3843 2017 Theophilus
3872 1945 4030 2017 venit

2423 2015 2960 2086 Constantinopolim.
3006 2019 3154 2073 Circa
3186 2015 3554 2086 Séptembrem
3594 2016 4036 2086 inchoatieonci-

2425 2086 2678 2138 lialmlum
2707 2083 3085 2153 ad'Quercnm,
3120 2091 3169 2141 in
3211 2083 3317 2157 quo
3360 2087 3748 2142 condemnatur
3781 2083 4033 2154 Chrysa-

2425 2166 2649 2221 stemus,
2685 2157 2818 2212 forte
2849 2159 2947 2212 sub
2981 2161 3139 2213 linem
3168 2157 3518 2224 Septembris.

2497 2225 2683 2280 liabita
2705 2245 2731 2279 a
2756 2229 2951 2282 Sancto
2972 2241 3095 2283 ante
3128 2223 3500 2282 abductionem
3544 2225 3793 2290 Humilia,
3832 2225 3893 2279 T.
3925 2223 4027 2277 ill.

2423 2295 2548 2367 ιιξ.
2586 2314 2689 2350 non
2725 2299 2846 2350 item
2875 2299 2974 2351 alia
3001 2341 3013 2363 ,
3040 2315 3157 2367 qua:
3184 2313 3277 2366 pro
3298 2298 3633 2366 supposititia
3668 2296 3928 2367 habenda.

2496 2366 2692 2419 Triduo
2719 2378 2836 2436 post
2865 2369 3023 2425 latam
3049 2365 3098 2422 in
3126 2365 3482 2423 conciliabqu
3503 2367 3847 2429 Sententiato,
3878 2365 4029 2418 San-

2423 2444 2540 2489 ctus
2568 2439 2827 2492 violenter
2850 2440 2979 2492 urbe
3003 2441 3287 2506 expellitur
3313 2479 3326 2498 .
3356 2448 3410 2491 et
3455 2439 3507 2491 in
3547 2437 3846 2507 Bithyniam
3873 2437 4036 2507 duci-

2426 2515 2540 2578 tur;
2571 2508 2827 2574 postridie
2847 2525 2973 2563 vero
2995 2519 3296 2575 revocatur,
3318 2519 3371 2564 et
3393 2517 3510 2578 post
3533 2506 3730 2576 paucos
3750 2507 3865 2561 dies
3881 2506 4033 2561 redit

2425 2576 2477 2628 in
2506 2579 2710 2630 urbem.

2499 2648 2591 2700 Dic
2616 2649 2730 2717 ipso
2753 2649 2924 2703 reditu
2955 2650 3128 2705 habita
3159 2649 3385 2702 liomilia
3415 2649 3614 2703 brevis.
3645 2647 3707 2702 T.
3739 2646 3825 2701 lli.

2496 2718 2759 2772 Pusn'idie
2787 2720 2925 2773 dicta
2959 2723 3123 2773 altera
3155 2719 3402 2773 liomilia.
3437 2718 3518 2771 Ib.

2499 2788 2625 2841 i'ost
2654 2789 2855 2857 aliquot
2880 2791 2994 2844 dies
3017 2801 3110 2845 aut
3137 2790 3502 2845 hebdomadas
3530 2788 3669 2842 dicta
3701 2785 3927 2840 liomilia
3956 2785 4034 2840 de

2422 2859 2743 2915 Chanamea.
2777 2859 2858 2912 Ib.

2497 2932 2645 2985 Circa
2672 2945 2911 2983 mensem
2937 2930 3286 2986 Decembrem
3321 2929 3556 2984 Eudoxia
3585 2929 3776 2981 iterum
3803 2940 4033 2980 exacer-

2424 3001 2578 3055 batur
2616 3013 2802 3054 contra
2832 3000 3272 3071 Chrysostomum
3301 3001 3584 3071 occasione
3625 2997 3906 3071 ludorum:
3933 2996 4031 3071 qui

2425 3071 2488 3124 ad
2522 3079 2749 3125 statuam
2794 3064 2958 3137 ipsius
2984 3069 3310 3139 agebantur;
3357 3069 3616 3123 Arcadius
3641 3083 3770 3120 vero
3797 3067 3846 3118 in
3875 3064 4036 3139 {esti-

2423 3143 2586 3212 vitatc
2617 3141 2813 3212 Natalis
2846 3137 3052 3194 Domini
3075 3156 3195 3194 cum
3219 3142 3604 3212 Chrysostomo
3623 3137 4031 3212 communicati!

2424 3211 2702 3266 detrectat.
2738 3211 2950 3263 Interim
2981 3212 3214 3280 episcopi
3245 3208 3454 3265 rursum
3477 3219 3733 3264 vocantur
3762 3208 4034 3262 Constan-

2425 3281 2698 3350 tinopolim
2726 3281 2790 3333 ad
2811 3280 3180 3350 judieandum.

2947 3349 3197 3405 Exsilium
3222 3368 3357 3404 anno
3379 3351 3503 3407 404.

2497 3444 2650 3495 Anno
2680 3442 2805 3507 404,
2829 3444 2970 3496 circa
3000 3443 3268 3507 Martium,
3293 3457 3450 3500 causa
3483 3441 3662 3496 Sancti
3691 3440 3885 3493 iterum
3916 3437 4036 3506 agi-

2425 3521 2585 3576 tatur,
2627 3527 2690 3565 ac
2736 3513 2947 3565 tandem
2992 3515 3110 3568 sine
3149 3520 3287 3567 novo
3314 3513 3565 3569 examine
3591 3512 3734 3579 prior
3757 3508 4030 3579 sententia

2423 3583 2490 3635 ab
2533 3585 2734 3651 aliquot
2775 3584 3042 3650 episcopis
3087 3585 3467 3647 conﬁrmatur;
3516 3577 3743 3637 Sanctus
3782 3593 3910 3633 vero
3957 3577 4037 3631 ab

2425 3651 2653 3705 Arcadio
2681 3653 2903 3706 ecclesia
2931 3653 3280 3708 interdicitur.

2498 3722 2592 3776 Die
2629 3721 3002 3795 XVI_Aprilis,
3053 3725 3105 3777 in
3147 3724 3422 3795 pervigilio
3467 3720 3759 3783 Paschalis,
3789 3725 4035 3795 etnoeto

2425 3802 2702 3858 sequente,
2731 3788 2906 3864 clerus
2949 3804 3004 3846 ct
3047 3788 3274 3862 pop—uitis
3298 3788 3721 3864 'CbrysostomoA
3747 3788 4035 3864 adhaerens

2428 3877 2522 3928 per
2544 3876 2757 3914 manum
2787 3860 3068 3915 militarem
3099 3860 3361 3919 violenter
3389 3860 3633 3917 ccclesiis
3655 3860 3888 3929 ejicitur.

2496 3930 2615 3984 Non
2653 3931 2759 4004 diu
2780 3941 2899 4004 post
2922 3930 3336 4004 Cbrysostomus
3363 3933 3544 4004 literas
3569 3941 3622 3985 et
3644 3928 3842 4004 legatos
3865 3928 4037 3981 mittit

2428 4001 2652 4053 Romam
2695 4001 2760 4072 ad
2805 3999 3171 4057 innocentium
3214 4020 3425 4072 papam,
3455 4003 3538 4057 cui
3566 4009 3712 4070 gesta
3737 3999 4030 4053 adversum

2425 4071 2836 4143 se_e_xpr_i_u_i_t,_et
2866 4075 3020 4143 cujus
3049 4071 3452 4143 opemliagitat.

2499 4140 2596 4214 Dio
2624 4140 2721 4194 XX
2759 4139 2900 4214 Junii
2935 4139 3353 4214 Chrysostomus
3378 4144 3509 4198 urbe
3537 4141 3826 4214 expellitur
3850 4139 3907 4214 in_
3928 4154 4036 4193 cx-

2426 4210 2602 4264 siiium
2623 4252 2637 4277 ,
2671 4220 2725 4264 et
2761 4213 2984 4266 ecelesia
3008 4210 3131 4268 cum
3158 4216 3303 4270 curia
3331 4215 3520 4268 codem
3553 4213 3640 4268 die
3668 4211 4028 4267 comburitur.

2623 4309 2625 4312 -
2841 4282 3045 4350 Scripta
3074 4289 3306 4354 factaque
3335 4286 3386 4338 in
3416 4286 3613 4337 itinere.

2497 4350 2624 4405 Post
2649 4366 2810 4424 unum
2843 4349 3141 4409 alterumve
3165 4349 3306 4409 diem
3333 4356 3532 4424 scripta
3564 4353 3630 4406 ad
3658 4350 3718 4406 S.
3744 4349 4030 4420 Olympia-

2427 4421 2552 4474 dem
2581 4421 2803 4476 enistola
2830 4424 2917 4476 Η.

2501 4437 3182 4549 διὶέῗῗῗιῗυῖιῖίιλιιεειείυε
3217 4497 3416 4549 Sancto
3447 4492 3786 4548 substituitur
3819 4490 4034 4558 episeo-

2430 4576 2571 4634 pus._
2593 4560 2726 4614 Hinc
2770 4573 2886 4634 prta
2932 4565 3230 4634 persecutio
3256 4575 3444 4620 contra
3468 4578 3582 4629 eos,
3611 4562 3699 4632 qui
3725 4560 3842 4630 ejus
3871 4575 4030 4614 com-

2426 4631 2734 4685 munionem
2763 4631 3052 4700 fugiebant.

2496 4701 2649 4755 Circa
2697 4701 2855 4756 tinem
2894 4704 3037 4758 Junii
3083 4713 3175 4758 aut
3221 4705 3428 4758 initium
3473 4703 3635 4767 Julii,
3676 4701 3870 4769 scripta
3914 4702 4034 4768 cpi-

2424 4773 2559 4827 stola
2583 4771 2772 4847 HSad
2795 4775 3076 4846 episcopos
3096 4787 3151 4830 et
3177 4775 3515 4847 presbyteros
3537 4771 3767 4827 incendii
3789 4785 3950 4823 causa
3978 4771 4031 4822 in

2425 4855 2644 4898 carcere
2671 4841 2946 4910 degentes.

2426 4984 2458 5038 ὁ
2502 4912 2595 4966 Die
2623 4911 2689 4965 iii
2717 4909 2843 4968 Julii
2867 4915 3059 4970 Nicaea:
3088 4915 3281 4986 scripta
3308 4915 3534 4984 epistola
3558 4912 3625 4967 l0
3653 4911 3716 4964 ad
3747 4909 4031 4980 Olympia-

2463 4999 2570 5038 em.

2463 4999 2570 5038 em.

2497 5053 2697 5107 ibidem
2738 5069 2952 5123 quoque
2996 5056 3116 5110 data
3155 5055 3366 5109 videtur
3391 5055 3554 5107 altera
3582 5051 3646 5106 ad
3672 5051 3918 5106 detentus
3963 5049 4022 5104 in

2425 5139 2664 5186 carcere,
2696 5124 2809 5179 sive
2835 5128 3061 5194 epistola
3090 5127 3212 5180 174.

2499 5195 2700 5266 Ibidem
2749 5189 2981 5266 quoque,
3012 5205 3105 5249 aut
3129 5192 3529 5266 XXViiiJunii,
3562 5200 3653 5266 aut
3695 5189 4033 5266 probabilius

2428 5265 2496 5320 IV
2519 5265 2644 5321 Julii
2669 5260 3048 5335 dataepistola
3077 5267 3177 5320 221
3210 5266 3275 5319 ad
3305 5260 3706 5327 Constantium,
3743 5260 4032 5331 presbyte-

2428 5352 2545 5392 rum
2577 5337 2993 5391 Antiochenum.

2499 5407 2683 5463 hieme
2707 5407 2869 5472 Julio,
2899 5408 2951 5459 in
2984 5407 3189 5462 Galatia
3213 5414 3304 5460 adt
3331 5401 3689 5474 Cappadocia,
3721 5401 3916 5474 scripta
3945 5409 4032 5452 est

2429 5480 2652 5544 cpistola
2686 5479 2778 5532 121
2817 5470 2882 5530 ad
2913 5478 3199 5539 Arabium;
3237 5470 3423 5530 octava
3448 5470 3517 5528 ad
3556 5470 3948 5543 Olympiadem,
3975 5479 4036 5523 et

2492 5610 2510 5640 ‘
2539 5616 2610 5659 ne
2632 5609 2841 5659 boruiliis
2861 5612 3158 5671 exterisque
3181 5610 3375 5670 scriptis
3399 5607 3559 5657 dubiis
3580 5612 3754 5655 tractat
3775 5603 4038 5671 stiltingus

2428 5674 2453 5733 ς
2493 5677 2553 5720 ω
2598 5673 2934 5722 commentarii
2969 5674 3044 5720 sui
3073 5664 3137 5719 ile
3170 5664 3327 5733 Rebus
3350 5678 3402 5719 et
3429 5671 3624 5730 Scriptis
3656 5669 3853 5733 amunia
3881 5664 4034 5733 can.

2429 5723 2756 5845 iusti-miihi
2795 5735 2943 5782 etiam
2989 5741 3160 5783 tractat
3198 5731 3264 5781 de
3295 5723 3649 5780 Commentario
3687 5731 3738 5778 in
3778 5723 4035 5778 Dsmele'tn
