4276 6316
765 353 859 404 ξΞῖΙ

731 482 981 527 neusun;
1027 465 1128 521 150
1159 466 1222 518 ad
1265 463 1546 518 Maximum
1579 463 1923 529 episcopum;
1958 459 2050 513 151
2081 457 2145 510 ad
2176 456 2325 511 Ascl-

738 541 841 588 ltnu
873 538 1211 605 epismptun;
1247 536 1376 596 15‘2,
1415 535 1533 605 155,
1574 531 1880 605 ἥξει-181
1912 529 1975 582 ad
2003 530 2281 605 episcopos
2308 567 2320 589 ,

739 606 836 659 HS
865 599 927 658 ιιι]
956 599 1255 675 C)'t'iaCtitii,
1295 604 1614 675 Demetrium
1629 599 1978 675 ._Pal_ladiunt.
2010 600 2280 675 Eulysi'uin
2304 633 2320 658 ,

732 667 1017 744 episcopos
1043 676 1376 729 Orientales:
1413 674 1511 726 163
1540 674 1603 744 ad
1640 671 1864 744 Probum
1892 667 2189 744 matronam
2204 667 2323 744 alio:

733 736 978 810 manuni;
1013 746 1114 800 169
1154 746 1217 796 ad
1258 744 1541 805 Juliunnm,
1575 743 1760 796 Probze
1807 755 2018 803 nurum,
2049 748 2101 794 et
2130 739 2230 790 170
2257 736 2323 789 ad

737 815 970 869 Italicam
999 821 1158 870 etiam
1185 815 1414 866 nobilem
1449 823 1765 864 matronam.

1186 905 1388 972 Aliquot
1416 903 1592 955 incerti
1612 902 1868 970 temporis.

807 1015 1058 1085 Epistola‘.
1082 1014 1338 1084 temporis
1364 1014 1548 1085 incerti
1573 1020 1717 1079 sunt,
1739 1012 1807 1066 18
1825 1011 1895 1085 ad
1925 1013 2196 1085 Arabium,
2228 1010 2325 1085 199.

732 1087 798 1140 ad
831 1082 1236 1146 Ottesicrutiani.
1266 1087 1336 1137 46
1374 1085 1437 1135 :ul
1489 1083 1758 1147 Rufinum,
1784 1084 1856 1153 65
1893 1083 1957 1135 ad
1987 1082 2323 1153 Tranquilli:

734 1173 859 1208 num
884 1196 901 1221 ,
954 1157 1053 1210 177
1098 1157 1162 1208 ad
1208 1155 1622 1211 Artemidorum.
1659 1155 1714 1207 7t
1752 1150 2126 1211 atiMalchum,
2159 1151 2227 1205 92
2258 1150 2323 1204 ad

736 1226 971 1295 Moysem
1005 1226 1397 1295 presbyterum,
1429 1224 1515 1277 l0l
1550 1223 1613 1276 ad
1641 1223 1895 1276 Severum
1929 1223 2321 1295 presbyterum,

733 1291 840 1349 £59
867 1297 932 1348 ad
962 1291 1311 1362 Theodorum
1346 1294 1514 1362 Syria:
1540 1295 1871 1346 consularem
1899 1335 1912 1352 .
1946 1293 2037 1346 171
2073 1292 2137 1345 ad
2170 1291 2320 1362 Mint-

733 1369 890 1428 tium,
916 1365 1021 1419 208
1062 1365 1127 1418 ad
1167 1358 1417 1417 Aeaciqu
1452 1364 1840 1432 presbyterum,
1870 1363 1975 1417 209
2005 1363 2070 1416 ad
2111 1361 2323 1416 Salvio-

733 1451 853 1487 nent
900 1445 990 1488 :tttt
1034 1435 1367 1492 Galbiouem,
1395 1433 1498 1486 914
1537 1433 1602 1484 atl
1644 1433 2013 1486 Sebastianum
2041 1433 2322 1502 presbyte-

731 1519 850 1558 rum
878 1544 892 1570 ,
920 1504 1026 1558 215
1055 1505 1117 1556 ad
1151 1505 1415 1569 Pelagium
1450 1504 1813 1573 presbyterum
1836 1542 1851 1566 ,
1882 1503 1988 1556 216
2025 1503 2090 1556 ad
2124 1503 2321 1556 Musei-

735 1590 885 1638 num,
921 1575 1018 1629 117
1044 1575 1109 1627 ad
1139 1573 1496 1627 Theodorum.

2190 339 2521 397 SIONITL'M.

3929 332 4040 387 ετξ

2524 450 2665 505 Mors
2689 449 2866 502 Sancti
2891 446 3104 515 alioque
3129 441 3370 510 usquead
3401 460 3584 515 :orpm
3614 445 3935 498 translatum.

2506 524 2658 574 Anno
2699 520 2801 574 407
2851 519 3076 570 Sanctus
3113 519 3320 584 regitur
3366 517 3537 569 locum
3582 517 3749 569 (ιςςίξῆ
3799 527 4032 576 mutare.

2433 592 2751 655 dueiturque
2792 589 3072 659 Pityunta;
3129 590 3220 640 sed
3267 591 3466 640 fructus
3510 586 4034 659 itineris__luborilms

2433 663 2484 714 in
2520 664 2633 729 ipso
2664 663 2848 713 itinere
2877 656 3044 726 prope
3084 659 3314 710 Cumana
3347 660 3398 710 in
3435 659 3602 729 Ponto
3636 656 3747 729 XIV
3778 658 4031 729 Septem;

2433 726 2551 784 hris'
2597 731 2852 794 moritur,
2888 731 3063 796 Ibique
3111 731 3162 780 in
3211 729 3434 782 ecclesia
3480 728 3536 781 S.
3568 727 3746 781 Basilii
3779 726 4033 796 martyris

2432 803 2706 868 SCpciitur.

2503 873 2654 923 tliri-a
2688 886 2884 922 annutn
2919 870 3021 922 614
3050 883 3244 923 nomen
3272 869 3664 940 Clirysostomi,
3696 876 3921 934 urgente
3949 867 4035 940 ln-

2434 943 2681 994 nocentio
2710 956 2861 1008 papa,
2905 940 3071 993 sacris
3111 938 3665 1010 diptyebisinseritur
3696 940 3926 1010 primum
3957 938 4028 987 ab

2433 1007 2736 1063 Alexandro
2771 1010 3102 1063 Antiochcno
3129 1051 3142 1072 ,
3178 1007 3372 1063 deinde
3403 1012 3561 1062 etiam
3593 1010 3660 1060 ab
3683 1008 3858 1062 Attico
3886 1007 4037 1060 (1οη-

2432 1082 2944 1148 stimtiimpolitano,
2996 1090 3050 1133 et
3099 1081 3298 1148 Cyl-illo
3351 1080 3754 1141 Alexandrino,
3806 1077 4038 1143 aliisque

2433 1153 2682 1205 omnibus
2711 1152 2916 1218 imperii
2944 1151 3234 1203 Orientalis
3254 1151 3542 1219 episcoiiis.

2506 1224 2642 1275 Aule
2666 1217 2863 1273 annum
2895 1222 2999 1274 458
3029 1217 3490 1274 Γρδιιγηίιέὸειιιειὶ
3520 1235 3549 1271 a
3580 1217 4042 1284 Constantinam)-

2433 1293 2612 1344 litanis
2640 1291 2898 1346 celebrari
2929 1301 3125 1360 coepta.

2503 1364 2656 1414 Anno
2684 1361 2789 1415 458
2816 1359 3028 1414 sacrum
3057 1374 3254 1428 corpus
3291 1359 3809 1429 Constantinopolim
3839 1370 4042 1426 magno

2433 1447 2552 1486 eum
2590 1434 2790 1484 honore
2820 1434 3154 1484 translatum.

2507 1501 2628 1555 lbrc
2663 1502 2928 1554 suliit-iant
2974 1516 3071 1569 pro
3121 1500 3265 1554 brevi
3312 1499 3647 1566 clironotaxi,
3692 1515 3813 1554 cuin
3853 1498 4040 1553 omnia

2434 1572 2601 1626 fusius
2633 1574 2683 1626 in
2712 1572 3114 1627 Commentario
3141 1572 3248 1624 sint
3273 1575 3513 1639 probata.

753 1694 4039 1750 Ἥ

2205 1817 2286 1877 ΙΝ
2328 1815 2536 1876 DUAS

849 1899 1368 2035 ‘JOANNIS
1413 1952 2233 2036 CHRYSOSTOMI
2289 1954 2448 2036 AD
2499 1953 3288 2037 THEODORUM
3345 1949 3814 2036 LAPSUM

1767 2105 2249 2168 PAR/ENESES
2293 2106 2439 2169 SEU
2482 2106 2920 2168 EPISTOLAS

1883 2241 2874 2504 Menum

798 2573 855 2632 In
883 2575 1117 2632 editione
1145 2573 1409 2630 Saviliana
1454 2573 1535 2627 hac
1574 2570 1692 2626 dum
1733 2571 2043 2626 Parmneses
2085 2571 2196 2624 sive
2217 2613 2231 2636 ,
2260 2577 2321 2623 ut

724 2666 956 2722 Savilius
999 2674 1187 2728 vocat,
1231 2664 1513 2719 Orationes
1563 2662 1900 2731 transpositze
1942 2671 2104 2727 sunt;
2149 2661 2217 2715 ita
2267 2666 2324 2713 ut

725 2774 846 2829 qua:
869 2759 1013 2827 prior
1047 2772 1167 2812 esse
1201 2756 1495 2822 debuerat,
1521 2753 1591 2809 sit
1628 2753 1913 2824 posterior.
1946 2752 2117 2823 Ipsam
2163 2751 2323 2821 porro

725 2848 909 2903 Savilii
942 2858 1163 2914 notam,
1195 2847 1479 2901 obscrvatu
1521 2854 1668 2901 certe
1697 2845 1910 2915 dignam
1935 2885 1950 2909 ,
1985 2844 2087 2898 huc
2131 2843 2320 2913 partim

724 2937 920 2993 aﬂ‘erre
948 2953 1125 3007 operiu
1156 2938 1382 3006 pretium
1411 2937 1584 2990 fuerit.
1621 2956 1638 2986 ι
1663 2934 1718 2989 lu
1751 2935 1849 2990 hac
1877 2933 2110 2989 editione
2137 2948 2322 2988 errore

725 3029 911 3084 nescio
939 3043 1048 3098 quo
1083 3027 1422 3098 transposita:
1445 3034 1570 3080 sunt.
1601 3027 1717 3080 ista:
1745 3025 1861 3080 duce
1887 3024 1955 3080 ad
1977 3023 2322 3081 Theodorum

726 3118 937 3188 lapsum
967 3120 1236 3172 orationes
1256 3158 1271 3182 ,
1300 3124 1354 3172 et
1395 3133 1512 3187 qua:
1544 3116 1690 3186 prior
1729 3129 1851 3171 esse
1892 3114 2109 3180 debuit,
2139 3127 2321 3185 poste-

725 3209 870 3263 riore
893 3208 1010 3263 loco
1033 3209 1346 3272 collocatur,
1380 3217 1435 3261 et
1457 3222 1575 3277 qua:
1605 3207 1870 3277 posterior
1899 3246 1912 3270 ,
1942 3205 2124 3275 priore
2156 3223 2168 3258 :
2203 3221 2325 3260 cor-

726 3310 935 3355 rectore
984 3310 1170 3354 nostro
1226 3301 1601 3353 auctoritatem
1622 3341 1636 3361 ,
1661 3307 1715 3351 ut
1764 3307 1924 3367 puto,
1945 3306 2172 3368 sequuta
2205 3297 2316 3352 edi-

729 3391 891 3445 tionis
957 3389 1278 3460 Moguntina:
1331 3389 1764 3460 Floriiegiorum,
1800 3390 1888 3444 ubi
1943 3388 2021 3444 sic
2067 3393 2321 3445 citantur.

732 3481 900 3535 Porro
926 3479 1084 3548 hujus
1111 3481 1368 3534 orationis
1392 3519 1407 3545 ,
1441 3496 1559 3550 qua:
1586 3482 1638 3534 in
1665 3489 1848 3534 nostra
1873 3479 2106 3534 editione
2134 3489 2323 3535 octava

727 3571 1119 3634 cst.meminit
1157 3571 1450 3646 magnificis
1499 3587 1618 3625 cum
1661 3571 1940 3640 prmconiis
1993 3571 2325 3629 Sozomenus

727 3665 821 3718 lib.
849 3664 884 3719 8
906 3706 919 3728 ,
948 3679 1067 3734 cap.
1099 3664 1136 3718 Ξ
1159 3705 1173 3729 ,
1202 3664 1355 3734 cujus
1373 3664 1539 3717 verba
1570 3678 1597 3715 a
1632 3679 1716 3717 me
1742 3677 1844 3734 qua
1886 3677 1917 3718 a
1947 3661 2116 3717 Codd.
2148 3662 2276 3718 Mss.
2303 3702 2320 3728 .

733 3770 836 3825 qua
893 3770 922 3810 a
984 3754 1308 3825 coniecturis
1371 3754 1734 3808 emendatiora
1799 3754 1937 3808 facta
2005 3754 2177 3807 visum
2239 3759 2326 3808 est

728 3846 1056 3900 adscribere.
1107 3849 1178 3899 οὗ
1213 3854 1347 3912 μόνος
1388 3849 1436 3898 δι
1464 3844 1958 3916 (Chrysostomus)
1986 3850 2114 3915 παρά
2135 3847 2323 3908 τούτοις

727 3936 1020 4001 (Carterio
1067 3943 1124 3990 et
1177 3935 1458 4006 Diodoro)
1499 3943 1679 4008 ἔφο,ἰτα⁸
1711 3944 1863 3990 επεισι
1924 3940 1971 3989 δι
2033 3950 2116 3996 τῆς
2176 3939 2324 3989 αὐτοῦ

728 4029 744 4089 (
771 4027 843 4080 al.
873 4024 1060 4095 αὐτῆς)
1089 4035 1268 4092 γνώμης
1295 4031 1412 4079 εἶναι
1434 4034 1643 4095 ἑταίρους
1673 4030 1818 4080 αὐτοῦ
1851 4034 2112 4092 γενομένους
2145 4030 2195 4079 ιι
2239 4040 2321 4087 τῆς

731 4125 956 4170 Διεκνίου
995 4119 1237 4186 διατριϐῆς
1267 4157 1280 4182 ,
1303 4120 1535 4186 Θεόδωρόν
1573 4140 1681 4170 τινα
1712 4126 1794 4168 καὶ
1833 4123 2079 4183 Μάξιμον
2105 4112 2173 4168 ὧν
2198 4120 2223 4168 ὁ
2240 4124 2326 4181 μὲν

733 4202 1036 4274 (Maximus)
1056 4209 1237 4275 ὕστερον
1251 4211 1496 4266 δπίσχοπος
1511 4210 1689 4271 ἐγενετο
1707 4214 1971 4267 Seleucia;
1989 4221 2072 4268 τῆς
2099 4197 2320 4274 ίσαύρων,

730 4303 900 4366 Μόψου
930 4302 977 4351 δὲ
1001 4300 1160 4359 ἱστίοις
1189 4313 1272 4379 γῆς
1309 4305 1532 4359 Κιλικίας
1559 4295 1862 4369 Θιὸδωρος,[
1889 4304 2000 4368 πρὸς
2035 4303 2086 4350 ὃν
2125 4306 2326 4352 mch

725 4393 891 4461 γράφει
911 4394 935 4442 ὁ
957 4398 1071 4450 θεῖος
1085 4397 1416 4461 Χρυσὸστομος
1441 4396 1688 4450 ἐπιστολήν
1710 4393 1923 4460 δευτέραν
1940 4386 1984 4462 ],
2004 4398 2110 4444 etc.
2148 4407 2167 4442 ι
2198 4389 2324 4447 ΗὶΡο

733 4488 1003 4547 postrema
1042 4482 1204 4534 verba
1245 4480 1453 4534 uncinis
1486 4480 1685 4534 inclusa
1729 4480 1781 4532 in
1829 4479 2064 4534 editione
2104 4481 2325 4536 Robcrti

735 4570 991 4641 Stephani
1028 4580 1083 4626 et.
1121 4570 1591 4642 Christophorsoni
1638 4571 1902 4626 habentur
1933 4587 1945 4624 :
1979 4570 2172 4626 horum
2196 4588 2328 4629 vero

729 4676 920 4717 sensus
941 4672 1049 4717 est:
1072 4663 1259 4717 Divum
1277 4662 1713 4734 Chrysostomum
1735 4661 2023 4717 secundam
2045 4662 2326 4732 epistolam

731 4754 1013 4824 scripsisse
1033 4754 1100 4808 ad
1120 4753 1461 4811 Theodorum
1479 4754 1686 4823 lapsum
1712 4771 1725 4808 :
1744 4768 1863 4823 qua:
1879 4752 2121 4808 clausula
2138 4754 2183 4808 si
2203 4769 2327 4811 vere

733 4844 1018 4900 Sozomeni
1045 4858 1186 4901 esset
1211 4887 1228 4912 ,
1250 4845 1472 4915 alicujus
1501 4847 1554 4901 in
1596 4861 1656 4900 re
1681 4860 1838 4914 quam
1879 4854 2172 4903 tractamus
2205 4863 2323 4902 mo-

737 4936 903 4989 menti
930 4935 1096 5000 i'oret;
1121 4952 1305 4991 verum
1331 4951 1448 4990 eam
1471 4951 1501 4990 a
1525 4937 1742 4991 librario
1771 4935 2021 5006 quopiam
2053 4937 2326 4993 inductam

731 5025 896 5080 fuisse
926 5034 1075 5096 putat
1099 5026 1357 5082 Henricus
1387 5025 1648 5090 Valesius,
1669 5025 1768 5081 hac
1794 5035 2069 5097 permotus
2094 5029 2323 5097 ratione,

732 5132 893 5185 quam
919 5126 976 5172 et
1003 5133 1102 5173 nos
1129 5118 1417 5188 probamus
1448 5137 1460 5171 :
1494 5113 1741 5174 videlicet
1783 5117 2045 5174 Joannem
2083 5128 2325 5176 nostrum
2375 5154 2379 5159 -

732 5208 1018 5264 Soznmeni
1045 5223 1162 5277 mro
1187 5209 1420 5263 nondum
1449 5207 1818 5279 Cbrysostomi
1849 5223 2044 5264 nomen
2072 5207 2325 5278 adeptum

732 5300 898 5354 fuisse
923 5317 938 5354 :
965 5315 1085 5376 cum
1127 5309 1304 5356 autem
1349 5301 1402 5355 in
1445 5300 1630 5357 codice
1669 5299 1967 5356 Fuketiano
2017 5299 2133 5355 haec
2180 5302 2325 5357 clau-

731 5393 844 5445 sula
879 5405 987 5446 non
1027 5402 1294 5458 exstaret,
1326 5392 1471 5448 illam
1521 5393 1777 5464 expunxit
1803 5392 2065 5449 Valesius.
2097 5393 2326 5449 Savilius

731 5484 891 5537 etiam
911 5482 1009 5552 qui
1058 5484 1202 5538 illam
1232 5483 1440 5540 uncinis
1476 5485 1710 5551 inclusit,
1741 5498 2042 5555 suspectam
2075 5485 2326 5541 habuisse

735 5572 964 5630 videtur.
992 5573 1277 5630 Sozomeni
1316 5591 1447 5646 ergo
1487 5586 1818 5633 memoratus
1860 5577 2006 5632 locus
2037 5577 2116 5632 sic
2145 5576 2324 5639 habet;

733 5663 920 5718 Grzeca
961 5664 1239 5720 brevitatis
1272 5674 1430 5721 causa
1481 5668 1858 5737 prmteritnus:
1893 5686 1911 5718 ι
1949 5667 2132 5736 Neque
2181 5666 2326 5720 solus

731 5749 1435 5825 (Joannes)tiosmagistros
1497 5757 1672 5812 adibat
1714 5757 2030 5819 (Carterium
2058 5765 2110 5813 et
2142 5755 2347 5812 Diodo-

2435 2572 2617 2643 rum),
2647 2571 2742 2627 sed
2771 2573 2931 2628 etiam
2975 2587 3101 2628 suos
3144 2589 3210 2628 ex
3253 2572 3460 2629 Libanii
3491 2573 3673 2630 schola
3717 2573 3928 2631 sodales
3971 2580 4047 2633 ad

2430 2661 2658 2733 idipsum
2681 2663 2943 2733 agendum
2968 2665 3193 2729 induxit,
3219 2665 3560 2741 Theodorum
3585 2682 3773 2737 nempe
3794 2679 3848 2722 et
3869 2667 4045 2722 Maxi-

2430 2770 2576 2808 mmn
2628 2771 2643 2809 :
2693 2770 2921 2824 quorum
2978 2755 3064 2810 hic
3117 2756 3333 2826 quidem
3397 2756 3653 2812 Seleucia:
3715 2759 3768 2812 in
3830 2759 4046 2814 Isauria

2429 2845 2715 2916 episcopus
2745 2846 2998 2916 deinceps
3041 2845 3177 2911 fuit,
3229 2845 3546 2902 Theodorus
3592 2847 3877 2918 episcopus
3918 2849 4045 2905 Mo-

2430 2935 2682 3004 psuestia:
2711 2935 2762 2990 in
2793 2933 3000 3001 Cilicia,
3032 2937 3112 2990 vir
3141 2936 3192 2990 in
3218 2937 3384 2992 sacris
3422 2937 3712 3007 Scripturis
3739 2950 3793 2994 et
3818 2941 3868 2993 in
3899 2940 4043 2994 reli-

2429 3027 2548 3096 quis
2575 3027 2872 3098 disciplinis
2913 3027 3191 3083 rhetorum
3226 3038 3279 3083 et
3307 3028 3747 3099 philosophorum
3787 3031 4046 3100 apprime

2428 3117 2694 3172 eruditus.
2747 3119 2924 3189 Atque
2982 3119 3071 3174 hic
3124 3119 3341 3189 quidem
3393 3135 3516 3174 cum
3572 3119 3765 3176 divinis
3819 3120 4046 3189 legibus

2430 3208 2582 3262 initio
2608 3208 2760 3263 daret
2780 3224 2999 3278 operam
3025 3252 3040 3276 ,
3075 3217 3127 3264 et
3153 3225 3273 3264 cum
3301 3210 3498 3265 sanctis
3523 3210 3654 3265 viris
3683 3220 4000 3266 versarettIr
4023 3252 4043 3278 ,

2432 3299 2533 3356 hoc
2573 3301 2782 3356 vivendi
2830 3301 3129 3356 institutum
3177 3302 3475 3370 probabat,
3504 3301 3822 3372 civilemque
3867 3302 4047 3356 vitam

2430 3390 2734 3445 damnabat.
2781 3391 2975 3445 Verum
3021 3392 3072 3446 in
3145 3391 3418 3460 proposito
3479 3407 3584 3446 non
3634 3393 4043 3462 perseveravit,

2431 3492 2740 3552 .nutataque
2765 3483 3051 3548 sententia,
3081 3481 3145 3536 ad
3171 3482 3446 3552 pristinam
3471 3483 3630 3536 vitam
3653 3484 3905 3553 abreptus
3925 3494 4044 3539 est.

2429 3571 2671 3642 Cumque
2693 3614 2707 3640 ,
2743 3583 2799 3628 ut
2829 3574 2880 3628 in
2910 3589 3061 3629 mere
3089 3583 3170 3628 est
3191 3615 3205 3640 ,
3240 3575 3569 3644 propositum
3595 3565 3751 3629 suum
3787 3590 3849 3629 ex
3881 3585 4045 3630 vetc-

2430 3679 2548 3718 rtnn
2589 3666 2849 3734 exemplis
2888 3664 3203 3720 defenderet
3231 3708 3245 3727 .
3273 3665 3577 3719 eruditione
3618 3681 3846 3735 namque
3891 3682 4043 3736 prie-

2429 3756 2574 3812 ditus
2619 3765 2754 3822 erat,
2790 3757 2842 3811 in
2889 3759 3074 3811 urbem
3119 3755 3310 3820 rediit,
3339 3756 3439 3810 hoc
3478 3757 3759 3810 consilium
3805 3758 4047 3827 pristino

2431 3857 2781 3916 anteponens.
2834 3845 3075 3916 Cumque
3117 3848 3466 3917 comperisset
3516 3847 3753 3903 Joannes
3805 3863 3932 3903 eum
3983 3852 4042 3905 in

2431 3939 2777 3994 saecularibus
2817 3939 3043 4009 negotiis
3080 3939 3280 3993 versari
3307 3981 3320 4002 ,
3363 3947 3418 3992 et
3468 3938 3536 3992 de
3585 3953 3750 3993 uxore
3789 3938 4042 3994 ducenda

2431 4032 2704 4102 cogitare,
2755 4033 2990 4087 divinam
3036 4041 3092 4086 et
3139 4041 3250 4085 tum
3305 4032 3520 4095 verbis,
3582 4039 3693 4084 tum
3749 4037 4042 4087 sententiis

2432 4121 2721 4176 humanam
2749 4122 3050 4176 facultatem
3082 4121 3430 4176 excedentem
3463 4121 3742 4188 epistolam
3767 4121 3833 4174 ad
3862 4123 4041 4189 ipsum

2434 4193 2598 4246 misit.
2650 4194 2763 4258 Qua
2805 4193 3040 4262 perlecta
3082 4193 3208 4257 ille,
3256 4193 3568 4260 paenitentia
3615 4192 3805 4245 ductus
3844 4204 4042 4247 rursus

2433 4284 2775 4340 facultatibus
2815 4294 2870 4340 et
2911 4286 3111 4352 nuptiis
3139 4284 3464 4338 renuntiavit
3498 4301 3510 4336 :
3541 4281 3869 4352 Joannisque
3896 4298 4037 4338 con-

2432 4377 2556 4432 silio
2609 4387 2890 4441 servatus,
2941 4377 3006 4430 ad
3061 4375 3484 4446 pltilOSOphicam
3541 4375 3706 4428 vitam
3758 4390 4042 4444 regressus

2431 4478 2536 4522 est.
2578 4487 2597 4520 ι
2634 4467 2854 4522 Videtur
2888 4482 3018 4522 sane
3060 4468 3392 4522 Sozomenus
3431 4466 3499 4519 de
3534 4464 3767 4519 secunda
3807 4465 4042 4536 cpistola

2432 4561 2546 4615 sive
2573 4559 2830 4629 parmnesi
2859 4559 3017 4614 verba
3048 4557 3224 4612 facere
3247 4599 3261 4624 ,
3296 4556 3383 4612 ubi
3411 4555 3826 4627 Chrysosmmus
3852 4558 4037 4614 Theo-

2434 4650 2625 4705 dorum
2671 4666 2702 4704 a
2731 4649 3001 4704 connubio
3039 4659 3284 4703 avertere
3308 4658 3554 4702 conatur.
3586 4646 3659 4700 Ita
3689 4659 3911 4703 censent
3936 4647 4042 4704 Sa-

2434 4742 2627 4806 vilius,
2671 4742 2914 4796 Valesius
2951 4750 3006 4795 et
3037 4739 3447 4797 Titicmontius:
3485 4739 3571 4793 cui
3617 4741 3898 4794 sententia:
3935 4756 4043 4809 ego

2437 4849 2544 4890 non
2574 4849 2812 4904 repugno
2833 4875 2847 4897 ,
2883 4834 3004 4888 licet
3045 4833 3160 4886 ha-e
3188 4833 3478 4887 oscitanter
3509 4845 3539 4884 a
3568 4830 3870 4884 Sozomeno
3907 4847 4040 4886 nar-

2435 4927 2543 4980 rari
2588 4935 2922 4995 compertum
2973 4923 3217 4977 habeam.
3267 4922 3396 4976 .lure
3442 4933 3620 4976 autem
3667 4921 3734 4974 ab
3786 4921 4042 4976 omnibus

2434 5018 2741 5088 erploditur
2774 5016 3032 5080 Valesius,
3055 5018 3143 5084 qui
3173 5029 3331 5069 unam
3359 5024 3555 5085 putans
3588 5014 3769 5069 haberi
3797 5013 4032 5086 Chryso-

2434 5114 2594 5166 stomi
2612 5110 2679 5164 ad
2696 5109 3036 5165 Theodorum
3061 5108 3380 5177 parzenesin,
3406 5121 3598 5176 nempe
3614 5105 3923 5167 secundum.
3945 5121 4038 5161 au-

2435 5219 2527 5258 sus
2569 5210 2652 5256 est
2671 5202 2812 5256 circa
2837 5201 3028 5272 prioris
3062 5197 3395 5254 authentiam
3416 5196 3846 5252 dubitare.Certe
3863 5195 4040 5269 Chry-

2435 5303 2731 5349 snstomum
2771 5309 2840 5348 ne
2873 5293 2956 5348 vel
2988 5291 3313 5361 primoribus
3355 5289 3571 5359 quidem
3614 5287 3777 5342 labris
3801 5288 4043 5355 attigi-rit

2435 5396 2668 5456 oportet,
2693 5387 2780 5456 qui
2810 5386 3033 5454 primam
3059 5381 3362 5454 parmuesin
3392 5396 3499 5436 non
3531 5378 3668 5434 inter
3694 5377 4039 5446 elegantissi-

2437 5493 2554 5532 mos
2579 5477 2693 5546 eius
2716 5476 2854 5532 fetus
2877 5483 3175 5531 recenseat.

2509 5567 2679 5622 Unam
2724 5567 2884 5636 igitur
2913 5564 3192 5634 epistolam
3229 5562 3294 5617 ad
3330 5560 3671 5617 Theodorum
3703 5559 4036 5628 Mopsuestia-

2437 5677 2563 5716 num
2592 5660 2678 5715 hic
2701 5668 2963 5714 memorat
2994 5657 3326 5712 Sozomenus
3346 5697 3358 5714 .
3385 5667 3437 5707 et
3462 5656 3696 5722 quidem.
3721 5663 3776 5708 ut
3803 5655 4035 5717 videtur.

2443 5752 2732 5808 secundam
2781 5769 2794 5806 :
2847 5764 3004 5805 unam
3049 5751 3175 5804 item
3229 5748 3294 5801 ad
3350 5747 3605 5804 eumdem
3633 5735 3872 5810 Hesychi
3903 5753 3952 5791 is
3989 5738 4046 5795 in
