4276 6316
294 337 394 393 273

295 454 509 527 Synodo
561 450 967 517 Constantinop.
1018 446 1213 502 ροηδε.
1262 444 1324 498 γ.
1388 457 1440 511 p.
1502 440 1605 495 470
1658 455 1671 490 :
1724 452 1883 489 uuam

294 549 492 618 pariter
519 542 834 597 Theodorus
860 540 1121 595 Caesarea:
1157 536 1285 595 ibid.
1324 550 1375 603 p.
1401 534 1529 605 490,
1571 533 1662 587 sed
1697 531 1889 584 multo-

294 653 409 691 rum
440 648 709 693 versuum.
740 638 1021 699 πολύστιχω
1040 671 1054 694 ,
1090 628 1141 683 id
1172 636 1284 693 est,
1313 625 1601 681 admodum
1631 625 1839 691 longam
1873 637 1886 673 :

292 728 432 799 quod
461 740 592 781 sane
617 724 862 779 videatur
904 720 970 775 ad
1018 720 1243 789 primam
1278 717 1454 787 potius
1487 730 1645 784 quam
1686 713 1753 767 ad
1798 726 1888 766 se-

292 818 520 873 cundam
561 815 748 872 referri
782 832 797 867 :
839 828 959 868 nam
1004 812 1241 868 secunda
1288 806 1603 877 longissima
1631 806 1734 860 dici
1783 818 1890 860 non

293 925 452 979 posse
481 909 716 972 videtur;
745 906 981 959 maxime
1006 918 1134 958 vero
1168 903 1213 956 si
1239 910 1584 971 comparetur
1609 913 1730 953 cum
1772 897 1891 951 aliis

292 999 657 1073 Chrysostomi
711 998 983 1066 Operibus.
1028 994 1285 1050 Leontius
1336 1002 1512 1045 tamen
1564 988 1891 1061 Byzantinus

291 1093 425 1147 duas
469 1090 535 1144 ad
583 1088 924 1144 Theodorum
981 1085 1413 1155 Mopsuestenum
1470 1080 1727 1151 epistolas
1777 1081 1889 1134 sive

292 1197 597 1256 parteneses
632 1187 1049 1243 commemorat;
1082 1177 1389 1248 pariterque
1429 1174 1665 1230 Isidorus
1693 1173 1887 1243 Hispa-

292 1277 455 1331 lensis
497 1276 549 1330 in
592 1270 879 1329 Chronico.
923 1270 1018 1325 His
1049 1268 1385 1341 perspectis,
1416 1265 1791 1321 Tillemontius
1834 1262 1887 1318 in

290 1383 409 1423 eam
452 1366 675 1422 omnino
721 1362 1018 1434 propendet
1047 1359 1367 1415 sententiam
1400 1398 1415 1422 ,
1448 1366 1503 1411 ut
1534 1364 1685 1426 putet
1726 1369 1889 1409 unam

291 1467 495 1513 tantum
540 1455 609 1510 ad
644 1454 987 1510 Theodorum
1014 1451 1451 1520 Mopsucstenum
1493 1446 1678 1500 haberi
1715 1460 1887 1513 para:-

291 1551 463 1615 nesin,
499 1560 690 1617 nempe
717 1544 1007 1600 secundam
1038 1560 1051 1596 :
1082 1542 1307 1612 primam
1336 1554 1465 1593 vero
1503 1536 1572 1590 ad
1611 1536 1772 1589 alium
1799 1549 1891 1588 co-

289 1642 595 1711 gnominem
641 1653 670 1691 a
700 1637 1089 1707 Clirysostomo
1131 1631 1352 1685 missam
1399 1628 1708 1682 arbitretur.
1744 1625 1891 1679 Prte-

290 1746 371 1789 Ier
396 1732 770 1787 auctoritatem
796 1741 927 1782 vero
952 1739 1113 1795 quam
1143 1722 1346 1793 profert
1374 1717 1657 1774 Sozomeni
1682 1754 1699 1783 ,
1730 1715 1892 1786 llesy—

286 1823 392 1878 chii
417 1834 473 1879 et
496 1819 767 1876 Theodori
795 1814 1167 1875 Ctesariensis.
1192 1812 1281 1882 qui
1313 1826 1471 1865 unam
1498 1848 1513 1874 ,
1539 1818 1596 1862 ut
1620 1808 1845 1886 vidimus
1869 1845 1884 1870 ,

286 1915 352 1970 ad
402 1912 749 1970 Theodorum
801 1909 1239 1977 MOpsucsteuum
1289 1908 1715 1958 connnemorant
1770 1898 1886 1967 epi-

285 2009 479 2063 stolam
505 2046 521 2072 ,
572 2005 658 2060 liis
696 2000 994 2058 rationibus
1038 2007 1094 2055 et
1140 1994 1471 2067 argumentis
1503 1993 1692 2047 nititur
1729 1990 1891 2045 Tille—

288 2099 556 2153 montius:
588 2114 607 2148 ι
628 2094 730 2164 Qui
754 2093 869 2148 fieri
895 2091 1064 2162 possit
1084 2098 1142 2143 ut
1167 2090 1219 2143 in
1246 2095 1435 2141 neutra
1464 2084 1722 2155 paraenesi
1745 2083 1888 2136 nulla

285 2192 508 2248 alterius
534 2200 876 2260 para-neseos
901 2184 1104 2239 mentio
1129 2188 1396 2245 occurrat,
1414 2178 1575 2232 etiam
1599 2176 1686 2230 ubi
1712 2176 1888 2245 Chry-

283 2292 556 2337 sostomus
599 2279 791 2333 iisdem
828 2274 1130 2331 rationibus
1177 2272 1342 2326 utitur
1378 2279 1433 2324 et
1460 2265 1759 2335 exemplis?
1785 2264 1891 2319 Cur

288 2371 343 2429 in
370 2374 556 2444 prima:
585 2371 817 2426 decursu
853 2379 1116 2435 nusquam
1145 2361 1502 2432 compellatur
1528 2356 1847 2413 Theodorus
1871 2398 1885 2422 ,

284 2466 439 2536 eiijus
475 2476 671 2519 nomen
711 2461 766 2514 in
801 2459 956 2513 titulo
995 2455 1169 2511 solum
1208 2459 1528 2521 comparet;
1559 2449 1614 2503 in
1652 2446 1889 2501 secunda

284 2574 418 2615 vero
464 2571 570 2612 non
618 2553 981 2622 iul‘requenter
1018 2546 1289 2604 Theodori
1332 2558 1528 2599 nomen
1576 2538 1890 2611 profertur?

284 2649 441 2719 Quod
486 2658 664 2702 autem
704 2643 920 2715 gravius
959 2636 1374 2696 existimandum
1417 2643 1543 2697 est,
1573 2630 1910 2688 Theodorus-

286 2744 341 2797 iu
389 2739 623 2795 secunda
667 2742 1033 2799 memoratus,
1063 2728 1302 2785 nondum
1352 2726 1711 2796 vigesimum,
1751 2730 1891 2777 teste

284 2833 675 2904 Cbrysostomo
705 2868 720 2892 ,
748 2827 996 2895 attigerat
1022 2836 1221 2877 annum
1246 2837 1261 2884 ;
1290 2827 1478 2873 contra
1504 2832 1633 2871 vero
1653 2857 1668 2879 ,
1698 2814 1888 2869 eodem

284 2934 509 2979 auctore
545 2921 971 2991 Chrysostomo,
1003 2915 1049 2970 is
1089 2912 1158 2967 ad
1199 2926 1359 2982 quem
1402 2909 1549 2980 prior
1598 2907 1890 2979 pararnesis

285 3020 547 3084 mittitur,
580 3028 752 3070 annos
789 3014 914 3066 vita:
947 3010 1183 3080 reliquos
1225 3019 1333 3060 non
1360 3006 1480 3074 plus
1508 3002 1890 3073 quinquaginta

281 3122 506 3179 sperare
546 3113 791 3177 poterat,
822 3102 981 3157 etiam
1013 3100 1059 3154 si
1085 3098 1151 3153 ad
1181 3104 1478 3152 extremam
1507 3091 1890 3162 proveheretur

282 3208 616 3256 senectutem
638 3237 652 3263 ,
684 3193 828 3266 quod
856 3193 925 3248 de
952 3192 1071 3246 viro
1097 3199 1301 3244 tantum
1332 3186 1440 3241 fere
1465 3181 1891 3256 quadragenario

280 3292 390 3346 dici
420 3289 607 3360 possit.
639 3286 721 3341 Ad
745 3285 864 3339 haec
890 3296 1019 3337 vero
1044 3282 1091 3335 is
1114 3321 1129 3345 ,
1156 3293 1315 3349 quem
1347 3277 1398 3331 in
1419 3277 1599 3347 priore
1623 3272 1886 3344 pzirzcnesi

282 3384 577 3453 all0quitur
609 3380 1031 3450 Chrysostomus
1054 3415 1071 3440 ,
1100 3373 1153 3427 in
1180 3380 1365 3442 aperta
1406 3370 1531 3423 vitia
1568 3377 1622 3422 et
1662 3366 1885 3420 erimina

282 3481 643 3546 proruperat,
671 3480 731 3526 ut
759 3485 827 3525 ex
868 3469 1030 3522 variis
1063 3464 1324 3521 orationis
1348 3462 1479 3517 locis
1503 3460 1791 3529 colligitur.
1819 3460 1889 3512 At

282 3584 395 3624 non
422 3581 663 3637 eousque
690 3561 943 3633 perniciei
971 3560 1263 3615 devenerat
1291 3554 1609 3611 Theodorus
1642 3552 1891 3622 Mepsuc-

280 3669 490 3725 stenus,
511 3658 598 3729 qui
615 3657 658 3711 si
678 3656 787 3725 jam
809 3652 1105 3722 baptizatus
1124 3650 1175 3705 in
1192 3664 1255 3704 ea
1275 3647 1499 3703 crimina
1519 3646 1702 3716 lapsus
1721 3652 1885 3709 esset,

282 3764 621 3823 nequaquam
646 3746 907 3816 potuisset
922 3742 1215 3798 secundum
1242 3752 1479 3794 canones
1500 3738 1553 3792 in
1573 3735 1887 3808 episcopum

281 3855 471 3915 postea
496 3838 759 3909 coepturi.
789 3858 808 3890 ι

357 3934 486 3990 llaec
532 3930 907 3988 Tillemontius
930 3970 946 3994 ,
975 3929 1063 3998 qui
1093 3942 1226 3982 sane
1265 3940 1371 3981 non
1420 3924 1799 3981 animadvertit
1829 3938 1889 3979 se

278 4045 409 4085 cum
452 4010 842 4097 Cltrysostomo
882 4022 1000 4092 ipso
1050 4034 1308 4091 pugnare.
1354 4018 1631 4088 Siquidem
1684 4018 1735 4071 in
1784 4016 1889 4071 line

278 4118 538 4176 secunda:
565 4115 806 4186 epistolae
830 4156 845 4180 ,
874 4129 1036 4186 quam
1065 4112 1132 4166 ad
1172 4111 1514 4167 Theodorum
1557 4110 1889 4180 Mopsuestia-

280 4228 414 4267 num
444 4211 668 4266 missmn
698 4205 1075 4262 Tillemontius
1104 4204 1219 4275 ipse
1250 4202 1466 4271 fatetur,
1487 4217 1546 4257 se
1568 4217 1674 4257 non
1702 4217 1885 4267 unam,

279 4303 383 4359 sed
414 4301 613 4357 multas
632 4299 795 4355 etiam
823 4297 1080 4369 epistolas
1105 4297 1172 4350 ad
1197 4294 1447 4349 eumdem
1478 4294 1688 4347 misisse
1708 4292 1765 4347 S.
1794 4294 1889 4347 do-

278 4404 403 4451 ctor
440 4391 761 4449 testiﬁcatur
803 4388 886 4443 liis
923 4387 1105 4443 verbis
1135 4404 1148 4439 :
1184 4386 1307 4441 Scio
1349 4401 1429 4440 me
1457 4387 1626 4456 justos
1664 4384 1890 4453 epistola:

280 4488 472 4542 limites
522 4484 792 4539 excessisse
820 4498 839 4535 :
867 4497 1039 4536 verum
1089 4481 1332 4549 ignosce;
1376 4494 1479 4531 non
1529 4478 1663 4532 enim
1716 4476 1890 4530 lubens

280 4582 383 4634 hoc
407 4577 510 4650 egi,
537 4575 626 4633 sed
654 4574 842 4628 amoris
867 4572 1153 4640 dolorisque
1172 4569 1220 4623 ui
1245 4569 1539 4639 compulsus
1562 4584 1578 4620 :
1598 4582 1696 4638 quo
1727 4577 1889 4621 motus

279 4668 477 4735 alfectu
514 4666 638 4721 mihi
668 4666 770 4720 vim
798 4664 948 4718 intuli
973 4672 1026 4715 ut
1057 4662 1210 4715 etiam
1239 4661 1371 4714 hanc
1398 4659 1668 4714 scriberem
1697 4658 1888 4730 episto-

280 4765 427 4829 lam,
457 4759 738 4815 vetantibus
780 4756 896 4809 licet
935 4754 1107 4809 multis
1140 4770 1201 4806 ac
1238 4751 1518 4807 dicentibus
1546 4766 1565 4805 :
1589 4750 1771 4805 Finem
1807 4752 1890 4821 [ac

281 4868 416 4907 vane
448 4849 717 4905 laborandi
756 4863 817 4900 ac
842 4848 897 4900 in
928 4848 1081 4916 petris
1110 4844 1329 4899 serendi.
1366 4842 1477 4914 Ego
1505 4852 1673 4896 autem
1704 4841 1891 4897 nemini

281 4958 469 4997 autem
506 4939 702 5012 prabui
726 4954 745 4994 :
771 4954 886 5008 spes
919 4936 1053 4991 enim
1080 4943 1153 4990 est
1176 4975 1193 5001 ,
1223 4934 1452 4988 dicebam
1480 4933 1621 5005 apud
1649 4950 1761 4999 me,
1797 4931 1891 4987 Dei

282 5031 483 5085 auxilio
526 5030 700 5084 literas
740 5028 931 5099 aliquid
982 5028 1275 5096 profuturas
1313 5041 1438 5080 esse.
1471 5024 1550 5080 Ex
1594 5025 1790 5095 quibus
1828 5026 1895 5080 li-

280 5134 419 5203 quet
461 5123 657 5179 multas
684 5136 715 5176 a
753 5119 1137 5193 Clirysostomo
1178 5118 1246 5173 ad
1288 5117 1633 5173 Theodorum
1662 5118 1891 5195 lapsum

282 5192 487 5274 missas
520 5214 775 5286 epistolas
804 5215 971 5269 fuisse
1000 5232 1013 5267 :
1046 5213 1189 5283 quod
1232 5212 1496 5268 indicatur
1536 5212 1619 5267 liis
1662 5192 1843 5267 verbis
1874 5230 1888 5265 :

281 5312 391 5365 vim
437 5308 562 5362 mihi
606 5308 756 5360 intuli
800 5316 854 5359 ut
892 5306 1043 5359 etiam
1090 5305 1221 5358 hanc
1273 5304 1540 5358 scriberem
1587 5305 1888 5375 epistolam;

279 5400 432 5474 quod
483 5400 761 5455 declarant
803 5398 965 5453 etiam
1012 5397 1128 5452 hzec
1177 5396 1473 5451 amicorum
1519 5395 1907 5469 Ciirysostomi

281 5498 428 5553 dicta
465 5515 479 5549 :
512 5492 696 5549 Finem
722 5495 804 5563 fac
829 5506 955 5545 vane
984 5490 1250 5544 laborandi
1281 5497 1432 5559 atque
1456 5489 1509 5542 in
1536 5489 1692 5558 petris
1720 5506 1892 5543 seren-

281 5590 364 5644 di.
396 5588 603 5657 Quibus
628 5594 777 5640 certe
815 5583 1054 5639 innuitur
1091 5597 1199 5636 non
1237 5596 1396 5636 unam
1425 5580 1723 5636 alteramve
1753 5622 1767 5645 ,
1798 5581 1891 5636 sed

282 5680 486 5737 multas
505 5675 759 5747 epistolas
782 5690 812 5729 a
832 5674 1219 5744 Chrysostomo
1239 5673 1303 5725 ad
1326 5671 1668 5727 Theodorum
1688 5672 1893 5741 lapsum

285 5776 481 5831 missas
511 5771 677 5826 fuisse
703 5789 719 5825 :
749 5777 974 5840 quarum
1004 5767 1199 5838 prima,
1222 5782 1342 5838 qua:
1366 5776 1450 5823 est
1478 5766 1770 5836 partrnesis
1798 5764 1889 5821 illa

1797 320 2132 379 MOSITUM.
2224 398 2229 401 ἓ
3493 333 3598 387 sit

2005 437 2247 510 longior,
2278 450 2334 495 et
2362 451 2631 511 postrema
2660 452 2966 513 supersunt.
3001 443 3126 499 Ruit
3157 444 3337 515 itaque
3374 444 3501 501 illud
3533 463 3596 501 ex

2000 530 2308 599 Sozomeni,
2330 532 2582 606 Hesycliii
2611 545 2663 591 ct
2682 534 2953 590 Theodori
2979 535 3328 592 Caesariensis
3357 539 3595 591 testium-

2001 622 2090 674 nio
2136 619 2478 693 desumptum
2504 636 2901 696 argumentum,
2932 627 3020 697 qui
3068 642 3231 681 unam
3277 638 3481 683 tantum
3531 630 3597 683 ad

1999 712 2343 771 Theodorum
2369 714 2801 785 Morisuestenum
2831 719 3038 790 lapsum
3073 728 3374 774 memorant
3400 724 3601 790 episto-

2000 802 2127 870 lam,
2156 821 2383 874 quorum
2411 808 2571 862 etiam
2609 819 2912 878 postremus
2936 810 3116 879 potius
3143 811 3368 879 primam
3394 851 3409 877 ,
3438 828 3597 883 quam

1998 896 2289 952 secundam
2322 899 2619 967 parmnesin
2660 900 2898 956 indicare
2933 900 3177 965 videtur,
3204 902 3278 956 uti
3308 901 3420 971 jam
3462 904 3600 957 dixi-

1998 1006 2145 1045 mus.‘
2181 992 2308 1048 Ruit
2336 994 2497 1049 etiam
2540 996 2668 1052 illud
2697 996 2838 1067 quod
2879 997 3065 1066 adjicit
3094 997 3469 1054 Tillemontius
3495 986 3598 1062 {in

1999 1093 2187 1137 neutra
2228 1086 2453 1141 alteram
2488 1089 2600 1156 jam
2627 1088 2805 1144 datam
2839 1088 3058 1145 indicari
3089 1089 3255 1163 (unde
3279 1100 3462 1147 tamen
3492 1106 3598 1145 non

1998 1175 2156 1231 video
2190 1177 2317 1248 quid
2362 1177 2547 1235 inferri
2574 1180 2766 1253 possit)
2795 1197 2809 1246 ;
2845 1182 2897 1236 in
2936 1184 3169 1239 secunda
3219 1200 3449 1255 namque
3477 1185 3600 1240 alim

1997 1277 2152 1323 antea
2180 1270 2320 1325 data:
2346 1281 2736 1341 memorantur,
2760 1284 2814 1329 et
2838 1275 2890 1329 in
2916 1274 2980 1329 iis
3002 1275 3139 1330 haud
3161 1276 3320 1332 dubie
3344 1254 3453 1342 illa,
3478 1294 3599 1349 qua!

1997 1358 2170 1427 prima
2202 1361 2417 1430 prodiit.

2068 1451 2219 1506 Circa
2266 1454 2417 1509 illum
2453 1466 2633 1511 autem
2676 1458 2926 1529 superius
2965 1459 3184 1514 allatum
3221 1460 3598 1534 Clirysostomi

1997 1539 2171 1597 locum
2220 1545 2466 1613 qutcdam
2512 1548 2850 1603 observanda
2891 1558 3035 1604 sunt.
3066 1549 3331 1605 Nimirqu
3377 1567 3500 1608 cum
3544 1554 3598 1608 in

1998 1635 2177 1702 priore
2204 1635 2293 1688 illa
2338 1638 2598 1704 paramesi
2635 1638 2879 1709 longiore
2923 1639 3347 1712 Cbrysostomus
3391 1644 3597 1710 omnia,

1997 1738 2114 1793 quae
2144 1723 2212 1779 ad
2239 1725 2581 1783 Theodorum
2627 1730 2693 1783 ad
2733 1731 3058 1797 stationem,
3084 1742 3142 1787 ut
3166 1734 3241 1788 ait
3284 1736 3408 1802 ille,
3436 1736 3599 1791 redu-

1996 1816 2225 1869 cendum
2263 1829 2562 1886 opportuna
2597 1826 2751 1875 erant
2771 1863 2786 1887 ,
2816 1822 3155 1879 exhausisset
3185 1841 3200 1878 :
3232 1825 3285 1878 in
3320 1828 3599 1896 sequenti-

1996 1907 2097 1962 bus
2147 1910 2391 1977 epistolis
2446 1911 2514 1966 ad
2574 1912 2714 1967 idem
2767 1917 3099 1986 propositum
3157 1917 3597 1986 pertinentibus.

1995 1999 2261 2053 dictorum
2303 2004 2620 2057 memoriam
2666 2003 2901 2059 breviter
2946 2006 3234 2061 refricabat
3263 2048 3278 2074 ,
3307 2011 3601 2080 paucisque

1994 2090 2177 2146 verbis
2236 2092 2493 2161 epistolas
2560 2094 2777 2151 texebat
2830 2111 2845 2147 :
2905 2095 3136 2165 indeque
3192 2106 3277 2152 est
3336 2099 3481 2168 quod
3546 2101 3601 2155 in

1997 2194 2269 2254 postrema
2294 2184 2639 2240 Theodorum
2664 2195 2816 2257 rogat
2841 2227 2856 2253 ,
2891 2187 3131 2258 ignoscat
3167 2189 3268 2243 sibi
3311 2190 3356 2244 si
3397 2192 3601 2260 episto-

1997 2276 2064 2331 la:
2092 2276 2292 2331 limites
2332 2278 2658 2342 excesserit;
2698 2294 2803 2333 non
2850 2280 2994 2334 enim
3038 2278 3155 2343 base
3196 2278 3265 2335 de
3306 2282 3604 2351 posteriore

1998 2367 2260 2438 paraenesi
2287 2408 2303 2435 ,
2337 2367 2381 2421 si
2427 2368 2591 2438 priori
2630 2377 3007 2437 comparetur,
3036 2368 3141 2425 dici
3183 2379 3445 2439 possunt;
3479 2385 3603 2425 nam

1996 2459 2115 2535 haec
2141 2460 2409 2529 posterior
2429 2500 2444 2525 ,
2476 2459 2601 2514 licet
2621 2459 2866 2528 epistolis
2890 2459 3350 2529 praecedentibus,
3380 2470 3438 2516 ut
3466 2465 3605 2518 veri.

1996 2550 2170 2606 simile
2196 2558 2295 2616 est,
2323 2549 2553 2619 longior,
2582 2548 2795 2605 nonnisi
2822 2549 3200 2619 compendium
3231 2550 3425 2621 prioris
3452 2553 3602 2606 vitle~

1999 2652 2083 2694 1111⁸
2103 2656 2245 2696 CSSO.

2072 2733 2248 2804 Pergit
2286 2732 2658 2788 Tillemontius
2680 2774 2695 2800 ,
2719 2748 2817 2788 cur
2844 2733 2896 2787 in
2925 2734 3123 2803 prioris
3165 2735 3395 2791 decursu
3420 2735 3604 2793 Theo-

1998 2825 2189 2881 dorum
2211 2840 2500 2896 numquam
2518 2826 2805 2897 compellat
2820 2826 3237 2897 Chrysostomus
3262 2845 3275 2881 :
3300 2826 3353 2882 in
3375 2843 3602 2899 sequen-

1998 2917 2066 2971 tis
2090 2931 2220 2971 vero
2254 2915 2484 2972 decursu
2520 2917 2767 2971 eumdem
2812 2930 2956 2985 srcpe
2987 2931 3083 2970 suo
3115 2918 3332 2973 nomine
3366 2921 3602 2989 compel-

1996 3007 2111 3063 lat?
2136 3007 2229 3063 Cui
2269 3022 2369 3079 ego
2395 3006 2542 3063 nullo
2580 3006 2793 3078 negotio
2818 3022 3073 3077 reponam
3104 3023 3117 3060 :
3147 3007 3255 3063 Cur
3275 3012 3326 3063 in
3352 3010 3602 3078 epistola-

1994 3115 2114 3155 rum
2140 3100 2208 3155 ad
2237 3098 2605 3171 Olympiadem
2629 3116 2729 3153 una
2753 3099 2837 3155 vel
2858 3099 3026 3154 altera
3049 3098 3219 3167 ipsam
3249 3113 3349 3153 suo
3382 3101 3600 3154 nomine

1994 3181 2303 3261 compellat,
2325 3188 2759 3262 Chrysostomus,
2786 3190 2837 3243 in
2864 3189 2982 3243 aliis
3006 3203 3133 3243 vero
3153 3198 3206 3243 et
3226 3191 3523 3259 pra-serum
3549 3191 3603 3244 in

1993 3283 2167 3352 aliqua
2189 3298 2392 3345 earum,
2420 3298 2538 3351 qum
2562 3280 2773 3335 caeteris
2801 3280 3011 3351 longior
3036 3290 3140 3345 est,
3168 3280 3413 3335 eamdem
3441 3296 3599 3335 num-

1994 3391 2153 3447 quam
2185 3374 2467 3443 compellat
2490 3373 2515 3426 ?
2539 3372 2644 3428 Sed
2676 3386 2932 3443 quorsum
2974 3370 3188 3426 aliunde
3224 3372 3469 3441 exempla
3507 3387 3596 3426 re-

1994 3458 2274 3537 petamus?
2294 3464 2795 3521 LicctTillemontio
2811 3461 3234 3519 concederemus
3254 3462 3599 3518 Theodorum

1995 3559 2170 3624 illum,
2203 3557 2269 3612 ad
2301 3572 2458 3627 quem
2487 3557 2635 3626 prior
2660 3555 2891 3610 mittitur
2912 3554 3207 3625 partenesis
3230 3596 3245 3622 ,
3277 3556 3443 3609 alium
3476 3570 3600 3611 esse

1994 3666 2023 3705 a
2055 3650 2452 3721 Mopsuesteno,
2481 3648 2566 3703 cui
2599 3647 2835 3703 secunda
2862 3646 3110 3717 dirigitur
3142 3663 3157 3700 :
3188 3661 3369 3701 annon
3406 3648 3597 3703 eadem

1993 3757 2209 3813 semper
2232 3740 2461 3812 qurcstio
2486 3736 2699 3794 moveri
2727 3746 2943 3808 posset,
2976 3753 3073 3791 cur
3096 3737 3303 3791 scilicet
3338 3738 3391 3791 in
3422 3750 3601 3808 poste-

1994 3838 2138 3892 riore
2158 3850 2300 3905 sa~pe
2317 3831 2660 3889 Theodorum
2682 3829 2989 3900 compellet,
3009 3830 3061 3884 in
3084 3829 3261 3898 priore
3288 3832 3602 3898 numquam!

1994 3928 2094 3985 Hic
2119 3925 2477 3997 compellendi
2504 3922 2697 3979 modus
2722 3939 2789 3977 ex
2814 3936 2924 3976 uno
2944 3920 3145 3993 pendet
3174 3920 3398 3976 arbitrio
3424 3940 3437 3974 :
3464 3938 3601 3975 unus

1994 4020 2411 4091 Chrysostomus
2430 4016 2610 4071 dicere
2636 4021 2815 4084 posset
2844 4055 2857 4073 ,
2882 4027 2981 4066 cur
3000 4011 3159 4066 modo
3178 4012 3598 4081 compellaverit,

1996 4110 2159 4166 modo
2202 4125 2232 4163 a
2275 4104 2651 4178 compellando
2675 4102 2998 4160 abstinuerit
3028 4118 3041 4156 :
3072 4103 3117 4156 si
3146 4111 3325 4156 tamen
3370 4103 3601 4157 consilio

1996 4204 2127 4260 illud
2148 4204 2337 4273 egerit,
2364 4216 2469 4255 non
2496 4214 2623 4253 vero
2652 4212 2803 4263 casu,
2840 4204 2999 4266 prout
3028 4195 3073 4249 is
3096 4195 3179 4248 vel
3209 4195 3349 4250 alius
3383 4194 3599 4251 dicendi

1996 4293 2189 4347 modus
2215 4305 2334 4347 sese
2360 4289 2524 4345 menti
2556 4288 2836 4343 olTerebat.

2067 4384 2186 4440 Jam
2230 4382 2298 4437 ad
2330 4380 2739 4445 validissimum,
2787 4387 2843 4433 ut
2871 4385 3023 4448 putat
3063 4374 3460 4441 Tillemontius,
3500 4375 3597 4432 deo

1998 4477 2301 4549 pellendum
2329 4475 2495 4530 telum
2527 4484 2899 4544 prepercmus.
2932 4469 3253 4525 Theodorus
3280 4470 3333 4524 in
3364 4472 3599 4525 secunda

1996 4568 2219 4641 epistola
2249 4574 2577 4623 memoratus
2604 4562 2841 4618 nondum
2868 4561 3187 4632 vigesimum
3217 4560 3469 4631 attigerat
3496 4576 3590 4615 an-

1996 4676 2161 4726 num;
2191 4668 2377 4715 contra
2406 4670 2555 4723 vero,
2589 4656 2704 4725 ipso
2742 4663 2960 4709 auctore
2994 4653 3407 4724 Clirysostomo,
3456 4654 3502 4707 is
3533 4655 3601 4709 ad

1997 4769 2157 4825 quem
2190 4752 2337 4821 prior
2362 4749 2652 4819 parmnesis
2694 4747 2941 4812 mittitur,
2986 4759 3159 4799 annos
3200 4745 3325 4800 vita
3359 4744 3602 4815 reliquos

1999 4859 2106 4900 non
2147 4842 2268 4914 plus
2296 4838 2681 4912 quinquaginta
2724 4850 2944 4906 sperare
2989 4843 3221 4906 poterat,
3257 4835 3420 4891 etiam
3455 4837 3502 4890 si
3534 4839 3599 4891 ad

1998 4946 2299 4993 extremam
2345 4931 2732 5004 provelieretur
2780 4934 3138 4994 senectutem,
3184 4925 3327 4996 quod
3375 4926 3447 4982 de
3486 4928 3605 4981 viro

1999 5039 2205 5085 tantum
2236 5026 2347 5081 fere
2376 5022 2806 5096 quadragenario
2848 5021 2955 5077 dici
2997 5020 3189 5089 possit.
3220 5019 3363 5074 Vere
3385 5018 3602 5090 quidem

2000 5122 2075 5175 ait
2121 5119 2539 5191 Chrysostomus
2590 5117 2643 5169 in
2699 5113 2933 5170 secunda
2976 5112 3202 5182 epistola
3257 5112 3603 5168 Theodorum

2002 5211 2238 5266 nondum
2277 5209 2590 5279 vigesimum
2634 5206 2877 5276 attigisse
2906 5218 3105 5258 annum
3134 5221 3147 5257 :
3178 5203 3231 5258 in
3265 5203 3437 5274 prima
3474 5216 3603 5273 vero

2002 5306 2151 5360 locus
2188 5301 2347 5373 paulo
2376 5315 2533 5355 secus
2562 5299 2719 5353 habet
2740 5312 2898 5369 quam
2927 5295 3301 5350 Tillemontius
3327 5294 3601 5349 extulerit.

2002 5393 2091 5450 Sic
2115 5394 2331 5463 legitur,
2353 5408 2405 5445 n.
2434 5391 2522 5457 10,
2554 5384 2695 5445 circa
2723 5388 2889 5443 linem
2912 5405 2923 5441 :
2944 5387 3145 5453 Quanto
3169 5397 3392 5456 tempore
3415 5386 3489 5439 uis
3518 5385 3602 5439 tibi

2004 5486 2263 5557 pra'senlis
2290 5485 2405 5539 vitte
2430 5499 2657 5548 usuram,
2688 5481 2821 5545 sive,
2848 5488 2905 5535 ut
2934 5480 3001 5533 ita
3036 5480 3244 5549 loquar,
3272 5478 3601 5543 fruitionem,

2004 5578 2247 5633 extendi?
2271 5575 2523 5646 Equidem
2552 5592 2654 5628 non
2685 5582 2805 5645 puto
2836 5573 2925 5627 tibi
2970 5573 3089 5641 plus
3112 5569 3485 5642 quinquaginta
3510 5585 3604 5623 an-

2003 5672 2081 5724 nis
2109 5670 2221 5724 vitae
2249 5684 2530 5739 superesse,
2564 5675 2617 5720 ut
2654 5666 2721 5718 ad
2759 5676 3034 5719 extremam
3061 5671 3371 5717 senectutem
3400 5659 3598 5715 uenias.

2005 5765 2061 5820 ω
2105 5773 2206 5829 est,
2251 5763 2293 5819 si
2338 5775 2510 5817 annos
2559 5760 2733 5816 adhuc
2760 5756 3143 5831 quinquaginta
3177 5753 3405 5824 vixeris,
3435 5764 3599 5810 tanta:
