4276 6316
694 363 801 418 9.75

692 478 982 533 senectutis
1006 475 1134 542 eris,
1166 482 1225 529 ut
1250 472 1373 527 vitrc
1398 471 1624 526 fructum
1651 474 1705 521 et
1731 464 2057 535 voluptatem
2089 474 2281 528 capere

694 584 799 622 non
829 564 1019 637 possis.
1049 565 1181 632 Quis
1210 560 1365 634 neget
1392 562 1507 616 lucc
1533 555 2007 627 vicenariojuveui
2036 554 2285 623 apposite

695 662 795 713 dici
829 660 1017 727 posse?
1043 658 1185 712 Sane
1212 657 1295 710 vix
1330 669 1522 722 capere
1567 652 1766 722 possim
1794 647 2063 720 quomodo
2094 661 2158 702 ex
2195 646 2284 699 tali

693 752 835 804 dicto
866 750 1101 819 potuerit
1138 746 1513 802 Tillemontitts
1557 754 1794 798 statuere
1827 740 2019 804 virum,
2054 738 2139 793 cui
2171 736 2285 791 lucc

692 845 957 907 dicantur,
1004 858 1137 913 pene
1174 838 1652 911 quadragenarium
1698 833 1930 890 essezsi
1985 847 2049 885 ex
2096 830 2284 898 hujus-

685 936 837 1002 ,modi
878 935 1051 990 verbis
1098 932 1498 1000 clitonologiam
1553 938 1868 991 statuamus,
1929 939 2175 994 magnam
2230 923 2282 976 in

691 1035 989 1097 temporum
1036 1023 1242 1079 ratione
1284 1022 1746 1091 perturbationem
1796 1016 2099 1073 alfcremus.
2144 1013 2281 1081 Quid

689 1117 920 1186 exempli
950 1131 1109 1170 causa
1142 1113 1211 1170 de
1231 1124 1387 1169 (etate
1414 1113 1669 1167 Anthusae
1695 1107 2067 1181 Chrysostomi
2096 1107 2280 1160 matris

688 1204 951 1275 quispiam
984 1205 1196 1267 dixerit,
1228 1205 1273 1259 si
1303 1204 1445 1257 illam
1484 1203 1535 1256 in
1578 1203 1727 1256 libris
1757 1201 1824 1255 de
1862 1197 2175 1254 Sacerdotio
2202 1198 2280 1251 sic

688 1299 995 1369 loquentem
1040 1296 1217 1351 audiat
1246 1313 1259 1350 :
1292 1295 1405 1350 Nos
1444 1312 1559 1350 vero
1597 1311 1738 1349 senes
1775 1294 1903 1348 nilail
1947 1292 2088 1346 aliud
2126 1306 2279 1359 quant

691 1402 900 1446 mortem
920 1401 1285 1459 exspectamus.
1306 1392 1495 1444 Annon
1518 1389 1658 1441 illam
1682 1387 1791 1440 fere
1816 1384 2277 1455 septuagenariam

688 1481 1145 1553 pronuntiaverit?
1176 1480 1334 1550 Atqui
1382 1480 1493 1542 illa,
1528 1488 1585 1533 ut
1614 1486 1818 1532 certum
1847 1485 1957 1539 est,
1987 1488 2042 1529 et
2084 1474 2278 1528 fatetur

687 1577 802 1643 ipse
826 1573 1222 1635 Tillemontius,
1253 1568 1487 1624 nondum
1506 1568 1970 1639 quadragesimum
1988 1565 2274 1634 septimum

590 1652 595 1657 ’
687 1665 856 1717 :etatis
868 1677 1064 1716 annum
1082 1674 1297 1716 emensa
1314 1668 1565 1714 eratcum
1584 1658 1695 1712 hare
1711 1658 1914 1711 diceret
1934 1674 1945 1709 :
1963 1670 2129 1725 usque
2143 1654 2276 1718 adeo

688 1768 873 1808 rerum
906 1763 986 1807 est
1017 1768 1121 1806 non
1153 1766 1309 1821 posse
1337 1766 1404 1805 ex
1434 1750 1695 1820 ejusmodi
1722 1748 1877 1803 dictis
1907 1755 2275 1807 certamJem-

686 1845 831 1913 poris
857 1854 1037 1899 notam
1055 1843 1266 1898 deduci.
1286 1843 1467 1912 Neque
1494 1858 1592 1897 nos
1610 1850 1817 1896 moveat
1844 1855 1967 1905 vos,
1990 1849 2100 1909 πρὸς
2130 1845 2275 1906 ἔσκα-

685 1958 764 1990 τον
781 1952 945 2004 γῆρας,
968 1936 1037 1988 ad
1059 1945 1330 1988 extremam
1358 1944 1657 1988 senectutem
1685 1949 1703 1985 :
1724 1933 1866 1986 illam
1894 1932 2090 2000 quippe
2120 1944 2274 1983 usur-

686 2044 813 2095 pare
860 2028 998 2083 solet
1042 2025 1476 2098 Chrysostomus,
1520 2042 1623 2079 non
1673 2039 1766 2094 pro
1805 2022 2075 2091 decrepita
2120 2036 2274 2075 sene-

680 2129 848 2187 etute,
876 2135 996 2175 cum
1034 2120 1151 2189 quis
1178 2119 1325 2173 verbi
1354 2119 1519 2187 gratia
1550 2117 1620 2171 ita
1648 2131 1908 2169 annorum
1936 2114 2077 2168 mole
2106 2113 2273 2167 obru-

685 2222 769 2266 tus
795 2222 897 2273 est,
932 2220 988 2265 ut
1013 2211 1121 2279 jam
1151 2224 1402 2263 sensuum
1435 2224 1533 2263 usu
1560 2222 1696 2278 pene
1722 2207 2029 2271 destitutus,
2064 2220 2183 2258 mox
2216 2205 2271 2258 in

680 2302 981 2372 sepulcrum
1028 2302 1097 2355 sit
1141 2300 1468 2363 inferendus,
1512 2310 1567 2354 ut
1611 2308 1734 2352 sunt
1778 2298 2121 2366 octogenario
2160 2312 2274 2350 ma-

681 2396 825 2462 jores
854 2401 907 2447 et
934 2392 1307 2462 nonagenarii;
1341 2390 1434 2444 sed
1460 2404 1556 2459 pro
1582 2390 1710 2444 viris
1735 2390 1822 2458 qui
1852 2388 2027 2442 adhuc
2057 2388 2270 2457 negotia

682 2482 1078 2544 administrare,
1130 2490 1183 2533 et
1232 2496 1419 2549 magna
1470 2488 1689 2548 possunt
1730 2480 1906 2533 ol'lieia
1964 2493 2267 2546 capessere.

681 2575 770 2629 Sic
801 2574 867 2629 de
907 2572 1220 2628 Sacerdotio
1250 2571 1339 2626 lib.
1388 2572 1441 2634 ὅ,
1473 2585 1523 2639 p.
1567 2571 1692 2635 595,
1735 2571 1825 2625 ubi
1870 2570 2001 2623 dicit
2038 2585 2151 2633 eos,
2180 2569 2269 2638 qui

680 2680 799 2720 cum
833 2664 989 2718 laude
1029 2664 1079 2717 in
1124 2663 1430 2717 ministeriis
1471 2662 1766 2715 minoribus
1810 2663 1971 2715 vitam
2020 2670 2264 2731 egerunt,

680 2755 772 2809 ubi
809 2755 873 2809 ad
912 2763 1242 2809 senectutem
1274 2752 1560 2818 devenere,
1595 2767 1699 2806 non
1745 2742 1865 2806 esse
1914 2768 2129 2820 semper
2159 2767 2270 2820 prie

682 2844 1112 2913 aliisjunioribus
1134 2844 1183 2896 in
1204 2843 1568 2911 episeOpatum
1591 2842 1916 2907 evehendos,
1938 2843 2037 2896 nisi
2056 2841 2271 2897 aliunde

684 2934 861 2989 idonei
892 2934 1116 2997 fuerint;
1147 2933 1218 2986 ibi
1250 2933 1414 2986 utitur
1439 2932 1625 2986 eadem
1662 2948 1792 2987 voce
1818 2933 1868 2985 in
1896 2941 2168 2986 extremam
2193 2948 2272 2986 se-

682 3035 927 3079 nectutem
973 3024 1223 3095 perreait;
1270 3031 1325 3076 et
1368 3023 1503 3076 infra
1539 3023 1604 3076 de
1650 3023 1838 3077 iisdem
1886 3024 1938 3076 in
1987 3033 2270 3093 provectam

680 3123 1000 3169 senectutem.
1030 3114 1229 3181 Quibus
1273 3129 1403 3168 sane
1445 3120 1501 3165 et
1537 3114 1999 3182 septuagenarios,
2033 3121 2087 3167 et
2134 3113 2270 3169 forte

681 3203 1104 3273 septuagenariis
1136 3204 1371 3256 minores
1418 3205 1451 3255 ii
1476 3203 1685 3273 telligit,
1733 3213 1790 3257 ut
1831 3219 1990 3258 nemo
2019 3197 2271 3258 cordatus

684 3310 791 3349 non
818 3293 1031 3360 videat;
1059 3310 1177 3349 nam
1214 3295 1303 3364 qui
1335 3296 1555 3349 omnino
1584 3295 1840 3364 decrepiti
1879 3304 2023 3359 sunt,
2059 3311 2125 3349 eo
2156 3297 2272 3363 ipso

684 3401 790 3441 non
834 3396 955 3439 sunt
984 3386 1180 3439 idonei.
1212 3385 1474 3441 Similiter
1504 3386 1660 3441 llorn.
1694 3388 1727 3441 5
1757 3387 1824 3441 de
1866 3388 2065 3442 Statuis
2097 3389 2268 3456 initio,

683 3492 803 3529 cum
846 3475 1130 3530 Flavianus
1170 3477 1451 3545 cpiscopus
1492 3478 1848 3533 Theodosium
1893 3478 2271 3547 Imperatorem

683 3569 949 3637 placatum
978 3568 1128 3632 adiit,
1158 3567 1227 3621 de
1264 3568 1354 3622 illo
1377 3570 1448 3622 ait
1474 3568 1909 3640 Cluysostomus.
1952 3581 2074 3625 tutas
2100 3573 2169 3625 ad
2193 3572 2273 3626 ul—

684 3659 859 3711 timam
888 3669 1116 3726 provecta
1164 3668 1481 3711 senectutem.
1514 3660 1668 3729 Atqui
1698 3660 1987 3715 secundum
2031 3661 2271 3733 Chryso-

690 3762 922 3806 stomnm
956 3750 1127 3819 ipsum
1160 3751 1344 3820 elapso
1374 3753 1532 3805 etiam
1562 3753 1789 3823 quodam
1818 3756 1885 3807 ab
1917 3756 2004 3810 illa
2036 3756 2273 3812 Flaviani

685 3839 948 3907 legatione
986 3839 1052 3892 ad
1098 3840 1455 3895 Theodosium
1498 3851 1758 3909 tempore,
1806 3844 2093 3900 Flavianus
2136 3863 2272 3902 non-

683 3928 809 3981 dum
842 3940 1156 3997 pervenerat
1186 3930 1251 3984 ad
1284 3941 1493 3985 aetatem
1529 3932 1767 3995 S..Petri
1800 3936 2061 4003 Apostoli.
2091 3936 2274 4007 Siqui—

687 4020 809 4074 dem
847 4021 898 4073 in
941 4021 1135 4073 llomil.
1164 4021 1198 4074 5
1232 4022 1282 4073 in
1311 4022 1636 4091 Principium
1681 4024 1932 4078 Actorum
1972 4028 2273 4082 orationem

685 4109 940 4164 claudens
959 4108 1372 4181 Chrysostomus
1405 4112 1657 4166 Flaviano
1687 4130 1852 4168 annos
1879 4120 2050 4173 :ct’atis
2086 4120 2142 4173 S.
2179 4121 2277 4176 Pc-

686 4202 752 4254 tri
785 4200 1025 4271 Apostoli
1053 4210 1389 4270 apprecatur,
1436 4213 1711 4271 postquam
1756 4206 1904 4260 illum
1948 4218 2074 4264 ante
2111 4226 2275 4265 unum

684 4292 874 4347 saltem
905 4306 1099 4345 annum
1125 4292 1232 4359 jam
1259 4291 1323 4344 ad
1365 4303 1657 4347 extremam
1700 4305 2053 4359 senectutem,
2084 4315 2274 4367 perve-

686 4386 830 4438 nisse
872 4381 1080 4436 dixerat
1124 4383 1255 4450 :qui
1300 4381 1583 4437 Flavianus
1635 4388 1793 4440 etiam
1843 4397 1963 4455 post
2016 4388 2158 4443 illam
2205 4390 2274 4444 ad

686 4471 1047 4528 Theodosium
1092 4472 1411 4541 legationem
1460 4476 1612 4528 annis
1657 4478 2036 4544 septemdecim
2083 4482 2274 4535 Antio-

686 4561 874 4615 cltenze
899 4558 1107 4630 praeluit
1144 4560 1398 4617 Ecclesiae
1425 4578 1437 4612 :
1466 4571 1543 4617 tot
1585 4564 1726 4618 enim
1776 4575 2125 4623 numerantur
2150 4570 2273 4625 anni

687 4654 758 4706 ab
797 4666 936 4706 anno
994 4653 1118 4721 587,
1167 4668 1273 4723 quo
1320 4654 1410 4708 ille
1462 4655 1821 4711 Theodosium
1864 4659 2015 4726 adiit,
2068 4660 2133 4716 ad
2180 4677 2276 4716 an-

688 4760 815 4799 num
844 4744 970 4809 404,
998 4760 1104 4815 quo
1139 4755 1379 4800 mortuus
1405 4755 1683 4801 vacantem
1712 4748 1895 4804 sedem
1930 4751 2161 4823 reliquit.
2204 4755 2276 4808 De

687 4844 846 4892 :etate
873 4851 1030 4905 porro
1059 4836 1174 4905 ejus
1217 4851 1335 4891 cum
1365 4836 1507 4891 diem
1550 4838 1741 4892 clausit
1778 4850 2075 4896 extremum
2110 4845 2272 4912 pluri-

689 4927 792 4982 bus
818 4935 1003 4997 agetur
1030 4928 1081 4981 in
1114 4927 1229 4981 Vita
1258 4926 1644 4999 Chrysostomi.
1673 4929 1737 4984 Et
1768 4930 1963 4986 llomil.
1997 4933 2033 4987 2
2053 4935 2120 4989 de
2153 4936 2278 4991 Poe-

689 5017 909 5073 nitentia
952 5033 1005 5070 u.
1049 5016 1105 5083 2,
1154 5016 1222 5073 de
1252 5017 1448 5074 Davide
1491 5019 1713 5088 tequcns
1753 5019 2165 5093 ChrySOstomus
2203 5028 2278 5082 ait

690 5106 862 5171 illum,
893 5107 1104 5175 quando
1134 5107 1185 5162 in
1227 5109 1546 5163 adulterium
1580 5110 1759 5179 lapsus
1804 5125 1904 5177 est,
1940 5116 1992 5170 in
2036 5128 2276 5172 extrema

688 5198 883 5254 canitie
907 5196 1105 5258 fuisse;
1131 5198 1257 5254 illud
1286 5214 1411 5255 vero
1428 5201 1495 5255 de
1535 5201 1732 5257 Davide
1761 5204 1924 5258 nolim
1948 5221 2043 5275 pro
2069 5217 2277 5263 asserto

689 5287 892 5356 accipi;
924 5288 1017 5341 sed
1046 5298 1105 5341 ut
1131 5306 1287 5344 nemo
1315 5305 1472 5360 Spero
1504 5295 1737 5364 negabit,
1763 5296 1813 5350 id
1855 5299 2132 5366 probatum
2161 5314 2280 5356 eer-

691 5386 909 5448 tumque
941 5392 1067 5434 esse
1108 5380 1356 5447 arbitror,
1397 5382 1837 5455 Chrysostonium
1888 5392 1955 5442 ad
2005 5404 2279 5448 extremam

690 5478 992 5523 senectutem
1050 5472 1245 5540 passim
1298 5473 1594 5544 intelligere
1637 5477 1705 5531 de
1760 5484 2178 5551 septuagenariis
2224 5496 2279 5541 et

690 5558 827 5612 forte
856 5574 1250 5629 nonnumquam
1279 5564 1347 5617 de
1371 5570 1776 5636 septuagenario
1803 5572 2113 5629 minoribus.

761 5648 926 5706 Instat
964 5649 1449 5711 Ti‘llemontiuszls
1494 5673 1651 5726 quem
1696 5660 1747 5713 in
1799 5664 1973 5731 priore
2019 5670 2279 5735 parmnesi

690 5737 979 5811 alloquitur
1005 5742 1440 5816 Chrysostomus,
1492 5747 1545 5801 in
1593 5760 1772 5819 aperta
1810 5754 1933 5812 vitia
1964 5767 2019 5814 et
2053 5759 2276 5817 crimina

2156 338 2488 398 MONITUM.

2399 470 2734 533 proruperat,
2786 471 2843 520 ut
2869 479 2933 519 ex
2965 465 3125 520 variis
3154 465 3410 520 orationis
3439 466 3571 522 locis
3595 466 3865 539 colligitur
3893 489 3909 526 :
3941 482 4001 529 at

2396 572 2502 610 non
2540 570 2780 628 eousque
2819 556 3071 627 perniciei
3101 558 3384 613 devenisse
3427 558 3640 614 videtur
3675 558 4002 618 Theodorus

2394 645 2823 716 Dlopsuestenus,
2873 647 2937 701 ad
2978 663 3135 717 quem
3177 647 3409 702 secunda
3452 650 3681 703 mittitur
3717 650 3993 721 epistola:

2394 738 2484 809 qui
2510 738 2555 792 si
2578 738 2687 807 jam
2719 739 3017 808 baptizatus
3060 739 3112 792 in
3145 754 3206 793 ea
3236 740 3460 795 erimina
3487 740 3669 810 lapsus
3692 752 3857 809 esset,
3892 760 3997 798 ne-

2390 843 2657 898 quaquam
2695 830 2958 899 potuisset
2995 829 3285 885 secundant
3321 847 3556 886 canones
3594 831 3645 886 in
3679 835 3996 904 episcopum

2390 930 2574 990 postea
2636 922 2896 991 eeoptari.
2970 922 3096 976 llwc
3151 924 3299 977 nullo
3361 926 3577 994 negotio
3626 925 3990 995 depelluntur.
4068 990 4073 991 γ

2392 1010 2730 1077 Theodorus,
2761 1012 2850 1081 qui
2896 1026 3109 1066 sacrum
3157 1023 3355 1069 coetum
3396 1014 3731 1083 deseruerat,
3768 1018 3991 1088 negotia

2388 1102 2667 1157 szccularia
2704 1103 2984 1170 traCtabat,
3030 1104 3391 1174 voluptatibus
3418 1105 3630 1161 deditus
3671 1120 3810 1176 erat,
3853 1110 3993 1165 Iler-

2388 1193 2596 1247 miones
2622 1194 2815 1262 puella:
2852 1194 3132 1263 cujusdam
3162 1210 3347 1250 amore
3387 1195 3663 1267 ﬂagrabat.
3694 1197 3812 1253 Non
3840 1200 3994 1255 aliud

2387 1282 2454 1337 de
2482 1283 2770 1339 Theodoro
2799 1287 3003 1340 crimen
3043 1286 3205 1341 refert
3245 1288 3662 1359 Chrysostomus
3693 1308 3704 1341 :
3731 1291 3781 1346 id
3810 1302 3993 1347 tamen

2387 1376 2479 1431 ille
2526 1377 2701 1444 magni
2745 1377 2987 1432 criminis
3034 1379 3152 1432 loco
3202 1379 3401 1434 habere
3452 1380 3664 1435 videtur
3700 1382 3761 1436 in
3810 1384 3996 1452 priore

2386 1468 2665 1538 parmuesi,
2695 1468 2783 1524 ubi
2815 1469 2930 1524 luce
2973 1481 3343 1525 recensentur.
3380 1470 3688 1526 Secundum
3739 1473 3852 1528 haec
3890 1490 3996 1528 au-

2385 1568 2514 1623 tem,
2549 1576 2669 1615 cum
2698 1560 2786 1616 vel
2813 1561 2930 1615 aliis
2957 1560 3334 1628 referentibus,
3359 1562 3442 1616 vel
3472 1578 3567 1633 per
3606 1563 3772 1632 ipsius
3810 1564 3996 1620 Theo-

2382 1650 2497 1704 dori
2543 1651 2725 1706 literas
2764 1654 3080 1722 accepisset,
3120 1651 3462 1709 Theodorum
3510 1652 3630 1708 ideo
3672 1655 3723 1709 in
3771 1657 3994 1725 negotia

2382 1742 2655 1797 saecularia
2699 1757 2757 1797 se
2783 1744 3088 1808 immisisse,
3120 1752 3179 1808 ut
3206 1754 3550 1814 paternarum
3582 1761 3761 1802 rerum
3786 1746 3996 1801 sollici—

2384 1833 2623 1888 tudinem
2660 1844 2891 1904 gereret,
2923 1835 3264 1889 llermioncm
3294 1851 3498 1903 amare,
3526 1847 3583 1891 ut
3608 1854 3726 1893 eam
3761 1837 3993 1894 duceret

2380 1939 2637 1989 uxorem;
2665 1940 2770 1979 non
2818 1927 2979 1980 tantis
3003 1926 3242 1996 quidem,
3276 1928 3487 1997 quantis
3529 1939 3704 1992 antea,
3738 1930 3990 1999 implica-

2383 2023 2492 2069 tum
2526 2016 2678 2070 malis
2704 2015 3050 2071 Theodorum
3080 2032 3201 2073 esse
3229 2019 3469 2088 putavit;
3508 2019 3601 2075 sed
3633 2034 3741 2075 non
3770 2034 3798 2075 a
3823 2022 3992 2091 culpa

2380 2105 2607 2159 liberum
2638 2104 2809 2173 duxit,
2838 2115 2895 2159 ut
2924 2122 3021 2176 per
3049 2116 3214 2162 totam
3255 2108 3543 2163 secundam
3582 2110 3859 2180 epistolam
3893 2112 3990 2167 in-

2381 2195 2545 2262 dicat,
2575 2196 2727 2265 cujus
2764 2198 3056 2253 exordium
3085 2214 3168 2255 est
3210 2200 3514 2269 hujusmodi
3542 2220 3554 2255 :
3588 2201 3827 2271 Siﬂetus
3855 2220 3991 2272 pos-

2378 2297 2487 2340 sent
2516 2296 2563 2340 et
2592 2289 2804 2358 gemitus
2826 2305 2915 2357 per
2938 2289 3113 2342 {iteras
3146 2291 3389 2357 exhiberi,
3416 2292 3495 2345 liis
3516 2292 3757 2362 repletam
3788 2294 3991 2363 episto-

2379 2382 2480 2436 lam
2520 2384 2590 2437 ad
2617 2393 2664 2438 te
2704 2386 2968 2439 misissem.
2998 2383 3249 2455 Equidem
3277 2386 3399 2454 ﬂeo,
3442 2403 3541 2439 non
3571 2387 3707 2451 quod
3731 2398 3979 2455 paterna-

2375 2491 2487 2529 rum
2514 2492 2681 2529 rerum
2706 2477 3098 2531 sollicitudinem
3124 2495 3289 2547 geras,
3318 2478 3407 2530 sed
3426 2477 3563 2547 quod
3591 2492 3655 2533 ea:
3681 2478 3895 2547 fratrum
3929 2488 3990 2534 te

2374 2568 2608 2637 catalogo
2637 2568 2896 2632 deleveris,
2921 2569 3058 2637 quod
3087 2580 3235 2637 pacta
3274 2585 3385 2621 cum
3415 2568 3615 2624 Christo
3644 2572 3770 2623 inita
3806 2570 3982 2624 calca-

2374 2658 2522 2710 veris.
2554 2658 2628 2712 De
2658 2658 2930 2713 connubio
2952 2669 3129 2713 autem
3164 2658 3281 2712 hme
3309 2660 3469 2714 habet
3500 2675 3550 2729 p.
3585 2661 3655 2715 53
3684 2679 3699 2714 :
3730 2659 3987 2731 Legitiuus

2375 2763 2454 2801 res
2480 2758 2554 2802 est
2596 2750 2909 2820 conjugium,
2940 2749 2994 2802 id
3028 2765 3119 2819 ego
3145 2753 3373 2819 fateor...
3406 2754 3494 2805 sed
3522 2751 3611 2803 tibi
3628 2751 3742 2821 jam
3776 2768 3875 2805 non
3901 2761 3985 2805 est

2376 2841 2626 2911 integrant
2660 2842 2786 2911 jura
2822 2842 3059 2895 connubii
3092 2858 3310 2895 servare.
3346 2842 3475 2895 Eum
3517 2844 3668 2903 enim,
3698 2843 3784 2909 qui
3824 2846 3985 2897 semel

2376 2930 2565 2984 calesti
2585 2948 2772 2998 sponso
2790 2933 3004 3002 junctus
3023 2941 3118 2994 est,
3138 2933 3180 2985 si
3208 2934 3269 2985 ab
3292 2933 3380 2985 illo
3402 2932 3671 2985 divellatur
3696 2943 3740 2985 et
3772 2950 3984 2987 uxorem

2376 3020 2549 3085 ducat,
2580 3021 2889 3075 adulterium
2930 3021 3197 3076 admittere
3236 3032 3429 3076 certum
3475 3032 3569 3076 est.
3618 3021 3756 3077 Puto
3797 3032 3982 3077 autem

2377 3110 2718 3165 Theodorum
2746 3112 2980 3181 acceptis
3010 3110 3278 3181 prioribus
3306 3111 3673 3183 Chrys-ostenti
3710 3113 3977 3181 epistolis,

2375 3202 2568 3271 quibus
2597 3200 2665 3257 de
2690 3203 3039 3258 saecularibus
3076 3203 3342 3272 susceptis
3373 3204 3620 3272 negotiis,
3660 3203 3806 3258 etde
3844 3203 3986 3259 Iler-

2377 3294 2588 3347 miones
2629 3309 2814 3349 amore
2856 3295 3293 3363 redarguebatur,
3341 3295 3409 3349 ad
3454 3296 3532 3349 sui
3578 3295 3983 3351 excusationem

2380 3400 2474 3453 per
2498 3384 2750 3453 epistolas
2777 3395 2831 3440 et
2868 3398 3207 3455 paternarum
3238 3403 3415 3443 rerum
3458 3404 3664 3454 curam,
3703 3398 3758 3443 et
3794 3389 3980 3460 conjtt.

2388 3478 2532 3547 ginm
2560 3492 2679 3531 cum
2708 3477 2999 3533 llermione
3025 3479 3318 3533 ineundum
3358 3480 3411 3534 in
3440 3479 3673 3535 medium
3717 3482 3985 3538 attulisse.

2378 3566 2535 3621 Certe
2577 3568 2628 3621 in
2668 3568 2909 3637 epistolae
2940 3577 3227 3638 postrcmse
3268 3571 3417 3624 calce
3458 3582 3610 3641 rogat
3636 3571 3981 3627 Theodorum

2379 3655 2817 3728 Chrysostotnus,
2848 3668 2907 3713 ut
2950 3659 3049 3714 sibi
3081 3660 3381 3715 rescribere
3406 3659 3685 3731 dignetur;
3730 3663 3773 3716 si
3806 3672 3882 3717 tot
3910 3663 3984 3718 li-

2382 3749 2511 3804 teris
2553 3759 2707 3804 antea
2750 3750 2949 3815 missis,
2998 3751 3130 3803 nihil
3176 3751 3560 3820 respondisset,
3602 3752 3984 3823 objurgaturus

2380 3854 2501 3894 eum
2531 3839 2668 3893 haud
2694 3840 2853 3894 dubie
2881 3849 2997 3895 erat
3027 3840 3445 3911 Clirysostomus
3470 3840 3540 3896 de
3568 3853 3718 3898 tanto
3743 3844 3979 3900 silentio.

2453 3930 2546 3984 llis
2571 3946 2672 3999 ego
2696 3929 2764 3983 de
2799 3932 2976 3984 causis
3005 3931 3186 3986 Savilii
3216 3940 3272 3985 et
3317 3932 3604 3987 Frontonis
3633 3934 3870 4003 vestigiis
3900 3935 3984 3988 in.

2380 4024 2576 4078 sistens
2601 4039 2764 4077 unum
2794 4022 2959 4078 fuisse
2991 4023 3333 4079 Theodorum
3364 4035 3512 4093 puto,
3556 4025 3622 4079 ad
3649 4042 3806 4096 quem
3834 4036 3982 4081 utra-

2381 4131 2486 4185 que
2526 4115 2817 4185 paramesis
2846 4117 3008 4172 missa
3038 4118 3154 4171 fuit.
3192 4116 3429 4187 Utraque
3455 4126 3603 4174 certe
3633 4117 3699 4171 ad
3729 4118 3977 4173 eumdem

2384 4206 2726 4264 Theodorum
2786 4207 3095 4263 inscribitur
3144 4206 3197 4261 in
3253 4208 3505 4262 omnibus
3563 4209 3979 4279 manuscriptis.

2385 4312 2613 4367 quorum
2666 4296 2887 4365 quidam
2942 4296 3316 4352 remotissimae
3370 4298 3649 4353 vetustatis
3699 4308 3825 4353 sunt
3854 4316 3866 4351 :
3899 4298 3982 4353 Ad

2384 4390 2615 4442 eumdem
2671 4387 2994 4442 Theodorum
3018 4426 3034 4453 ,
3094 4386 3293 4443 habent
3332 4402 3522 4443 omnes
3561 4406 3573 4442 :
3613 4388 3749 4443 duos
3798 4398 3978 4444 autem

2384 4465 2701 4535 Theodoros
2726 4478 3319 4548 comminisci,quorum
3348 4490 3571 4547 uterque
3594 4494 3713 4533 cum
3746 4478 3983 4550 Chryso—

2386 4580 2562 4627 stomo
2600 4573 2854 4627 societate
2885 4570 3101 4642 junctus
3140 4584 3295 4626 sacro
3337 4570 3547 4624 cuidam
3585 4570 3745 4627 ειειυί
3787 4587 3847 4625 se
3882 4570 3982 4626 ad-

2384 4662 2601 4727 dixerit,
2633 4672 2856 4731 uterque
2886 4660 3159 4724 resilierit,
3194 4672 3417 4731 uterque
3458 4671 3741 4715 revocatus
3762 4660 3923 4717 fuerit
3950 4677 3983 4717 a

2383 4755 2791 4827 Cbrysostome,
2817 4754 2974 4824 idque
3005 4753 3152 4807 nullo
3182 4762 3399 4808 auctore
3427 4768 3601 4824 exque
3628 4752 3835 4809 levibus
3854 4764 3985 4811 coe—

2380 4846 2642 4916 jecturis,
2695 4845 2745 4901 id
2799 4845 2993 4900 mirum
3051 4854 3309 4915 quantum
3364 4845 3654 4902 abhorreat
3704 4846 3772 4901 ab
3825 4846 3984 4903 insti-

2387 4945 2499 4991 toto
2526 4951 2666 4992 meo.

2457 5031 2607 5085 Circa
2649 5042 2870 5093 annuin,
2897 5044 3005 5100 quo
3042 5028 3126 5083 bm
3160 5029 3279 5083 duze
3324 5029 3539 5099 scripta:
3580 5041 3705 5085 sunt
3746 5032 3987 5088 homilite

2385 5135 2491 5176 non
2539 5119 2745 5176 modica
2784 5129 2867 5176 est
2906 5119 3212 5176 difﬁcultas.
3259 5121 3344 5175 Ait
3399 5121 3664 5177 Baronius
3702 5134 3988 5194 utramque

2386 5216 2683 5284 partenesin
2711 5231 2739 5269 a
2770 5212 3178 5286 Chrysostomo,
3204 5214 3330 5269 dum
3371 5215 3426 5269 in
3459 5216 3734 5271 montibus
3763 5217 3989 5289 degeret

2386 5305 2684 5372 solitarius,
2716 5305 2781 5359 ad
2829 5304 3171 5359 Theodorum
3217 5304 3436 5359 missam
3469 5305 3653 5361 fuisse.
3686 5306 3987 5361 Tillemon-

2388 5399 2493 5451 tios
2522 5413 2651 5451 vero
2673 5412 2735 5450 ex
2778 5394 3119 5465 prtejudicata
3158 5396 3410 5465 opinione
3436 5396 3683 5467 loquens,
3714 5395 3781 5451 de
3811 5398 3989 5467 prima

2387 5490 2454 5545 ad
2483 5491 2665 5552 alium,
2702 5497 2757 5542 ut
2786 5496 2937 5558 putat
2962 5487 3072 5548 ille,
3103 5502 3263 5557 quam
3287 5488 3718 5557 Mopsuestenum
3746 5504 3910 5545 inissa
3934 5489 3990 5543 id

2387 5581 2606 5635 concedi
2650 5595 2808 5651 posse
2855 5588 3041 5648 putat;
3090 5589 3157 5635 ne
3201 5579 3434 5635 secunda
3486 5580 3725 5636 minime.
3777 5580 3880 5648 Qui
3940 5583 3990 5637 si

2389 5672 2858 5735 animadvertisset
2901 5668 3031 5725 illud
3082 5674 3226 5743 quod
3275 5670 3326 5726 in
3375 5670 3480 5726 fine
3538 5671 3727 5743 prima:
3769 5672 3987 5737 dicitur,

2388 5765 2611 5837 perinde
2640 5765 2706 5821 de
2732 5765 2903 5836 prima
2947 5773 3109 5837 atque
3146 5772 3214 5821 de
3242 5766 3477 5823 secunda
3524 5780 3629 5824 non
3658 5774 3817 5838 posse
3855 5778 3986 5819 con-
