4276 6316
320 394 472 449 1733'

321 507 436 565 cedi
459 505 708 560 dicturus
731 512 868 560 erat.
894 502 984 558 Sic
1002 502 1147 558 enim
1169 504 1397 574 primam
1422 503 1728 576 parmnesin
1748 505 1903 559 clau-

318 595 434 652 dit:
470 599 695 650 Tantum
734 611 796 648 ne
834 593 1097 663 desperes.
1133 611 1293 663 neque
1316 592 1589 648 concidas.
1624 597 1737 648 Hoc
1765 594 1906 648 enim

321 691 415 745 tibi
431 692 487 745 in
509 691 681 745 omnis
702 690 962 744 sermonis
980 706 1290 760 congressu,
1309 689 1622 760 ubicumque
1647 698 1693 742 te
1714 688 1890 742 videro

317 795 368 841 et
397 786 628 840 aliorum
652 785 815 839 etiam
832 800 919 837 ore
938 793 1163 851 repetere
1190 798 1293 836 non
1310 781 1561 836 cessabo:
1587 782 1725 853 quod
1747 783 1795 836 si
1818 799 1908 836 au-

317 879 506 940 dieris,
532 876 654 931 aliis
673 875 902 946 amplius
923 874 1168 930 remediis
1188 890 1292 928 non
1313 875 1504 944 egebis.
1521 875 1587 928 in
1602 874 1722 929 loco
1739 874 1908 944 igitur

315 977 439 1024 erat
465 967 896 1039 Chrysostomus
916 1005 932 1030 ,
975 965 1069 1020 ubi
1111 980 1238 1019 cum
1265 963 1557 1020 Theodoro
1588 966 1822 1036 negotiis
1853 974 1908 1020 et

315 1059 693 1129 voluptatibus
719 1058 982 1114 immerso
1006 1056 1290 1127 congredi,
1328 1055 1621 1126 ipsumque
1654 1071 1788 1112 casu
1815 1055 1904 1111 of-

315 1151 543 1208 fendere
562 1161 617 1208 et
639 1151 828 1207 videre
856 1157 1091 1221 poterat,
1120 1156 1283 1219 atque
1302 1146 1440 1202 adeo
1461 1146 1788 1202 Antiochiae.
1816 1146 1907 1202 Id-

314 1261 426 1314 que
452 1244 520 1298 de
547 1245 789 1299 secunda
813 1244 1016 1314 pariter
1039 1242 1292 1297 oratione
1318 1239 1613 1296 dicendum
1642 1258 1660 1295 ι
1687 1254 1847 1309 quam
1874 1253 1901 1293 a

312 1337 710 1407 Chrysostomo
731 1336 932 1392 editam
961 1343 1014 1391 et
1033 1336 1261 1391 missam
1294 1333 1466 1389 fuisse
1497 1333 1756 1401 opinatur
1788 1329 1904 1386 Til-

312 1428 614 1484 lemontius
644 1443 788 1482 anno
817 1425 1037 1482 circiter
1063 1424 1189 1480 369.
1224 1423 1382 1479 Hunc
1403 1437 1538 1478 vero
1568 1435 1772 1476 annum
1805 1434 1905 1490 pro

312 1529 552 1590 utraque
574 1518 842 1590 pamnesi
861 1517 1094 1573 libenter
1116 1525 1171 1572 et
1190 1531 1292 1588 ego
1312 1516 1600 1572 statuerim
1623 1531 1638 1581 ;
1670 1513 1908 1567 maxime

310 1616 447 1683 quia
477 1629 587 1667 non
614 1612 832 1666 videtur
860 1610 1005 1667 alius
1042 1609 1386 1665 commodior
1417 1622 1594 1662 annus
1615 1605 1850 1660 iudicari
1888 1622 1900 1658 :

309 1705 419 1760 etsi
454 1720 566 1759 non
597 1703 808 1758 modica
833 1702 1126 1757 diﬂicultas
1160 1707 1422 1770 exsurgat
1450 1699 1598 1753 circa
1629 1697 1781 1752 illum
1817 1711 1906 1752 sa-

311 1812 474 1850 crum
499 1805 724 1871 coetum,
749 1796 838 1848 cui
867 1809 1067 1849 nomen
1098 1794 1362 1848 dederant
1385 1790 1625 1846 Joannes
1657 1791 1905 1859 Chryso-

311 1897 535 1945 stemus
557 1896 610 1941 et
637 1884 965 1942 Theodorus
997 1904 1008 1938 :
1036 1885 1129 1940 sed
1162 1884 1297 1939 illud
1323 1891 1604 1950 accurate,
1637 1889 1902 1953 quantum

311 1983 399 2036 fas
433 1981 562 2046 erit,
600 1981 913 2035 excutietur
943 1979 996 2032 in
1031 1976 1154 2030 Vita
1183 1975 1564 2046 Chrysostomi
1597 1973 1664 2028 ad
1697 1973 1905 2029 calcem

310 2072 483 2142 hujus
516 2071 776 2128 editionis
813 2069 1152 2125 adornanda.

386 2161 660 2217 Monitum
688 2162 946 2216 lectorem
970 2159 1151 2226 velim,
1180 2159 1344 2229 paulo
1375 2165 1501 2212 ante
1525 2156 1688 2211 tinem
1713 2152 1904 2225 prima:

645 5795 924 5858 Ρλτιιοι..
969 5797 1088 5859 (in.
1129 5793 1382 5858 XLV".

1785 386 2119 445 MONITUNI.

3453 383 3605 439 276*

2016 505 2338 575 partcncsis,
2391 506 2598 562 scilicet
2646 504 2736 556 ubi
2781 507 2961 573 agitur
3009 502 3076 555 de
3127 502 3356 568 quodam
3402 504 3608 572 juvene

2015 595 2278 654 thnice
2302 596 2507 654 Urbani
2529 597 2642 652 tilio
2665 596 2854 660 divite,
2880 594 2972 665 qui
2993 602 3278 666 postquam
3307 594 3374 650 ad
3388 604 3606 651 montes

2015 703 2141 744 cum
2165 689 2458 745 monachis
2483 689 2830 753 secessisset,
2857 687 3066 742 relictis
3085 694 3273 757 postea
3295 688 3603 751 monachis,

2016 788 2282 856 voluptati
2305 794 2360 842 et
2383 785 2598 841 libidini
2619 785 2675 839 in
2701 783 2837 839 urbe
2853 784 3070 838 deditus
3094 791 3232 849 erat;
3256 782 3310 837 id
3331 783 3478 854 quod
3506 783 3606 836 ad-

2012 879 2204 948 jicitur
2227 878 2295 934 de
2320 878 2529 934 sanctis
2554 877 2689 932 viris
2711 875 2804 945 qui
2839 875 2988 929 illum
3015 875 3080 928 ad
3108 874 3399 944 pristinam
3434 876 3604 929 vitam

2016 972 2278 1028 reducere
2304 970 2607 1038 tentabant,
2633 977 2687 1025 et
2712 977 2771 1023 ut
2795 967 2983 1022 Graeca
3007 967 3228 1031 habent,
3245 967 3443 1020 εἴποτε
3465 964 3605 1021 εἶδον

2016 1063 2250 1132 φανέντα
2273 1062 2366 1116 ἐπὶ
2379 1062 2479 1132 τῆς
2499 1062 2727 1131 ἀγορᾶς,
2747 1061 2841 1113 καὶ
2859 1059 3166 1131 προσῄεσαν
3185 1058 3276 1112 καὶ
3296 1058 3606 1128 ἠσπάζοντο

2017 1154 2185 1226 (quod
2203 1169 2306 1209 nos
2322 1153 2610 1217 vertimus,
2632 1153 2679 1206 si
2703 1151 2916 1223 quando
2943 1150 3178 1204 viderent
3204 1152 3259 1204 in
3287 1150 3428 1219 foro,
3457 1167 3606 1205 acce-

2014 1247 2208 1302 debant
2227 1258 2276 1301 et
2301 1245 2752 1315 amplectebantur
2776 1243 2915 1313 eum)
2933 1243 3338 1314 illud,inquam,
3355 1257 3603 1299 commo-

2017 1340 2139 1395 dius
2163 1338 2304 1393 verti
2325 1353 2513 1409 posse,
2539 1335 2858 1390 accedebant
2879 1345 2928 1389 et
2951 1335 3261 1389 salutabant
3279 1351 3417 1391 eum.
3438 1333 3598 1389 Prior

2015 1432 2393 1504 interpretatio
2415 1433 2619 1502 optime
2642 1430 2957 1501 quadraret,
2990 1429 3099 1485 nisi
3129 1445 3193 1484 ea
3221 1445 3342 1500 quae
3365 1445 3489 1484 mox
3515 1445 3604 1484 se.

2014 1536 2258 1599 quuntur
2283 1527 2577 1598 posteriori
2601 1525 2774 1594 magis
2808 1523 3052 1578 faverent
3083 1539 3097 1576 :
3124 1531 3175 1575 et
3201 1521 3462 1589 principio
3486 1522 3605 1592 qui-

2014 1619 2130 1673 dem
2154 1618 2240 1671 ille
2269 1635 2398 1688 equo
2422 1625 2594 1670 vectus
2624 1617 2951 1684 insequentes
2970 1610 3093 1664 illos
3123 1610 3330 1680 oblique
3362 1610 3602 1679 alloque-

2015 1714 2193 1763 batur.
2220 1707 2374 1777 Equo
2399 1715 2614 1762 vectum
2639 1705 2882 1759 salutare
2912 1702 3131 1758 facilius
3162 1711 3264 1766 est,
3292 1717 3456 1773 quam
3487 1717 3604 1756 am-

2013 1803 2176 1874 plecti
2202 1820 2216 1856 :
2244 1801 2564 1871 ἀσπάζομαι
2596 1808 2775 1853 autem
2799 1806 3095 1868 utrumque
3125 1796 3418 1867 signiﬁcat.

2085 1893 2595 1966 lnterpretationcm
2622 1892 2908 1961 utriusque
2934 1889 3173 1944 homiliaa
3189 1888 3257 1943 ab
3281 1889 3488 1942 incerto
3517 1886 3600 1940 in-

2013 1996 2251 2060 terprete
2287 1989 2484 2041 factam
2507 2027 2520 2050 ,
2566 1995 2753 2054 utpote
2792 2002 2898 2042 non
2932 1991 3246 2040 accuratam
3279 1981 3597 2053 rejccimus,

2016 2097 2322 2151 novamque
2352 2079 2688 2150 paravimus.

3207 5779 3290 5846 15
