4276 6316
1362 373 1449 428 Al)
1495 373 1926 430 TIIEODORUM
1972 374 2271 432 LAI’SUM.
2315 375 2358 430 l.

3407 371 3511 426 97%

227 595 3485 629 W

1144 891 1564 980 SANCTI
1646 892 2068 979 PATRIS
2147 889 2590 979 NOSTRI

225 1261 1370 1475 JOANNIS
1473 1255 3502 1533 CHRYSOSTOMI,

1047 1737 1655 1800 ARCHIEPISCOPI
1701 1735 2688 1810 CONSTAN'I‘INOPOLITANI,

1154 2062 1788 2225 OPERA

1891 2064 2561 2219 OMNIA.
2640 1939 2648 1945 ’

268 2781 891 2905 ΡΑΠΆΕΝΕΞΙΒ
1001 2823 1993 2904 ΒΙνΕΛυὶἰυΗΤΑΊΊΟ
2077 2831 2204 2904 Αἰ)
2281 2828 2941 2912 ἹἩΕΟΙ)ῌΒΗΜ
3027 2835 3469 2914 LAI’SUM.

1535 3589 2188 3627 mw

261 3807 456 3869 LQuis
469 3802 786 3871 dabitcapiti
829 3817 937 3855 meo
968 3817 1172 3870 aquam,
1199 3810 1244 3854 et
1270 3803 1430 3854 oculis
1453 3801 1574 3854 meis
1604 3805 1792 3872 fontem

198 3901 544 3967 lacrymarum
569 3892 703 3964 (λετ.
737 3893 792 3948 9.
829 3893 921 3962 l)?
954 3892 1003 3946 id
1053 3892 1210 3961 longe
1253 3893 1608 3961 opportunius
1654 3908 1792 3948 nunc

195 3993 397 4055 dicam,
425 4004 584 4058 quam
616 3987 702 4041 ille
721 3985 988 4054 quondam
1022 3984 1300 4054 propheta.
1327 3984 1469 4039 Licet
1512 3986 1654 4039 enim
1682 4001 1791 4041 non

196 4083 363 4137 urbes
429 4080 692 4149 plurimm,
763 4092 871 4131 non
937 4084 1121 4146 gentes
1168 4076 1386 4146 integrze
1449 4074 1792 4145 deplorandae

197 4172 334 4227 mihi
379 4173 515 4231 sint,
567 4178 622 4222 at
660 4167 892 4221 animam
931 4166 1107 4221 defleo
1145 4165 1447 4236 huiusmodi
1486 4169 1793 4224 nationibus

197 4263 456 4331 dignitate
477 4274 680 4328 parem,
709 4258 816 4311 imo
843 4258 1003 4311 etiam
1035 4257 1430 4328 pretiosiorem.
1458 4257 1592 4312 Nam
1631 4257 1680 4312 si
1708 4260 1792 4313 vel

198 4370 344 4410 unus
369 4353 458 4422 qui
479 4353 803 4406 voluntatem
828 4351 920 4404 Dei
945 4349 1104 4404 faciat
1121 4350 1391 4406 sexcentis
1407 4351 1586 4420 impiis
1605 4353 1794 4407 melior

199 4455 310 4510 est,
335 4461 464 4498 sane
492 4454 546 4496 tu
577 4443 765 4496 melior
784 4451 934 4496 antea
965 4457 1088 4496 eras
1121 4442 1414 4497 innumeris
1457 4443 1564 4497 illis
1582 4443 1794 4498 Juda‘o-

199 4550 326 4591 rum
371 4533 624 4586 millibus.
654 4531 1014 4598 Quamobrem
1045 4547 1204 4584 nemo
1246 4533 1376 4586 mihi
1416 4533 1546 4587 vitio
1585 4541 1793 4599 vertat,

201 4627 347 4698 quod
385 4625 566 4679 fletum
623 4637 888 4677 assumant
938 4622 1094 4692 longe
1139 4622 1396 4692 majorem
1424 4665 1440 4689 ,
1487 4624 1796 4694 luctumque

201 4718 558 4780 acerbiorem,
601 4731 759 4785 quam
802 4715 888 4770 ille
935 4714 1195 4784 propheta
1219 4715 1389 4770 literis
1414 4716 1644 4771 dederit.
1676 4716 1792 4773 Non

201 4811 348 4867 enim
393 4808 579 4862 urbem
604 4822 844 4861 eversam
877 4807 1054 4876 lugeo,
1087 4795 1193 4861 non
1223 4808 1586 4877 improborum
1617 4808 1792 4886 homi-

206 4919 354 4958 mum
383 4900 764 4970 captivitatem,
806 4900 1112 4954 sedauimm
1152 4915 1322 4956 saerre
1367 4903 1702 4968 vastitatem,
1733 4919 1797 4958 ac

205 4991 506 5047 Christiferi
555 4992 738 5062 templi
784 4992 1050 5047 excidium
1096 5002 1254 5064 atque
1301 4995 1531 5048 ruinam.
1575 4996 1630 5050 Si
1677 4997 1796 5066 quis

207 5086 354 5140 enim
377 5093 622 5138 ornatum
655 5085 847 5139 mentis
879 5094 999 5149 tum,
1031 5100 1190 5154 quem
1219 5100 1360 5140 nunc
1384 5087 1586 5141 exussit
1607 5087 1798 5142 diabo-

210 5178 323 5241 lus,
348 5191 468 5230 cum
497 5175 782 5244 splendore
804 5175 1025 5247 fulgeret
1048 5177 1215 5246 probe
1245 5179 1471 5245 noverit,
1501 5193 1678 5233 annon
1719 5180 1800 5233 in-

208 5267 471 5335 gemiscat
497 5275 552 5320 et
577 5265 851 5336 pr0pheta:
895 5267 1067 5322 luctus
1114 5277 1366 5339 usurpet;
1399 5270 1443 5324 si
1472 5285 1666 5341 nempe
1704 5285 1801 5326 au-

276 5408 290 5435 ¹
322 5406 372 5478 Ιέι
394 5405 482 5478 hac
507 5407 820 5456 emendenda
834 5409 1373 5478 paraenesiusisumus
1396 5411 1815 5478 q_uatuor_codici-

209 5467 305 5533 bus
329 5467 501 5533 Regiis
523 5474 575 5514 et
599 5473 808 5533 quatuor
830 5467 1145 5518 Colbertinis.
1166 5470 1300 5520 Urius
1312 5467 1499 5533 Regius
1521 5479 1572 5520 et
1592 5473 1690 5521 duo
1707 5476 1816 5523 (70l-

210 5528 395 5591 bertini
419 5529 606 5576 habent
628 5549 640 5591 _:
679 5530 841 5591 Λόγος
873 5533 1202 5591 παραινετιχὸς
1230 5533 1276 5580 ἐν
1299 5528 1415 5580 εἶδεῖ
1452 5534 1702 5591 ἐπιστολῆς
1751 5536 1815 5590 εἰ,

211 5548 395 5577 DBI‘IIUI
421 5548 640 5576 navent:
687 5548 841 5588 Λογος
873 5548 940 5578 πα
972 5548 1202 5587 «mutato;
1230 5550 1276 5580 εν
1299 5548 1411 5580 ειοει
1452 5548 1702 5591 amatam:
1751 5548 1811 5590 ει,

211 5590 483 5651 Θέὁδωρον,
499 5596 594 5638 etc.
612 5589 758 5656 Alius
773 5592 931 5656 Coll},
945 5548 1026 5647 ῖέἰς
1049 5593 1297 5656 Θεόδωρον
1313 5595 1528 5651 ἀσκητήν
1550 5595 1811 5642 ἐκπεσόντλπ

211 5653 329 5713 πρὸς
357 5652 634 5719 μετάνοιᾳ-νζ
665 5652 764 5719 Alii
806 5654 932 5719 utin
961 5661 1119 5719 testu.
1151 5652 1388 5719 Savilius,
1414 5657 1528 5718 πρὸς
1562 5658 1815 5719 Θεόδωρον

214 5711 480 5761 ἐήπεσγόντα
504 5711 590 5759 τοῦ
617 5713 834 5778 ἐναρέτου
860 5715 963 5777 βίου
983 5716 1120 5775 ὶόγος
1146 5717 1213 5778 β’.
1239 5717 1376 5774 Quod
1404 5711 1567 5764 autem
1601 5718 1704 5765 haec
1729 5711 1812 5778 pa.~

216 5778 420 5823 rimosis
443 5774 658 5822 secunda
683 5774 893 5834 ponatur
913 5778 961 5822 in
986 5774 1203 5825 editione
1218 5779 1478 5829 Saviiiana.
1494 5790 1664 5826 errore
1685 5774 1812 5827 aeci-

205 5836 340 5885 disse
353 5841 584 5885 monetur
612 5833 660 5883 in
687 5833 817 5885 nolis
842 5839 1060 5899 ejusdem
1086 5841 1204 5888 edit.
1225 5837 1347 5887 \j'ide
1373 5841 1420 5886 in
1436 5839 1618 5888 Illonilo
1640 5855 1807 5904 supr-2.

1903 3805 2062 3862 dierit
2109 3808 2366 3865 barbaras
2410 3827 2600 3869 manus
2643 3826 2829 3873 sancta
2874 3829 3182 3879 sanctorum
3229 3829 3503 3898 polluisse,

1901 3909 1956 3953 et
1986 3899 2242 3970 subjectis
2276 3903 2490 3974 ignibus
2514 3907 2694 3962 omnia
2717 3911 3098 3984 combussisse,
3137 3917 3429 3983 Cherubim
3454 3927 3498 3992 ',

1901 4005 2104 4059 aream,
2157 3994 2607 4063 propitiatorium,
2645 3999 2885 4073 lapideas
2912 4005 3138 4074 tabulas,
3169 4027 3356 4068 urnam
3403 4030 3498 4071 au-

1901 4082 2090 4135 ream?
2121 4083 2247 4139 ilaec
2269 4086 2556 4157 siquidem,
2580 4088 2696 4146 haec
2721 4092 2996 4152 calamitas
3020 4107 3171 4155 tanto
3209 4102 3301 4157 illa
3345 4121 3500 4163 aecr-

1903 4169 2022 4226 bior
2045 4181 2147 4241 est,
2162 4184 2362 4245 quanto
2388 4179 2706 4248 pretiosiora
2731 4185 2838 4240 illis
2862 4187 3105 4258 symbola
3127 4191 3182 4246 iu
3210 4194 3388 4250 anima
3415 4206 3502 4253 tua

1904 4263 2229 4321 residebant.
2260 4268 2375 4325 Hoc
2418 4274 2675 4344 templum
2715 4277 2809 4332 illo
2848 4281 3088 4338 sanctius
3137 4295 3254 4341 erat
3284 4307 3297 4342 :
3329 4305 3502 4362 neque

1904 4356 2047 4409 enim
2091 4371 2224 4412 auro
2266 4361 2352 4415 vel
2401 4374 2647 4434 argento,
2693 4367 2790 4422 sed
2831 4367 3061 4439 Spiritus
3107 4379 3276 4445 gratia
3326 4356 3500 4451 fulge-

1905 4447 2015 4513 bat,
2043 4463 2107 4504 ac
2135 4465 2234 4520 pro
2262 4467 2384 4507 arca
2416 4463 2473 4510 et
2496 4456 2787 4515 Cherubim
2827 4461 3099 4521 Christum
3145 4469 3366 4542 ejusque
3405 4447 3503 4532 ia-

1908 4547 2041 4594 trem
2063 4550 2224 4612 atque
2248 4542 2585 4603 Paracletum
2616 4549 2801 4606 habuit
2828 4553 3240 4615 inhabitantem.

1976 4631 2176 4687 Ammw
2201 4635 2363 4706 lapsa:
2385 4647 2565 4694 status.
2592 4671 2666 4681 -—
2690 4643 2761 4697 At
2788 4660 2930 4701 nunc
2955 4662 3063 4702 non
3100 4649 3173 4705 ita
3216 4665 3276 4707 se
3308 4653 3504 4723 habet;

1904 4722 1997 4777 sed
2012 4723 2282 4782 desertum
2296 4728 2513 4797 quidem
2530 4741 2613 4788 est
2631 4734 2993 4809 nudatumque
3005 4742 3398 4810 pulchritudine
3420 4722 3509 4810 illa

1905 4821 2062 4883 atque
2077 4816 2292 4886 decore,
2307 4818 2488 4877 divino
2507 4823 2865 4896 inetfabilique
2881 4840 3071 4886 ornatu
3093 4835 3398 4902 spoliatum:
3421 4856 3480 4894 va
3492 4873 3512 4880 -

1905 4921 2061 4962 cuum
2103 4919 2280 4965 autem
2327 4915 2471 4968 omni
2513 4917 2802 4974 securitate
2845 4928 3312 4997 atquecustodia,
3352 4933 3422 4986 ita
3450 4943 3508 4989 ut

1908 5015 2082 5068 neque
2097 5001 2258 5070 janua
2300 5019 2473 5074 neque
2511 5008 2674 5061 vectis
2718 5009 2878 5078 adsit,
2901 5015 2996 5070 sed
3037 5025 3215 5086 pateat
3252 5024 3504 5079 omnibus

1908 5095 2097 5149 animae
2115 5096 2354 5152 exitiosis
2371 5096 2634 5169 {cedisque
2652 5103 3082 5172 cogitationibus.
3103 5108 3228 5167 Sive
3248 5127 3508 5185 arrogan-

1911 5185 2028 5252 tiae,
2059 5187 2172 5241 sive
2194 5188 2581 5266 fornicationis,
2600 5191 2715 5248 sive
2735 5196 2972 5252 avaritiae,
2993 5200 3212 5270 spiritus
3229 5243 3245 5270 ,
3267 5204 3380 5261 sive
3402 5207 3505 5265 illis

1909 5278 2207 5336 deteriores
2252 5282 2452 5338 intrare
2490 5284 2777 5352 voluerint,
2804 5303 2963 5344 nemo
2991 5291 3314 5360 prohibebit.
3345 5298 3501 5354 Prius

1910 5385 2058 5438 vero,
2076 5373 2527 5442 quemadmodum
2548 5368 2744 5432 coelum
2775 5378 2858 5433 his
2894 5383 3143 5440 omnibus
3173 5386 3508 5446 inaccessum

1912 5471 2012 5530 est,
2042 5464 2114 5518 ita
2143 5475 2196 5520 et
2219 5467 2422 5537 puritas
2457 5470 2649 5525 mentis
2688 5479 2811 5525 tum.
2842 5471 2910 5527 Et
2945 5472 3171 5532 fortasse
3217 5477 3507 5538 incredibi-

1977 5603 1994 5632 ί
2029 5610 2158 5652 Unus
2181 5611 2306 5665 Mss,
2342 5602 2596 5675 Cherubim
2619 5604 2746 5656 dico.
2785 5615 2894 5675 M_ox_
2913 5622 3040 5675 unus
3076 5625 3186 5661 cum
3217 5614 3380 5675 Savil.,
3419 5630 3509 5666 au-

1912 5675 2064 5724 ream,
2095 5678 2288 5738 salcgjum
2319 5667 2643 5738 continentem
2654 5669 2919 5722 sacerdotis
2941 5672 3066 5723 thus.
3094 5675 3221 5738 alius
3253 5667 3378 5738 post,
3419 5692 3509 5728 au-

1912 5738 2065 5784 ream,
2101 5727 2248 5797 addit,
2289 5740 2381 5776 non
2424 5727 2593 5797 eﬁfudit
2627 5732 2896 5797 lacrymam
2922 5727 3268 5797 sympathian";
3289 5737 3313 5787 2’
3333 5727 3504 5790 caeteri

1911 5789 2223 5841 consentiunt
2245 5803 2354 5840 cum
2379 5787 2596 5842 editione
2622 5787 2897 5844 tttorélliana
2916 5787 3056 5857 ciiju's
3094 5787 3356 5849 tectionem
3381 5787 3504 5852 icit:

1913 5858 2103 5895 nemus.
