4276 6316
660 367 765 420 ΞΗ

661 479 729 532 lia
763 478 957 530 dixisse
1002 472 1223 529 videbor
1270 473 1351 534 iis,
1393 473 1484 542 qui
1533 486 1674 528 nunc
1721 470 1902 524 vident
1946 470 2240 522 vastitatem

660 569 1174 638 subversionemque
1201 577 1342 621 tuam
1378 583 1390 618 :
1426 575 1753 636 quapropter
1799 577 1938 618 nunc
1971 559 2128 616 doleo
2169 562 2220 614 lu

656 674 883 729 geoque,
926 673 1099 730 neque
1142 657 1299 711 finem
1342 655 1558 727 lugendi
1608 655 1799 710 faciam
1846 653 2020 709 donec
2055 654 2104 706 in
2137 653 2239 720 pri-

655 750 796 802 Mitto
831 758 882 804 te
925 748 1206 818 Splendorc
1253 747 1458 802 videro.
1499 746 1649 802 Licet
1685 746 1827 801 etaim
1879 744 1929 798 id
1972 744 2241 796 hominum

657 844 963 898 tacultatem
1017 857 1272 912 superare
1316 840 1600 906 videatur,
1653 839 1762 892 Deo
1823 845 1999 891 tamen
2065 845 2242 890 omnia

655 934 824 987 facilia
855 941 995 988 sunt.
1017 931 1134 1003 lpsc
1157 933 1297 986 enim
1321 941 1404 986 est
1427 929 1529 998 Qui
1549 931 1754 984 suscitat
1781 928 1842 981 de
1863 939 1994 980 terra
2016 927 2240 997 inopem,

650 1037 696 1078 et
719 1027 780 1079 dc
801 1035 1018 1079 stercore
1044 1024 1190 1095 erigit
1213 1039 1514 1094 pauperem,
1534 1031 1588 1075 ut
1615 1037 1727 1074 cum
1749 1018 1922 1074 sedere
1950 1019 2107 1087 faciat
2129 1032 2242 1068 cum

650 1115 983 1186 principibus,
1033 1130 1146 1168 cum
1185 1113 1499 1186 principibus
1538 1109 1714 1181 pepuli
1751 1112 1849 1162 sui.
1893 1110 2011 1180 ipse
2047 1119 2129 1164 cst
2156 1107 2241 1176 qui

650 1208 876 1260 habitare
900 1206 1025 1276 facit
1042 1205 1275 1271 sterilem
1303 1205 1355 1258 in
1377 1204 1546 1266 domo,
1578 1209 1786 1253 matrem
1815 1200 1878 1253 de
1904 1199 2024 1265 [iliis
2063 1198 2242 1250 [tetan-

647 1309 742 1350 tem
767 1296 936 1368 (Psal.
972 1297 1095 1352 H2.
1125 1295 1263 1366 7-9).
1294 1295 1475 1365 Itaque
1507 1309 1572 1347 ne
1593 1293 1849 1361 desperes
1877 1300 1925 1344 te
1950 1289 2015 1343 ad
2040 1288 2237 1358 optima

647 1388 1032 1443 immutandum
1060 1401 1198 1442 esse.
1233 1385 1290 1441 Si
1329 1384 1471 1440 enim
1499 1383 1743 1438 diabolus
1793 1389 1990 1434 tantum
2043 1376 2234 1448 potuit,

645 1490 701 1532 ut
731 1489 832 1534 tea
862 1479 1058 1533 vertice
1103 1478 1192 1532 illo
1218 1485 1271 1532 et
1317 1474 1528 1546 fastigio
1577 1474 1788 1527 virtutis
1841 1473 1892 1524 in
1937 1481 2235 1525 extremum

645 1571 861 1625 malitia:
899 1567 1228 1632 detruderet,
1275 1567 1444 1621 multo
1491 1564 1659 1635 magis
1688 1574 1736 1618 te
1771 1563 1908 1616 Deus
1951 1560 2144 1631 poterit
2185 1559 2234 1612 in

644 1664 919 1732 pristinam
945 1661 1200 1716 reducere
1228 1658 1527 1714 libertatem
1555 1672 1567 1709 :
1599 1670 1694 1709 nec
1723 1655 1882 1708 talem
1923 1652 2107 1715 modo,
2139 1649 2232 1705 sed

643 1755 808 1809 multo
839 1753 1128 1808 feliciorem
1165 1761 1214 1804 te
1241 1749 1468 1804 reddere
1493 1762 1649 1817 quam
1682 1745 1828 1814 prius
1858 1742 2052 1796 fueras.

717 1847 978 1900 l’cccatori
1004 1859 1118 1914 spes
1161 1857 1435 1909 numquam
1473 1838 1770 1892 amittenda.
1804 1866 1870 1876 —
1897 1835 2124 1888 Tantum
2167 1848 2233 1887 nc

639 1937 910 1999 c-meidas,
937 1950 1031 1989 nec
1068 1949 1214 2004 spem
1242 1933 1433 1987 bonam
1456 1928 1796 2001 prrcsciudas,
1823 1943 1925 1982 neu
1950 1927 2230 1996 impiorum

639 2040 830 2082 statum
862 2029 1073 2082 subeas.
1106 2025 1286 2094 Neque
1316 2024 1457 2078 enim
1492 2030 1831 2092 peccatorum
1860 2018 2145 2072 multitudo
2179 2019 2229 2071 iu

636 2123 1062 2191 de5peratinnem
1089 2118 1353 2188 conjicere
1375 2117 1531 2177 solet,
1560 2113 1654 2169 sed
1681 2115 1856 2166 anima
1879 2128 1943 2166 ex
1969 2125 2026 2166 se
2049 2111 2226 2179 impia.

636 2219 970 2282 Quapropter
999 2211 1249 2266 Salomon
1279 2223 1382 2262 non
1418 2206 1549 2261 dixit
1579 2205 1890 2274 simpliciter
1919 2221 1932 2256 :
1968 2202 2220 2272 Quisquis

637 2307 767 2359 venit
805 2307 854 2358 in
883 2303 1191 2373 profundum
1239 2302 1512 2363 malorum,
1559 2298 1868 2359 contemnit;
1896 2296 1988 2350 sed
2031 2295 2228 2365 Intpius

640 2409 840 2451 tantmn
875 2395 1050 2466 (Prov.
1089 2394 1168 2449 18.
1195 2394 1274 2464 5).
1323 2391 1610 2461 lmpiorum
1641 2393 1783 2443 cnim
1829 2387 2104 2441 dumtaxat
2147 2397 2226 2440 est

635 2493 721 2545 ille
751 2490 986 2552 morbus,
1009 2487 1222 2558 quando
1246 2487 1295 2540 in
1325 2483 1644 2555 profundum
1668 2483 1931 2536 malorum
1957 2481 2220 2534 venerint.

637 2585 693 2635 lit
729 2583 826 2635 hoc
855 2582 982 2650 ipsis
1013 2595 1078 2634 ne
1106 2575 1427 2648 respicio-udi
1451 2574 1664 2646 quidem
1705 2573 2006 2627 facultatem
2054 2571 2222 2625 relin-

633 2676 764 2744 qait,
815 2689 985 2743 neque
1039 2687 1102 2726 co
1149 2669 1478 2736 revertendi,
1523 2667 1665 2722 unde
1715 2666 2042 2722 exciderant.
2089 2664 2220 2718 Nam

634 2768 892 2836 ﬂagitiosa
944 2766 1031 2819 illa
1095 2763 1346 2834 cogitatio
1393 2771 1660 2833 tamquam
1713 2759 1897 2829 jugum
1957 2757 2221 2828 quoddam

635 2864 862 2930 ligneum
890 2859 1079 2913 anima:
1104 2856 1298 2912 cervici
1328 2855 1634 2924 impositum
1667 2862 1717 2907 et
1742 2850 2066 2920 compellens
2090 2866 2221 2903 ocu-

630 2954 710 3005 los
739 2953 787 3005 in
819 2961 1011 3006 terram
1058 2948 1357 3012 demittere,
1407 2944 1655 3014 prohibet
1704 2958 1771 2997 ne
1821 2941 1884 2996 ad
1937 2942 2220 2996 Dominum

627 3060 782 3097 suum
808 3044 1071 3109 rewieiat.
1105 3044 1169 3094 At
1202 3041 1295 3092 viri
1321 3037 1662 3108 cstgenerosi
1691 3043 1744 3090 et
1765 3034 2082 3098 admirandi,
2118 3033 2220 3089 hu-

627 3135 852 3204 jzzsuridi
881 3136 1075 3203 lignum
1099 3144 1400 3191 conterere,
1422 3139 1471 3182 et
1491 3129 1732 3182 lictorem
1755 3128 1845 3198 qui
1874 3127 1924 3180 id
1947 3126 2218 3195 imposue-

630 3240 706 3280 rat
767 3237 1052 3288 CthllL‘l'C,
1107 3239 1164 3276 ac
1213 3224 1482 3292 pmphcta:
1530 3220 1689 3275 verba
1746 3218 2022 3290 proferre:
2087 3219 2219 3274 Nam

632 3324 774 3377 Sicut
820 3321 953 3373 oculi
997 3320 1196 3370 ancilla:
1241 3318 1288 3369 in
1331 3315 1559 3369 manibus
1593 3313 1809 3368 domina:
1833 3330 1958 3377 sum,
1989 3313 2060 3367 ita
2087 3315 2221 3367 oculi

627 3417 781 3471 rostri
829 3417 893 3467 ad
955 3412 1230 3466 Dominum
1298 3408 1461 3461 Deum
1522 3417 1788 3473 nostrum,
1846 3411 2002 3461 donec
2071 3408 2218 3460 mise-

625 3531 661 3565 r.
680 3522 792 3565 atur
814 3509 988 3563 nostri.
1034 3507 1272 3560 Miserere
1299 3505 1474 3572 nostri,
1504 3502 1739 3569 Domine,
1770 3504 1999 3557 miserere
2036 3503 2213 3570 nostri,

628 3603 741 3671 quia
759 3601 967 3653 multum
989 3598 1162 3665 repleti
1189 3613 1363 3650 sumus
1390 3595 1704 3665 despectione
1728 3593 1898 3664 (Psal.
1927 3594 2041 3648 l'2'2.
2064 3596 2212 3664 2.5).

635 3693 724 3745 ll.e
752 3707 875 3744 vere
907 3690 1096 3742 divin-.e
1120 3699 1241 3742 sunt
1270 3687 1587 3755 disciplina;
1614 3696 1666 3740 et
1693 3702 1954 3756 suprema:
1979 3687 2215 3756 philoso-

631 3785 767 3846 i-hia'.
795 3784 1060 3853 dogmata.
1094 3781 1298 3850 chleti
1325 3795 1528 3842 sumus,
1551 3781 1739 3848 inquit,
1769 3780 2133 3848 despectione,
2163 3792 2217 3836 et

628 3877 843 3930 inﬁnitis
879 3874 1130 3930 a'rumnis
1153 3873 1328 3926 afﬂicti
1353 3883 1614 3926 :attamen
1639 3872 1733 3924 'ad
1757 3872 1917 3925 Deum
1941 3874 2209 3940 respicere

630 3986 732 4022 non
757 3986 801 4022 Ct
822 3969 1107 4030 ssabimus,
1141 3980 1236 4018 nec
1264 3964 1420 4018 finem
1455 3964 1703 4033 precandi
1733 3962 2006 4028 faciemus,
2042 3962 2213 4018 donec

628 4062 884 4127 postulata
912 4058 1047 4111 nacti
1096 4056 1369 4109 fuerimus.
1401 4055 1508 4107 Iloc
1533 4064 1612 4108 est
1658 4054 1797 4105 enim
1849 4055 2007 4105 animi
2055 4069 2216 4122 gene-

629 4151 735 4204 rosi
783 4164 886 4202 non
931 4145 1292 4207 consternari,
1348 4158 1443 4197 nec
1479 4158 1507 4194 a
1535 4157 1629 4211 spe
1673 4140 1946 4195 deturbari
1995 4153 2215 4212 propter

625 4245 729 4297 vim
758 4242 1150 4299 calamitatum,
1182 4248 1354 4304 neque
1375 4233 1669 4300 discedere,
1715 4230 1923 4286 etiamsi
1972 4231 2212 4300 repetitis

633 4321 854 4377 subinde
880 4317 1124 4389 precibus
1153 4317 1283 4366 nihil
1313 4313 1630 4376 impetrarit,
1659 4313 1749 4362 sed
1774 4313 2018 4366 insistere
2039 4314 2208 4368 donec

633 4419 947 4471 misereatur
975 4411 1158 4465 nostri.
1191 4405 1632 4477 qumnadmodum
1661 4404 1737 4457 ait
1761 4405 1944 4458 beatus
1977 4404 2159 4457 David.

700 4529 752 4580 ‘2.
787 4527 1064 4593 Propterea
1097 4523 1236 4576 enim
1284 4518 1522 4573 diabolus
1561 4532 1656 4570 nos
1688 4516 1737 4569 in
1785 4515 2090 4584 desperatas
2122 4531 2209 4570 co-

627 4615 1192 4688 gitationesinjicit,ut
1239 4626 1386 4680 spem
1417 4623 1539 4676 erga
1589 4607 1748 4659 Deum
1803 4606 2209 4673 prmeidat;an-

626 4711 841 4763 cina-am
878 4721 1067 4774 nempe
1096 4713 1258 4758 tutam
1297 4701 1521 4768 vitrcquc
1549 4705 1742 4749 nostra:
1769 4697 2202 4758 sustentaculum,

625 4803 810 4856 ducem
845 4803 896 4852 in
929 4798 1007 4850 via
1031 4799 1096 4851 at!
1135 4794 1320 4849 cm‘mn
1354 4800 1552 4852 nostra,
1600 4787 1824 4841 salutem
1880 4787 2204 4855 perditarum

625 4896 938 4948 animarum.
971 4890 1076 4959 Spe
1096 4889 1245 4954 enim,
1290 4885 1475 4955 inquit,
1521 4883 1646 4936 salvi
1673 4883 1791 4951 [acti
1819 4897 1993 4933 sumus
2024 4882 2178 4949 (Rom

624 4989 673 5042 8.
703 4987 818 5054 2i).
874 4985 1028 5048 llrrc,
1063 4982 1297 5048 impiam.
1345 4978 1458 5030 lucc
1495 4974 1642 5029 velut
1680 4983 1863 5026 catena
1897 4974 1916 5002 ²
1960 4971 2109 5026 fortis
2137 4972 2202 5028 de

622 5077 1036 5145 cmlopcndcas,
1093 5074 1294 5125 animas
1347 5069 1572 5138 sustinet
1621 5075 1853 5130 nostras,
1901 5076 1953 5120 et
1997 5066 2061 5119 ad
2110 5082 2199 5119 ca-

620 5186 809 5225 cumcu
839 5167 960 5221 illud
993 5166 1239 5234 paulatim
1291 5161 1454 5217 trahit
1504 5173 1618 5225 eos,
1651 5159 1740 5229 qui
1798 5159 1935 5214 hanc
1979 5159 2203 5213 firmiter

621 5270 823 5325 tenent,
856 5269 908 5312 et
959 5273 988 5312 a
1021 5257 1260 5326 procellis
1291 5254 1547 5308 malorum
1591 5253 1868 5322 praesentis
1913 5254 2034 5306 vita:
2059 5251 2201 5306 abri-

621 5357 714 5422 pit.
737 5354 791 5404 Si
821 5351 938 5419 quis
968 5349 1126 5416 igitur
1151 5362 1258 5415 pra:
1303 5343 1524 5398 mollitie
1574 5341 1712 5397 hanc
1738 5357 1946 5397 sacram
1995 5343 2197 5398 ancho-

618 5459 730 5500 ram
747 5442 998 5504 dimittat,
1022 5437 1198 5492 statim
1227 5433 1424 5489 decidit
1451 5443 1506 5488 et
1530 5433 1841 5496 sull‘ocatnr.
1874 5435 1924 5489 in
1947 5435 2196 5507 abyssum

617 5532 831 5590 malitia:
870 5531 1163 5585 demersus.
1193 5527 1344 5593 Quod
1372 5526 1392 5556 ³
1423 5541 1542 5581 cum
1595 5527 1727 5580 sciat
1781 5527 2044 5597 malignus
2086 5527 2196 5594 ille,

685 5695 694 5722 ι
735 5689 932 5738 savil.et
953 5697 1078 5734 unus
1095 5691 1232 5746 lteg.,
1255 5687 1462 5746 attamen
1485 5679 1631 5746 etiarn
1652 5679 1721 5730 sic
1745 5678 1904 5742 positi.

679 5757 695 5788 τ
731 5750 867 5799 sarit.
896 5759 946 5797 et
967 5747 1148 5810 aliquot
1163 5741 1271 5793 itas.
1297 5743 1496 5810 habent,
1534 5741 1658 5791 velut
1689 5741 1855 5791 catena
1879 5752 2064 5810 mirea._

680 5824 695 5848 ι
735 5824 844 5875 ηε.
876 5824 998 5859 unus
1020 5805 1181 5862 habet.
1225 5816 1348 5860 Cra".
1374 5805 1501 5851 ωοῖιι
1525 5816 1655 5860 mox,
1682 5811 1924 5864 po~tquam
1943 5815 2024 5849 nos
2047 5805 2192 5850 ibam.

1503 351 1778 409 JO.\NNIS
1801 353 2271 412 CllllYSOSTOMl
2316 353 2630 410 AiiClllt-Ll’.
2671 352 3204 411 CONSTANTINOP.

3861 355 3966 409 ἔξω

2356 479 2632 539 postquam
2667 484 2766 522 nos
2821 469 3079 522 malorum
3131 481 3354 537 operum
3390 465 3721 522 conscientia
3774 482 3956 523 buera-

2355 571 2436 614 tos
2461 562 2648 625 sensit,
2679 561 2889 615 irruens
2932 571 2987 614 et
3015 560 3129 630 ipse
3155 559 3547 630 desperationis
3572 559 3956 628 cogitationem

2353 648 2571 719 plumbo
2619 649 2924 718 graviorem
2955 649 3227 712 immittit;
3254 663 3413 719 quam
3443 650 3488 704 si
3529 650 3956 718 susceperimus.

2351 755 2572 796 necesse
2600 749 2683 795 est
2709 740 2945 811 pondere
2993 741 3172 794 statim
3217 740 3434 796 avulsos
3458 750 3514 796 et
3562 756 3594 796 a
3636 753 3828 796 catena
3863 741 3958 795 illa

2349 832 2646 886 abstractos
2689 832 2741 885 in
2779 831 3101 902 profundum
3144 832 3406 886 malorum
3451 833 3701 903 deprimi,
3745 833 3796 887 in
3845 849 3959 904 quo

2349 931 2402 975 tu
2425 937 2565 976 nunc
2587 924 2818 977 versaris
2843 941 2856 977 :
2879 922 3308 992 quandoquidem
3331 925 3534 993 rejecto
3554 925 3696 980 mitis
3712 935 3766 980 et
3780 924 3959 980 humi-

2347 1015 2413 1071 lis
2464 1016 2675 1070 Domini
2737 1017 3023 1080 mandato,
3062 1017 3296 1072 crudelis
3349 1019 3490 1074 illius
3544 1028 3703 1089 atque
3737 1020 3957 1090 tyranni

2359 1106 2815 1178 implacabilisque
2845 1108 3030 1163 salutis
3067 1121 3266 1165 nostra:
3302 1109 3502 1166 inimici
3560 1120 3823 1182 prmcepta
3853 1126 3954 1166 cx-

2345 1200 2588 1270 sequeris
2616 1203 2815 1267 omnia,
2859 1201 3005 1256 suavi
3026 1201 3154 1273 jugo
3175 1201 3411 1273 dirupto,
3441 1203 3543 1257 levi
3579 1202 3790 1273 abjecto
3814 1217 3955 1258 one-

2346 1307 2423 1356 re,
2457 1292 2850 1363 circumpositis
2899 1292 2950 1346 in
2980 1293 3151 1348 vicem
3183 1293 3396 1349 illordm
3425 1295 3671 1350 vectibus
3701 1293 3898 1351 ferreis
3935 1314 3952 1359 ;

2347 1383 2672 1454 insuperque
2702 1384 2896 1439 molam
2935 1383 3225 1440 asinariam
3248 1400 3276 1439 a
3299 1385 3438 1440 collo
3464 1393 3556 1440 tuo
3598 1385 3952 1456 suspendisti.

2345 1473 2604 1531 L‘binunc
2620 1479 2850 1543 steteris,
2901 1487 3182 1549 postquam
3223 1478 3486 1534 infelicem
3530 1480 3763 1534 animam
3801 1491 3953 1535 tuam

2343 1566 2665 1632 demersisti,
2682 1583 2745 1624 ac
2767 1569 2860 1623 tibi
2877 1584 2994 1623 eam
3017 1568 3392 1626 necessitatem
3413 1570 3688 1635 induxisti,
3711 1582 3767 1626 ut
3785 1571 3952 1627 deur-

2341 1672 2458 1711 sum
2489 1671 2701 1730 semper
2725 1659 2913 1715 tendas
2930 1660 2952 1713 ?
2969 1659 3156 1714 Mulier
3177 1663 3355 1733 itaque
3377 1661 3466 1716 illa
3486 1677 3605 1732 qua:
3627 1661 3952 1721 drachmam

2341 1765 2500 1804 unam
2528 1751 2822 1818 invenerat,
2848 1753 3049 1807 vicinas
3075 1750 3372 1809 advocabat
3421 1754 3618 1808 latitia:
3639 1769 3749 1809 sum
3771 1755 3949 1825 parti-

2341 1842 2487 1910 cipes
2520 1883 2535 1908 ,
2585 1841 2770 1896 dicens
2802 1861 2815 1896 :
2849 1841 3290 1914 Congrutulamini
3335 1843 3500 1912 milti(
3529 1841 3657 1897 Luc.
3709 1845 3796 1898 15.
3835 1849 3868 1898 9
3901 1845 3950 1914 ).

2339 1933 2450 2003 Ego
2483 1949 2609 1989 vero
2629 1934 2832 1990 amicos
2847 1948 3037 1990 omnes
3082 1943 3136 1989 et
3152 1949 3301 1990 meos
3322 1944 3376 1989 et
3399 1943 3516 1990 tuos
3544 1935 3610 1988 ad
3641 1949 3755 1990 rem
3784 1935 3952 2004 plano

2337 2025 2660 2080 enntrariam
2691 2041 2831 2081 nunc
2869 2026 3178 2081 convocabo
3211 2045 3223 2080 :
3253 2042 3353 2082 nec
3380 2027 3553 2082 dicam
3589 2044 3601 2080 :
3633 2026 3949 2098 Congratu-

2338 2119 2518 2173 lamini
2569 2119 2893 2191 mihi;sed:
2935 2121 3138 2190 Lugete
3189 2136 3421 2182 mecum,
3470 2123 3948 2191 cmndemquelu—

2335 2221 2478 2265 etum
2540 2213 2830 2276 assumitc,
2862 2221 2916 2266 et
2969 2212 3297 2267 lamentabili
3353 2215 3627 2268 nobiscum
3661 2231 3789 2269 voce
3827 2216 3947 2269 cla.

2335 2311 2498 2355 male.
2525 2302 2830 2357 Extremam
2853 2303 3049 2374 quippe
3070 2304 3333 2374 jacturam
3366 2305 3627 2371 fecimus;
3661 2323 3764 2360 nun
3789 2307 3942 2376 quod

2336 2403 2412 2447 tot
2447 2402 2502 2448 et
2525 2403 2601 2448 tot
2627 2396 2740 2448 auri
2767 2395 2961 2449 talenta
2995 2412 3025 2449 c
3051 2397 3297 2451 manibus
3319 2398 3636 2461 exciderint,
3668 2414 3765 2451 nec
3791 2398 3946 2466 qqu

2332 2503 2521 2558 magna
2564 2489 2644 2542 vis
2691 2488 2925 2558 lapidum
2955 2489 3355 2559 pretiosorum;
3399 2491 3490 2544 sed
3542 2492 3679 2560 quod
3722 2493 3798 2545 vir
3853 2491 3948 2548 his

2331 2581 2583 2636 erunibus
2610 2582 2918 2651 pretiosior,
2947 2583 3039 2653 qui
3084 2585 3136 2637 in
3180 2584 3280 2637 hoc
3329 2600 3522 2655 magno
3549 2595 3602 2639 et
3630 2586 3943 2640 vastissimo

2333 2675 2467 2728 mari
2498 2674 2775 2728 nobiscum
2804 2675 3106 2742 navigabat,
3135 2676 3440 2745 nescioquo
3462 2686 3615 2745 pacto
3642 2693 3935 2746 excussus,

2334 2767 2385 2820 iu
2415 2767 2585 2835 ipsum
2616 2766 2870 2835 perniciei
2901 2765 3222 2837 profundum
3242 2767 3525 2823 deciderit.

2401 2861 2452 2913 5.
2481 2859 2633 2926 Quod
2657 2860 2699 2912 si
2728 2860 2816 2929 qui
2848 2875 2934 2914 me
2959 2874 2988 2912 a
3016 2860 3159 2914 luctu
3187 2860 3451 2915 abducere
3471 2861 3812 2927 tcutaverint,
3839 2879 3939 2916 eos

2330 2950 2477 3006 hisce
2497 2951 2774 3021 propinata:
2794 2950 2974 3005 verbis
3018 2951 3261 3021 alloquar
3290 2969 3303 3005 :
3333 2951 3586 3004 Dimittite
3630 2970 3726 3017 me,
3758 2970 3940 3007 amare

2327 3045 2458 3114 ﬂebo
2490 3061 2507 3097 :
2552 3060 2614 3097 ne
2640 3044 2740 3097 vim
2795 3045 2995 3116 faciatis
3020 3043 3088 3097 ad
3126 3045 3494 3098 consolandum
3527 3047 3646 3116 n:e(
3681 3045 3812 3098 Isai.
3836 3045 3933 3100 ‘22.

2325 3140 2418 3210 4).
2473 3138 2656 3208 Neque
2698 3139 2842 3192 enim
2874 3138 2968 3192 tali
3015 3137 3160 3190 luctu
3207 3152 3346 3190 nunc
3375 3135 3602 3201 aflicior,
3634 3139 3722 3207 qui
3773 3139 3937 3207 mihi,

2326 3231 2467 3304 quod
2496 3231 2877 3288 immoderatus
2901 3230 2988 3297 sit,
3022 3228 3330 3282 vitio‘verti
3367 3229 3562 3296 p0ssit;
3593 3230 3683 3282 sed
3715 3231 3934 3299 qualem

2326 3341 2426 3381 nec
2444 3325 2688 3390 Paulum,
2721 3338 2820 3377 nec
2847 3322 3084 3388 Petrum,
3113 3319 3261 3374 omni
3299 3320 3670 3374 consolatione
3702 3321 3931 3390 rejet'la,

2325 3431 2601 3473 assumere
2625 3413 2919 3485 puduisset.

2395 3507 2714 3579 Deplorandi
2741 3506 2826 3576 qui
2878 3505 2933 3558 in
2980 3503 3196 3575 peccatis
3232 3515 3513 3557 versantur.
3550 3533 3620 3542 ——
3649 3503 3932 3575 Siquidem

2325 3619 2439 3668 eos,
2459 3604 2548 3672 qui
2571 3601 2709 3655 hanc
2732 3614 3070 3654 communem
3094 3605 3322 3652 mortem
3345 3597 3646 3667 deplorant,
3662 3599 3783 3668 jure
3803 3601 3931 3670 quis

2325 3698 2500 3768 pusilli
2524 3696 2684 3749 animi
2717 3695 2952 3765 arguerit
2983 3711 2995 3746 :
3027 3690 3239 3762 quando
3286 3700 3464 3746 autem
3521 3691 3636 3746 vice
3678 3693 3931 3761 corporis

2324 3793 2497 3845 anima
2521 3788 2941 3859 prostratajaeet
2966 3795 3197 3850 mortua,
3223 3783 3516 3839 inmtmcris
3531 3783 3778 3838 confossa
3804 3784 3925 3837 vul-

2323 3883 2558 3946 nerihus,
2582 3891 2634 3934 et
2663 3880 2712 3932 in
2760 3880 2869 3948 ipsa
2899 3877 3060 3930 etiam
3093 3885 3262 3929 morte
3281 3875 3518 3944 pristina:
3573 3875 3766 3928 indolis
3783 3876 3930 3944 opti-

2322 3990 2421 4026 mae
2447 3976 2484 4035 ³,
2519 3971 2835 4026 valetudinis
2878 3969 3180 4038 prtetcritcc,
3233 3967 3616 4036 exstinctzeque
3675 3965 3925 4035 pulchri-

2323 4067 2520 4121 tudinis
2549 4066 2700 4134 signa
2729 4062 2960 4133 pra-fert,
2989 4061 3108 4130 quis
3126 4069 3231 4113 tam
3263 4059 3509 4113 immanis
3536 4068 3590 4114 et
3605 4074 3795 4114 sensus
3818 4076 3922 4116 ex-

2322 4171 2463 4226 pers,
2485 4157 2574 4225 qui
2621 4170 2716 4224 pro
2737 4154 3020 4223 gemitibus
3045 4151 3356 4222 etlacrymis
3386 4150 3770 4206 consolationis
3795 4167 3922 4208 ver-

2319 4247 2383 4301 ba
2405 4247 2682 4318 proferat?
2719 4243 3182 4312 Quemadmodum
3228 4243 3368 4296 enim
3418 4243 3522 4297 illic
3551 4258 3654 4296 neu
3707 4245 3920 4312 lugere.

2316 4330 2384 4383 ita
2417 4325 2696 4394 biclugere
2734 4323 3158 4393 plnlosophieum
3188 4332 3290 4376 est.
3320 4322 3422 4388 Qui
3466 4321 3531 4376 ad
3567 4323 3754 4376 cmlnm
3786 4341 3896 4392 pcr-

2317 4425 2551 4480 venerat,
2571 4416 2661 4485 qui
2693 4415 2814 4468 vittc
2863 4416 3145 4468 vanitatem
3198 4412 3496 4478 deridebat,
3543 4414 3634 4484 qui
3673 4413 3908 4470 formam

2316 4523 2598 4576 corporum
2631 4508 2847 4576 perinde
2887 4515 3044 4575 atque
3086 4504 3289 4574 lapidea
3322 4505 3606 4561 simulacra
3641 4507 3909 4576 respicie-

2316 4600 2423 4663 bat,
2457 4600 2547 4668 qui
2591 4615 2777 4652 aurum
2820 4599 2969 4667 quasi
3007 4599 3211 4663 lutum,
3252 4597 3474 4652 delicias
3517 4613 3702 4653 omnes
3746 4601 3906 4670 quasi

2315 4707 2528 4745 omnum
2580 4691 2957 4745 contemnebat
3003 4692 3067 4741 ιτ
3111 4689 3198 4742 hic
3254 4689 3544 4758 derepente
3598 4690 3727 4744 febri
3776 4705 3906 4745 cor-

2313 4792 2498 4851 reptus
2541 4782 2756 4836 insulsre
2799 4779 3265 4848 concupiscentiae,
3300 4779 3660 4834 valetudinem
3685 4821 3702 4848 ,
3734 4783 3910 4837 robur

2311 4887 2364 4930 et
2409 4880 2639 4945 speciem
2682 4889 2893 4928 omnem
2939 4873 3202 4944 perdidit,
3240 4873 3676 4942 voluptatumque
3706 4887 3911 4929 servus

2314 4973 2532 5028 effectus
2577 4982 2680 5028 est.
2726 4971 2917 5026 Annon
2964 4971 3104 5024 hunc
3144 4967 3578 5038 deplorabimus,
3619 4967 3704 5022 dic
3745 4968 3908 5035 mihi,

2309 5081 2488 5118 annon
2537 5063 2864 5134 lugebimus,
2914 5062 3084 5116 donec
3111 5076 3233 5115 eum
3263 5060 3686 5130 recupercmus?
3733 5061 3815 5112 An
3856 5062 3912 5114 id

2311 5156 2524 5209 humani
2569 5163 2711 5209 esset
2749 5154 2955 5207 animi?
3004 5152 3216 5207 Etenim
3261 5153 3450 5206 mortis
3480 5165 3750 5220 corporeae
3808 5149 3882 5206 de

2309 5251 2531 5303 structio
2560 5248 2644 5302 hic
2671 5247 2895 5302 inveniri
2924 5246 3129 5316 nequit,
3163 5260 3338 5314 neque
3366 5255 3543 5309 tamen
3572 5243 3622 5298 id
3649 5243 3914 5313 lugentes

2370 5552 2384 5582 ι
2420 5545 2551 5596 colb.
2575 5558 2701 5612 unus
2730 5545 2852 5605 loco,
2875 5543 3050 5594 indolis
3071 5540 3480 5612 aptirnw,habet,.
3514 5538 3786 5612 tenuantis,
3810 5544 3902 5612 sa-

2307 5609 2385 5658 vil.
2436 5611 2484 5657 in
2533 5611 2750 5670 margine
2791 5601 2943 5664 notat,
2985 5601 3292 5670 t'cnustatis,'
3316 5616 3419 5664 pro,
3461 5601 3638 5652 indolis
3679 5601 3908 5662 aptium.

2305 5679 2517 5734 Uterque
2542 5665 2670 5719 enim
2693 5683 2869 5719 sensus
2891 5681 3052 5731 grzece
3077 5681 3206 5729 pene
3229 5665 3356 5734 idem
3379 5673 3533 5734 sonat.
3642 5726 3652 5734 _
3717 5721 3728 5730 _

2367 5735 2390 5765 ⁸
2419 5721 2493 5781 θῖίο
2515 5734 2653 5782 Savil.
2689 5741 2738 5781 et
2771 5721 2977 5794 quatuor
3001 5721 3104 5779 uss.
3127 5727 3288 5779 Morel.
3325 5727 3488 5779 habet.
3515 5738 3596 5786 qut
3619 5721 3901 5783 deridebat,

2304 5809 2461 5844 tntuus
2485 5804 2630 5845 recte.
