4276 6316
401 356 498 412 281

401 485 434 522 a
459 468 584 523 fletu
609 466 862 533 cohibet;
891 466 1081 521 anima:
1103 481 1228 520 vero
1257 481 1401 520 mors
1429 466 1514 520 hic
1537 474 1742 520 tantum
1773 465 1972 519 destrui

403 568 576 630 potest
605 577 619 614 :
648 555 716 612 In
740 559 940 629 inferno
963 557 1108 616 enim
1134 559 1249 628 quis
1269 598 1284 623 ,
1315 557 1515 626 inquit,
1547 555 1861 624 conﬁtebitur
1891 554 1979 609 tite

403 649 570 718 (Prol.
596 649 654 704 6.
674 649 770 720 6)?
793 647 911 716 Quo
937 658 1097 718 pacto
1117 649 1277 718 igitur
1299 662 1404 702 non
1433 661 1653 701 summae
1675 647 1977 700 stoliditatis

408 743 588 809 fuerit,
615 756 738 796 cum
767 741 803 796 ii
827 742 920 810 ‘qui
948 741 1187 809 corporis
1209 750 1434 794 mortem
1464 740 1662 809 lugent,
1692 748 1797 791 tam
1820 737 1980 791 vehe-

401 841 608 887 menter
647 833 665 864 ί
695 831 748 886 id
787 831 1009 896 faciant,
1055 831 1177 885 licet
1228 831 1400 884 sciant
1439 844 1497 884 se
1552 828 1856 884 defunctum
1912 827 1977 880 ad

401 926 563 978 vitam
594 923 845 994 lacrymis
886 939 990 976 non
1020 932 1361 978 revocaturos
1388 937 1541 986 esse;
1575 936 1673 975 nos
1711 920 1841 973 nihil
1877 920 1976 970 bu-

399 1015 630 1087 jusmodi
674 1013 966 1081 exhibere,
1003 1015 1091 1083 qui
1122 1014 1323 1068 scimus
1365 1027 1513 1081 spem
1551 1026 1670 1066 esse
1697 1010 1765 1064 de
1804 1009 1978 1064 anima

401 1118 609 1164 mortua
658 1108 711 1162 in
768 1107 1046 1178 pristinam
1096 1107 1258 1161 vitam
1305 1103 1653 1160 reducenda?
1707 1101 1978 1171 Siquidem

401 1200 553 1256 multi
581 1208 636 1254 et
659 1198 764 1254 hoc
787 1208 1028 1267 tempore
1055 1207 1110 1253 et
1149 1197 1407 1267 majorum
1442 1206 1741 1250 nostrorum
1769 1208 1916 1253 aevo.
1950 1210 1980 1248 a

401 1300 549 1346 recta
589 1290 819 1345 statione
857 1289 1097 1344 subversi
1139 1297 1193 1344 et
1219 1289 1285 1343 ab
1311 1297 1537 1357 angusta
1563 1287 1648 1339 via
1681 1284 1979 1354 prcecipites

401 1383 531 1446 dati,
562 1383 633 1445 ita
663 1365 1172 1446 surrexereidenuo,
1203 1391 1258 1434 ut
1287 1379 1584 1450 posteriore
1611 1379 1716 1430 vita
1747 1378 1979 1446 priorem

402 1475 738 1545 obtegerent,
765 1475 990 1542 palmam
1011 1474 1335 1542 acciperent,
1364 1485 1560 1526 corona
1582 1468 1978 1532 redimiret-itur,

400 1582 522 1619 cum
555 1565 844 1620 victoribus
882 1563 1333 1632 praedicarentur,
1379 1570 1433 1616 et
1475 1569 1777 1614 sanctorum
1818 1556 1982 1610 choro

400 1666 902 1712 annumerareutur.
963 1654 1225 1722 Quamdiu
1277 1664 1449 1708 tamen
1500 1652 1619 1721 quis
1667 1651 1720 1704 iu
1774 1651 1984 1704 fornace

401 1749 731 1818 voluptatum
776 1747 1057 1811 consistit,
1111 1745 1318 1799 etiamsi
1365 1744 1639 1798 innumera
1683 1740 1982 1810 hujusmodi

400 1840 643 1909 exempla
674 1839 943 1911 proposita
976 1837 1200 1902 habeat,
1234 1837 1331 1907 ipsi
1376 1850 1462 1890 res
1491 1849 1612 1889 esse
1651 1849 1813 1904 supra
1845 1833 1985 1886 vires

399 1939 624 2000 apparet
652 1947 666 1981 :
695 1939 750 1983 at
779 1929 822 1983 si
853 1928 936 1990 vel
969 1928 1234 1982 tantillum
1261 1926 1487 1996 cmperit
1509 1926 1655 1979 illinc
1684 1923 1886 1994 egredi,
1920 1923 1984 1976 ad

401 2022 655 2078 ulteriora
681 2036 895 2090 semper
924 2019 1246 2090 procedens,
1282 2025 1478 2071 statum
1506 2016 1654 2070 illum
1683 2014 1986 2085 diligentius

399 2130 559 2185 quam
596 2116 770 2185 ignem
801 2130 828 2165 a
857 2121 1007 2182 tergo
1045 2111 1344 2181 relinquet,
1389 2125 1452 2164 ea
1478 2124 1604 2163 vero
1634 2123 1752 2177 qua:
1780 2115 1903 2160 ante
1928 2120 1987 2161 se

401 2205 572 2275 posita
601 2212 728 2259 sunt
752 2204 889 2258 roris
918 2202 1290 2271 facilitatisque
1315 2199 1475 2270 plena
1500 2198 1796 2269 conSpiciet
1826 2216 1838 2250 :
1870 2207 1984 2250 tan-

401 2305 512 2349 tum
542 2309 608 2349 ne
634 2293 1005 2363 desperemus,
1036 2306 1169 2346 neve
1196 2291 1263 2346 de
1287 2289 1460 2345 reditu
1489 2288 1793 2345 dubitemus
1824 2306 1836 2342 :
1865 2300 1985 2339 nam

400 2387 491 2456 qui
518 2385 597 2441 sic
620 2385 840 2440 affectus
867 2393 969 2448 est,
999 2384 1207 2452 ingenti
1231 2382 1358 2436 licet
1386 2379 1695 2435 fortitudine
1720 2390 1773 2433 et
1797 2379 1988 2438 alacri-

401 2484 508 2530 tate
552 2474 808 2545 praeditus
837 2476 940 2537 sit,
987 2489 1104 2528 eam
1151 2472 1348 2527 frustra
1380 2470 1636 2541 possidet.
1681 2468 1816 2524 Cum
1843 2469 1986 2540 enim

397 2566 612 2634 januam
641 2565 742 2618 sibi
786 2565 1114 2634 paenitentia:
1143 2562 1326 2618 semel.
1352 2561 1654 2628 occlnscrit,
1689 2569 1744 2615 et
1766 2560 1830 2615 ad
1874 2568 1986 2614 sta-

402 2657 549 2710 dium
593 2655 953 2710 intercluserit
996 2654 1229 2720 aditum,
1271 2652 1538 2722 quomodo
1587 2659 1738 2705 extra
1785 2650 1988 2720 positus

403 2749 599 2818 poterit
642 2747 725 2802 vel
774 2762 1021 2816 magnum
1056 2745 1138 2800 vel
1189 2744 1453 2799 modicum
1503 2742 1772 2814 quidpiam
1812 2741 1935 2795 boni
1963 2742 1983 2772 ⁸

401 2839 656 2908 operari?
710 2838 1047 2906 Quapropter
1076 2836 1338 2905 malignus
1369 2834 1459 2888 ille
1491 2833 1619 2887 nihil
1647 2847 1752 2887 non
1783 2832 1986 2885 machi-

402 2938 580 2996 natur,
617 2946 732 2999 ,quo
774 2925 926 2983 nobis
970 2928 1106 2983 hanc
1147 2927 1524 2997 cogitationem
1556 2925 1714 2979 altius
1744 2923 1938 2993 deligat
1970 2941 1984 2979 :

408 3039 527 3077 nam
557 3031 743 3092 postea
774 3037 877 3074 non
912 3019 1208 3074 sudaudum
1240 3021 1288 3074 ei
1310 3060 1325 3084 ,
1364 3032 1465 3072 nec
1500 3015 1847 3070 laborandum
1889 3015 1991 3069 erit

405 3123 461 3170 ut
497 3130 597 3169 nos
634 3123 939 3186 oppugnet;
982 3113 1231 3180 nimirum
1270 3112 1600 3181 jam.iapsos
1629 3120 1683 3164 et
1723 3110 1987 3179 jacentes,

405 3217 564 3278 atque
592 3207 641 3260 ei
671 3206 932 3260 obsistere
959 3204 1222 3259 nolentes.
1253 3204 1352 3270 Qui
1383 3203 1524 3258 enim
1551 3202 1620 3256 ab
1651 3200 1750 3279 hoc
1783 3199 1991 3254 vinculo

404 3315 464 3353 se
494 3297 749 3368 expedire
781 3297 1006 3366 poterit,
1050 3295 1327 3366 pristinam
1362 3278 1743 3347 fortitudinem
1768 3305 1992 3360 recupe-

409 3390 564 3455 rabit,
593 3403 694 3444 nec
722 3388 954 3443 cessabit
983 3387 1048 3440 ad
1079 3395 1377 3441 extremum
1404 3400 1572 3454 usque
1600 3385 1821 3446 halittun
1865 3399 1990 3438 cum

407 3480 496 3534 illo
527 3493 763 3550 pugnare
792 3495 807 3531 :
841 3478 1048 3532 etiamsi
1077 3492 1204 3531 vero
1235 3476 1287 3530 in
1328 3485 1609 3531 sexcentos
1651 3475 1830 3543 lapsus
1861 3488 1990 3542 pro—

409 3585 545 3639 ruat,
573 3585 756 3645 surget
783 3575 1001 3640 iterum,
1031 3581 1084 3627 et
1111 3571 1318 3626 hostem
1349 3570 1614 3626 conficiet.
1643 3568 1840 3624 Contra
1864 3561 1992 3622 vero

406 3669 492 3738 qui
522 3665 916 3736 desperationis
944 3663 1267 3734 cogitatione
1294 3663 1515 3733 ligatur,
1544 3660 1742 3716 fractus
1768 3659 1988 3724 viribus,

406 3758 673 3828 quomodo
700 3771 957 3826 superare
996 3757 1188 3826 poterit
1215 3755 1299 3810 vel
1327 3755 1590 3810 obsistere
1609 3793 1625 3822 ,
1651 3768 1772 3809 cum
1803 3770 1866 3807 ex
1896 3751 1989 3832 ad-

410 3867 564 3905 verso
594 3849 803 3920 fugiat?

477 3943 530 3997 4.
568 3941 767 4006 Quwvis
796 3940 984 3994 scelera
1012 3939 1306 4010 pmnitentiu
1344 3939 1592 3993 delentur.
1621 3970 1688 3979 -—
1714 3939 1821 3996 Nec
1845 3942 1992 3996 dicas

412 4033 523 4088 hazc
552 4033 617 4087 ad
664 4048 758 4087 eos
798 4033 887 4102 qui
919 4032 1127 4087 modice
1169 4031 1512 4102 deliquerunt
1553 4034 1821 4102 pertinere
1853 4053 1865 4088 :
1898 4036 1990 4089 sed

411 4141 547 4194 pone
573 4124 873 4195 quempiam
918 4123 1062 4177 omni
1093 4122 1532 4194 flagitio‘plenum
1555 4166 1568 4188 ,
1602 4125 1690 4194 qui
1723 4125 1852 4179 nihil
1886 4143 1989 4180 non

409 4216 597 4285 egerit,
624 4212 765 4284 quod
792 4229 822 4268 a
864 4229 1028 4284 regno
1071 4213 1163 4267 illo
1197 4213 1469 4280 excludat,
1504 4215 1592 4284 qui
1632 4231 1663 4268 a
1707 4217 1988 4286 principio,

409 4321 516 4360 non
559 4321 624 4360 ex
671 4303 984 4370 infidelium,
1031 4304 1124 4358 sed
1170 4320 1231 4360 ex
1281 4305 1547 4371 fidelium,
1579 4321 1872 4376 eorumque
1903 4310 1990 4376 qui

413 4396 525 4451 Deo
548 4395 861 4464 plaeuerant
880 4409 1100 4450 numero
1123 4391 1304 4460 fuerit,
1324 4394 1518 4449 deinde
1532 4411 1680 4460 vero,
1707 4405 1989 4460 scortator,

409 4487 650 4542 mmchus
671 4528 686 4550 ,
715 4486 892 4541 mollis
913 4527 928 4551 ,
957 4486 1069 4549 fur,
1099 4485 1342 4540 ebriosus
1363 4527 1375 4548 ,
1407 4485 1756 4554 pazderastes,
1791 4489 1993 4543 calum-

409 4581 581 4635 niator
623 4580 888 4645 evaserit,
927 4587 980 4634 et
1027 4578 1130 4632 alia
1172 4577 1193 4608 ³
1237 4577 1287 4631 id
1327 4593 1494 4646 genus
1545 4580 1769 4636 crimina
1824 4582 1992 4636 admi-

408 4671 538 4725 serit
561 4688 575 4725 :
598 4685 668 4725 ne
693 4669 834 4723 hunc
855 4668 1068 4738 quidem
1091 4669 1136 4723 si
1160 4669 1411 4739 desperet
1434 4671 1820 4739 approbaturus
1845 4688 1987 4741 sum,

407 4761 616 4814 etiamsi
642 4760 709 4814 ad
739 4767 1037 4816 extremam
1069 4776 1234 4832 usque
1263 4771 1535 4816 senectam
1564 4763 1616 4817 in
1643 4764 1864 4820 nefariis
1889 4767 1992 4822 illis

409 4855 781 4923 atrocibusque
827 4852 1037 4924 ﬂagitiis
1080 4854 1523 4922 perseveraverit.
1555 4855 1685 4910 Nam
1715 4857 1760 4911 si
1791 4859 1867 4912 ira
1897 4859 1990 4914 Dei

406 4949 568 5002 animi
602 4948 860 5017 mgritudo
891 4958 1066 5011 esset,
1108 4949 1227 5017 jure
1271 4951 1390 5019 quis
1430 4950 1776 5019 desperaret.
1809 4964 1992 5022 utpote

405 5040 494 5110 qui
538 5056 642 5094 non
679 5051 856 5107 poSset
891 5039 911 5071 ⁸
961 5040 1227 5094 flammam
1272 5051 1347 5094 tot
1386 5043 1676 5098 sceleribus
1711 5047 1990 5100 excitatam

407 5131 786 5204 exstinguere;
838 5132 960 5200 quia
1003 5148 1129 5185 vero
1167 5134 1400 5187 divinum
1451 5151 1644 5189 numen
1677 5138 1992 5205 argritudiue

405 5225 566 5278 animi
597 5240 818 5279 vacuum
863 5235 966 5291 est,
1013 5242 1076 5281 ac
1122 5227 1245 5291 licet
1290 5228 1493 5297 puniat,
1542 5229 1665 5283 licet
1704 5231 1989 5285 vindictam

407 5330 600 5386 sumat,
634 5337 738 5376 non
770 5323 845 5376 ira
875 5336 1177 5379 commotus
1207 5325 1255 5380 id
1287 5328 1414 5395 agit,
1439 5326 1531 5379 sed
1559 5342 1740 5381 curam
1765 5337 1815 5381 et
1843 5342 1990 5380 amo-

410 5425 518 5465 rem
569 5413 734 5466 nosu'i
778 5428 992 5484 semper
1035 5419 1215 5485 gerit:
1264 5417 1383 5471 ideo
1410 5418 1430 5448 ⁵
1466 5418 1604 5471 bono
1650 5433 1770 5474 esse
1812 5418 1991 5471 animo

472 5547 488 5607 ξ
524 5551 647 5593 Unus
677 5544 843 5602 habet,
866 5545 1198 5607 vehementius,
1239 5557 1296 5598 ut
1327 5557 1379 5598 et
1400 5551 1538 5602 Savil.

422 5671 423 5674 η
470 5606 492 5681 ς
523 5611 686 5681 Deest,
726 5607 850 5681 boni,
882 5609 929 5656 in
962 5611 1374 5681 quihusdamttss.

528 5672 652 5714 Unus
668 5669 830 5724 habet,
856 5677 898 5717 et
924 5669 1020 5719 alia
1051 5673 1228 5722 onmia.

473 5727 495 5796 ξ
524 5726 650 5796 φρει».
679 5735 730 5796 et
751 5731 910 5796 savii,
936 5745 1027 5779 non
1041 5733 1149 5796 jam
1173 5741 1342 5796 posset.

475 5786 496 5818 ³
530 5794 688 5846 Deest,
716 5789 838 5847 izli'c,
881 5794 927 5840 in
950 5786 1231 5856 quibusdam
1269 5803 1368 5844 Mss.

1538 355 1628 408 AD
1667 353 2083 410 'f‘llliODOf‘nUllf
2101 403 2104 405 .
2123 353 2414 409 LAPSUM.
2454 353 2494 408 1.

2083 480 2179 534 par
2199 472 2300 532 est,
2327 479 2379 520 et
2406 466 2454 520 vi
2481 467 2804 536 pmnitcntia:
2826 467 3114 523 confidere.
3143 467 3414 537 Siquidem
3439 482 3552 530 eos,
3577 468 3662 534 qui

2084 554 2137 608 in
2163 569 2222 609 se
2254 565 2604 624 peccaverunt
2624 596 2639 622 ,
2671 572 2778 612 non
2808 559 2890 614 sui
2916 573 3073 614 causa
3105 559 3239 613 solet
3268 558 3449 613 ulcisci
3483 575 3496 613 :
3531 557 3660 611 nihil

2047 659 2055 668 ·
2083 644 2226 699 enim
2265 655 2438 714 potest
2469 647 2522 700 in
2552 647 2859 717 huiusmodi
2885 659 3127 703 naturam
3159 650 3336 704 damni
3364 649 3580 715 induci;
3615 650 3664 702 id

2087 731 2212 788 vero
2241 736 2348 804 agit
2375 735 2441 789 ad
2469 746 2708 791 nostram
2739 749 2988 808 spectans
3018 741 3316 805 utilitatem,
3346 755 3413 794 ne
3439 739 3489 793 in
3519 740 3666 793 dete-

2088 825 2281 880 riorcut
2316 836 2513 880 statum
2537 830 2864 897 perversitas
2887 839 3066 884 nostra
3088 829 3319 897 decidat,
3346 830 3475 885 dum
3498 829 3668 899 ipsum

2087 930 2200 969 rem
2227 926 2574 991 contemnere
2602 933 2665 973 ac
2694 919 2969 989 despicere
3003 929 3272 990 putamus.
3315 920 3671 989 Quemadmo-

2087 1005 2212 1059 dum
2257 1007 2398 1061 enim
2445 1008 2491 1063 is
2519 1009 2608 1078 qui
2639 1023 2668 1062 τι
2707 1009 2826 1064 luce
2869 1009 3105 1074 recedit,
3137 1010 3267 1064 nihil
3311 1011 3414 1065 luci
3445 1008 3539 1064 sed
3570 1008 3670 1063 sibi

2088 1098 2314 1152 multum
2356 1099 2532 1153 damni
2574 1098 2769 1166 infert,
2800 1101 2924 1155 dum
2957 1101 3009 1156 in
3041 1102 3287 1157 tenebras
3325 1117 3384 1156 se
3412 1101 3626 1171 conjieit
3656 1120 3668 1155 :

2087 1189 2164 1241 sic
2214 1190 2302 1258 qui
2352 1171 2776 1259 omnipotentem
2829 1191 2970 1245 illam
3019 1192 3272 1246 virtutem
3303 1185 3672 1246 contemnere

2087 1279 2277 1334 solitus
2302 1289 2403 1344 est,
2435 1279 2604 1350 ipsam
2628 1281 2840 1352 quidem
2874 1281 3003 1336 nihil
3032 1281 3195 1346 laedit,
3221 1292 3520 1336 extremam
3546 1297 3675 1337 vero

2087 1368 2188 1422 sibi
2222 1369 2511 1438 perniciem
2543 1370 2735 1424 adfert.
2770 1371 2879 1425 Hac
2921 1371 2987 1425 de
3031 1387 3189 1426 causa
3221 1372 3360 1428 Deus
3387 1372 3674 1427 vindictam

2089 1457 2246 1513 nobis
2271 1461 2649 1524 comminatur,
2677 1475 2925 1530 sazpeque
2957 1462 3212 1525 immittit,
3243 1478 3346 1517 non
3379 1473 3433 1518 ut
3461 1478 3518 1519 se
3547 1463 3676 1517 ulci-

2090 1550 2302 1616 Scatur,
2335 1551 2429 1606 sed
2460 1561 2515 1606 ut
2542 1567 2641 1606 nos
2668 1551 2732 1606 ad
2764 1567 2820 1606 se
2850 1554 3145 1622 pertrahat.
3178 1555 3246 1608 At
3270 1557 3410 1609 enim
3441 1555 3675 1610 medicus

2090 1639 2156 1694 de
2185 1641 2522 1696 contumeliis
2559 1642 2900 1697 delirantium
2945 1658 3048 1698 non
3080 1643 3223 1698 delet
3246 1687 3260 1710 ,
3305 1661 3475 1715 neque
3505 1645 3673 1701 offen-

2090 1730 2266 1796 ditur;
2310 1730 2403 1785 sed
2432 1741 2610 1786 tamen
2643 1732 2774 1786 nihil
2817 1748 2922 1788 non
2955 1734 3092 1802 agit,
3127 1743 3184 1788 ut
3214 1749 3307 1789 eos
3339 1736 3407 1788 ita
3455 1737 3678 1804 turpiter

2091 1835 2151 1875 se
2176 1834 2425 1891 gerentes
2453 1834 2778 1894 compescat,
2807 1839 2914 1879 non
2939 1841 3087 1879 suam
3117 1836 3364 1896 spectans
3384 1869 3397 1889 ,
3430 1827 3522 1882 sed
3555 1828 3676 1883 illo-

2091 1929 2207 1968 rum
2251 1914 2532 1970 utilitatem
2573 1917 2664 1970 :si
2710 1927 2886 1973 autem
2934 1918 3059 1987 πίει-ἱ
3103 1919 3185 1974 vel
3229 1920 3492 1975 tantillum
3534 1937 3679 1977 same

2094 2008 2288 2060 mentis
2316 2007 2618 2075 ostendant,
2645 2010 2842 2078 gaudet
2869 2017 2925 2064 et
2948 2009 3173 2074 lmtatur,
3214 2011 3487 2082 multoque
3523 2013 3681 2070 veheo-

2092 2098 2324 2153 mentius
2353 2098 2588 2153 remedia
2616 2100 2893 2165 admovet,
2937 2115 3041 2154 non
3081 2102 3220 2171 quod
3268 2117 3452 2170 pmnas
3493 2114 3680 2158 contu-

2091 2191 2266 2245 meliae
2307 2199 2558 2260 expetat,
2615 2192 2709 2247 sed
2768 2202 2825 2247 ut
2894 2193 3173 2248 utilitatem
3224 2206 3416 2265 augeat
3470 2198 3526 2261 ‘,
3572 2197 3680 2251 imo

2091 2291 2145 2338 et
2170 2283 2460 2352 perfectam
2495 2285 2778 2340 sanitatem
2803 2285 3046 2341 inducat.
3092 2286 3294 2343 Eodem
3322 2289 3480 2345 modo
3518 2292 3678 2356 Deus,

2095 2385 2372 2446 postquam
2418 2391 2518 2431 nos
2565 2378 2615 2430 in
2663 2387 2958 2434 extremam
3005 2379 3303 2435 decidimus
3349 2382 3674 2448 amentiam,

2093 2480 2199 2519 non
2227 2477 2283 2520 ut
2315 2466 2584 2536 prwterita
2613 2468 2922 2535 ulciscatur,
2953 2469 3048 2524 sed
3077 2479 3132 2524 ut
3163 2485 3260 2526 nos
3286 2487 3314 2526 a
3338 2472 3528 2526 morbo
3553 2473 3684 2529 lihe-

2093 2564 2198 2620 ret,
2235 2556 2363 2620 nihil
2399 2572 2502 2610 non
2547 2557 2674 2611 dicit
2711 2568 2765 2612 et
2805 2558 2970 2612 facit:
3006 2560 3148 2628 quod
3177 2575 3306 2616 sane
3337 2557 3508 2631 quivis
3539 2571 3684 2620 recto

2065 2659 2221 2699 tusus
2246 2645 2527 2700 ratiocinio
2558 2649 2865 2717 perspicere
2897 2649 3055 2704 valet.

2163 2737 2216 2793 5.
2259 2738 2315 2795 Si
2343 2754 2470 2794 vero
2505 2739 2768 2810 quispiam
2799 2741 2914 2796 haec
2940 2741 2994 2809 in
3020 2742 3235 2797 dubium
3264 2745 3532 2799 vocaverit
3570 2786 3586 2810 ,
3617 2760 3682 2800 ex

2094 2829 2286 2884 divinis
2315 2830 2605 2900 Scripturis
2629 2847 2692 2886 ea
2729 2832 2842 2902 ipsa
2874 2833 3192 2903 confirmare
3223 2836 3276 2890 in
3306 2847 3548 2907 promptu
3579 2847 3682 2893 est.

2094 2921 2224 2974 Nam
2243 2923 2384 2991 quis,
2413 2938 2624 2993 quaeso,
2643 2939 2768 2994 rege
2784 2924 3194 2996 Babyloniorum
3226 2929 3535 2987 sceleratior
3559 2931 3686 2985 fuit?

2093 3011 2182 3080 qui
2214 3027 2331 3065 eum
2361 3022 2556 3067 tantam
2599 3015 2687 3069 Dei
2708 3017 2995 3086 potentiam
3013 3030 3264 3087 expertus
3296 3031 3458 3089 esset,
3481 3031 3536 3077 ut
3557 3039 3682 3091 pro-

2097 3101 2307 3170 phetam
2337 3102 2452 3171 ejus
2490 3105 2738 3159 adorarct
2757 3146 2771 3170 ,
2791 3106 3109 3177 juberetquc
3133 3110 3180 3164 ei
3210 3127 3395 3165 iiianaa
3425 3115 3445 3144 ³
3475 3155 3490 3178 ,
3527 3113 3578 3167 id
3603 3124 3686 3169 est

2094 3191 2255 3257 dona,
2289 3201 2343 3248 et
2366 3191 2562 3248 odores
2591 3193 2788 3261 offerri,
2823 3211 3010 3251 rursus
3041 3199 3092 3251 in
3126 3200 3403 3268 pristinam
3435 3219 3684 3259 reversus

2095 3281 2398 3350 superbiam
2437 3297 2551 3349 eos,
2591 3284 2680 3354 qui
2721 3284 2894 3354 ipsum
2928 3286 3036 3342 Deo
3080 3288 3332 3357 praeferre
3376 3292 3680 3358 noluerant,

2095 3374 2283 3444 ligatos
2305 3374 2356 3428 in
2382 3373 2651 3430 fornacem
2681 3377 2928 3448 conjecit.
2953 3381 3199 3435 Attamen
3228 3382 3369 3438 hunc
3394 3385 3464 3439 ita
3494 3387 3684 3443 crude-

2097 3465 2237 3533 lem,
2270 3466 2490 3537 impium
2513 3510 2526 3533 ,
2562 3467 2836 3539 feramque
2873 3471 3048 3543 potius
3077 3488 3233 3544 quam
3279 3474 3586 3546 hominem,
3614 3480 3684 3535 ad

2098 3559 2464 3630 paenitentiam
2490 3569 2766 3631 provocat,
2789 3562 3026 3634 aliasque
3044 3562 3198 3621 offert
3215 3568 3311 3637 ipsi
3335 3570 3684 3640 resipiscendi

2097 3651 2437 3716 occasiones;
2465 3651 2637 3731 primo
2668 3653 2842 3723 ipsum
2877 3655 3192 3711 miraculum
3218 3660 3358 3727 quod
3384 3661 3434 3715 in
3466 3662 3682 3720 fornace

2097 3741 2353 3812 contigit;
2381 3741 2574 3798 deinde
2596 3744 2876 3812 visionem,
2907 3747 3016 3816 regi
3044 3747 3295 3816 oblatam,
3324 3768 3482 3821 quam
3513 3755 3679 3814 inter-

2099 3839 2332 3900 pretatus
2355 3843 2436 3888 est
2452 3834 2658 3903 Daniel,
2681 3851 2800 3905 qure
2831 3845 3042 3905 poterat
3063 3840 3146 3894 vel
3164 3841 3427 3911 lapideam
3449 3847 3681 3905 animam

2097 3925 2314 3980 flectere
2347 3942 2359 3978 :
2392 3925 2602 3979 tandem
2627 3935 2746 3996 post
2771 3927 2916 3982 illam
2943 3944 3006 3983 ex
3029 3930 3190 3986 rebus
3219 3933 3348 4003 ipsis
3375 3935 3567 3992 factam
3593 3942 3682 3995 ad-

2099 4017 2444 4071 monitionem
2470 4061 2482 4084 ,
2515 4019 2628 4088 ipse
2670 4019 2928 4089 prepheta
2964 4023 3244 4078 consilium
3275 4026 3421 4083 dedit
3460 4029 3542 4085 his
3565 4047 3686 4087 ver-

2099 4107 2179 4160 bis
2211 4127 2222 4160 :
2257 4106 2552 4176 Propterea,
2588 4125 2679 4163 rex
2701 4151 2716 4177 ,
2746 4112 3012 4166 consilium
3041 4129 3204 4166 meum
3239 4116 3326 4169 tibi
3369 4118 3564 4188 placeat
3589 4164 3604 4189 ,
3637 4135 3683 4177 et

2097 4209 2300 4267 peccata
2324 4211 2408 4252 tua
2434 4199 2485 4253 in
2512 4200 2834 4272 cleemosynis
2874 4203 3080 4271 redime,
3114 4216 3160 4257 et
3177 4207 3463 4277 iniquitates
3495 4220 3606 4268 tuas
3632 4217 3683 4269 in

2109 4290 2513 4344 miserationibus
2562 4309 2841 4363 pauperum
2885 4309 2905 4346 :
2943 4296 3155 4364 forsitan
3193 4298 3285 4352 erit
3332 4300 3686 4372 longanimitas

2099 4381 2290 4435 delictis
2332 4384 2428 4436 tuis
2473 4382 2634 4454 (Dan.
2673 4385 2725 4438 4.
2757 4383 2872 4455 24).
2918 4386 3054 4454 Quid
3093 4387 3261 4455 dicis,
3309 4408 3341 4445 0
3377 4396 3589 4463 sapiens
3632 4411 3682 4455 el

2100 4474 2299 4554 beate_?
2331 4485 2483 4531 estne
2522 4485 2642 4546 post
2689 4485 2892 4532 tantum
2938 4479 3145 4548 lapsum
3192 4483 3427 4550 reditus,
3467 4499 3520 4542 et.
3565 4502 3687 4561 post

2099 4576 2302 4622 tantum
2348 4567 2600 4623 morbum
2650 4569 2908 4624 sanitas?
2961 4587 3243 4630 rursumne
3293 4587 3416 4646 post
3485 4588 3684 4637 tantam

2096 4661 2383 4714 amentiam
2409 4675 2533 4729 spes
2557 4661 2939 4730 resipiscentiaa
2956 4663 2977 4717 ?
2992 4661 3214 4719 Omnem
3243 4669 3392 4736 prius
3413 4685 3562 4739 spem
3588 4674 3689 4729 sibi

2098 4752 2338 4820 praecidit
2373 4768 2488 4818 rex,
2533 4755 2707 4821 primo
2742 4769 2864 4808 cum
2909 4764 3205 4812 creatorem
3245 4774 3421 4828 suum,
3455 4780 3686 4837 emuquc
3729 4745 3735 4750 ’

2097 4842 2185 4911 qui
2215 4859 2274 4896 se
2294 4841 2358 4895 ad
2380 4851 2579 4895 tantum
2597 4843 2857 4898 honorem
2883 4856 3152 4914 evexerat,
3175 4848 3456 4921 ignoravit,
3476 4856 3685 4914 etiamsi

2099 4935 2214 5002 ejus
2269 4935 2518 5003 potentize
2566 4944 2725 5006 atque
2775 4938 3120 5005 previdentia:
3180 4955 3493 5013 argumenta
3551 4951 3689 5007 bene

2100 5024 2287 5089 nmlta,
2313 5033 2422 5077 tum
2449 5040 2574 5092 erga
2599 5040 2678 5086 se,
2705 5035 2813 5079 tum
2841 5041 2966 5096 erga
2990 5032 3355 5098 progenitores
3380 5052 3507 5091 suos
3530 5040 3651 5093 cxhi
3669 5072 3684 5081 ς

2100 5109 2228 5179 biia,
2262 5114 2560 5169 enarranda
2592 5114 2834 5170 haberet.
2860 5117 3064 5174 Deinde
3093 5135 3238 5188 vero,
3270 5137 3390 5178 cum
3419 5135 3539 5194 post
3565 5127 3685 5184 data

2098 5207 2372 5275 sapientia:
2403 5214 2456 5259 et
2487 5207 2831 5273 praescientiae
2861 5210 2976 5278 ejus
3014 5211 3161 5279 signa
3200 5217 3506 5284 conspicua,
3542 5231 3686 5288 p05t-

2099 5315 2258 5368 quam
2291 5300 2548 5367 magiccn,
2583 5301 2997 5373 astronomiam,
3032 5320 3350 5377 omnemque
3389 5311 3683 5367 diabolica—

2100 5404 2218 5442 rum
2252 5389 2633 5458 prarstigiarum
2663 5405 2878 5445 scenam
2911 5406 3148 5448 eversam
3171 5396 3404 5461 vidisset,
3434 5403 3679 5469 graviora

2149 5691 2159 5716 ²
2186 5691 2406 5731 Luthcrl.
2434 5697 2575 5738 unus,
2602 5681 2686 5731 sed
2709 5690 2756 5730 ut
2781 5680 3038 5742 pulchrum
3063 5678 3183 5728 illim
3211 5676 3400 5727 mitium
3425 5687 3615 5738 augear.

2148 5752 2166 5779 ι
2197 5751 2375 5794 Mam'tt
2416 5753 2483 5794 est
2517 5758 2604 5795 vox
2631 5744 2880 5805 hebraiea,
2922 5756 3032 5804 quae
3077 5743 3319 5803 significat
3368 5751 3555 5794 nautica.
3598 5746 3683 5787 aut

2084 5809 2282 5860 άωιιυη.
