4276 6316
635 303 742 360 283

635 422 898 494 prioribus
920 420 1149 475 admisit.
1169 420 1298 475 Nam
1318 434 1379 474 ea
1407 434 1524 489 quae
1548 418 1814 488 sapientes
1845 417 1920 472 illi
1946 418 2083 487 magi
2101 416 2205 471 Ga-

633 514 809 569 zareui
836 512 1102 582 explicare
1130 527 1233 566 non
1267 521 1529 580 poterant,
1564 510 1658 564 sed
1688 509 2074 564 confitebantur
2101 522 2210 560 ma-

631 606 745 674 jora
773 620 911 668 esse,
936 620 1094 673 quam
1119 605 1344 656 humana
1368 603 1586 656 facultas
1609 610 1844 671 caperet,
1876 617 1935 655 ea
1961 600 2051 654 Dei
2080 607 2209 652 nutu

633 700 1007 766 interpretatus
1027 697 1279 766 puerulus
1305 695 1563 764 captivus,
1590 695 1763 763 ipsum
1787 691 2087 760 hujusntodi
2111 690 2208 743 uti-

637 790 822 842 raculo
852 802 1086 856 eousque
1113 787 1327 841 deduxit
1347 827 1359 847 ,
1394 796 1450 840 ut
1485 803 1588 840 non
1627 784 1781 839 modo
1804 784 2082 845 crederet,
2113 781 2205 836 sed

629 882 790 933 etiant
819 879 933 934 orbi
965 889 1223 932 terrarum
1268 879 1360 931 toti
1406 878 1558 932 fieret
1595 877 1710 946 ejus
1741 876 2003 946 dogmatis
2033 889 2208 944 praeco

627 983 678 1021 et
707 971 894 1024 doctor
925 970 1169 1039 publicus
1197 989 1208 1022 :
1240 971 1308 1023 ita
1337 980 1393 1022 ut
1435 972 1475 1024 si
1517 979 1640 1024 ante
1666 969 1874 1040 signum
1905 967 2206 1037 hujusntodi

628 1061 779 1114 venia
803 1059 1048 1130 indignus
1077 1070 1212 1120 erat,
1243 1060 1380 1129 quod
1412 1061 1574 1113 Deum
1605 1059 1894 1128 ignoraret,
1928 1057 2094 1111 multo
2128 1058 2207 1110 in-

626 1150 834 1218 dignior
871 1160 989 1219 post
1032 1150 1158 1204 illud
1206 1149 1516 1202 miraculum
1561 1157 1614 1203 et
1655 1157 1772 1218 post
1819 1146 2204 1202 confessionent

625 1257 773 1295 suam
799 1252 956 1311 atque
1002 1241 1297 1295 doctrinam
1329 1241 1444 1293 aliis
1477 1240 1819 1294 declaratam.
1850 1239 2029 1308 Neque
2063 1239 2204 1292 enim

625 1334 722 1385 nisi
751 1333 904 1401 plane
931 1332 1247 1386 credidisset
1270 1332 1440 1401 ipsum
1471 1331 1642 1385 solum
1665 1345 1785 1385 esse
1807 1345 1990 1384 verum
2016 1330 2202 1393 Deum,

625 1433 828 1476 tantum
858 1438 1013 1476 servo
1034 1421 1148 1490 ejus
1165 1421 1424 1476 honorem
1445 1420 1747 1483 detulisset,
1777 1434 1874 1474 nec
1899 1417 2204 1488 huiusmodi

624 1513 872 1567 mandata
913 1513 1119 1567 caneris
1156 1513 1409 1567 dedisset.
1455 1515 1700 1567 Attamen
1737 1520 1855 1580 post
1899 1508 2202 1579 hujusmodi

623 1607 1009 1660 confessionem
1038 1607 1090 1660 in
1114 1606 1467 1659 idololatriam
1496 1607 1686 1659 iterum
1717 1603 1965 1672 delapsus
1996 1613 2076 1657 est
2106 1620 2118 1656 :
2151 1612 2205 1656 et

622 1697 711 1766 qui
760 1708 1055 1767 prostratus
1096 1697 1147 1750 in
1203 1696 1390 1750 facient
1445 1712 1658 1751 servum
1711 1696 1801 1749 Dei
1844 1695 2201 1758 adoraverat,

626 1797 771 1841 tanto
804 1799 983 1855 postea
1015 1787 1193 1841 furore
1224 1798 1499 1855 correptus
1539 1797 1640 1845 est,
1673 1798 1727 1840 ιιι
1759 1787 1848 1841 Dei
1872 1801 2085 1850 servos,
2115 1784 2202 1856 qui

623 1882 791 1950 ipsum
811 1881 1032 1934 adorare
1052 1882 1351 1946 noluerant,
1369 1881 1418 1932 itt
1439 1881 1703 1933 fornacem
1721 1879 2044 1932 immitteret.
2067 1876 2201 1944 Quid

627 1972 820 2040 igitur?
851 1988 974 2024 nunt
1003 1972 1141 2025 Deus
1172 1981 1466 2040 apostatam
1501 1971 1641 2024 ultus
1669 1979 1784 2036 est,
1816 1981 1870 2022 ut
1901 1969 2080 2022 ulcisci
2106 1967 2200 2020 de-

622 2064 820 2118 bebat?
848 2063 1095 2127 Quinimo
1121 2063 1318 2130 majora
1345 2061 1442 2130 ipsi
1477 2061 1724 2130 potentiae
1760 2076 1868 2114 suae
1895 2060 2041 2129 signa
2071 2075 2202 2128 pra:-

626 2156 757 2221 huit,
780 2156 1058 2223 ipsumque
1087 2165 1207 2223 post
1241 2164 1438 2207 tantam
1483 2153 1749 2208 vesaniam
1777 2153 1844 2207 ad
1875 2154 2202 2222 pristinaite-

621 2263 737 2300 rum
773 2247 1000 2300 reduxit.
1021 2246 1279 2316 Quodque
1310 2247 1603 2299 mirabilius
1628 2254 1728 2309 est,
1757 2261 1822 2299 ne
1844 2245 1912 2298 ob
1937 2246 2202 2316 prodigio-

625 2356 743 2393 rum
768 2340 1180 2408 magnitudinem
1207 2339 1338 2392 fides
1360 2340 1487 2407 ipsis
1514 2347 1817 2408 negaretur,
1843 2342 1895 2391 in
1927 2339 2072 2391 nullo
2097 2338 2202 2391 alio

622 2432 829 2498 signum
861 2429 1005 2492 fecit,
1040 2429 1141 2482 nisi
1170 2430 1222 2482 in
1253 2429 1364 2497 ipsa
1401 2429 1614 2483 fornace
1640 2471 1654 2494 ,
1693 2443 1852 2498 quam
1887 2428 2204 2483 accenderat

626 2525 712 2577 ille
742 2533 925 2575 contra
962 2536 1154 2590 pueros
1194 2537 1327 2591 quos
1357 2521 1544 2590 ligatos
1574 2536 1638 2576 eo
1665 2521 1913 2591 conjecit.
1947 2521 2085 2575 Sane
2115 2536 2202 2574 res

625 2616 757 2668 mira
799 2615 1163 2684 stupendaque
1193 2613 1412 2677 fuisset,
1439 2614 1482 2666 si
1511 2615 1781 2667 tiamntam
1811 2614 2154 2668 exstinxisset
2186 2630 2198 2665 :

619 2720 666 2760 at
695 2708 1142 2762 clementissimus
1183 2707 1290 2772 ille,
1321 2717 1378 2760 ut
1417 2707 1672 2776 majorem
1717 2715 1916 2760 metum
1947 2706 2198 2773 adferret,

618 2801 1021 2868 gravioremque
1048 2807 1305 2853 terrorem
1335 2799 1617 2861 incuteret,
1649 2797 1875 2867 ejusque
1907 2799 2198 2854 czecitatcm

623 2892 830 2955 penitus
857 2891 1105 2956 solveret,
1133 2890 1302 2959 majus
1325 2890 1592 2959 quippiam
1619 2897 1671 2942 et
1695 2888 1991 2942 mirabilius
2007 2904 2200 2957 opera-

622 2994 704 3038 tus
749 2993 849 3039 est.
876 2984 1006 3037 Cum
1041 2983 1181 3035 enim
1215 2982 1542 3051 permisisset
1578 2981 1722 3033 illam
1755 2979 2005 3034 succendi
2031 2994 2199 3049 quan—

621 3088 729 3126 tum
753 3076 866 3143 ipse
895 3072 1126 3136 volebat,
1151 3072 1221 3125 ita
1249 3086 1397 3124 suam
1421 3069 1652 3124 ostendit
1673 3070 1982 3139 potentiam,
2015 3079 2067 3122 ut
2095 3069 2199 3122 ini-

622 3167 876 3220 micorum
906 3164 1329 3218 machinatnenta
1374 3177 1478 3215 non
1517 3161 1854 3222 dissolveret,
1882 3159 1974 3214 sed
2015 3159 2200 3213 eadem

625 3259 986 3326 permanentia
1021 3255 1163 3309 irrita
1213 3254 1433 3308 faceret.
1481 3252 1559 3308 Ne
1599 3253 1718 3322 quis
1753 3267 1883 3305 vero
1915 3252 2058 3320 ipsos
2085 3259 2204 3320 post

621 3357 896 3416 superatas
937 3346 1178 3399 flammas
1224 3345 1580 3412 conspiciens,
1610 3344 1919 3411 phantasma
1953 3358 2076 3396 esse.
2106 3357 2202 3411 pu-

603 3448 778 3500 tu-et,
810 3453 902 3490 eos
925 3437 1163 3490 comburi
1189 3436 1450 3504 permisit,
1480 3434 1570 3503 qui
1604 3436 1746 3502 ipsos
1773 3434 2086 3501 injecerant,
2116 3450 2204 3488 os-

623 3530 844 3582 tendens
871 3544 1053 3581 verum
1091 3528 1264 3596 ignem
1293 3541 1410 3579 esse
1441 3525 1491 3578 id
1523 3525 1663 3594 quod
1699 3526 2041 3584 cernebatur;
2075 3525 2205 3579 alio-

623 3623 745 3690 quin
776 3635 876 3672 non
898 3619 1203 3686 naphtham,
1246 3617 1755 3686 stnpam,palmites,
1778 3625 1958 3685 totque
1979 3631 2202 3685 corpora

623 3713 1020 3766 emnbussisset.
1045 3709 1149 3764 Sed
1176 3713 1292 3777 ejus
1318 3709 1541 3776 imperio
1573 3708 1699 3762 nihil
1735 3709 2004 3777 potentius
2035 3726 2046 3760 :
2082 3708 2200 3761 uni-

625 3820 880 3872 \ersaque
916 3818 1094 3855 rerum
1135 3809 1321 3854 natura
1366 3800 1439 3852 illi
1472 3799 1802 3867 obsequitur,
1846 3799 1932 3866 qui
1979 3815 2094 3852 eam
2137 3815 2202 3852 ex

627 3897 790 3950 nihilo
837 3895 1101 3963 produxit,
1135 3892 1274 3962 quod
1314 3906 1444 3945 sane
1470 3900 1596 3943 tunc
1629 3888 2050 3943 demonstratum
2089 3899 2200 3943 est:

627 3988 819 4041 etenim
843 3987 1051 4039 ﬂamma
1091 3999 1211 4038 cum
1244 3983 1602 4051 corruptibilia
1634 3997 1852 4050 corpora
1889 3982 2202 4051 accepisset,

630 4080 695 4133 ab
722 4079 784 4132 iis
815 4079 962 4148 qttasi
989 4075 1477 4145 incorruptibilibus
1503 4074 1775 4132 abstinuit.
1799 4073 2202 4143 depositumque

629 4173 832 4224 salvum
859 4169 1103 4231 reddidit,
1138 4169 1294 4236 idque
1324 4167 1489 4220 multo
1516 4181 1633 4219 cum
1656 4166 1969 4235 splendore.
2001 4165 2200 4234 Quem-

629 4260 911 4314 admodum
943 4262 1084 4313 enitn
1107 4275 1169 4314 ex
1191 4258 1349 4326 regiis
1377 4256 1578 4310 rudibus
1602 4271 1771 4325 rcges,
1797 4258 1871 4310 sic
1898 4273 1959 4311 ex
1985 4257 2199 4312 fornace

630 4353 778 4422 pueri
801 4352 1049 4404 exierunt
1075 4365 1086 4413 ;
1119 4349 1261 4402 nullo
1291 4358 1414 4402 tunc
1441 4361 1619 4417 regem
1647 4347 1886 4416 aSpicerc
1914 4347 2200 4417 dignante,

629 4444 721 4497 sed
758 4443 990 4495 omnium
1035 4441 1241 4504 oculis,
1288 4441 1508 4494 dimisso
1549 4440 1676 4505 illo,
1707 4440 1771 4494 ad
1817 4450 1923 4494 tam
1964 4440 2207 4495 mirabile

631 4534 985 4603 spectaculum
1027 4531 1340 4587 conversis:
1388 4546 1448 4584 ac
1491 4547 1661 4600 neque
1707 4531 1946 4586 diadema
1981 4574 1995 4598 ,
2036 4548 2207 4602 neque

635 4640 885 4694 purpura,
922 4640 1090 4693 neque
1121 4623 1262 4676 aliud
1287 4621 1555 4691 quidpiam
1581 4624 1741 4691 regite
1773 4638 2000 4692 pompa},
2026 4625 2208 4679 turbas

637 4717 927 4770 infidelium
975 4715 1193 4783 perinde
1241 4716 1539 4782 permovit,
1572 4721 1730 4782 atque
1761 4715 1965 4783 species
1995 4714 2204 4768 illorum

637 4812 892 4872 titlelium,
923 4811 1010 4878 qui
1038 4810 1197 4878 longo
1238 4808 1449 4880 quidem
1492 4817 1732 4875 tempore
1770 4809 1819 4859 in
1852 4807 1970 4876 igne
2013 4807 2207 4860 versati

632 4913 776 4968 sunt,
819 4901 909 4954 sed
951 4899 1168 4972 perinde
1214 4900 1477 4963 exierunt,
1514 4913 1575 4952 ac
1605 4898 1647 4950 si
1677 4913 1771 4966 per
1795 4899 2059 4952 somnium
2099 4897 2211 4951 hcce

637 4994 870 5063 perpessi
899 5001 1093 5045 essent.
1121 4991 1328 5044 Atenim
1361 4990 1575 5059 quodin
1605 4990 1757 5042 nobis
1783 4987 1984 5042 facilius
2014 5005 2210 5043 consu-

647 5087 826 5144 mitur,
860 5098 1049 5152 nempe
1079 5083 1389 5150 eapillorum
1419 5089 1624 5144 natura,
1651 5089 1774 5133 tunc
1802 5081 2079 5134 adamante
2101 5077 2209 5132 for-

637 5188 737 5228 tius
769 5174 1007 5227 flammas
1054 5173 1229 5225 omnia
1278 5171 1597 5225 devorantcs
1639 5171 1926 5238 Superat-it.
1953 5169 2134 5247 Neque
2166 5170 2215 5223 id

642 5269 813 5320 stilum
851 5264 1092 5318 mirabile
1129 5271 1270 5327 erat,
1302 5262 1440 5334 quod
1475 5263 1523 5314 in
1553 5262 1686 5331 ignis
1717 5261 1947 5314 medium
1986 5262 2212 5331 conjecti

640 5360 768 5411 nihil
801 5366 1127 5426 paterentur,
1161 5355 1256 5410 sed
1304 5353 1440 5423 quod
1483 5354 1642 5407 etiam
1672 5353 2014 5420 loquerentur
2046 5351 2212 5404 conti-

641 5469 744 5502 nuo
773 5468 785 5502 :
822 5462 979 5500 nemo
1007 5457 1183 5500 autem
1215 5446 1378 5499 nescit
1413 5461 1506 5498 eos
1531 5443 1618 5514 qui
1651 5444 1701 5496 in
1738 5443 1966 5495 ilammis
1999 5457 2216 5495 versan-

644 5550 750 5602 tur,
780 5539 949 5591 donec
975 5537 1166 5591 clausis
1189 5535 1340 5589 labiis
1360 5544 1499 5597 sunt,
1526 5533 1736 5586 modico
1758 5532 1946 5585 saltem
1977 5541 2216 5598 tempore

644 5630 890 5686 inccndio
929 5630 1212 5692 resistere;
1249 5629 1292 5684 si
1323 5637 1498 5682 autent
1548 5642 1608 5679 os
1662 5625 1998 5693 aperuerint,
2042 5624 2220 5676 statim

643 5726 870 5783 animant
905 5739 930 5774 ἰ
973 5739 1194 5790 ριιιριττξ
1241 5722 1468 5774 :nolare.
1513 5719 1889 5777 Verumtamen
1943 5725 2016 5771 ιυι
2066 5713 2217 5774 editis

1344 302 1401 358 S.
1441 299 1716 358 JOANNlS
1753 295 2229 356 CllliYSOSTOMl
2266 296 2580 353 ARClllLP.
2625 298 3158 358 CONSTANTINOP.

3792 304 3899 359 286

2324 413 2612 471 mimi-uiis.
2651 417 3000 488 omnibusque
3039 415 3296 486 attonitis,
3328 426 3435 474 tam
3459 420 3814 491 prtesentibus
3842 428 3898 474 et

2319 510 2684 576 spectantibus
2707 525 2866 577 quam
2895 512 3224 580 absentibus,
3255 512 3346 582 qui
3379 513 3430 568 id
3461 529 3557 583 per
3581 513 3762 568 literas
3781 513 3898 568 edi-

2321 599 2580 667 diccrunt,
2617 616 2708 656 rex
2737 602 2824 656 ille
2848 602 2935 672 qui
2961 601 3094 657 alios
3127 602 3397 668 docuerat,
3425 604 3724 660 obstinatus
3746 620 3897 660 man-

2321 690 2409 756 sit,
2441 701 2493 744 et
2511 691 2574 745 ad
2603 693 2876 761 pristinam
2909 709 3156 750 reversus
3185 703 3268 750 est
3288 695 3701 764 improbitatem.
3726 697 3802 749 Ac
3824 711 3894 750 ne

2318 782 2395 836 sic
2415 783 2626 854 quidem
2655 786 2803 840 illum
2833 787 2972 842 Deus
2998 787 3222 856 punivit,
3251 786 3346 842 sed
3371 788 3638 857 patienter
3667 788 3801 854 tulit,
3830 803 3895 843 ac

2317 887 2413 941 per
2459 877 2723 930 somnium
2765 891 2962 946 perque
3001 877 3314 948 prophetam
3355 892 3736 942 commoneas,
3768 894 3891 933 cum

2315 967 2403 1020 tali
2433 968 2516 1021 via
2551 969 2715 1022 nihilo
2753 970 2940 1024 melior
2980 970 3252 1037 evaderet,
3285 985 3498 1040 poenam
3528 969 3744 1026 demum
3785 971 3892 1025 im-

2313 1058 2476 1121 misit,
2523 1073 2626 1113 non
2666 1061 2932 1129 prmterita
2977 1061 3273 1127 ulciscens,
3309 1062 3401 1117 sed
3431 1060 3606 1116 futura
3637 1062 3892 1132 praesciu-

2310 1148 2446 1203 dens
2494 1150 2652 1211 mala,
2695 1160 2749 1206 et
2785 1151 3179 1222 improbitatem
3217 1167 3285 1206 ne
3312 1153 3533 1207 ulterius
3576 1153 3890 1222 procederet

2315 1255 2608 1296 coercens:
2653 1258 2826 1313 neque
2869 1252 3044 1298 tamen
3086 1259 3256 1312 usque
3295 1247 3347 1299 in
3388 1243 3578 1308 tinem;
3611 1254 3891 1315 postquam

2310 1333 2451 1387 enim
2483 1335 2664 1402 paucis
2703 1336 2850 1390 illum
2887 1337 3041 1391 annis
3084 1337 3430 1407 castigasset,
3460 1337 3684 1407 pristino
3711 1337 3893 1392 reddi—

2311 1423 2390 1478 dit
2423 1423 2647 1490 honori,
2679 1426 2824 1481 nullo
2849 1427 3042 1482 damno
3067 1427 3344 1482 multatum
3378 1443 3442 1482 ex
3473 1442 3648 1497 paena,
3680 1427 3773 1482 sed
3795 1427 3891 1482 bo-

2316 1530 2441 1568 num
2465 1517 2699 1571 omnium
2723 1522 3016 1573 maximum
3041 1519 3299 1573 lucratum
3321 1559 3337 1585 ,
3367 1527 3424 1573 ut
3449 1534 3641 1588 nempe
3669 1518 3892 1573 ﬁrmiter

2311 1605 2432 1661 ﬁdei
2472 1623 2597 1677 erga
2654 1608 2822 1663 Deum
2852 1608 3115 1678 haareret,
3147 1623 3211 1665 ac
3239 1609 3306 1665 de
3345 1610 3576 1680 peccatis
3619 1610 3889 1680 prioribus

2314 1697 2681 1765 paenitentiam
2709 1709 2908 1770 ageret.

2381 1808 2432 1862 6.
2484 1807 2780 1879 Numquam
2800 1821 3055 1865 aversatur
3083 1809 3221 1866 Deus
3249 1812 3494 1867 sinceram
3524 1812 3886 1882 panitentiam.

2306 1928 2376 1938 —-
2411 1901 2722 1970 Hujusmodi
2759 1902 2953 1971 quippe
2989 1911 3070 1957 est
3105 1903 3200 1958 Dei
3232 1918 3358 1973 erga
3381 1903 3626 1958 homines
3653 1904 3892 1960 clemen-

2307 1991 2376 2044 tia
2403 2009 2414 2046 :
2449 2007 2734 2062 numquam
2764 2003 3038 2047 aversatur
3067 1994 3329 2048 sinceram
3361 1994 3757 2063 paenitentiam;
3793 1995 3890 2050 sed

2306 2081 2512 2134 etiamsi
2543 2082 2660 2152 quis
2687 2081 2736 2134 in
2767 2093 3062 2136 extremum
3104 2083 3455 2152 improbitatis
3487 2085 3760 2156 pertigerit
3784 2126 3799 2151 ,
3835 2095 3893 2142 et

2307 2171 2429 2225 hinc
2455 2171 2519 2225 ad
2550 2173 2758 2226 virtutis
2786 2174 2925 2226 viam
2957 2174 3131 2228 redire
3157 2176 3423 2242 voluerit,
3467 2177 3640 2247 ipsum
3671 2177 3893 2247 suscipit

2306 2273 2358 2318 et
2386 2264 2738 2334 amplexatur,
2765 2265 3007 2336 nihilque
3035 2281 3138 2321 non
3169 2267 3276 2337 agit
3297 2278 3352 2323 ut
3376 2283 3498 2324 eum
3527 2270 3579 2323 in
3608 2270 3889 2339 pristinum

2305 2363 2499 2408 statum
2530 2354 2788 2408 restituat.
2814 2354 3070 2425 Quodque
3095 2357 3313 2426 majoris
3339 2366 3422 2412 est
3447 2359 3766 2424 clementius,
3788 2361 3892 2415 etsi

2305 2445 2424 2513 quis
2449 2458 2552 2498 non
2580 2444 2840 2514 integram
2866 2445 3230 2514 paenitentiam
3252 2450 3536 2516 exhibeat,
3567 2448 3784 2506 brevem
3805 2459 3891 2506 ta-

2307 2550 2428 2588 men
2456 2535 2599 2589 illam
2627 2544 2680 2589 et
2699 2534 2764 2589 ad
2796 2535 3062 2590 modicum
3091 2537 3381 2593 exhibitam
3409 2555 3514 2594 non
3546 2540 3763 2605 abnuit,
3793 2542 3892 2597 sed

2307 2642 2549 2696 magnam
2579 2626 2699 2681 huic
2725 2626 3023 2681 mercedem
3053 2627 3235 2681 tribuit
3269 2645 3281 2681 :
3314 2629 3452 2697 quod
3495 2646 3625 2686 sane
3664 2631 3891 2687 manife‘

2306 2727 2444 2770 stum
2475 2729 2555 2772 cst
2584 2734 2649 2772 ex
2676 2718 2759 2783 iis,
2780 2733 2898 2787 quae
2928 2717 2993 2772 de
3018 2719 3213 2786 populo
3235 2719 3538 2775 Iudaeorum
3570 2722 3698 2778 dicit
3726 2723 3892 2777 Isaias

2307 2811 2561 2878 propheta
2588 2809 2669 2864 his
2696 2809 2870 2864 verbis
2901 2825 2914 2861 :
2947 2807 3164 2878 Pmpter
3200 2822 3459 2880 peccatum
3485 2814 3743 2883 paulisper
3764 2830 3892 2868 con-

2307 2907 2499 2958 tristavi
2524 2923 2656 2972 eum,
2691 2917 2734 2960 et
2767 2909 2987 2975 percussi
3008 2922 3146 2971 eum,
3173 2916 3222 2960 et
3249 2908 3408 2959 averti
3429 2909 3610 2977 faciem
3637 2923 3799 2958 meam
3828 2907 3892 2960 ab

2306 3011 2364 3047 eo
2387 3013 2403 3047 :
2435 3006 2480 3048 et
2505 2998 2827 3050 contristatus
2857 3007 2964 3063 est,
3001 3009 3046 3051 et
3072 2998 3345 3050 ambulavit
3375 3007 3614 3057 miratus;
3643 3006 3689 3049 et
3717 3003 3892 3050 sanant

2306 3101 2438 3150 eum,
2462 3095 2507 3139 et
2527 3087 2809 3142 consolatus
2835 3105 2946 3141 sum
2973 3104 3086 3142 eum
3131 3088 3149 3159 (
3172 3086 3299 3141 Isai.
3325 3088 3414 3142 57.
3443 3088 3527 3142 17.
3552 3087 3619 3141 18
3640 3087 3679 3156 ).
3717 3085 3894 3141 Testis

2307 3185 2482 3249 autem
2509 3178 2660 3231 nobis
2686 3179 2788 3232 erit
2827 3179 3170 3247 impiissimus
3218 3195 3312 3234 rex
3358 3179 3444 3232 ille
3468 3221 3483 3242 ,
3514 3178 3603 3247 qui
3631 3178 3698 3232 ab
3726 3192 3896 3232 uxore

2307 3268 2518 3338 quidem
2552 3271 2780 3338 peccatis
2807 3270 3031 3324 traditus
3057 3281 3139 3325 est
3167 3286 3180 3323 :
3209 3279 3262 3323 at
3291 3271 3376 3325 ubi
3410 3271 3637 3341 primum
3666 3270 3816 3332 luxit,
3839 3279 3894 3323 et

2308 3374 2462 3412 sacco
2493 3358 2705 3413 indutus
2734 3359 2968 3415 facinora
2998 3375 3090 3415 sua
3109 3361 3410 3425 damnavit,
3440 3361 3509 3414 ita
3536 3361 3634 3415 sibi
3670 3361 3762 3415 Dei
3789 3361 3892 3414 mi~

2308 3449 2652 3504 scricordiam
2699 3452 3035 3515 conciliavit,
3082 3461 3140 3505 ut
3188 3453 3365 3506 omnia
3408 3453 3508 3506 sibi
3559 3452 3892 3507 imminentia

2309 3542 2444 3594 mala
2467 3543 2707 3598 evitaret.
2733 3543 2862 3600 Nam
2888 3544 3024 3598 Deus
3047 3544 3209 3598 Helice
3234 3544 3400 3599 dixit:
3440 3544 3621 3598 Vidisti
3639 3545 3892 3610 quomodo

2307 3641 2634 3701 compunctus
2649 3643 2718 3688 est
2738 3632 2908 3687 Achab
2927 3651 2957 3686 a
2978 3635 3109 3704 facie
3129 3636 3276 3689 mea?
3293 3635 3346 3689 Ν
3350 3653 3415 3689 on
3438 3635 3674 3689 inducam
3703 3635 3893 3688 malum

2299 3723 2358 3799 in
2386 3725 2556 3777 diebus
2581 3726 2710 3794 ejus,
2741 3741 2798 3779 eo
2822 3726 2956 3794 quod
2992 3727 3182 3796 ﬂeverit
3207 3743 3239 3779 a
3266 3727 3398 3795 facie
3416 3743 3525 3781 mea
3542 3725 3618 3798 (5.
3644 3727 3770 3796 Reg.
3792 3727 3890 3782 21.

2307 3817 2422 3884 29).
2442 3817 2567 3871 Post
2595 3817 2734 3871 hunc
2757 3819 2914 3872 etiam
2943 3818 3211 3872 Manasses
3236 3817 3309 3888 (2.
3335 3817 3518 3874 Paral.
3543 3820 3630 3874 55.
3665 3817 3777 3887 15),
3801 3817 3894 3887 qui

2309 3925 2493 3964 omnes
2523 3909 2726 3964 insania
2756 3910 3024 3979 superavit
3048 3917 3207 3981 atque
3237 3910 3515 3982 tyrannide
3538 3952 3553 3976 ,
3585 3919 3640 3964 et
3669 3910 3896 3979 legalem

2310 4001 2500 4054 evertit
2523 3999 2740 4064 cultum,
2774 4001 3026 4069 templum
3048 4001 3259 4066 clausit,
3289 4009 3345 4056 et
3369 3999 3630 4055 idolorum
3654 4013 3895 4054 errorem

2311 4092 2502 4146 ﬂorere
2522 4091 2662 4154 fecit,
2687 4091 3029 4161 omniumque
3049 4092 3138 4160 qui
3159 4100 3283 4145 ante
3309 4090 3518 4146 fuerant
3547 4091 3896 4160 impiissimus

2309 4181 2426 4247 fuit,
2457 4199 2575 4237 cum
2605 4192 2787 4252 postea
2821 4183 3162 4250 resipuisset,
3191 4183 3388 4237 relatus
3415 4191 3498 4236 est
3526 4181 3579 4237 in
3611 4196 3896 4236 numerum

2311 4276 2601 4329 amicorum
2635 4274 2744 4328 Dei.
2783 4274 2837 4328 Si
2869 4283 3045 4333 autem
3080 4281 3369 4343 conspecta
3406 4273 3744 4342 iniquitatum
3771 4287 3900 4326 sua-

2312 4384 2428 4420 rum
2457 4367 2816 4437 magnitudine
2841 4410 2852 4432 ,
2884 4367 2952 4422 de
2980 4367 3152 4422 reditu
3179 4382 3243 4424 ac
3271 4368 3339 4424 de
3368 4368 3661 4423 mutatione
3697 4367 3896 4438 despe-

2315 4469 2502 4523 rasset,
2531 4460 2774 4514 omnibus
2803 4469 2947 4514 certe
2976 4474 3095 4530 qua:
3116 4467 3300 4528 postea
3325 4468 3679 4533 consequutus
3699 4469 3782 4514 est
3804 4475 3901 4514 ειη

2314 4551 2560 4606 cidisset:
2586 4566 2724 4606 nunc
2743 4561 2940 4618 autem,
2965 4567 3068 4606 non
3089 4551 3156 4606 ad
3182 4553 3378 4608 molem
3405 4562 3741 4622 peccatorum
3773 4567 3904 4606 suo-

2315 4661 2454 4709 rum,
2484 4644 2576 4699 sed
2604 4644 2669 4698 ad
2701 4644 3010 4698 immensam
3047 4644 3138 4698 Dei
3165 4643 3684 4698 commiserationem
3723 4642 3902 4711 respi-

2315 4739 2462 4792 ciens
2480 4778 2494 4802 ,
2522 4737 2748 4807 diruptis
2769 4738 2964 4791 diaboli
2992 4737 3237 4803 vinculis,
3261 4737 3490 4792 surrexit
3511 4745 3564 4790 et
3585 4736 3897 4802 decertavit,

2320 4828 2620 4897 bonumque
2648 4844 2862 4883 cursum
2901 4829 3306 4883 consummavit.
3349 4827 3466 4882 Non
3507 4827 3680 4881 solum
3719 4834 3900 4880 autent

2320 4933 2382 4971 ex
2411 4918 2606 4982 verbis,
2637 4935 2755 4988 qua:
2781 4920 2847 4975 ad
2874 4936 2966 4975 eos
2995 4921 3242 4990 loquutus
3263 4929 3365 4984 est,
3393 4918 3488 4974 sed
3510 4918 3669 4973 etiam
3695 4933 3758 4972 ex
3781 4917 3904 4972 aliis

2323 5022 2414 5075 per
2435 5008 2744 5078 prophetam
2772 5012 3121 5078 pronuntiatis
3145 5010 3289 5064 Deus
3308 5024 3496 5064 omnes
3517 5008 3905 5081 desperationis

2321 5101 2666 5169 cogitationes
2692 5102 2997 5170 prmsciudit
3029 5121 3041 5156 :
3074 5100 3272 5165 Hodie,
3305 5102 3498 5172 inquit,
3526 5102 3568 5155 si
3598 5117 3766 5154 vocem
3791 5102 3904 5169 ejus

2325 5194 2581 5246 audieritis
2603 5234 2615 5254 ,
2646 5194 2798 5248 nolite
2825 5194 3076 5249 obdurare
3097 5195 3252 5248 corda
3276 5205 3439 5249 vestra
3465 5196 3594 5248 sicut
3617 5195 3669 5247 in
3698 5211 3906 5248 mcer-

2275 5286 2279 5289 ’
2328 5284 2522 5338 batione
2550 5284 2717 5355 (Psal.
2745 5287 2832 5341 94.
2862 5286 2940 5356 9).

2404 5397 2520 5451 Non
2549 5415 2611 5451 ea:
2644 5407 2863 5467 tempore
2885 5441 2898 5464 ,
2931 5400 3018 5454 sed
3047 5415 3109 5453 ex
3137 5396 3320 5465 alfectu
3361 5397 3651 5465 paenitentia
3675 5397 3904 5449 (estima-

2332 5501 2429 5542 tur.
2451 5519 2520 5530 --
2553 5490 2680 5543 Illud
2707 5500 2882 5544 autem
2911 5490 3058 5543 hodie
3083 5504 3176 5559 per
3205 5498 3368 5543 totam
3391 5488 3553 5543 vitam
3579 5486 3683 5542 dici
3710 5497 3907 5556 potest,

2334 5584 2457 5646 into,
2481 5583 2522 5636 si
2549 5581 2695 5646 libet,
2719 5580 2783 5635 ad
2805 5588 3129 5636 senectutem
3151 5594 3356 5650 usque:
3383 5593 3489 5634 non
3511 5578 3652 5633 enim
3681 5593 3744 5631 ex
3771 5587 3914 5630 tent-

2334 5675 2474 5742 poris
2507 5675 2870 5743 longitudine,
2911 5673 3001 5729 sed
3045 5691 3107 5730 ex
3151 5675 3309 5729 animi
3361 5671 3549 5726 affectu
3602 5669 3916 5739 pmttitentia
