4276 6316
311 421 417 475 285

310 532 626 587 aastimatur.
646 529 892 607 Ninivita:
914 526 1176 598 siquidem
1197 540 1301 579 non
1326 523 1505 579 multis
1524 523 1713 579 diebus
1737 525 1753 555 ί
1777 537 1913 592 opus

316 625 638 685 habuerunt,
656 631 713 683 ut
734 631 1008 690 peccatum
1030 620 1273 679 delerent
1295 634 1449 671 suum
1478 619 1520 679 ²,
1542 616 1635 671 sed
1662 616 1908 684 exiguum

314 716 422 771 diei
456 724 663 784 tempus
708 714 879 783 potuit
919 713 1220 767 universam
1251 726 1436 764 eorum
1465 708 1681 762 abolere
1716 708 1911 777 iniqui-

317 815 479 859 tatem
514 822 528 856 :
562 812 617 858 et
656 804 791 858 latro
820 819 926 856 non
956 802 1123 856 multo
1155 812 1392 870 tempore
1432 800 1660 868 paradisi
1706 800 1912 868 ingres-

315 910 434 951 sum
462 896 784 966 impetravit,
815 895 907 949 sed
934 909 1000 949 eo
1028 893 1197 963 spatio
1224 908 1329 961 quo
1356 892 1576 946 verbum
1604 908 1764 945 unum
1794 906 1917 963 pru-

317 990 485 1043 Iertur
507 1031 522 1054 ,
563 1005 628 1042 eo
660 996 929 1041 momento
957 984 1211 1039 abstersis
1241 985 1402 1037 totius
1438 983 1556 1036 vita:
1587 997 1695 1035 sua:
1724 996 1914 1049 pecca—

321 1081 409 1145 tis,
444 1080 602 1133 etiam
632 1088 756 1133 ante
784 1078 1057 1147 apostolos
1089 1074 1415 1145 probationis
1449 1074 1725 1142 praemium
1764 1086 1917 1125 acce-

317 1174 418 1241 pit.
451 1171 705 1226 Videmus
734 1171 892 1224 ctiam
926 1178 1221 1239 martyres,
1250 1182 1355 1226 non
1398 1166 1580 1220 multis
1607 1165 1759 1219 annis
1780 1206 1793 1229 ,
1822 1162 1917 1218 sed

316 1268 481 1320 etiam
510 1266 701 1320 diebus
731 1264 934 1335 paucis,
966 1264 1076 1318 imo
1102 1263 1186 1317 vel
1216 1276 1321 1317 una
1346 1260 1435 1316 die
1460 1259 1769 1330 splendidas
1790 1274 1917 1312 con-

318 1366 577 1427 sequutus
604 1371 849 1412 corOnas.

390 1458 446 1507 7.
481 1451 822 1520 Quapropter
858 1450 1055 1520 ubique
1094 1448 1249 1502 nobis
1284 1446 1558 1502 alacritate
1582 1486 1597 1513 ,
1626 1444 1918 1513 seduloque

320 1542 484 1595 animi
513 1541 705 1596 affectu
726 1544 961 1609 est'opus
982 1560 993 1595 :
1018 1540 1160 1610 quod
1192 1541 1234 1595 si
1266 1540 1336 1594 ita
1370 1554 1615 1609 paremus
1641 1538 1920 1591 conscien-

322 1633 471 1700 tiam,
496 1642 553 1685 ut
572 1641 716 1686 tanta
743 1633 1075 1687 vehementia
1099 1632 1377 1701 pristinam
1399 1630 1654 1684 malitiam
1678 1628 1917 1683 deteste-

323 1740 463 1787 mur,
481 1734 531 1778 et
547 1724 868 1778 contrariam
893 1724 1029 1777 viam
1053 1722 1371 1792 deligamus,
1391 1730 1641 1792 quantam
1668 1722 1806 1775 Deus
1831 1720 1922 1774 im-

323 1824 477 1882 perat
504 1830 567 1868 ac
597 1815 835 1885 requirit,
868 1813 995 1867 nihil
1025 1814 1095 1868 ob
1124 1814 1380 1883 temporis
1407 1813 1717 1868 brevitatem
1752 1812 1920 1866 habe-

324 1905 500 1959 bimus
526 1906 702 1958 minus
724 1947 739 1971 ,
777 1904 1207 1975 quandoquidem
1238 1904 1388 1958 multi
1419 1903 1697 1959 novissimi
1720 1903 1921 1973 primos

322 1996 479 2065 longe
494 1984 941 2052 antecesserunt“.
958 1997 1071 2051 Non
1092 1998 1232 2052 enim
1248 1996 1507 2051 cecidisse
1522 2012 1684 2066 grave
1706 2006 1804 2062 est,
1826 1994 1922 2050 sed

322 2086 529 2155 lapsum
547 2086 748 2155 jacere,
781 2103 877 2143 nec
908 2104 1210 2158 resurgere,
1237 2088 1331 2142 sed
1365 2088 1517 2143 malis
1540 2088 1918 2145 ultrohtercn-

323 2187 431 2231 tem
457 2191 510 2232 et
536 2188 834 2249 torpentem
874 2180 1168 2251 desperatis
1197 2182 1609 2250 cogitationibus
1655 2181 1917 2250 propositi

322 2269 742 2327 imbecillitatem
774 2282 970 2343 tegere.
995 2273 1304 2343 Cujusmodi
1322 2272 1624 2328 hominibus
1646 2274 1795 2343 quasi
1818 2272 1921 2327 du-

324 2360 498 2417 bitans
516 2364 770 2433 propheta
792 2364 999 2419 dicebat
1021 2382 1033 2418 :
1060 2363 1203 2418 Nam
1225 2365 1311 2435 qui
1331 2366 1465 2417 cadit
1483 2381 1583 2419 non
1608 2375 1852 2433 resurget,
1878 2374 1923 2419 et

303 2455 664 2526 .quiavertitur
689 2475 786 2511 non
804 2469 1077 2511 revertetur
1107 2458 1315 2528 (Ierem.
1332 2457 1384 2513 8.
1410 2457 1498 2529 4)?
1521 2458 1671 2525 Quod
1700 2458 1743 2511 si
1765 2471 1923 2527 quos-

328 2547 471 2615 piam
500 2561 529 2601 a
556 2548 708 2602 nobis
733 2564 963 2618 quaaras,
991 2549 1078 2617 qui
1109 2558 1387 2618 postquam
1418 2547 1757 2603 crediderant
1784 2547 1926 2602 ccci-

327 2639 540 2703 derint,
576 2639 688 2694 htcc
720 2655 849 2694 sane
886 2641 1061 2693 omnia
1114 2638 1134 2670 ‘
1185 2640 1253 2693 de
1284 2641 1388 2694 illis
1436 2640 1574 2694 dicta
1606 2648 1730 2694 sunt
1760 2657 1772 2693 :
1802 2655 1923 2693 nam

324 2732 417 2799 qni
448 2731 638 2785 cecidit
659 2747 725 2786 ex
744 2747 927 2786 eorum
962 2747 1185 2785 numero
1207 2741 1308 2797 est,
1342 2732 1431 2801 qui
1458 2734 1602 2801 prius
1634 2740 1921 2796 steterunt,

325 2837 435 2875 non
464 2822 553 2893 qui
575 2823 891 2894 jacncruut:
924 2826 1010 2894 qui
1045 2827 1185 2878 enim
1232 2825 1375 2892 jacet
1416 2825 1687 2893 quomodo
1727 2826 1924 2879 cadat?

323 2913 444 2967 Alia
473 2929 687 2983 quoque
733 2914 977 2968 dicentur
1021 2924 1129 2969 tum
1168 2931 1264 2985 per
1303 2916 1581 2983 parabolas
1608 2956 1622 2981 ,
1677 2926 1786 2970 tum
1834 2933 1927 2985 per

325 3002 555 3057 clariora
600 3004 734 3057 facta
770 3006 850 3059 vel
898 3004 1036 3059 dicta
1092 3026 1099 3056 :
1152 3029 1176 3053 ιι
1204 3005 1347 3058 enim
1392 3005 1508 3059 ovis
1550 3004 1639 3058 illa
1684 3020 1712 3057 a
1752 3020 1925 3058 nona—

326 3093 472 3162 ginta
496 3110 684 3148 novem
710 3105 952 3164 separata
980 3135 992 3157 ,
1036 3104 1088 3148 et
1120 3104 1301 3164 postea
1333 3095 1549 3149 reducta
1576 3137 1590 3161 ,
1621 3096 1751 3149 nihil
1782 3095 1924 3150 aliud

326 3186 483 3239 nobis
524 3185 792 3251 declarat,
826 3202 985 3256 quam
1032 3186 1265 3239 fidelium
1303 3186 1507 3254 lapsum
1548 3197 1601 3239 et
1643 3188 1874 3240 reditum
1910 3204 1923 3241 :

327 3276 593 3344 siquidem
641 3276 753 3330 hare
784 3279 899 3331 ovis
931 3293 1036 3330 non
1077 3278 1299 3331 alterius
1328 3278 1506 3347 gregis
1546 3289 1661 3331 erat
1686 3320 1699 3345 ,
1734 3278 1828 3332 sed
1858 3294 1923 3333 ex

238 3423 246 3432 ,
328 3366 655 3435 reliquarum
704 3383 971 3435 numero,
1040 3368 1106 3421 ab
1162 3368 1460 3437 eodemque
1510 3378 1721 3437 pastore
1781 3370 1927 3438 prius

328 3455 647 3527 pascebatur
688 3475 700 3509 :
734 3467 892 3527 atque
940 3473 1124 3512 errore
1161 3473 1265 3512 non
1302 3458 1504 3527 vulgari
1552 3458 1779 3512 abducta
1819 3468 1922 3526 est,

327 3549 425 3603 sed
455 3564 549 3619 per
574 3561 786 3606 montes
809 3560 862 3605 et
893 3552 1059 3605 saltus
1088 3594 1101 3618 ,
1134 3561 1447 3621 remotaque
1481 3552 1565 3605 via
1591 3593 1604 3613 ,
1650 3560 1704 3605 et
1730 3567 1758 3603 a
1782 3562 1925 3606 recta

330 3642 489 3708 longe
512 3640 762 3695 distante.
808 3641 943 3695 Num
970 3657 1097 3710 ergo
1124 3642 1360 3711 neglexit
1384 3642 1688 3697 errantem?
1712 3642 1926 3711 Nequa-

328 3747 529 3801 quam:
559 3732 653 3786 sed
696 3732 911 3787 reduxit
953 3748 1056 3787 non
1105 3733 1434 3801 compellens
1478 3742 1539 3797 et
1588 3736 1923 3788 verberans:

334 3825 446 3878 imo
474 3824 710 3880 humeris
737 3834 1041 3896 reportans.
1071 3825 1535 3893 Quemadmodum
1563 3826 1705 3879 enim
1736 3826 1927 3881 medici

332 3917 618 3984 peritiores
672 3932 845 3986 nigros
889 3916 1141 3971 diuturno
1170 3917 1359 3971 morbo
1404 3916 1425 3947 ⁸
1466 3925 1685 3970 vexatos
1721 3932 1929 3971 summa

329 4020 462 4060 cura
488 4007 773 4061 valetudini
803 4010 1120 4073 restituunt,
1168 4024 1272 4062 non
1299 4007 1460 4063 modo
1488 4008 1768 4065 medicina:
1794 4009 1929 4078 legi-

330 4094 437 4149 bus
463 4092 695 4165 utentes,
720 4098 814 4152 sed
842 4098 1105 4153 interdum
1138 4090 1475 4169 indulgentes
1498 4100 1676 4168 aegris,
1704 4100 1774 4153 ita
1801 4115 1933 4169 quo-

332 4202 442 4257 que
488 4188 629 4241 Deus
673 4188 959 4243 admodum
1006 4200 1290 4259 corruptos
1323 4206 1428 4245 non
1474 4190 1779 4244 vehementi
1826 4191 1927 4243 im-

332 4279 495 4349 pulsu
533 4270 600 4332 ad
640 4280 886 4334 virtutem
933 4280 1118 4347 ducit,
1172 4281 1267 4335 sed
1319 4282 1574 4351 paulatim
1632 4290 1686 4337 et
1728 4283 1929 4336 sensim

331 4377 661 4437 supportans
687 4371 900 4440 ubique,
927 4386 995 4426 ne
1015 4372 1098 4425 vel
1127 4372 1297 4440 major
1326 4373 1579 4438 scissura,
1612 4372 1695 4428 vel
1717 4375 1931 4443 gravius

332 4470 572 4515 erratum
601 4462 829 4516 accidat.
880 4463 1061 4532 Neque
1091 4464 1142 4518 id
1170 4464 1255 4517 illa
1280 4464 1450 4517 solum
1474 4464 1730 4533 parabola
1755 4465 1933 4518 subin-

331 4552 546 4608 dicatur
566 4596 579 4619 ,
617 4554 710 4609 sed
733 4564 785 4608 et
812 4555 912 4608 alia
945 4557 1108 4609 etiam
1140 4556 1207 4611 de
1237 4555 1346 4610 filio
1372 4556 1616 4627 prodigo.
1656 4556 1939 4625 Siquidem

332 4643 426 4698 hic
450 4660 555 4698 non
600 4646 807 4701 alienus
846 4658 959 4701 erat
984 4690 1008 4714 ,.
1045 4650 1151 4701 imo
1193 4648 1332 4701 filius
1359 4691 1372 4713 ,
1412 4647 1681 4718 fraterque
1714 4650 1807 4703 filii
1839 4650 1929 4717 qui

334 4735 476 4805 patri
507 4746 757 4806 acceptus
800 4746 953 4791 erat:
990 4739 1035 4791 is
1084 4739 1137 4791 in
1178 4739 1573 4807 improbitatem
1626 4741 1805 4807 lapsus
1852 4749 1934 4792 est

335 4818 447 4881 non
473 4828 749 4897 vulgarem
775 4868 790 4894 ,
822 4828 915 4882 sed
944 4830 993 4882 in
1023 4829 1192 4897 ipsum
1214 4869 1227 4891 ,
1262 4836 1321 4881 ut
1345 4812 1412 4880 ita
1442 4828 1636 4892 dicam,
1670 4828 1931 4883 malorum

334 4930 640 4976 extremum
673 4938 683 4973 :
715 4920 866 4975 dives
891 4962 904 4984 ,
937 4921 1105 4985 liber,
1131 4921 1326 4975 nobilis
1347 4961 1361 4986 ,
1395 4920 1627 4985 famulis,
1660 4920 1933 4975 extraneis

336 5011 790 5083 mercenariisque
821 5012 1065 5065 miserior
1090 5010 1311 5066 effectus
1339 5018 1439 5064 est.
1470 5013 1720 5063 Attamen
1752 5011 1931 5080 pristi-

338 5120 468 5160 num
502 5105 774 5158 instatum
802 5104 999 5169 rediit,
1044 5105 1401 5172 amissamque
1438 5103 1663 5172 gloriam
1706 5117 1931 5172 recupe-

338 5196 501 5251 ravit.
547 5196 600 5251 Si
645 5196 1013 5265 desperasset,
1046 5206 1099 5251 et
1120 5202 1187 5249 oh
1212 5197 1570 5250 calamitatem
1593 5197 1935 5265 despondens

338 5292 579 5344 animum
620 5294 672 5344 in
711 5291 882 5345 aliena
914 5305 1050 5345 terra
1087 5288 1389 5355 mansisset,
1423 5306 1711 5359 numquam
1740 5306 1931 5346 conseo

409 5599 423 5627 ι
463 5604 590 5659 t'nus
613 5595 781 5659 habet,
820 5596 982 5645 multis
1035 5596 1171 5645 annis
1189 5602 1329 5659 atque
1356 5596 1538 5646 diebus.

409 5663 427 5690 ²
463 5658 602 5707 savii.
628 5666 678 5707 et
696 5658 878 5719 aliquot
903 5666 1027 5712 Mssa,
1057 5658 1306 5719 peccatum
1323 5658 1535 5709 delerent
1558 5659 1718 5708 istum.

408 5722 429 5753 ⁵
462 5720 605 5769 savii.
634 5728 687 5768 et
708 5727 812 5782 tres
853 5727 979 5776 Mss,
1010 5719 1145 5782 longe
1167 5721 1235 5771 sic
1260 5727 1623 5771 antecesserunt.

410 5786 430 5811 δ
470 5791 585 5839 vox,
610 5780 787 5838 omnia,
813 5782 957 5830 deest
982 5782 1031 5829 in
1054 5780 1213 5831 tritus
1237 5791 1341 5832 Mss.

411 5846 431 5877 ⁸
463 5843 595 5892 Coll).
621 5856 768 5910 unus,
786 5844 992 5901 quodam
1024 5843 1201 5893 morbo.

1522 411 1616 466 AD
1656 402 2083 465 Τιιεουοῐιωί
2121 404 2413 462 LAPSUM.
2452 403 2497 463 I.

3502 408 3607 466 286

2018 534 2280 591 qnuturus
2348 530 2463 577 erat
2521 535 2619 591 ea,
2668 536 2790 593 quae
2838 522 3179 591 postmodum
3227 524 3463 593 recepit,
3515 525 3611 580 sed

2019 610 2160 668 fame
2180 621 2546 683 consumptus,
2564 613 2863 669 miserrima
2879 614 3119 669 omnimn
3138 624 3310 668 morte
3325 616 3609 685 periisset:

2022 720 2207 759 verum
2245 705 2368 775 quia
2411 704 2673 775 resipuit,
2722 720 2823 761 nec
2864 705 3204 775 desperavit,
3252 716 3371 776 post
3398 716 3600 761 tantam

2017 798 2413 867 corruptionem
2439 840 2454 865 ,
2498 798 2743 853 eumdem
2795 800 2970 868 ipsum
3014 800 3336 869 asseQuutus
3384 800 3611 856 fortuna

2020 882 2385 956 splendorem,
2437 888 2796 957 pulcherrimo
2844 890 3079 943 induitur
3131 892 3349 959 amictu,
3399 899 3454 946 et
3499 905 3611 946 ma-

2016 977 2223 1047 joribus
2252 979 2445 1033 fruitur
2474 980 2627 1033 bimis
2652 1022 2666 1046 ,
2715 996 2872 1050 quam
2907 981 3069 1035 frater
3114 997 3217 1035 non
3261 981 3460 1051 lapsus.
3514 980 3612 1036 Tot

2020 1072 2173 1123 anuis
2192 1113 2205 1137 ,
2232 1071 2401 1141 inquit
2428 1071 2537 1134 ille,
2568 1072 2729 1125 scrrio
2760 1070 2880 1138 tibi,
2927 1082 2974 1125 et
3005 1089 3281 1140 numquam
3309 1072 3608 1125 mandatum

2022 1173 2166 1215 tuum
2211 1164 2493 1231 praterivi,
2552 1174 2597 1217 et
2651 1180 2926 1232 numquam
2974 1164 3158 1218 dedisti
3207 1164 3332 1218 mihi
3383 1164 3608 1231 haedum,

2022 1264 2074 1307 ut
2102 1272 2219 1309 cum
2242 1257 2417 1309 amicis
2460 1257 2584 1310 meis
2627 1258 2826 1310 lwtarer
2852 1274 2870 1311 :
2897 1258 2985 1311 sed
3026 1267 3290 1327 postquam
3320 1258 3458 1328 ﬁlius
3499 1269 3615 1312 tuus

2023 1346 2104 1399 hic
2127 1387 2140 1411 ,
2170 1346 2255 1415 qui
2279 1346 2895 1409 devoravit,substantiam
2933 1365 3075 1401 suam
3103 1364 3216 1401 cum
3248 1349 3611 1414 meretricibus,

2023 1437 2173 1499 venit,
2214 1437 2441 1490 occidisti
2492 1436 2570 1491 illi
2627 1436 2838 1490 vitulum
2891 1439 3176 1507 saginatum
3224 1437 3375 1509 (Luc.
3410 1438 3612 1494 15.29.

2023 1530 2149 1594 5.0)-
2170 1529 2337 1584 Tanta
2368 1538 2451 1583 est
2476 1530 2641 1583 virtus
2671 1532 3016 1599 pmnitentim.

2098 1623 2150 1677 8.
2185 1620 2401 1676 Nullum
2422 1632 2492 1675 est
2514 1632 2771 1691 peceatum
2792 1624 2874 1676 cui
2899 1625 3173 1679 remedium
3187 1622 3362 1691 απαννὶ
3380 1641 3479 1679 non
3498 1642 3616 1695 pos:-

2024 1714 2313 1769 sit.—Tot
2336 1715 2598 1782 tantisque
2616 1715 2876 1785 exemplis
2908 1715 2924 1746 ⁸
2967 1715 3180 1769 excitati
3216 1731 3282 1769 ne
3309 1730 3620 1773 maneamus

2027 1808 2078 1861 in
2111 1806 2264 1860 malis
2284 1808 2313 1871 ,’
2331 1822 2428 1860 nec
2454 1805 2520 1860 de
2551 1807 2904 1861 conversione
2929 1806 3308 1875 desperemus;
3348 1807 3441 1860 sed
3468 1807 3616 1861 dica-

2027 1916 2144 1953 mus
2168 1909 2223 1954 et
2244 1914 2359 1962 nos,
2405 1898 2597 1950 Vadam
2618 1898 2685 1951 ad
2706 1897 2912 1951 Patrem
2941 1915 3126 1962 meum,
3154 1908 3209 1953 et
3233 1899 3618 1969 appropinque-

2027 2008 2147 2047 mus
2174 1992 2300 2047 Deo.
2334 1991 2630 2062 Numquam
2664 1991 2805 2045 enim
2836 1992 2921 2046 ille
2948 2006 3045 2045 nos
3071 2002 3367 2059 aversatur,
3401 1992 3494 2047 sed
3517 1992 3621 2062 ipsi

2027 2086 2093 2141 ab
2124 2101 2187 2140 eo
2222 2086 2378 2155 longe
2415 2085 2717 2141 recedimus
2748 2103 2761 2137 :
2796 2086 2933 2139 Deus
2966 2086 3134 2153 enim,
3192 2086 3361 2156 inquit
3414 2089 3434 2118 '
3458 2128 3470 2152 ,
3516 2104 3620 2154 ap-

2029 2178 2376 2248 propinquans
2419 2194 2507 2248 ego
2558 2194 2671 2231 sum
2696 2219 2709 2244 ,
2758 2186 2804 2231 et
2853 2194 2954 2232 non
2987 2175 3124 2232 Deus
3153 2178 3334 2249 procul
3362 2178 3495 2250 (Jer.
3524 2180 3616 2236 25.

2026 2269 2144 2339 25).
2188 2270 2267 2322 Ac
2296 2284 2393 2339 per
2437 2268 2581 2326 hunc
2634 2268 2951 2339 prophetam
2994 2284 3205 2324 rursum
3248 2269 3456 2324 incusat
3479 2286 3571 2326 eos
3600 2271 3621 2302 ³

2031 2358 2113 2414 his
2138 2358 2313 2414 verbis
2348 2377 2359 2411 :
2395 2358 2582 2413 Nonne
2607 2370 2813 2430 peccata
2840 2368 3001 2413 vestra
3041 2360 3273 2414 dividunt
3310 2361 3439 2414 inter
3464 2378 3549 2415 vos
3574 2371 3620 2416 et

2028 2470 2108 2506 me
2134 2451 2284 2523 (Isai.
2309 2452 2397 2508 59.
2429 2452 2531 2522 2)?
2570 2451 2705 2508 Cum
2753 2452 2930 2522 itaque
2974 2452 3089 2507 haec
3122 2468 3219 2507 nos
3258 2463 3621 2510 removeanta

2032 2543 2175 2607 Deo,
2232 2542 2668 2611 molestissimum
2726 2542 2829 2596 hoc
2868 2551 3076 2611 septum
3106 2585 3121 2610 ,
3175 2542 3316 2612 quod
3367 2552 3515 2598 arcet
3552 2544 3621 2598 ab

2034 2654 2248 2693 accessu
2271 2684 2284 2706 ,
2314 2640 2380 2694 de
2406 2640 2581 2693 medio
2614 2640 2885 2693 tollamus.
2910 2638 3047 2692 Audi
3070 2639 3179 2707 jam
3210 2655 3273 2692 ex
3307 2640 3468 2694 rebus
3492 2640 3621 2709 ipsis

2032 2730 2081 2784 id
2114 2731 2254 2800 quod
2303 2730 2530 2784 dicimus
2574 2728 2933 2798 comprobari.
2987 2730 3142 2799 Apud
3193 2730 3497 2785 Corinthios
3544 2732 3621 2785 vir

2030 2822 2242 2889 quidam
2293 2821 2514 2876 illustris
2546 2821 2649 2875 tale
2680 2829 2958 2891 peccatum
3000 2820 3323 2885 admiserat,
3371 2822 3527 2891 quale
3556 2838 3623 2877 ne

2030 2913 2167 2980 apud
2196 2913 2419 2981 gentiles
2460 2912 2672 2981 quidem
2711 2910 3126 2965 memorabatur.
3177 2910 3224 2964 ls
3251 2921 3428 2965 autem
3454 2912 3625 2966 fidelis

2031 3015 2146 3057 erat
2192 3004 2257 3057 de
2300 3006 2649 3060 familiaribus
2691 3006 2889 3061 Christi
2927 3024 2938 3057 :
2982 3014 3105 3059 sunt
3150 3004 3239 3074 qui
3283 3004 3618 3059 sacerdotem

2032 3112 2245 3166 quoque
2272 3095 2435 3150 fuisse
2465 3098 2666 3150 dicant.
2699 3096 2836 3161 Quid
2862 3096 3061 3165 igitur?
3094 3095 3360 3149 Paulusne
3390 3095 3562 3163 ipsum
3591 3110 3620 3147 a

2031 3198 2175 3243 ειη-ιε
2217 3204 2437 3254 eorum,
2472 3188 2559 3257 qui
2610 3187 2831 3241 salutem
2875 3193 3311 3256 consequuntur,
3356 3185 3624 3240 abscidit!

2030 3280 2371 3349 Nequaquam
2405 3298 2416 3333 :
2444 3280 2555 3350 ipse
2568 3280 2763 3349 quippe
2781 3289 2860 3333 est
2884 3277 2971 3347 qui
2993 3276 3297 3331 sexcenties
3316 3275 3622 3330 Corinthios

2034 3372 2192 3424 variis
2220 3370 2394 3425 modis
2418 3372 2618 3440 carpit,
2667 3368 2809 3440 quod
2840 3378 2960 3423 cum
2991 3368 3055 3422 ad
3102 3368 3469 3437 paenitentiam
3516 3384 3621 3423 non

2032 3465 2385 3535 redegerint:
2430 3474 2487 3517 ut
2533 3473 2709 3518 autem
2761 3460 3010 3517 ostendat
3057 3462 3210 3515 nobis
3251 3461 3455 3515 nullum
3503 3475 3624 3515 csse

2031 3565 2306 3627 peccatum
2330 3596 2344 3619 ,
2376 3556 2459 3609 cui
2493 3552 2790 3609 remedium
2834 3553 3013 3607 afferri
3046 3568 3149 3605 non
3186 3552 3623 3623 possit,'rursnm

2035 3648 2101 3703 de
2128 3648 2219 3701 illo
2246 3689 2258 3711 ,
2292 3648 2380 3716 qui
2407 3646 2619 3717 gravius
2648 3659 2805 3715 quam
2831 3654 3020 3713 gentes
3061 3651 3407 3711 peccaverat,
3442 3642 3510 3695 ita
3548 3642 3623 3695 lo-

2033 3742 2212 3811 quitur
2245 3759 2257 3793 :
2302 3739 2505 3793 Tradite
2552 3738 2699 3791 illum
2741 3745 2933 3791 satana:
2969 3737 3018 3788 in
3050 3736 3311 3788 interitum
3340 3735 3536 3796 carnis,
3571 3744 3626 3787 ut

2033 3834 2239 3901 spiritus
2281 3830 2448 3896 saluus
2492 3832 2553 3883 sit
2596 3830 2646 3883 in
2690 3830 2771 3901 die
2816 3828 3218 3881 Domiuianostri
3259 3827 3383 3881 Iesu
3436 3826 3626 3882 Christi

2034 3926 2109 3994 (l.
2144 3922 2261 3978 Cor.
2281 3922 2430 3990 5.5).
2456 3920 2557 3976 Sed
2587 3920 2636 3973 id
2663 3920 2874 3990 quidem
2903 3927 3025 3973 ante
3051 3919 3413 3987 pcenitentiam
3441 3936 3452 3971 :
3490 3929 3626 3987 post-

2035 4030 2193 4085 quam
2220 4022 2398 4069 aulem
2425 4012 2648 4081 resipuit
2682 4028 2693 4062 :
2728 4010 2926 4080 Suﬂicit
2951 4052 2965 4074 ,
3009 4009 3171 4077 inquit
3197 4050 3211 4073 ,
3242 4009 3343 4073 illi,
3372 4009 3458 4077 qui
3487 4010 3626 4077 ejus-

2035 4107 2173 4179 modi
2202 4115 2290 4171 est,
2317 4105 2599 4175 objurgatio
2629 4102 2649 4133 ’δ
2676 4117 2788 4172 qua:
2806 4103 2863 4171 ﬁt
2902 4118 2932 4152 a
2968 4101 3194 4169 pluribus
3213 4099 3296 4168 (2.
3317 4100 3438 4153 (ἔον.
3460 4099 3511 4152 2.
3534 4099 3621 4169 6):

2035 4200 2353 4268 scripsitque
2380 4197 2459 4252 eis
2483 4238 2497 4259 ,
2532 4204 2587 4249 ut
2615 4194 3023 4249 consolarentur
3048 4208 3196 4256 cum,
3231 4202 3285 4245 et
3309 4194 3421 4262 ejus
3448 4193 3621 4261 pinni-

2039 4292 2257 4345 tentiam
2303 4288 2683 4353 admitterent,
2728 4301 2795 4339 ne
2837 4285 3313 4339 circumveniretur
3349 4300 3379 4337 a
3413 4292 3621 4338 satana.

2038 4382 2169 4437 Item
2199 4370 2498 4435 universam
2525 4378 2828 4433 Galatarum
2868 4377 3136 4430 nationem
3164 4385 3282 4445 post
3309 4384 3613 4446 susceptam

2040 4475 2219 4539 fidem,
2253 4483 2373 4541 post
2415 4479 2615 4541 patrata
2644 4470 2815 4538 signa,
2849 4478 2900 4525 et
2931 4467 3125 4521 multas
3158 4480 3254 4535 pro
3276 4455 3471 4518 Christi
3505 4464 3609 4520 fide

2036 4574 2311 4635 superatas
2340 4564 2673 4618 tcntationes.
2700 4560 2899 4630 lapsos,
2929 4561 3161 4629 inquam,
3184 4556 3401 4611 Galatas
3430 4556 3621 4610 iterum

2038 4658 2211 4727 erigit.
2260 4655 2411 4721 Quod
2452 4654 2593 4707 enim
2641 4651 2893 4705 miracula
2938 4650 3219 4713 fecissent,
3268 4648 3354 4701 ille
3384 4646 3623 4701 declarat

2038 4749 2121 4803 his
2145 4747 2316 4801 verbis
2350 4764 2363 4799 :
2401 4745 2499 4811 Qui
2525 4760 2640 4813 ergo
2670 4743 2839 4808 tribuit
2866 4741 3003 4799 vobis
3020 4740 3273 4809 spiritum,
3306 4748 3355 4791 ct
3384 4748 3625 4813 aperatur

2036 4841 2241 4894 virtutes
2280 4840 2331 4890 in
2366 4836 2501 4890 robis
2535 4834 2728 4906 (Galat.
2758 4834 2811 4887 5.
2844 4832 2898 4903 5)
2936 4850 2948 4885 :
2981 4830 3120 4901 quod
3172 4846 3297 4884 vero
3326 4829 3488 4881 multa
3523 4844 3620 4896 pro

2041 4930 2141 4988 fide
2158 4930 2447 4985 certamina
2476 4926 2707 4989 inierint,
2738 4924 2786 4979 id
2811 4925 2968 4979 etiam
2997 4922 3285 4977 declaravit
3303 4921 3386 4975 his
3408 4920 3619 4974 verbis:

2040 5021 2206 5078 Tanta
2227 5022 2359 5091 passi
2383 5021 2500 5072 estis
2520 5020 2628 5071 sine
2656 5034 2840 5081 causa,
2870 5017 2913 5068 si
2942 5026 3107 5067 tamen
3137 5015 3244 5067 sine
3264 5030 3436 5067 causa.
3469 5013 3623 5065 Atta-

2040 5130 2163 5168 men
2193 5120 2310 5181 post
2358 5120 2557 5165 tantum
2602 5109 2811 5162 virtutis
2863 5108 3287 5169 incrementum,
3338 5111 3617 5175 peceatum

2041 5205 2389 5267 admiserunt,
2418 5202 2555 5272 quod
2584 5210 2761 5271 posset
2788 5214 2881 5253 eos
2908 5198 3165 5252 aCbristo
3190 5197 3391 5249 alienos
3417 5194 3625 5247 facere:

2041 5298 2107 5352 de
2133 5313 2237 5367 quo
2271 5298 2381 5363 ipse
2405 5296 2543 5349 hanc
2570 5293 2771 5363 profert
2797 5290 3113 5345 sententiam
3152 5306 3165 5343 :
3200 5288 3330 5341 Ecce
3356 5304 3445 5355 ego
3475 5285 3615 5371 (ἀκι-

2043 5392 2118 5443 lus
2155 5391 2267 5441 dico
2303 5390 2435 5442 vobis
2456 5430 2470 5454 ,
2514 5388 2555 5439 si
2585 5383 3049 5449 circumcidamiui,
3078 5382 3307 5435 Christus
3335 5382 3461 5433 nihil
3492 5378 3626 5431 vobis

2030 5626 2031 5629 η
2108 5591 2123 5621 ί
2161 5587 2299 5636 savii.
2327 5593 2376 5633 ct
2404 5598 2528 5632 unus
2551 5592 2675 5640 uss,
2711 5580 2771 5630 iis
2817 5580 3067 5642 aremplis.

2106 5656 2127 5683 ι
2162 5651 2231 5698 sic
2254 5648 2392 5697 Savil.
2421 5656 2470 5695 et
2492 5649 2587 5694 duo
2612 5636 2937 5705 manuscripti.
2960 5636 3030 5691 ἰιι
3073 5641 3234 5691 Morel.
3264 5648 3313 5689 et
3339 5638 3443 5687 aliis
3465 5636 3625 5697 deest,

2043 5714 2215 5773 inquit.

2107 5781 2126 5811 ³
2162 5781 2325 5825 Deest.
2351 5786 2445 5832 eos,
2465 5772 2512 5820 in
2531 5772 2718 5817 duobus
2736 5777 2839 5816 Mss.

2109 5842 2131 5872 δ
2162 5838 2290 5889 Coll).
2320 5838 2485 5892 halm,
2530 5832 2797 5891 ubjttt'qalu)
2816 5832 2917 5879 illa.
