4276 6316
737 359 837 416 287

733 474 960 543 proderit
986 491 1004 524 :
1042 480 1096 526 et
1125 472 1339 537 iterum,
1363 473 1668 540 Quicumque
1702 474 1753 524 in
1776 473 1879 541 lege
1899 472 2254 540 jttstiﬁruntini
2282 487 2312 520 a

733 565 897 634 gratia
928 564 1180 617 excidisti:
1218 561 1354 633 (Gal.
1380 562 1430 616 5.
1456 561 1491 613 εὶ
1527 571 1572 614 et
1597 563 1670 628 4).
1706 564 1950 613 Attamen
1984 570 2100 629 post
2132 559 2313 624 hujus—
2357 609 2365 614 _

734 654 876 706 modi
911 654 1135 723 lapsum,
1169 653 1308 722 ipsos
1341 650 1525 719 recipit
1547 691 1560 714 ,
1587 650 1766 703 dicens
1801 666 1812 701 :
1849 649 2022 701 Filioli
2053 649 2165 708 mei,
2195 663 2313 714 quos

736 745 916 794 iterum
940 743 1192 811 pitrturio,
1224 742 1378 792 donec
1408 741 1649 808 formetur
1678 739 1904 791 Christus
1932 739 1980 789 in
2011 740 2144 790 ratiis
2169 736 2309 804 (ιέαι.

735 837 784 886 4.
824 836 937 903 19),
958 834 1262 895 ostendens,
1288 834 1443 885 etiam
1469 843 1580 900 post
1600 842 1890 884 extremam
1918 831 2312 898 corruptionem

735 939 893 991 posse
927 939 1108 976 rursus
1138 923 1406 976 Christum
1448 922 1698 974 divinitus
1738 921 2000 974 etl'ormari
2047 921 2096 972 in
2129 919 2309 982 nobis;

746 1030 848 1068 non
879 1014 1018 1067 enim
1049 1015 1159 1066 vult
1190 1024 1410 1065 mortem
1442 1012 1753 1081 peccatoris,
1779 1010 1871 1064 sed
1901 1020 1954 1063 ut
1977 1019 2313 1064 convertatur

735 1116 786 1160 et
809 1108 948 1160 vivat
976 1104 1185 1176 (Haedi.
1217 1106 1303 1160 53.
1342 1105 1445 1174 li).

806 1199 858 1251 9.
893 1197 1129 1250 (Ie/reuna
1160 1199 1289 1266 ignis
1317 1195 1642 1260 daemonibus,
1675 1211 1881 1263 regnum
1909 1195 2146 1247 actorum
2173 1193 2312 1245 nobis

733 1288 1021 1356 deputatur.
1053 1318 1122 1326 —
1150 1287 1532 1340 Convertamur
1567 1288 1760 1354 itaque,
1796 1301 1826 1337 ι)
1854 1285 2102 1338 dilectum
2132 1293 2308 1352 caput,

735 1389 786 1429 et
815 1377 1133 1430 voluntatem
1169 1376 1255 1430 Dei
1288 1375 1639 1445 perficiamus.
1673 1375 1794 1428 ldeo
1821 1375 2010 1442 quippe
2040 1389 2134 1427 nos
2162 1389 2311 1426 crea-

736 1469 807 1521 vit
836 1481 887 1522 et
920 1468 1192 1537 produxit,
1224 1478 1274 1520 ut
1309 1468 1598 1521 c.1-lestium
1632 1466 1888 1520 bonorum
1926 1474 2202 1519 eonsortes
2233 1464 2310 1518 fa-

738 1569 920 1624 ceret,
974 1569 1026 1612 ιιι
1070 1576 1287 1628 regnum
1336 1561 1583 1613 Cil‘itil'llm
1632 1559 1885 1612 tribueret
1944 1560 1983 1618 ⁸,
2018 1574 2121 1610 non
2164 1567 2219 1610 ιιι
2261 1558 2311 1610 in

734 1649 1026 1713 gehennam
1050 1649 1353 1717 eonjicert-t,
1383 1650 1591 1717 ignique
1616 1648 1843 1701 traderet
1869 1665 1880 1698 :
1908 1648 1990 1700 hic
2013 1647 2150 1700 enim.
2180 1647 2312 1716 ignis

734 1757 834 1793 non
862 1753 1072 1809 propter
1096 1757 1208 1802 nos,
1235 1741 1322 1792 sed
1348 1751 1560 1809 propter
1579 1740 1842 1794 diahoium
1867 1742 2180 1793 constitutus
2201 1749 2309 1803 est;

732 1848 950 1899 regnum
983 1847 1107 1884 vero
1151 1831 1299 1883 nobis
1343 1840 1579 1899 paratum
1621 1831 1860 1898 primitus
1899 1840 1950 1884 et
1989 1831 2310 1900 assignatum

732 1933 829 1973 est.
865 1920 1151 1989 [ιι-ιιηιιιιο
1196 1938 1318 1973 vero
1358 1920 1653 1974 subindicat
1694 1938 1810 1973 eum
1842 1922 1967 1974 dicit
2009 1922 2071 1974 iis
2101 1922 2311 1988 quidem

731 2012 815 2077 qui
849 2026 872 2059 ιι
903 2009 1101 2063 dextris
1130 2022 1250 2062 sunt
1284 2029 1294 2062 :
1334 2009 1522 2074 Venite,
1557 2011 1798 2064 benedicti
1834 2009 2003 2064 Patris
2033 2011 2148 2072 mei,
2191 2027 2312 2078 pos-

730 2102 883 2154 sidete
935 2113 1163 2170 paratum
1215 2102 1346 2156 vobis
1398 2120 1603 2172 regnum
1653 2106 2084 2158 aconstilutione
2139 2106 2314 2158 mundi

731 2192 942 2260 (.iluttlt.
973 2193 1059 2245 ‘23.
1093 2194 1218 2259 5i);
1255 2194 1316 2246 iis
1348 2209 1472 2247 vero
1503 2194 1590 2262 qui
1630 2209 1658 2246 a
1699 2195 1927 2246 sinistris
1959 2213 1970 2246 :
2003 2194 2255 2247 Discedite
2281 2211 2313 2247 α

730 2300 844 2344 me,
891 2285 1173 2347 maledicti,
1220 2284 1270 2342 in
1321 2286 1484 2354 ignem
1545 2297 1786 2338 a'tcrnum
1821 2288 1861 2347 ’,
1892 2296 2156 2355 paratum;
2208 2303 2310 2340 non

726 2375 909 2442 utique
949 2375 1125 2438 vobis,
1158 2374 1249 2428 sed
1281 2376 1478 2428 diabolo
1511 2386 1554 2427 et
1595 2375 1784 2446 angelis
1823 2378 1928 2447 ejus
1959 2376 2000 2430 ³.
2021 2376 2130 2430 Non
2157 2377 2313 2446 igitur

729 2465 881 2519 nobis
911 2476 1084 2534 parata
1113 2475 1194 2520 est
1220 2466 1479 2535 gebenna,
1506 2467 1597 2521 scd
1625 2467 1835 2520 diabolo
1860 2477 1912 2521 et
1937 2468 2139 2536 angelis
2161 2468 2306 2537 ejus;

730 2573 952 2626 regnum
985 2568 1159 2611 autem
1193 2574 1221 2611 a
1253 2560 1625 2612 constitutione
1674 2559 1854 2613 mundi
1896 2561 2047 2613 nobis
2082 2561 2310 2614 adorna-

727 2658 839 2702 tum
863 2660 961 2702 est.
995 2650 1070 2704 Ne
1098 2651 1271 2720 itaque
1299 2667 1395 2704 nos
1423 2651 1634 2704 thalami
1667 2651 1905 2720 ingressu
1934 2652 2172 2721 indignos
2194 2652 2315 2706 red-

728 2739 953 2793 damus:
999 2742 1244 2809 quamdiu
1287 2742 1426 2794 enim
1458 2739 1478 2771 ⁸
1511 2742 1592 2793 hic
1635 2756 1838 2807 sumus,
1885 2743 2088 2795 etiamsi
2120 2741 2311 2796 millies

727 2847 1043 2902 peccemus,
1079 2831 1250 2893 (ninia
1298 2831 1417 2892 licet
1458 2832 1639 2892 eluere
1683 2843 2017 2900 peccatorum
2050 2833 2312 2901 pmnitcn-

730 2937 852 2986 liam
894 2933 1264 2987 exhibentibus
1298 2951 1309 2985 :
1344 2948 1460 2986 cum
1507 2939 1682 2984 autem
1731 2923 1854 2977 illuc
1895 2924 2104 2978 abdtICli
2149 2923 2310 2980 fueri-

727 3043 862 3088 mus,
889 3026 1096 3096 etiamsi
1117 3026 1382 3095 ingentem
1408 3024 1771 3094 ptBnitcnliattt
1793 3016 2158 3081 exhibeamus,
2179 3017 2309 3071 nihil

728 3097 1177 3186 nobisproderit;
1210 3115 1303 3170 sed
1332 3115 1669 3185 quantumvis
1698 3108 1942 3168 dentibus
1980 3108 2305 3173 frettdamus,

726 3210 1062 3278 quantumvis
1106 3209 1410 3278 lugeamus,
1452 3207 1788 3276 quantumvis
1828 3207 2202 3268 Obsecremus,
2244 3217 2309 3260 ne

725 3312 966 3354 extremo
992 3285 1204 3369 qtiidem
1231 3299 1396 3370 digito
1432 3300 1692 3368 quispiam
1733 3297 1887 3352 nobis
1925 3297 2122 3366 aliquid
2155 3298 2310 3352 refri-

726 3393 853 3460 gerii
875 3391 1179 3453 distillabit;
1210 3391 1301 3443 sed
1323 3406 1381 3444 ea
1410 3390 1522 3458 ipsa
1553 3389 1847 3454 audiemus,
1872 3404 1988 3458 qua:
2014 3388 2163 3442 dives
2183 3389 2308 3441 olim

723 3481 815 3534 ille.
837 3521 852 3544 ,
885 3496 1075 3549 nempe
1095 3522 1108 3546 ,
1147 3477 1393 3549 Magnum
1422 3479 1572 3532 cltaos
1599 3479 1727 3531 intef‘
1753 3495 1842 3531 nos
1869 3486 1912 3530 et
1938 3493 2021 3530 vos
2054 3478 2311 3545 ﬁrmatum

725 3580 795 3622 est
823 3567 972 3640 (Luc.
1008 3568 1090 3623 16.
1119 3569 1231 3638 26).
1270 3569 1656 3639 Resipiscamus
1685 3569 1881 3638 itaque,
1911 3568 2153 3631 obsecro,
2183 3566 2309 3621 dum

723 3661 813 3716 hic
840 3660 1097 3730 dcgimus,
1133 3669 1184 3714 ct
1217 3661 1493 3714 Dominum
1524 3673 1900 3732 agnoscamus.
1933 3668 1991 3712 ut
2019 3673 2309 3728 agnoscere

727 3760 953 3820 oportet.
983 3750 1133 3804 Tunc
1173 3750 1312 3803 enim
1360 3751 1530 3804 solum
1570 3750 1634 3804 de
1675 3750 1983 3818 paenitentia
2015 3748 2306 3818 desperan-

727 3843 852 3896 dum
884 3842 1007 3909 erit,
1036 3857 1154 3894 cum
1184 3842 1233 3894 in
1267 3841 1474 3894 inferno
1499 3839 1766 3896 constituti
1792 3839 1990 3894 erimus
2015 3856 2027 3891 :
2054 3839 2307 3893 ibinam-

726 3951 831 4003 quo
867 3935 1037 3990 solum
1079 3933 1181 3989 hoc
1227 3934 1521 3988 remedium
1559 3933 1822 3987 infirmttm
1864 3933 2151 4001 inutileque
2173 3940 2259 3985 est
2291 3948 2305 3985 :

726 4027 849 4078 dum
871 4034 1046 4080 autem
1070 4024 1153 4078 hic
1177 4039 1466 4087 versamur,
1485 4025 1688 4077 etiamsi
1713 4023 1762 4076 in
1787 4023 1896 4089 ipsa
1919 4031 2188 4076 senectute
2207 4021 2306 4076 ad-

727 4117 994 4178 hibeatur,
1038 4116 1144 4169 vim
1187 4115 1342 4168 habet
1372 4115 1675 4168 maximam.
1703 4114 2034 4183 Quapropter
2062 4114 2304 4169 diabolus

726 4206 855 4260 nihil
887 4221 989 4259 non
1019 4206 1367 4268 machinatur,
1398 4214 1455 4258 ut
1481 4203 1866 4272 desperationis
1893 4204 2123 4259 radicem
2154 4205 2304 4259 nobis

728 4308 889 4366 ponat
919 4315 929 4350 :
961 4298 1106 4351 novit
1139 4298 1278 4350 enim
1299 4339 1312 4360 ,
1343 4297 1386 4350 si
1416 4296 1500 4350 vel
1532 4296 1787 4349 tantillum
1819 4296 2224 4364 rcsipuerimus,
2253 4297 2304 4350 id

726 4405 830 4440 non
863 4389 976 4442 sine
1005 4387 1250 4442 mercede
1281 4386 1510 4441 futurum
1542 4402 1677 4441 esse.
1708 4386 1812 4440 Sed
1851 4386 1988 4439 sicut
2023 4389 2067 4440 is
2095 4387 2183 4454 qui
2219 4403 2306 4440 ca-

729 4480 880 4531 licem
909 4494 1056 4548 aqua:
1084 4477 1286 4547 frigidae
1313 4478 1624 4546 porrexerit,
1651 4476 1942 4545 depositam
1971 4476 2129 4529 habet
2153 4478 2308 4530 retri-

729 4571 1026 4630 butionem,
1060 4569 1136 4622 sic
1173 4568 1217 4621 is
1237 4609 1252 4634 ,
1283 4583 1438 4637 quem
1467 4566 1533 4621 de
1571 4567 1815 4621 admissis
1845 4583 1872 4618 a
1903 4583 1959 4622 se
1988 4567 2307 4633 facinoribus

729 4661 984 4729 munitet,
1030 4660 1154 4713 licet
1199 4658 1410 4726 dignam
1466 4656 1827 4726 ptenitentiam
1873 4674 1978 4711 non
2026 4659 2300 4726 exhibeat,

727 4752 965 4820 ejusdem
997 4761 1170 4805 tamen
1200 4751 1598 4806 retributionem
1622 4751 1862 4820 accipiet.
1887 4749 2022 4804 Nihil
2047 4752 2186 4806 enim
2210 4751 2306 4805 bo-

728 4859 952 4904 norum,
995 4843 1331 4906 quantumvis
1364 4843 1608 4911 exiguum
1650 4843 1745 4906 sit,
1815 4859 1841 4894 a
1882 4842 2026 4911 justo
2068 4843 2087 4874 '
2128 4843 2332 4912 judice;

748 4936 1068 5004 Ιιτμιιίιξίι-ιυν.
1105 4935 1233 4989 Nam
1275 4936 1314 4986 si
1366 4943 1578 5003 peccata
1617 4951 1738 4989 cum
1779 4944 1919 4988 tanta
1967 4938 2307 4992 accuratione

740 5028 1122 5096 lisqniruntur.
1169 5036 1226 5078 ut
1271 5027 1426 5078 etiam
1472 5025 1538 5078 de
1581 5025 1758 5079 verbis
1798 5035 1850 5078 et
1896 5026 2300 5095 cogitationibus

729 5133 909 5185 punias
937 5117 1143 5180 demus,
1177 5128 1372 5185 quanto
1401 5117 1566 5185 magis
1597 5117 1730 5169 bona
1761 5133 1940 5185 opera,
1967 5132 2061 5171 seu
2090 5133 2300 5186 magna,

726 5225 816 5260 seu
849 5223 1003 5276 parva
1035 5209 1246 5270 fuerint,
1280 5207 1431 5260 nobis
1458 5208 1547 5260 illo
1574 5217 1812 5278 tempore
1836 5210 2296 5276 computabuntur.

725 5304 900 5366 Quare
931 5301 1048 5353 licet
1075 5299 1138 5352 ad
1172 5300 1443 5367 pristinam
1475 5299 1613 5351 illam
1639 5300 1961 5369 diligentiam
1990 5300 2162 5356 redire
2192 5317 2297 5356 non

787 5441 800 5465 ε
840 5436 979 5484 ςδνιΙ.
1015 5444 1065 5484 et
1087 5433 1380 5490 unust‘olln,
1407 5433 1539 5484 nobis
1561 5433 1786 5485 tribuere:

787 5502 806 5530 ’
841 5502 910 5568 sic
933 5497 1070 5545 savil.
1100 5509 1151 5546 et
1171 5505 1374 5559 quatuor
1399 5504 1502 5545 Mss.
1548 5495 1707 5546 Morel.
1743 5507 1792 5546 et
1811 5497 1906 5546 duo
1925 5497 2018 5558 alii,
2066 5502 2116 5549 in
2139 5499 2296 5563 ignem

787 5575 1014 5608 ἰρνιονεηι
1023 5596 1034 5608 .

787 5576 789 5579 .
843 5575 863 5603 ν
916 5575 937 5605 ν
1023 5596 1034 5608 ,

728 5572 1120 5690 "ifrgitﬁnimus
1141 5620 1307 5677 habet,
1329 5625 1548 5675 paratum
1580 5617 1768 5669 diabolo
1790 5627 1833 5671 et
1857 5620 2038 5684 angelis
2060 5621 2181 5684 ejus,
2207 5635 2298 5670 non

744 5702 750 5718 '
813 5699 866 5730 ι’δ.

727 5685 806 5775 me
842 5743 978 5792 savii.
1006 5753 1052 5791 ct
1078 5755 1202 5790 ultus
1223 5748 1325 5794 .\ts.,
1346 5740 1489 5795 enim,
1516 5752 1670 5793 recte.
1699 5749 1744 5790 In
1769 5744 1871 5792 aliis
1893 5743 2053 5802 deest,
2078 5745 2219 5794 enini.

782 5808 803 5840 ⁸
839 5815 885 5855 ιιι
911 5821 1004 5856 uno
1021 5806 1151 5854 Colb.
1186 5805 1344 5864 deest,
1370 5803 1509 5861 iusto.

1451 359 1504 418 5.
1546 357 1822 413 JUANNIS
1859 354 2331 412 CllllYSOSTOMI
2376 352 2687 407 AliCllllil’.
2730 353 3259 412 CONSTANTi-NOP.

3914 361 4020 421 3.88

2426 468 2621 531 valeas,
2649 468 2741 523 sed
2768 471 2955 538 quovis
2985 471 3195 526 tandem
3227 471 3385 526 modo
3414 486 3443 525 a
3472 475 3717 543 praesenti
3745 476 3933 531 morbo
3961 487 4018 533 et

2424 556 2624 611 luxuria
2658 568 2709 614 te
2737 559 2990 626 abditcas,
3027 577 3092 615 ne
3121 560 3221 615 hoc
3251 562 3462 631 quidem
3501 564 3594 618 tibi
3624 565 4014 621 infructuosum

2421 651 2521 702 erit
2551 669 2562 703 :
2592 650 2670 704 fac
2699 653 2844 706 ineas
2869 667 3021 720 opus,
3051 663 3104 706 et
3131 653 3328 707 aditum
3356 654 3419 707 ad
3447 657 3736 710 certamina
3761 659 3968 724 aperias
4002 675 4016 709 :

2422 741 2671 808 quamdiu
2714 743 2858 797 enim
2902 755 3050 796 extra
3093 739 3363 808 manebis,
3393 746 3512 814 jure
3543 747 3635 799 tibi
3671 747 3882 802 diflicile
3918 764 4010 800 ar-

2421 831 2687 900 duumque
2713 835 2727 863 ¹
2769 835 3049 888 videbitur.
3091 835 3221 889 Nam
3259 846 3538 906 antequam
3572 839 3864 907 periculum
3891 840 4006 904 fiat,

2421 924 2757 989 quantmnvis
2797 925 2974 980 faciles
3006 937 3058 979 ct
3088 929 3346 994 expedita:
3382 945 3466 983 res
3498 929 3728 994 fuerint,
3761 947 4011 1000 magnam

2422 1020 2594 1065 tamen
2637 1014 2958 1069 diftieultatis
3020 1018 3252 1085 speciem
3327 1034 3433 1086 pra:
3496 1035 3555 1073 se
3593 1020 3731 1075 ferre
3784 1022 4008 1085 solent;

2420 1115 2539 1153 cinn
2571 1111 2744 1156 autem
2785 1119 2877 1157 eas
2911 1115 3131 1158 strenuo
3158 1107 3448 1177 audacique
3490 1109 3668 1161 animo
3707 1110 3967 1164 adivimus
3992 1152 4010 1172 .

2421 1206 2609 1261 magna
2643 1208 2764 1264 pars
2796 1195 2993 1249 laboris
3020 1198 3228 1261 evolat;
3261 1213 3322 1252 ac
3354 1199 3579 1266 fiducia,
3611 1200 3730 1254 loco
3761 1205 4014 1257 tremoris

2419 1283 2912 1356 despcrationisquc
2941 1289 3298 1358 subingressa,
3329 1302 3527 1345 metum
3554 1292 3760 1357 minuit,
3793 1293 4016 1348 facilita-

2421 1387 2530 1430 tem
2569 1386 2756 1446 augct,
2801 1378 3098 1448 bonamque
3135 1396 3282 1449 Spem
3326 1383 3558 1437 roborat.
3589 1383 3714 1438 ldeo
3750 1385 4013 1452 malignus

2422 1468 2509 1522 ille
2533 1467 2723 1524 Judam
2751 1484 2815 1522 ex
2847 1469 2947 1526 hac
2978 1471 3080 1523 vita
3110 1471 3357 1537 abduxit,
3387 1489 3454 1527 ne
3481 1473 3632 1528 initio
3665 1475 4012 1543 resipiscendi

2421 1556 2580 1624 facto,
2615 1575 2706 1626 per
2730 1559 3096 1628 pmoitentiam
3124 1561 3187 1614 ad
3217 1562 3390 1616 locum
3419 1563 3561 1618 unde
3593 1564 3860 1618 exciderat
3890 1563 4014 1618 red-

2421 1640 2540 1702 iret.
2577 1648 2685 1718 Ego
2712 1651 2852 1704 enim
2873 1693 2887 1715 ,
2917 1641 3015 1704 eisi
3059 1667 3215 1721 supra
3240 1653 3398 1707 fidem
3431 1653 3572 1724 loqui
3603 1654 3803 1720 videar,
3837 1669 4011 1724 neque

2422 1740 2547 1794 illud
2589 1741 2810 1811 (ludas)
2856 1754 3128 1810 peccatum
3173 1745 3344 1814 majus
3387 1760 3504 1799 esse
3546 1746 3808 1813 dixerim,
3850 1763 4014 1816 quam

2419 1832 2720 1901 auxilium,
2749 1836 2890 1904 quod
2930 1837 3084 1890 nobis
3114 1851 3140 1888 a
3179 1837 3492 1906 pmnitcntia
3527 1836 3768 1892 oii'ertur.
3806 1840 4014 1904 Quam-

2420 1925 2602 1978 obrem
2635 1937 2843 1995 rogo,et
2872 1927 3124 1994 obsecro,
3155 1929 3297 1980 omni
3337 1928 3559 1997 depulsa
3595 1929 3829 1983 satanica
3859 1929 4012 1999 cogi-

2421 2017 2621 2071 tatione
2665 2018 2730 2071 ab
2773 2019 2947 2071 anima
2991 2028 3107 2084 tua,
3150 2019 3214 2073 ad
3260 2019 3394 2073 hanc
3437 2019 3659 2072 salutem
3705 2020 3914 2074 redeas.
3955 2020 4012 2075 Si

2421 2123 2646 2176 namque
2684 2107 2965 2162 confestim
2995 2109 3061 2162 ad
3092 2109 3218 2162 illud
3262 2117 3310 2163 te
3352 2109 3616 2178 fastigium
3648 2108 4012 2164 corusci-odere

2415 2199 2678 2268 jubercm,
2711 2200 2760 2252 id
2787 2199 2909 2268 jure
2941 2201 3164 2254 moleste
3195 2200 3382 2263 ferres,
3411 2211 3591 2269 utpote
3620 2218 3730 2254 rem
3761 2200 4012 2255 diliicilli-

2421 2304 2600 2352 mam;
2653 2305 2774 2341 cum
2820 2288 3078 2342 autemid
3118 2299 3317 2342 tantum
3361 2305 3502 2342 nunc
3555 2292 3574 2321 ²
3620 2291 3918 2358 postulem,
3952 2299 4012 2344 ut

2421 2378 2771 2448 prtesentibus
2801 2379 2953 2432 malis
2991 2378 3121 2431 nihil
3152 2378 3370 2446 adjicias
3391 2421 3405 2443 ,
3438 2378 3530 2432 sed
3559 2393 3783 2449 surgens
3811 2380 3879 2433 ad
3910 2381 4012 2435 iter

2419 2469 2742 2523 contrarium
2776 2478 2824 2522 te
2855 2480 3158 2534 convertas,
3186 2469 3308 2538 quid
3337 2471 3641 2524 cunctaris?
3663 2486 3760 2525 cur
3787 2473 4007 2542 refugis,

2419 2567 2473 2613 ct
2499 2559 2563 2613 ad
2596 2561 2890 2629 posteriora
2925 2570 2972 2614 te
3003 2559 3273 2614 retrahis?
3303 2561 3492 2614 Annon
3530 2561 3706 2616 vidisti
3745 2563 4010 2630 quosdam

2418 2651 2508 2718 qui
2537 2651 2587 2703 in
2619 2651 2852 2715 deliciis,
2883 2661 2935 2704 et
2983 2651 3032 2703 in
3067 2651 3410 2704 ebrietatibus
3449 2659 3503 2705 et
3541 2651 3591 2704 in
3617 2653 3752 2720 jocis
3782 2653 3804 2683 ³
3827 2694 3841 2717 ,
3873 2665 3925 2707 et
3953 2655 4008 2707 in

2393 2740 2623 2808 -reliquo
2668 2740 2826 2809 hujus
2868 2742 2987 2794 vitae
3024 2741 3254 2795 ludibrio
3296 2743 3490 2796 mortui
3534 2743 3697 2795 sunt?
3735 2742 3830 2796 libi
3867 2760 4014 2799 nunc

2417 2840 2540 2884 sunt
2575 2828 2663 2901 qui
2705 2831 2889 2884 tumidi
2935 2830 3180 2899 superbia
3209 2846 3328 2885 cum
3359 2831 3541 2885 multis
3569 2831 3885 2900 Seqtiacilitts
3913 2847 4014 2901 per

2418 2920 2594 2974 forum
2628 2921 2986 2976 incedebant?
3015 2923 3102 2990 qui
3135 2921 3318 2975 sericis
3347 2921 3516 2975 induti
3559 2924 3792 2976 vestibus
3822 2933 3874 2978 et
3903 2941 4011 2977 uu-

2416 3023 2667 3084 guentum
2694 3014 2918 3079 olentes,
2947 3013 3310 3083 parasitosque
3335 3013 3562 3079 alentes,
3592 3029 3766 3068 scena:
3791 3030 4012 3084 semper

2417 3106 2560 3160 affixi
2588 3106 2775 3160 erant?
2803 3104 2890 3159 ubi
2920 3119 3057 3158 nunc
3086 3103 3371 3158 ostentatio
3404 3103 3491 3157 illa
3517 3113 3571 3158 et
3599 3102 3828 3173 pompa?
3858 3103 4008 3160 Abiit

2417 3213 2688 3252 cmnarum
2716 3205 2985 3264 sumptus,
3019 3196 3344 3250 musicorum
3388 3195 3574 3261 turba,
3615 3196 4006 3249 assentautium

2417 3289 2689 3353 clientela,
2725 3288 2860 3344 risus
2900 3287 3240 3355 immodicus,
3281 3286 3440 3342 animi
3487 3287 3762 3353 remissio,
3805 3287 4006 3343 mentis

2417 3383 2634 3447 cfl'nsio,
2669 3382 2787 3434 vita
2814 3379 3020 3443 mollis,
3055 3380 3224 3432 otiosa
3247 3419 3261 3442 ,
3292 3379 3416 3433 luxu
3457 3378 3681 3448 perdita.
3713 3381 3828 3447 Quo
3860 3394 4008 3434 nunc

2416 3475 2693 3528 evolarunt
2722 3473 2943 3526 omnia?
2970 3471 3096 3540 quid
3127 3471 3322 3525 factum
3355 3480 3436 3526 cst
3475 3470 3542 3525 de
3575 3486 3829 3541 corpore,
3858 3474 4010 3541 quod

2418 3564 2619 3633 pridem
2660 3571 2807 3616 tanto
2849 3561 3106 3616 famulitio
3131 3603 3146 3626 ,
3177 3570 3317 3615 tanta
3358 3560 3616 3615 munditia
3658 3562 4010 3618 abundabat?

2416 3657 2581 3726 Perge
2619 3670 2758 3710 nunc
2801 3654 2868 3708 ad
2910 3653 3213 3724 sepulcrum
3247 3671 3261 3709 :
3291 3654 3654 3723 contemplare
3681 3655 3952 3724 pulverem
3981 3697 4004 3724 ,

2413 3750 2650 3812 cineres,
2705 3763 2950 3812 vermes,
3001 3747 3101 3801 loci
3141 3744 3161 3776 ⁸
3206 3744 3601 3802 deformitatem
3645 3747 3878 3811 intuere,
3945 3759 4012 3804 et

2413 3857 2593 3896 amare
2620 3840 2846 3909 suspira.
2880 3841 3052 3910 Atque
3081 3838 3280 3892 utinam
3307 3836 3372 3891 ad
3402 3837 3612 3893 cineres
3647 3832 3898 3892 damnum
3926 3839 4010 3891 si-

2414 3941 2609 3996 steret;
2635 3931 2742 4001 jam
2765 3940 2942 3985 autem
2965 3945 2994 3983 a
3022 3928 3270 3998 sepulcro
3290 3937 3343 3982 et
3363 3943 3391 3981 a
3413 3927 3683 3983 vermibus
3706 3929 4006 3999 cogitatum

2416 4024 2645 4079 transfer
2669 4023 2732 4077 ad
2763 4021 3117 4076 immortalem
3148 4020 3295 4074 illum
3325 4033 3583 4085 vermem,
3613 4017 3678 4072 ad
3711 4019 3883 4088 ignem
3912 4019 4005 4074 iu-

2411 4113 2836 4185 exstinguibilem
2859 4153 2874 4177 ,
2913 4109 2979 4165 ad
3024 4109 3292 4165 fremitum
3339 4109 3576 4164 dentium
3599 4149 3612 4175 ,
3644 4107 3709 4162 ad
3753 4108 4008 4164 tenebras

2410 4210 2734 4274 exteriores,
2767 4207 2832 4261 ad
2859 4207 3202 4261 aliiictionem
3229 4213 3284 4260 et
3313 4203 3609 4274 angustiam
3631 4245 3644 4267 ,
3674 4201 3740 4256 ad
3769 4201 4014 4271 parabo-

2412 4304 2513 4356 lam
2541 4301 2724 4357 Lazari
2746 4311 2800 4356 et
2822 4300 3018 4362 divitis,
3051 4300 3137 4368 qui
3169 4307 3244 4351 tot
3272 4296 3512 4373 pecuniis
3537 4296 3846 4358 instructus,
3874 4309 4010 4365 pur-

2413 4409 2648 4463 puraque
2681 4391 2892 4446 indutus
2916 4432 2931 4456 ,
2963 4406 3028 4444 ne
3072 4389 3266 4443 stillam
3307 4387 3519 4458 quidem
3551 4401 3702 4457 aqua:
3728 4394 3913 4456 postea
3945 4385 4020 4440 in.

2416 4485 2673 4553 potestate
2715 4482 2898 4537 habuit
2928 4482 2948 4513 '
2973 4522 2988 4548 ,
3023 4482 3074 4534 in
3127 4489 3270 4534 tanta
3311 4479 3639 4533 calamitater
3655 4477 4000 4532 constitutus.

2413 4575 2579 4644 Hujus
2607 4575 2748 4629 enim
2783 4574 2904 4626 vitae
2933 4566 3170 4626 conditio
3209 4568 3430 4623 somniis
3475 4567 3641 4621 nihilo
3679 4567 3869 4622 melior
3895 4577 4000 4623 est.

2411 4663 2868 4733 Quemadmodum
2898 4660 3038 4715 enim
3063 4661 3153 4730 qui
3181 4657 3392 4713 metalla
3419 4657 3698 4722 effodiunt,
3721 4664 3815 4712 aut
3839 4656 4001 4710 aliam

2411 4755 2692 4826 quamdam
2719 4769 2931 4824 poenam
2954 4753 3106 4807 luunt
3133 4752 3230 4806 hac
3250 4751 3573 4821 graviorem,
3597 4749 3640 4803 si
3667 4747 3878 4818 quando
3902 4749 4006 4805 sub

2410 4847 2556 4901 duris
2597 4846 2704 4900 illis
2735 4845 3004 4900 laboribus
3041 4853 3096 4899 et
3134 4841 3476 4897 acerbissima
3503 4841 3611 4894 vita
3647 4839 4006 4895 dormitantes

2414 4955 2507 5008 per
2529 4937 2793 4992 somnium
2820 4952 2879 4991 se
2903 4935 3134 4990 viderint
3161 4933 3212 4986 in
3241 4931 3466 4995 deliciis.
3489 4940 3541 4986 et
3566 4946 3744 5011 rerum
3775 4929 4007 4982 afﬂuen-

2409 5031 2514 5094 tia,
2546 5029 2844 5098 esperrecti
2891 5037 3072 5097 postea
3095 5067 3109 5090 ,
3156 5024 3354 5079 nullam
3396 5022 3619 5077 somniis
3649 5022 3869 5088 gratiam
3901 5019 4005 5074 ha—

2411 5125 2570 5176 bent:
2601 5121 2675 5174 sic
2701 5129 2754 5174 et
2780 5119 2927 5172 dives
2958 5118 3068 5182 ille,
3099 5130 3217 5171 cum
3249 5130 3301 5168 in
3335 5112 3583 5183 pricscnti
3609 5111 3737 5176 vita,
3766 5109 3919 5180 quasi
3952 5112 4005 5163 in

2409 5214 2640 5277 Somnio,
2662 5211 2858 5265 divitiis
2884 5207 3227 5272 abundasset,
3254 5215 3602 5276 posteaquam
3629 5201 3753 5256 hinc
3773 5203 4003 5271 emigra.-

2472 5435 2486 5464 ι
2523 5434 2594 5481 sic
2618 5429 2755 5480 savii.
2777 5438 2830 5478 et
2850 5429 2946 5476 duo
2965 5433 3070 5475 Mss.
3096 5432 3215 5472 Tres
3237 5422 3334 5480 alii,
3357 5419 3779 5480 interdictumque.

2470 5499 2489 5526 ⁸
2524 5478 2670 5543 savil:
2684 5478 2735 5542 et
2751 5493 2847 5540 duo
2867 5499 2992 5548 διες»,
3013 5500 3155 5545 nunc,
3185 5478 3341 5534 recte.
3375 5490 3426 5531 tu
3449 5482 3553 5532 aliis
3577 5491 3628 5532 et
3653 5478 4009 5540 λιοτει..ηηηει

2406 5557 2573 5606 deest.

2444 5573 2688 5674 eiwtibest,
2711 5619 2756 5663 et
2778 5612 2826 5662 in
2836 5609 2986 5674 jocis,
3007 5611 3054 5674 in
3078 5622 3174 5674 uno
3197 5606 3328 5674 golh.
3349 5611 3398 5654 et
3424 5605 3469 5674 in
3495 5603 3709 5652 editione
3736 5604 4004 5654 stentem;

2406 5682 2553 5742 Hujus
2580 5667 2708 5742 vocis
2745 5667 2851 5742 loco
2873 5667 3182 5742 savil.habet,
3279 5667 3548 5742 voracitate.

2471 5734 2490 5772 ῗ
2521 5740 2658 5802 savii.
2685 5739 2850 5802 habet,
2871 5734 3055 5783 tumuti.
3081 5741 3199 5802 'rrt‘s
3216 5734 3608 5802 _\tss.,_iniag:mJ.

2472 5803 2490 5835 ⁵
2512 5801 2661 5852 θαι-ιι.
2692 5811 2742 5849 et
2765 5791 2945 5847 alittuot
2970 5805 3097 5853 διεδ..
3122 5793 3191 5844 ibi
3209 5791 3390 5841 habuit.
