4276 6316
120 374 228 431 289

122 495 317 551 verat,
359 485 500 541 duro
552 484 810 555 supplicio
862 481 1209 553 plecti-batur.
1258 479 1381 534 Haec
1424 479 1594 547 Cogita
1630 528 1638 537 ,
1686 486 1738 529 et

123 579 491 649 ignem-illum
523 578 801 632 conferens
828 589 947 628 cmn
990 588 1053 627 eo
1074 615 1087 638 ,
1130 588 1235 642 quo
1271 587 1412 626 nunc
1442 570 1696 624 detinens
1725 610 1737 630 .

124 668 484 738 cupiditatum
515 666 781 727 incendio,
810 665 1022 719 t..ndem
1046 680 1075 718 a
1100 666 1314 719 fornace
1336 664 1424 718 illa
1454 674 1501 717 te
1524 664 1733 733 expedi.

125 759 261 813 Nam
289 760 381 829 qui
415 759 554 811 hanc
588 756 674 811 hic
715 756 881 827 probe
926 756 1207 821 restinxit,
1254 770 1351 809 nec
1393 754 1538 808 illam
1579 755 1738 807 aliam

127 850 445 919 experietur
472 866 483 901 :
515 849 559 903 si
589 849 705 918 quis
732 863 860 901 vero
888 847 1024 901 hanc
1048 862 1150 900 non
1182 846 1548 915 superaverit,
1579 844 1739 900 vehe-

124 940 371 995 mentius
396 939 521 993 hinc
546 940 811 1008 profectus
838 939 891 992 in
922 938 1005 991 illa
1036 948 1161 992 tunc
1187 937 1532 992 cruciabitur.
1559 938 1739 1002 Quan-

125 1042 178 1084 to
206 1040 461 1100 tempore
490 1031 568 1083 vis
606 1030 697 1083 tibi
743 1029 1022 1097 przesentis
1065 1029 1187 1082 vita:
1230 1043 1446 1081 usuram
1485 1026 1740 1080 extendi?

127 1120 401 1191 Equidem
441 1137 548 1175 non
594 1131 719 1190 puto
748 1121 841 1175 tibi
880 1122 997 1189 plus
1026 1120 1407 1190 quinquaginta
1435 1119 1590 1173 armis
1618 1119 1740 1172 vita:

122 1229 455 1283 superesse,
485 1221 541 1267 ut
570 1213 637 1268 ad
674 1222 968 1267 extremam
1008 1221 1339 1267 senectutem
1382 1213 1601 1274 venias;
1634 1210 1741 1264 imo

124 1321 192 1361 ne
222 1306 330 1360 hoc
362 1304 581 1376 quidem
607 1315 815 1359 certum
856 1304 1013 1358 nobis
1041 1314 1125 1359 est
1155 1320 1167 1356 :
1199 1318 1320 1357 nam
1348 1302 1438 1372 qui
1458 1336 1459 1339 η
1478 1317 1543 1355 ne
1572 1315 1740 1370 usque

124 1398 188 1452 ad
216 1414 509 1469 vesperam
537 1398 605 1453 de
632 1400 737 1452 vita
776 1399 951 1453 securi
982 1412 1190 1462 sumus,
1221 1395 1491 1466 quomodo
1523 1404 1599 1447 tot
1628 1393 1741 1447 fore

125 1491 250 1544 vita:
277 1504 457 1544 annos
484 1489 753 1545 afﬁrmare
778 1490 1106 1559 possumus?
1131 1488 1319 1569 Neque
1350 1488 1400 1542 id
1430 1496 1634 1540 tantum
1667 1486 1742 1538 la-

126 1593 223 1649 tet,
253 1581 353 1638 sed
385 1581 548 1637 etiam
576 1581 754 1637 futura
785 1598 966 1637 rerum
1000 1581 1224 1636 mutatio
1257 1598 1269 1633 :
1306 1595 1545 1651 persmpe
1576 1578 1739 1641 enim,

126 1676 251 1731 licet
280 1677 393 1731 vita
420 1676 477 1731 in
502 1676 721 1747 longum
745 1686 957 1747 tempus
980 1676 1327 1746 producatur,
1353 1691 1459 1728 non
1486 1673 1597 1743 pari
1624 1688 1745 1743 gra-

129 1766 200 1821 du
229 1766 539 1837 procedunt
563 1768 868 1837 voluptates
896 1784 908 1820 :
940 1767 1033 1821 sed
1072 1768 1253 1821 statim
1288 1776 1447 1836 atque
1475 1765 1745 1819 all‘ucrunt

127 1859 467 1915 dilabuntur.
491 1859 690 1915 Verum
714 1874 810 1930 per
834 1875 922 1915 me
947 1859 1094 1923 licet,
1120 1873 1258 1927 pone
1288 1858 1330 1911 si
1361 1859 1439 1911 vis
1470 1866 1520 1911 te
1549 1866 1623 1910 tot
1650 1872 1743 1909 an-

129 1966 230 2007 nos
258 1951 530 2007 victurum
570 1965 720 2017 esse,
759 1965 861 2006 nec
890 1950 1051 2004 ullam
1081 1949 1197 2004 fore
1227 1950 1277 2003 in
1308 1950 1467 2003 rebus
1496 1947 1596 2002 tuis
1623 1963 1743 2001 mu-

131 2044 394 2099 tationem
433 2062 447 2100 :
477 2043 605 2115 quid
648 2044 751 2098 hoc
776 2044 950 2099 estad
984 2043 1187 2097 inﬁnita
1233 2042 1458 2107 sa-cula,
1488 2042 1612 2111 quid
1645 2040 1746 2093 hoc

130 2138 196 2192 ad
244 2138 481 2193 acerbos
525 2138 649 2193 illos
708 2146 764 2192 et.
822 2136 1187 2192 intolerabiles
1224 2138 1239 2167 ⁸
1290 2135 1595 2190 cruciatus?
1651 2134 1746 2187 llic

131 2232 274 2284 enim
308 2242 418 2285 tam
453 2231 615 2295 bona,
646 2245 803 2302 quam
837 2229 1161 2284 mala'ﬁnem
1193 2227 1414 2293 habent,
1450 2227 1743 2297 etquidem

130 2321 522 2386 celerrimum;
556 2322 666 2376 illic
699 2337 827 2375 vero
857 2332 1082 2391 utraque
1117 2319 1508 2374 immortalibus
1536 2317 1746 2372 sacculis

130 2424 420 2486 a'quantur
450 2432 463 2469 :
495 2430 597 2470 nec
626 2414 729 2470 dici
768 2423 945 2485 potest
970 2422 1227 2484 quantum
1249 2412 1519 2467 'diﬁerant
1546 2426 1574 2464 a
1607 2427 1745 2480 prse-

128 2508 399 2563 sentibus.

200 2599 291 2652 10.
346 2596 494 2669 Ignis
542 2597 729 2668 inferni
766 2613 869 2651 non
900 2597 1016 2649 huic
1042 2597 1148 2667 igni
1191 2597 1391 2651 similis.
1432 2624 1505 2634 —
1533 2594 1745 2649 Etenim

129 2704 251 2743 cum
278 2689 461 2761 ignem
492 2688 665 2753 audis,
695 2703 825 2743 cave
856 2698 1010 2754 putes
1036 2703 1156 2743 esse
1183 2687 1308 2742 huic
1338 2688 1443 2757 igni
1471 2688 1703 2740 similem
1730 2703 1743 2738 :

134 2784 218 2835 hic
240 2783 393 2835 enim
439 2782 695 2852 quidquid
729 2782 973 2852 corripit,
1007 2781 1230 2836 devorat
1276 2790 1329 2834 et
1359 2780 1624 2844 absumit;
1660 2779 1747 2831 ille

131 2891 262 2929 vero
291 2889 433 2945 quos
456 2874 627 2929 semel
647 2874 1023 2945 apprehendit,
1052 2883 1310 2943 perpetuo
1339 2873 1623 2935 comburit,
1651 2886 1748 2925 nec

131 2982 376 3040 unquam
406 2968 654 3033 desistit;
690 2968 918 3038 ideoque
945 2968 1388 3037 ittcxstinguihilis
1414 2968 1627 3021 dicitur.
1659 2961 1745 3021 Si-

132 3060 356 3129 quidem
397 3059 560 3113 etiam
604 3070 915 3130 peccatores
942 3068 1153 3128 oportet
1180 3059 1401 3113 induere
1429 3059 1747 3112 immortali-

134 3160 326 3214 tatem,
358 3165 465 3206 non
499 3149 564 3205 ad
610 3151 892 3215 honorem,
923 3150 1017 3203 sed
1052 3159 1106 3203 ut
1137 3158 1453 3220 perpetuum
1488 3150 1557 3201 sit
1607 3150 1750 3203 illius

134 3243 390 3313 supplicii
440 3242 689 3295 viaticmn
721 3259 733 3295 ε
770 3241 822 3295 id
878 3256 1007 3295 vero
1054 3256 1213 3311 quam
1261 3241 1333 3294 sit
1378 3239 1747 3303 horrendum,

138 3336 284 3387 nullo
306 3349 561 3404 umquam
584 3343 758 3403 potest
774 3348 1021 3388 sermone
1042 3332 1299 3388 declarari
1318 3351 1330 3395 ;
1349 3333 1443 3386 sed
1462 3348 1488 3384 a
1506 3333 1751 3386 minima-

138 3441 254 3479 rum
287 3441 471 3479 reruui
499 3425 870 3494 experimento
893 3434 1104 3478 tenuem
1130 3440 1441 3493 magnarum
1470 3438 1751 3492 possumus

138 3516 511 3586 conjecturam
559 3531 773 3585 capere.
805 3518 858 3569 Si
890 3516 1105 3585 quando
1136 3515 1304 3571 fueris
1337 3518 1386 3570 in
1427 3516 1621 3572 balneo
1668 3518 1750 3569 ni-

140 3588 306 3661 mium
358 3606 768 3671 ell'crvescente,
804 3618 928 3662 tunc
973 3608 1040 3662 de
1090 3607 1334 3678 gehenna
1369 3609 1503 3677 ignis
1532 3608 1702 3677 cogita
1737 3627 1749 3662 :

142 3709 195 3753 ct
222 3700 265 3753 si
297 3698 517 3769 quando
545 3699 742 3753 acriori
788 3699 936 3753 febre
962 3701 1182 3767 arseris,
1211 3699 1278 3753 ad
1309 3699 1577 3753 ﬂammam
1607 3700 1750 3753 illam

144 3801 385 3845 mentem
417 3790 682 3846 traducito
708 3809 722 3857 ;
755 3801 809 3846 et
832 3804 959 3845 tunc
985 3793 1186 3862 poteris
1212 3793 1375 3861 probe
1401 3792 1751 3861 distinguere.

148 3881 280 3936 Nam
315 3881 363 3936 si
395 3882 646 3937 balneum
678 3891 735 3937 et
777 3883 940 3937 febris
971 3898 1069 3938 nos
1098 3883 1232 3937 adeo
1276 3886 1516 3938 cruciant
1545 3893 1599 3937 et
1626 3898 1757 3936 con-

148 3976 412 4037 turbant,
460 3991 582 4029 cum
657 3976 711 4029 in
759 3974 979 4030 ﬂuvium
1034 3978 1169 4047 ignis
1214 3977 1361 4031 ἱῑιηηὶ
1412 3976 1757 4031 incidcrimns

148 4066 426 4129 liuentem,
464 4077 593 4121 ante
624 4066 951 4121 horrendum
1002 4068 1129 4121 illud
1164 4068 1416 4129 tribunal,
1446 4082 1552 4138 quo
1578 4068 1757 4122 animo

145 4159 307 4213 futuri
374 4160 630 4213 sumus?
698 4159 839 4215 Sane
911 4160 1161 4214 dentibus
1231 4160 1579 4214 stridebinuts
1658 4176 1753 4229 op-

152 4251 319 4319 pressi
354 4250 628 4305 laboribus
652 4260 707 4305 et
738 4252 1088 4306 intolerandis
1128 4254 1475 4318 cruciatibus,
1518 4262 1573 4306 et
1601 4269 1759 4307 nemo

148 4342 427 4409 suppetias
456 4340 632 4400 feret:
664 4342 758 4396 sed
802 4344 1213 4412 iugemiscemus
1256 4344 1510 4413 graviter.
1545 4344 1757 4398 llamma

152 4431 305 4485 nobis
370 4432 746 4487 vehementius
808 4434 1073 4498 instante;
1134 4435 1404 4488 nemiuem
1459 4434 1759 4490 videbimus

154 4532 349 4590 prmter
374 4524 707 4578 cruciatuum
738 4534 1040 4591 consortes,
1073 4535 1127 4580 et
1174 4526 1460 4580 immanem
1510 4526 1758 4581 solitudi-

156 4632 295 4671 nem.

224 4705 574 4779 Infernalium
595 4724 857 4779 pinnarum
879 4709 1169 4777 descriptio.
1193 4741 1262 4748 —
1280 4710 1411 4776 Quis
1428 4711 1761 4763 cnarraverit

158 4812 394 4857 terrores
440 4816 467 4854 a
520 4800 759 4856 tenebris
818 4802 924 4855 illis
983 4803 1215 4871 injectus
1274 4804 1465 4857 animis
1518 4806 1761 4858 nostris?

155 4892 628 4959 Quemadmodum
660 4892 802 4946 enim
858 4893 992 4961 ignis
1041 4895 1129 4948 ille
1179 4910 1282 4948 non
1333 4898 1633 4959 consumit,
1691 4898 1759 4949 ita

158 5000 329 5053 impie
360 4985 505 5037 lucet
532 5001 543 5036 :
574 4984 809 5053 alioquin
838 5000 943 5039 non
976 4996 1157 5040 essent
1187 4987 1441 5041 tenebne.
1476 4988 1763 5043 Perturba-

159 5077 355 5131 tionem
390 5079 568 5146 itaque
601 5077 755 5132 nobis
782 5079 1093 5144 immissam,
1137 5090 1446 5143 tremorem,
1480 5083 1761 5136 resolutio-

158 5195 315 5244 nem,
362 5190 636 5246 stuporem
668 5220 683 5245 ,
735 5179 861 5232 illud
919 5180 1089 5233 solum
1143 5188 1352 5249 tempus
1418 5180 1693 5235 declarare
1741 5182 1759 5210 ²

161 5279 353 5337 potest.
390 5270 551 5324 Multa
580 5271 776 5341 quippe
807 5271 913 5326 illic
942 5272 1197 5340 variaque
1238 5281 1521 5336 tormenta,
1556 5273 1733 5326 crucia

162 5369 413 5431 tuumque
444 5363 631 5431 ingens
659 5362 894 5432 procella
944 5363 1179 5433 undique
1224 5364 1528 5418 immittitur
1560 5366 1613 5419 in
1640 5366 1758 5419 anl—

161 5469 319 5508 mam.
362 5454 515 5522 Quod
568 5456 612 5509 si
658 5457 777 5526 quis
824 5456 1018 5511 dixerit
1052 5476 1063 5511 :
1097 5457 1379 5525 Quomodo
1421 5468 1620 5512 tantam
1656 5461 1761 5517 vim

163 5546 487 5600 cruciatuum
519 5546 658 5603 terre
701 5549 868 5617 possit
897 5549 1095 5617 anima,
1130 5558 1183 5604 et
1210 5549 1432 5603 inﬁnitis
1463 5551 1675 5605 sreeulis
1710 5551 1759 5605 in

224 5770 239 5837 ξ
275 5778 483 5837 mutuor
522 5779 627 5837 Mss.
672 5774 872 5830 habent,
898 5779 1137 5837 infandos.

222 5832 240 5861 ²
274 5835 409 5881 Savd.
448 5842 499 5883 et
530 5835 661 5883 Cnlb.
693 5849 817 5885 unus
847 5832 1047 5898 habent,
1085 5838 1342 5899 perspicue
1368 5840 1643 5890 drclarurc.

1294 365 1382 419 AD
1422 358 1845 419 THEUDORUM
1889 359 2184 415 ωνεωι.
2229 362 2267 414 1.

3348 363 3455 421 9.90

1853 476 2113 547 supplicio
2159 478 2500 546 perdurare?
2529 478 2574 533 is
2621 479 2818 549 cegitet
2860 494 2921 535 ea
2971 494 3089 548 quae
3120 480 3172 533 in
3221 480 3319 535 hac
3348 482 3452 535 vita

1849 574 2197 637 contingunt,
2231 568 2500 637 quomodo
2535 569 2739 625 scilicet
2782 569 2933 624 multi
2978 570 3288 625 diuturnum
3331 587 3451 642 gra-

1850 673 2077 729 vemque
2108 660 2352 715 morbum
2401 660 2763 716 toleraverant.
2800 662 2857 717 Si
2887 671 3065 717 autem
3094 671 3323 717 mortem
3350 662 3448 717 ob-

1850 749 2029 812 ierint.
2060 749 2111 804 id
2142 750 2336 806 accidit
2379 766 2484 806 non
2511 751 2654 823 quod
2683 753 2860 807 anima
2889 761 3204 824 consumpta
3236 755 3326 818 sit,
3354 755 3449 808 sed

1847 861 1878 912 q
1898 845 1987 898 10d
2031 861 2228 915 corpus
2269 845 2566 911 defecerit;
2598 846 2643 901 si
2676 861 2783 902 non
2824 847 3077 902 cessisset
3106 846 3259 914 illud,
3290 862 3449 903 num-

1848 954 2005 1008 quam
2037 940 2213 992 anima
2243 939 2471 993 cruciari
2501 938 2769 995 desiisset.
2802 938 2977 1006 Quare
3009 948 3289 1010 postquam
3327 955 3449 995 cor-

1850 1044 1949 1099 pus
1978 1030 2079 1084 hoc
2105 1030 2505 1099 incorruptibile
2534 1042 2587 1086 et
2613 1031 2979 1087 indissolubile
3002 1032 3289 1102 acceperit,
3318 1032 3451 1088 nihil

1850 1121 2099 1191 impediet
2150 1122 2434 1192 quominus
2486 1138 2643 1192 poena
2690 1126 2742 1178 in
2774 1131 3035 1179 a-ternnm
3082 1124 3444 1194 protrahatur.

1850 1214 1945 1267 llic
1975 1224 2152 1268 autem
2202 1229 2306 1267 non
2364 1223 2536 1283 potest
2570 1224 2853 1285 utrumque
2880 1217 3039 1271 simul
3083 1216 3396 1287 contingere
3430 1257 3445 1279 .

1849 1307 2186 1361 vehementia
2251 1322 2442 1376 nempe
2516 1309 2759 1377 supplicii
2827 1318 2882 1363 et
2949 1309 3269 1365 diuturnitas
3310 1310 3451 1364 :sed

1849 1400 2076 1453 alterum
2117 1415 2237 1454 cum
2266 1401 2436 1455 altero
2466 1410 2685 1471 pugnat,
2717 1416 2782 1456 eo
2812 1402 2952 1471 quod
2995 1404 3236 1473 corporis
3264 1413 3450 1458 natura

1849 1493 2175 1560 corruptioni
2231 1492 2462 1547 obnoxia
2511 1505 2716 1548 earum'
2751 1509 3070 1549 concursum
3119 1512 3223 1553 non
3270 1495 3448 1550 ferat:

1851 1582 2249 1637 immortalitate
2270 1592 2448 1638 autem
2481 1585 2822 1651 succedente,
2851 1586 3222 1641 solveturluec
3249 1602 3444 1657 pugna,

1848 1681 1903 1726 et
1949 1688 2140 1742 magna
2191 1688 2311 1727 cum
2361 1674 2612 1729 violentia
2662 1676 2713 1729 in
2764 1687 3023 1730 :eternum
3072 1693 3171 1731 nos
3225 1670 3449 1747 utraque

1852 1766 1990 1821 mala
2034 1768 2308 1821 tenebunt.
2355 1766 2432 1822 Ne
2480 1768 2673 1838 itaque,
2728 1784 2788 1822 ac
2833 1769 2877 1822 si
2924 1770 3255 1824 cruciatuum
3289 1770 3450 1824 vehe-

1852 1858 2049 1912 mentia
2076 1858 2309 1912 animam
2343 1870 2577 1913 nostram
2617 1861 2858 1914 consumi
2896 1870 3162 1930 oporteat,
3192 1877 3257 1916 eo
3289 1862 3451 1916 modo

1851 1965 1994 2004 nunc
2020 1950 2192 2005 allecti
2229 1952 2397 2005 simus
2427 1970 2440 2005 :
2469 1968 2642 2023 neque
2672 1954 2817 2007 enim
2839 1970 3031 2023 corpus
3055 1963 3182 2009 tunc
3203 1957 3447 2009 consumi

1854 2042 2046 2108 poterit
2074 2052 2130 2095 ut
2159 2042 2209 2095 in
2258 2045 2541 2111 praesenti;
2574 2044 2671 2099 sed
2716 2060 2838 2099 cum
2884 2046 3061 2100 anima
3093 2057 3353 2101 :eternum
3396 2048 3448 2100 in

1851 2132 2126 2201 suppliciis
2157 2132 2416 2199 manebit,
2467 2148 2566 2189 nec
2595 2135 2715 2190 ﬁnis
2742 2136 2878 2189 nllus
2910 2137 3030 2190 erit.
3081 2134 3320 2203 Quantas
3350 2138 3449 2207 igi-

1854 2230 1940 2277 tur
1982 2224 2200 2279 delicias
2246 2237 2297 2280 et
2328 2236 2583 2295 quantum
2638 2229 2895 2298 temporis
2926 2229 3031 2283 illis
3060 2230 3337 2299 suppliciis
3370 2231 3449 2284 vis

1852 2321 2151 2387 comparari
2176 2320 2198 2371 ?
2226 2320 2373 2375 visne
2402 2331 2614 2375 centum
2648 2336 2837 2387 annos,
2872 2332 2962 2376 aut
2986 2322 3150 2393 duplo
3180 2323 3452 2392 amplius?

1851 2407 1985 2473 Quid
2022 2410 2119 2463 hoc
2160 2411 2333 2464 eritsi
2381 2421 2723 2480 comparetur
2759 2428 2880 2466 cum
2934 2413 3145 2467 sarculis
3186 2413 3452 2467 inﬁnitis?

1852 2498 2002 2567 Quod
2045 2500 2185 2554 enim
2218 2512 2299 2556 est
2342 2504 2608 2557 somnium
2641 2504 2795 2557 unius
2825 2504 2929 2559 diei
2978 2504 3043 2559 ad
3092 2514 3255 2560 totam
3286 2506 3448 2559 vitam

1852 2594 2125 2658 collatum,
2158 2594 2206 2649 id
2238 2596 2409 2665 ipsum
2439 2605 2522 2650 est
2564 2612 2740 2651 rerum
2776 2598 3115 2667 praesentium
3148 2612 3331 2665 usura,
3367 2599 3452 2651 l'u-

1855 2695 2093 2740 turorum
2123 2689 2283 2741 statui
2306 2701 2635 2759 comparata.
2668 2689 2801 2744 Num
2825 2688 3018 2759 aliquis
3045 2698 3147 2756 est,
3175 2690 3264 2760 qui
3288 2705 3453 2745 suave

1806 2830 1809 2833 γ
1853 2780 2121 2833 somnium
2169 2790 2334 2848 optet,
2387 2796 2447 2833 ea
2494 2780 2799 2835 conditione
2831 2792 2888 2834 ut
2936 2797 3029 2850 per
3075 2792 3237 2835 totam
3289 2786 3450 2837 vitam

1852 2873 2159 2927 crucietur?
2190 2875 2371 2942 ecquis
2418 2875 2484 2927 ita
2517 2874 2711 2929 stultus
2756 2884 2856 2937 est,
2891 2884 2948 2928 ut
2978 2874 3043 2929 ad
3092 2874 3251 2929 talem
3295 2877 3453 2930 retri-

1855 2963 2127 3018 butionem
2171 2964 2428 3019 accedat?
2458 2965 2727 3021 Nihildum
2756 2965 2927 3019 dicam
2959 2975 3144 3020 contra
3191 2966 3410 3021 delicias
3435 3008 3450 3031 ,

1858 3069 1953 3108 nec
1999 3066 2193 3123 quanta
2242 3056 2349 3108 illic
2384 3057 2619 3110 resideat
2663 3058 2963 3111 amaritudo
2998 3074 3136 3112 nunc
3166 3060 3401 3127 aperiam

1856 3159 2029 3213 neque
2051 3145 2192 3198 enim
2208 3145 2312 3211 jam
2334 3156 2539 3215 tempus
2558 3156 2639 3202 est
2655 3147 2767 3202 lure
2782 3148 3186 3213 cnarrandi,scd
3205 3165 3323 3202 eum
3343 3151 3453 3218 pri-

1858 3252 2000 3289 tmnn
2033 3251 2124 3290 cas
2152 3238 2384 3307 elfugcrc
2418 3238 2674 3306 potueris.
2709 3238 2860 3291 Nunc
2885 3238 3092 3315 etenim.
3114 3240 3233 3308 quia
3265 3241 3454 3294 morbo

1859 3328 1949 3382 illo
1994 3328 2271 3391 detineris,
2324 3331 2509 3399 nugari
2561 3329 2651 3383 tibi
2704 3330 2998 3393 vidi-amur,
3046 3332 3090 3385 si
3124 3332 3452 3402 Voluptatem

1858 3435 2093 3474 amaram
2138 3426 2377 3476 dicamus
2410 3442 2421 3477 :
2451 3438 2571 3476 cum
2613 3434 2791 3477 autem
2844 3439 2938 3492 per
2988 3424 3081 3479 Dei
3127 3427 3354 3495 gratiam
3388 3428 3455 3481 ab

1858 3511 2173 3581 :rgritudine
2206 3497 2455 3569 liberatus
2479 3512 2660 3578 fueris.
2694 3524 2818 3570 tunc
2844 3516 2960 3586 ejus
2985 3517 3252 3573 miseriam
3287 3519 3453 3587 probo

1858 3618 2169 3673 cognosces.
2200 3606 2376 3673 Quare
2420 3606 2559 3660 iisin
2591 3606 2747 3661 aliam
2795 3609 3248 3677 opportunitatem
3283 3618 3456 3663 trans-

1860 3697 2060 3759 missis,
2114 3697 2213 3751 lioc
2259 3713 2400 3752 nuuc
2444 3698 2703 3753 dicemus.
2757 3699 3026 3755 Pouamus
3076 3701 3294 3756 delicias
3336 3718 3459 3758 esse

1861 3804 1985 3841 vere
2015 3787 2253 3852 delicias,
2301 3800 2353 3843 et
2398 3791 2720 3859 voluptatem
2753 3807 2877 3846 vere
2916 3793 3266 3861 voluptatem,
3300 3793 3435 3850 nihil

1862 3896 1966 3951 quc
1996 3881 2195 3936 habere
2238 3884 2503 3951 ingratum
2536 3884 2615 3937 vel
2643 3884 2908 3953 vituperio
2932 3885 3149 3955 dignum
3180 3904 3193 3938 :
3226 3886 3351 3955 quid
3392 3886 3460 3942 dc

1864 3974 2125 4042 supplicio
2172 3974 2439 4027 destinato
2483 3977 2767 4030 dicemus?
2795 3976 2922 4046 quid
2970 3994 3095 4031 vero
3129 3989 3252 4031 tunc
3294 3978 3458 4033 facie-

1864 4083 2004 4132 mus,
2032 4072 2120 4137 qui
2153 4071 2204 4121 in
2223 4047 2479 4139 praesenti
2512 4070 2614 4122 vita
2660 4068 2743 4122 his
2770 4060 2929 4138 quasi
2951 4070 3003 4122 in
3036 4069 3222 4123 umbra
3249 4080 3301 4124 et
3331 4071 3437 4123 ima

1864 4161 1986 4229 gine
2029 4162 2193 4229 ,potiti
2240 4178 2458 4227 smnus,
2502 4179 2560 4215 re
2609 4173 2784 4215 autem
2840 4163 2951 4229 ipsa
2998 4164 3102 4217 illic
3145 4174 3403 4217 :eternum
3440 4165 3457 4197 ⁸
3504 4186 3509 4192 ο

1865 4252 2185 4321 supplicium
2237 4254 2443 4307 luemus
2473 4272 2485 4306 :
2521 4252 2677 4321 idque
2720 4268 2839 4306 cum
2873 4253 3189 4308 brevissimo
3222 4264 3463 4322 tempore

1869 4343 2153 4411 praedictos
2196 4345 2463 4397 cruciatus
2513 4342 2748 4412 cll‘ugere
2769 4384 2783 4407 ,
2814 4352 2867 4397 et
2899 4344 3129 4412 reposita
3180 4345 3315 4397 bona
3344 4344 3460 4397 adi-

1869 4438 1997 4506 pisci
2030 4437 2303 4491 licuisset?
2336 4437 2449 4489 lloc
2474 4447 2557 4490 est
2587 4438 2728 4489 enim
2757 4451 2894 4505 Opus
2914 4436 3210 4489 clementia:
3244 4436 3457 4499 (“\itttl‘,

1866 4530 2007 4598 quod
2035 4530 2189 4583 nobis
2234 4530 2523 4583 certamina
2552 4544 2657 4582 non
2686 4530 2735 4582 in
2769 4528 2982 4599 longum
3018 4538 3227 4597 tempus
3254 4538 3462 4596 protra-

1870 4622 2088 4687 hantur,
2116 4622 2209 4676 sed
2256 4637 2374 4676 cum
2405 4621 2551 4675 brevi
2583 4632 2635 4675 et
2663 4622 2713 4674 in
2747 4622 2853 4675 ictu
2884 4622 3023 4675 oculi
3066 4622 3464 4691 (momentauea

1868 4716 2010 4769 enim
2059 4722 2140 4766 est
2186 4727 2424 4783 pra-scus
2478 4713 2583 4767 vita
2629 4713 2703 4766 illi
2748 4710 3077 4783 comparata)
3108 4711 3466 4765 decertaveri-

1868 4822 2007 4869 mus,
2042 4805 2263 4858 inﬁnitis
2308 4804 2359 4857 in
2388 4805 2595 4858 sweulis
2633 4819 2993 4869 coronemur;
3026 4805 3182 4873 idque
3215 4813 3340 4858 tunc
3366 4805 3467 4855 da-

1871 4907 2171 4952 mnatorum
2201 4897 2409 4950 animas
2437 4898 2783 4963 excruciabit,
2810 4897 3023 4967 quando
3048 4898 3356 4965 Cogitabuut
3382 4913 3464 4963 se,

1867 5007 1989 5046 cum
2020 5001 2198 5061 posset
2231 5007 2324 5060 per
2366 5006 2564 5060 paucos
2611 4991 2740 5044 istos
2784 4991 2898 5045 dies
2928 4991 3104 5045 omnia
3135 4988 3422 5043 emendare
3452 5030 3467 5053 ,

1830 5144 1837 5153 ο
1871 5087 2185 5155 negligentia
2216 5100 2341 5138 usos
2371 5084 2759 5138 immortalibus
2792 5098 2911 5137 sese
2959 5082 3111 5135 malis
3158 5080 3466 5135 tradidisse.

1871 5178 2021 5245 Quod
2047 5194 2111 5231 ne
2142 5179 2423 5247 patiamur,
2455 5190 2756 5246 surgamus,
2782 5175 2953 5228 donec
2987 5184 3193 5242 tempus
3220 5183 3466 5239 accepta-

1872 5270 1997 5332 bile,
2032 5269 2209 5323 donec
2238 5268 2351 5322 dies
2397 5267 2583 5322 salutis
2629 5266 2801 5332 adest,
2835 5266 3004 5320 donec
3044 5266 3123 5317 vis
3152 5278 3340 5332 magna
3388 5272 3470 5317 est

1870 5366 2219 5435 pmnitentim.
2265 5364 2445 5433 Neque
2488 5363 2628 5414 enim
2677 5359 2927 5428 prrcdieta
2976 5358 3150 5412 solum
3191 5358 3325 5410 mala
3372 5370 3469 5407 nos

1873 5462 2106 5531 segniter
2150 5468 2368 5527 agentes
2420 5458 2702 5525 excipient,
2756 5455 2863 5509 imo
2912 5464 2965 5507 et
3010 5453 3110 5505 alia
3159 5451 3259 5504 illis
3301 5446 3470 5501 multo

1872 5554 2135 5623 graviora.
2169 5552 2293 5605 ll:cc
2322 5551 2463 5604 enim
2496 5558 2619 5603 sunt
2657 5563 2775 5617 quae
2807 5548 2855 5600 in
2884 5546 3124 5617 gebenua
3172 5551 3425 5611 parantur
3452 5579 3467 5604 ,

1873 5653 1926 5699 et
1956 5644 2017 5697 iis
2048 5645 2202 5714 longe
2239 5642 2510 5697 acerbiora
2539 5659 2551 5695 :
2576 5656 2604 5694 a
2635 5641 2793 5693 tantis
2824 5648 2998 5691 autem
3027 5635 3289 5689 excidisse
3318 5633 3470 5685 bouis

1940 5839 1957 5869 ι
1992 5830 2152 5887 Savil.,
2177 5838 2409 5879 mrernum
2430 5842 2445 5889 ;
2465 5840 2560 5876 vox
2579 5825 2721 5874 deest
2744 5824 2789 5869 in
2809 5828 3009 5881 «piatuor
3038 5826 3135 5864 trs
3168 5826 3294 5871 ιιυίυ.
