4276 6316
802 369 900 422 291

807 493 1013 539 tantum
1035 482 1192 539 infert
1213 483 1434 550 doloris,
1454 485 1777 548 amit'litmis,
1802 487 2082 555 angustiae,
2104 494 2162 538 ut
2181 485 2388 539 etiamsi

811 576 1012 629 nullum
1042 575 1182 630 aliud
1226 586 1369 632 esset
1398 577 1712 648 supplicium
1757 577 2124 648 peccatoribus
2154 577 2391 632 destina-

815 678 959 732 tum,
1009 666 1134 720 illud
1180 669 1348 721 solmn
1393 677 1572 737 posset
1618 668 1914 738 graviorem
1966 667 2084 722 aliis
2133 666 2394 738 geheuua:

812 757 1134 814 cruciatibus
1180 758 1374 813 inferre
1432 774 1642 829 pinnam
1691 759 1989 829 animaeque
2035 758 2392 828 perturbatio-

815 863 936 903 nem
945 887 959 902 .

889 939 975 996 il.
1031 937 1263 994 κεισιιω
1284 939 1400 994 vita
1418 927 1648 1011 felicitas.
1674 966 1745 980 —-
1771 939 1959 994 Animo
1991 949 2163 995 tecum
2207 947 2396 1008 reputa

816 1031 941 1086 vita:
985 1031 1122 1086 illius
1151 1041 1346 1086 statum
1389 1041 1441 1086 et
1470 1031 1864 1097 conditionem,
1895 1040 2152 1100 quantum
2193 1031 2398 1084 scilicet

818 1135 1008 1189 capere
1047 1131 1236 1189 potes:
1262 1137 1380 1174 nam
1414 1136 1508 1190 pro
1546 1122 1620 1176 rei
1662 1120 1917 1190 dignitate
1965 1119 2111 1174 nullo
2147 1133 2397 1174 sermone

819 1211 1081 1266 declarari
1111 1212 1254 1267 valet
1279 1231 1291 1265 :
1317 1212 1409 1267 sed
1433 1229 1495 1266 ex
1526 1213 1586 1266 iis
1615 1229 1732 1282 qua:
1763 1211 2095 1276 audivimus,
2123 1210 2273 1280 quasi
2304 1224 2421 1279 pcr-

819 1303 1120 1372 tenigmata,
1143 1303 1424 1357 obscuram
1454 1303 1732 1372 quamdam
1772 1302 1887 1372 ejus
1918 1302 1994 1357 rei
2037 1301 2396 1371 conjecturam

819 1397 1088 1450 iaciamus.
1144 1397 1370 1468 Aufugit,
1421 1396 1606 1465 inqttit,
1638 1395 1802 1459 dolor,
1852 1394 2050 1447 tristitia
2094 1403 2142 1448 et
2187 1393 2398 1463 gemitus

826 1489 981 1558 (Isai.
1011 1490 1096 1543 55.
1131 1488 1237 1559 40).
1266 1489 1399 1554 Quid
1441 1489 1599 1557 igitur
1641 1503 1702 1542 ea
1733 1488 1835 1540 vita
1873 1486 2080 1541 felicius
2121 1485 2239 1540 est?
2282 1483 2396 1538 Non

821 1589 904 1633 est
943 1580 1010 1632 ibi
1047 1577 1326 1633 metuenda
1383 1588 1663 1648 paupertas
1713 1587 1767 1632 et
1807 1576 2085 1647 a-gritudo,
2124 1575 2301 1630 nullus
2327 1574 2398 1630 ibi

822 1667 984 1732 Ledit,
1010 1668 1184 1722 nullus
1205 1667 1436 1734 laeditur,
1461 1667 1638 1722 nullus
1668 1667 1837 1722 irritat
1858 1681 1957 1722 nec
1987 1666 2244 1732 irritatur,
2276 1666 2399 1721 nul.

821 1757 907 1812 lus
937 1759 1199 1822 irascitur,
1229 1768 1318 1813 aut
1357 1758 1583 1820 invidet.
1611 1770 1702 1813 aut
1756 1759 1984 1814 absurda
2019 1758 2400 1829 concupiscen-

824 1849 892 1902 tia
937 1849 1248 1912 exardescit,
1308 1864 1465 1903 nemo
1517 1849 1584 1904 de
1630 1849 2046 1905 necessariorum
2101 1858 2402 1904 commeatu

823 1941 1009 1994 anxius
1053 1949 1155 2004 est,
1191 1955 1349 1994 nemo
1387 1955 1545 2009 super
1601 1942 1911 2010 magistratu
1963 1949 2054 1994 aut
2105 1939 2399 2010 principatu

822 2032 970 2086 dolet
997 2051 1009 2085 :
1034 2034 1206 2086 omnis
1229 2034 1368 2088 enim
1399 2032 1680 2088 affectuum
1712 2033 1942 2102 procella
1970 2033 2152 2088 sedata
2197 2034 2398 2088 exstin-

822 2125 1019 2192 guitur,
1048 2124 1226 2178 omnia
1256 2124 1305 2178 in
1331 2139 1477 2194 pace,
1509 2124 1688 2178 laetitia
1724 2135 1775 2179 et
1802 2123 1990 2193 gaudio
2011 2163 2024 2188 ,
2049 2123 2225 2178 omnia
2256 2133 2401 2178 tran-

824 2216 983 2283 quilla
1014 2225 1067 2270 et
1093 2231 1298 2278 serena,
1328 2218 1506 2271 omnia
1536 2217 1670 2279 dies,
1699 2215 1968 2285 splendor,
2007 2215 2094 2270 lux
2130 2233 2142 2268 :
2171 2231 2274 2269 non
2313 2215 2402 2269 lux

829 2304 1103 2372 hodierna,
1143 2306 1234 2360 sed
1275 2307 1373 2361 alia
1407 2318 1550 2361 tanto
1579 2306 1676 2361 hac
1705 2306 2047 2384 splendidior,
2082 2317 2279 2376 quanto
2324 2307 2403 2360 lu-

825 2397 1086 2451 cerualux
1102 2397 1228 2451 diei.
1254 2397 1404 2451 Nulla
1433 2397 1500 2452 ibi
1525 2408 1679 2452 nocte
1710 2413 1878 2466 neque
1902 2398 2118 2452 nubium
2142 2412 2402 2452 concursu

824 2487 1160 2554 obscuratur;
1188 2503 1284 2543 nec
1313 2488 1480 2553 ardet,
1511 2503 1608 2542 nec
1632 2504 1854 2558 corpora
1875 2489 2066 2544 adurit.
2085 2489 2233 2543 Nulla
2257 2491 2400 2544 enim

829 2594 955 2645 nox,
1012 2595 1182 2650 neque
1230 2597 1451 2651 vespera
1497 2583 1591 2650 ibi,
1627 2598 1734 2637 non
1767 2583 1927 2653 frigus
1957 2599 2055 2639 nec
2077 2594 2267 2651 aestus,
2298 2599 2401 2638 non

825 2670 925 2724 alia
955 2680 1326 2739 tempestatum
1356 2673 1614 2738 mutatio;
1657 2673 1746 2728 sed
1777 2675 1912 2728 alius
1949 2674 2099 2730 adest
2133 2683 2303 2729 status
2329 2684 2407 2728 ta-

828 2761 1020 2830 lisque,
1043 2762 1251 2831 qualcm
1278 2763 1311 2816 ii
1339 2763 1508 2818 solum
1532 2763 1841 2833 intelligent,
1861 2765 1947 2834 qui
1971 2763 2144 2835 adepti
2173 2765 2403 2829 fuerint;

828 2867 932 2906 non
964 2850 1066 2906 illic
1109 2863 1388 2918 senectus,
1420 2869 1517 2908 nec
1569 2856 1857 2910 senectutis
1911 2856 2262 2920 incommoda,
2314 2856 2404 2910 sed

827 2945 1025 3008 omnia,
1051 2959 1168 3013 qua:
1194 2945 1256 2998 ad
1280 2947 1668 3015 corruptionem
1699 2957 1967 3016 spectant,
2011 2946 2077 3000 de
2108 2947 2282 3001 medio
2309 2947 2406 3002 tol—

828 3033 1027 3099 luntur,
1057 3035 1177 3104 quia
1206 3035 1615 3106 iucorruptibilis
1645 3037 1809 3106 gloria
1839 3037 2030 3105 ubique
2082 3037 2403 3091 dominatur.

828 3126 1084 3196 Quodque
1141 3129 1373 3182 omnium
1415 3131 1667 3198 Optimum
1727 3141 1844 3195 est,
1903 3130 2093 3184 Christi
2142 3131 2403 3184 consiirtio

831 3219 1068 3273 fruentur
1097 3235 1212 3272 cum
1243 3222 1462 3289 angelis,
1496 3237 1613 3274 cum
1639 3222 1760 3274 ari-li
1782 3222 1987 3289 iugi-lis,
2013 3237 2130 3273 cum
2161 3222 2404 3289 superio-

833 3311 978 3364 ribus
1006 3311 1370 3378 potestatibus.
1418 3313 1787 3380 Contr-nudare
1821 3327 1959 3364 nunc
1996 3312 2201 3374 ca‘lum,
2225 3323 2275 3366 ct
2323 3330 2405 3375 ea,

834 3420 952 3472 qua:
995 3419 1154 3472 super
1190 3404 1349 3458 corios
1387 3413 1526 3468 sunt,
1558 3404 1786 3473 cogitatu
1832 3403 2145 3458 transcende
2180 3418 2193 3454 :
2240 3404 2407 3470 Cogita

833 3495 992 3547 totius
1013 3504 1272 3548 creatura:
1314 3495 1836 3558 transmutationem;
1873 3509 1974 3547 non
2003 3494 2142 3547 enim
2177 3504 2230 3545 ιιι
2271 3509 2408 3545 nunc

833 3588 1176 3652 cstmancbit,
1191 3586 1282 3642 sed
1301 3589 1461 3640 multo
1477 3587 1745 3657 ptlit'itt'int‘
1763 3589 1857 3641 erit
1878 3599 1928 3641 et
1945 3588 2155 3649 clarior,
2177 3599 2228 3641 et
2245 3603 2410 3656 quan-

837 3699 946 3742 tum
979 3689 1194 3758 plumbo
1223 3689 1468 3758 fulgidius
1499 3699 1580 3742 cst
1609 3704 1826 3751 aurum,
1861 3695 2060 3739 tantum
2103 3685 2202 3738 hac
2233 3701 2408 3738 rerum

835 3783 1174 3851 prtcscntium
1201 3781 1503 3836 conditione
1533 3781 1866 3849 praestantior
1892 3780 1990 3834 erit
2017 3780 2122 3841 illa,
2153 3776 2410 3847 quemad-

835 3873 1049 3928 tnodunt
1076 3874 1148 3927 ait
1174 3874 1354 3927 beatus
1379 3872 1573 3926 Paulus
1600 3887 1612 3923 :
1649 3871 1779 3936 Quia
1800 3880 1851 3924 ἐι
1890 3871 1998 3938 ipsa
2035 3880 2264 3924 creatura
2293 3868 2411 3920 Iibe-

835 3965 1028 4016 rabitur
1080 3981 1109 4015 α
1158 3965 1388 4016 serritute
1439 3965 1770 4031 corruptionis
1830 3964 2000 4028 illum.
2030 3962 2083 4014 8.
2114 3963 2226 4030 'li).
2267 3961 2411 4014 Num:

837 4055 1001 4118 enim,
1035 4063 1212 4123 utpote
1265 4054 1616 4122 corruptionis
1657 4053 1938 4121 particeps,
1978 4052 2141 4104 multa
2199 4053 2411 4119 patitur,

839 4161 953 4214 qute
977 4145 1186 4214 corpori
1229 4145 1580 4204 conveniunt;
1615 4155 1734 4196 tunc
1767 4160 1890 4195 ναι-υ
1919 4143 1999 4194 his
2025 4143 2273 4195 onmihus
2315 4158 2414 4194 cx-

842 4246 952 4301 nta,
984 4236 1440 4304 incorruptibilem
1473 4236 1624 4288 nobis
1670 4234 1919 4288 decorem
1950 4233 2240 4287 exhibebit.
2271 4236 2415 4297 Quo-

843 4330 982 4382 niam
1014 4329 1153 4381 cuim
1191 4337 1380 4380 natura
1411 4326 1828 4394 incorruptibilia
1869 4341 2089 4394 corpora
2134 4334 2414 4391 accoptura

840 4429 938 4481 e~t,
973 4420 1083 4488 ipsa
1114 4434 1325 4488 quoque
1369 4417 1578 4472 demum
1639 4417 1688 4469 in
1744 4416 1931 4471 melius
1985 4415 2414 4469 commutabitur.

841 4511 992 4566 Nulla
1023 4522 1146 4564 tunc
1173 4511 1273 4564 erit
1296 4509 1486 4564 seditio
1515 4517 1605 4562 aut
1636 4522 1804 4578 pugna
1839 4523 1850 4558 :
1884 4521 2069 4576 magna
2097 4508 2288 4575 quippe
2320 4506 2421 4558 «ιι-ιι

840 4605 890 4656 in
913 4603 1077 4656 choro
1101 4611 1404 4656 sanctorum
1431 4600 1732 4664 concordia,
1777 4599 2020 4652 omnibus
2044 4616 2253 4666 si'ttlpt'l'
2283 4600 2420 4651 iltli-r

836 4711 894 4748 se
921 4693 1395 4748 consentientibus.
1419 4691 1531 4746 Non
1564 4693 1668 4746 illic
1709 4691 1952 4745 diabolus
1994 4691 2284 4752 timendus,
2315 4707 2418 4742 non

845 4787 1144 4840 (lil'lllOlllllll
1190 4785 1415 4850 insidiae,
1455 4800 1560 4839 non
1605 4784 1862 4852 gehenme
1911 4782 2270 4848 comminatio,
2319 4796 2424 4836 non

839 4892 1005 4943 mors,
1036 4895 1205 4946 neque
1234 4877 1463 4930 humana
1501 4876 1639 4942 hzec,
1662 4891 1832 4945 neque
1869 4874 1955 4928 illa
1981 4874 2083 4928 alia
2119 4873 2285 4927 multo
2307 4888 2426 4943 gra-

839 4968 986 5032 vior;
1018 4966 1112 5021 sed
1143 4969 1314 5021 omnis
1348 4967 1713 5035 hujuscemodi
1761 4976 1933 5020 metus
1963 4965 2169 5020 solutus
2204 4973 2306 5019 cst.
2349 4966 2424 5019 Ac

836 5059 974 5112 sicut
999 5074 1126 5127 puer
1155 5060 1328 5128 regius
1353 5099 1367 5122 ,
1408 5059 1635 5127 primum
1678 5057 1905 5126 simplici
1946 5056 2104 5110 modo
2134 5055 2420 5123 educatur,

840 5151 1118 5216 timoribus
1147 5160 1302 5221 atque
1323 5151 1479 5206 minis
1500 5160 1794 5215 coercetur,
1830 5165 1896 5204 ne
1920 5165 2014 5219 per
2041 5148 2423 5218 indulgentiam

838 5241 988 5312 pejor
1015 5241 1223 5309 evadat,
1255 5257 1419 5312 seque
1439 5252 1656 5313 paterna
1688 5241 1961 5312 indignum
1984 5240 2170 5296 reddat
2201 5239 2427 5294 han-edi-

839 5344 976 5398 tate;
1011 5343 1290 5404 postquam
1310 5345 1487 5388 autem
1517 5335 1712 5403 regiam
1735 5334 2042 5404 dignitatem
2073 5334 2298 5404 adeptus
2319 5342 2423 5397 est,

838 5425 922 5480 bis
945 5427 1192 5481 oumibus
1213 5426 1493 5482 coafestim
1519 5426 1796 5496 depositis,
1829 5441 2058 5496 purpura
2090 5425 2423 5480 diademate-

836 5534 943 5587 que
969 5529 1221 5585 ornatus,
1244 5535 1304 5574 ac
1345 5535 1630 5574 numeroso
1667 5521 1918 5575 satellitio
1947 5521 2171 5589 stipatus
2193 5562 2205 5583 ,
2235 5533 2423 5588 magna

839 5629 960 5668 cum
990 5613 1232 5669 libertate
1266 5613 1545 5684 prarsidet,
1575 5613 1784 5683 ahjecto
1819 5615 1886 5668 ah
1929 5614 2102 5667 anima
2154 5629 2246 5668 sua
2289 5623 2427 5665 statu

838 5706 930 5761 illo
962 5707 1144 5762 humiii
1177 5716 1340 5778 atque
1383 5706 1638 5772 demisso,
1669 5707 1876 5775 aliaque
1918 5706 2199 5759 substituta
2245 5719 2426 5756 rerum

839 5798 1143 5854 conditione
1181 5816 1193 5854 :
1239 5799 1307 5854 ita
1339 5809 1463 5856 tunc
1507 5799 1776 5869 continget
1809 5797 2006 5852 sanctis
2038 5797 2302 5855 omnibus.
2353 5794 2427 5849 Ne

1508 371 1564 428 S.
1601 370 1878 428 JOANNIS
1916 368 2382 426 CIIRYSUSTO‘JI
2425 371 2735 429 ARCHIEI‘.
2778 373 3312 431 Ct).\'ST.\NTl.\'0P.

2504 498 2656 554 putes
2685 497 2861 541 autem
2891 487 3004 542 haec
3049 503 3148 542 ceu
3191 485 3420 556 quadam
3452 485 3733 539 Verborum
3768 498 3957 553 painpa
4006 502 4087 553 ja-

2500 578 2652 638 ctari,
2685 577 2750 632 ad
2777 589 3012 633 montem
3043 593 3328 648 pergamus
3349 577 3439 632 ubi
3464 575 3710 630 Christus
3736 574 4090 642 transﬁgura-

2501 678 2582 724 tus
2605 679 2717 724 est:
2746 669 3168 740 contemplemur
3189 670 3336 724 illum
3358 667 3644 736 splendore
3664 680 3856 735 magno
3876 665 4088 735 fulgen-

2503 770 2608 815 tem
2633 801 2650 826 ,
2679 761 2799 814 licet
2821 771 2995 816 tamen
3027 761 3141 831 ipse
3168 776 3276 816 non
3306 770 3473 816 totum
3504 758 3667 812 futuri
3696 756 3876 812 s:eculi
3905 757 4091 826 splen-

2501 853 2687 906 dorem
2715 851 3035 908 exhibuerit.
3058 852 3188 906 Nam
3205 851 3345 922 quod
3367 849 3809 919 attemperatione
3831 847 4088 919 quadam,

2502 957 2607 996 non
2634 950 2880 996 accurata
2899 955 3083 996 rerum
3109 940 3582 1004 demonstratione,
3613 939 3729 993 talis
3757 937 4090 1008 apparuerit,

2502 1047 2567 1086 ex
2593 1031 2721 1101 ipsis
2746 1031 3088 1101 evangelista:
3116 1030 3294 1086 verbis
3319 1029 3639 1084 ostenditur.
3658 1027 3795 1095 Quid
3819 1027 3961 1082 enim
3979 1026 4096 1080 ait?

2507 1123 2836 1192 Resplenduit
2862 1123 2994 1177 sicut
3017 1122 3094 1177 sol
3127 1121 3341 1193 (Matth.
3371 1121 3457 1176 17.
3487 1119 3568 1190 2).
3600 1116 4093 1186 lncorruptibilium

2502 1223 2681 1269 autem
2713 1228 2998 1284 corporum
3025 1212 3188 1282 gloria
3235 1226 3342 1267 non
3396 1218 3598 1264 tantam
3651 1207 3842 1262 emittit
3885 1206 4093 1267 lucem.

2503 1315 2752 1376 quantam
2800 1319 2993 1374 corpus
3038 1303 3143 1357 hoc
3189 1301 3552 1368 corruptibile,
3578 1313 3750 1368 neque
3776 1297 3937 1352 talem
3972 1303 4038 1350 ut
4062 1311 4095 1349 ιι

2503 1395 2817 1450 mortalibus
2843 1394 3012 1448 oculis
3046 1393 3214 1448 videri
3244 1392 3446 1464 possit;
3477 1389 3571 1446 sed
3598 1387 4098 1458 iucorruptibilibus

2504 1496 2559 1542 et
2579 1485 2966 1541 immortalibus
2991 1484 3160 1540 oculis
3207 1494 3290 1540 est
3334 1497 3469 1553 opus
3505 1480 3571 1536 ad
3601 1481 3718 1550 ejus
3759 1477 4100 1548 contempla-

2507 1578 2727 1633 tionem.
2762 1576 2818 1632 In
2845 1585 3029 1632 monte
3057 1585 3234 1632 autem
3263 1585 3463 1632 tantam
3494 1573 3624 1644 ipsis
3652 1570 3892 1641 aperuit,
3919 1586 4100 1642 quan-

2509 1682 2616 1727 tam
2669 1671 2785 1727 sine
2833 1672 3108 1726 oculorum
3162 1670 3381 1725 lesione
3425 1668 3564 1722 ferre
3605 1677 3850 1737 poterant
3877 1683 3892 1719 :
3916 1681 4100 1736 neque

2506 1775 2682 1821 tamen
2713 1765 2982 1820 sustinere
3005 1771 3311 1834 potuerunt,
3343 1760 3438 1816 sed
3467 1759 3775 1816 ceciderunt
3816 1759 3868 1812 in
3900 1757 4100 1812 facient

2505 1871 2655 1912 suam
2673 1856 2712 1908 ⁸.
2733 1854 2826 1910 Die
2851 1854 3000 1919 mihi,
3017 1867 3220 1924 quteso,
3245 1853 3292 1908 si
3309 1851 3426 1922 quis
3452 1860 3503 1906 te
3536 1849 3588 1904 in
3607 1849 3781 1904 locum
3804 1847 4099 1918 quemdam

2506 1943 2842 2017 splendidum
2873 1945 2892 1975 ¹
2917 1943 3229 2007 induceret,
3255 1942 3348 1998 ubi
3394 1955 3582 1996 omnes
3624 1938 3873 1994 sederent
3915 1938 4102 1993 aureis

2510 2037 2678 2091 induti
2710 2036 2966 2102 vestibus,
3001 2045 3056 2090 et
3081 2036 3133 2089 in
3162 2034 3338 2089 medio
3381 2043 3522 2088 cmtu
3560 2031 3723 2084 alium
3760 2027 4098 2090 ostenderet,

2507 2129 2594 2199 qui
2620 2138 2674 2184 et
2695 2137 2894 2184 vestem
2923 2136 2976 2183 et
3001 2127 3190 2198 capitis
3220 2140 3474 2180 coronam
3499 2123 3718 2178 haberet
3742 2137 3806 2176 ex
3829 2120 4102 2190 lapidibus

2510 2228 2715 2274 tantum
2740 2219 2984 2289 pretiosis
3027 2226 3354 2288 compactas,
3403 2215 3700 2283 deindeque
3751 2211 4104 2282 polliceretur

2512 2321 2562 2364 te
2603 2312 2653 2364 iu
2684 2326 2962 2364 uulnerum
2991 2309 3150 2378 hujus
3182 2306 3363 2377 p0puli
3397 2304 3785 2374 adscripturmn
3812 2316 3968 2364 esse;
4000 2317 4102 2354 an-

2512 2416 2614 2454 uou
2637 2399 2843 2470 quidvis
2871 2400 3094 2465 faceres,
3123 2407 3179 2452 ut
3195 2398 3299 2452 tale
3321 2396 3642 2466 promissum
3661 2408 4056 2462 consequerere
4079 2393 4102 2443 ?

2509 2495 2669 2564 Aperi
2699 2509 2837 2547 nttuc
2865 2492 3068 2558 oculos,
3100 2500 3153 2546 et
3173 2489 3299 2544 illud
3326 2489 3530 2558 respice
3551 2486 3834 2551 theatrum,
3864 2500 3970 2538 non
3995 2483 4100 2536 hu:-

2507 2585 2742 2654 jusmodi
2773 2584 2897 2638 viris
2924 2582 3354 2653 frequentatum,
3386 2579 3480 2634 sed
3511 2579 3604 2642 iis,
3629 2577 3718 2648 qui
3764 2584 3818 2630 et
3844 2591 3978 2629 auro
3998 2618 4014 2640 ,
4047 2586 4104 2627 et

2513 2679 2776 2748 lapidibus
2815 2676 3082 2747 pretiosis,
3115 2684 3170 2730 et
3210 2673 3372 2729 radiis
3399 2671 3680 2734 solaribus,
3709 2678 3765 2723 et
3806 2667 3954 2721 omni
4007 2670 4101 2735 qui

2513 2773 2611 2826 sub
2634 2779 2902 2841 aspectum
2930 2767 3068 2823 cadit
3105 2765 3422 2837 Splendore,
3450 2763 3605 2832 longe
3631 2760 3899 2830 digniores
3937 2769 4099 2815 sunt:

2513 2879 2617 2919 non
2646 2861 2946 2918 hominibus
2971 2858 3150 2921 modo,
3184 2856 3278 2912 sed
3311 2855 3466 2911 etiam
3496 2853 3560 2909 iis
3581 2853 3668 2924 qui
3690 2850 3934 2906 homines
3965 2853 4105 2902 mut-

2515 2965 2568 3008 to
2615 2955 2784 3024 spatio
2828 2950 3169 3011 antecellunt,
3219 2947 3419 3016 angeli,
3469 2959 3680 3014 nempe,
3736 2938 4100 3010 archangeiis,

2516 3047 2739 3108 thronis,
2769 3043 3240 3106 dominationibus,
3281 3037 3688 3110 principatibus,
3718 3034 4100 3104 potestatibus.

2520 3138 2596 3190 De
2624 3153 2748 3205 rege
2781 3151 3008 3199 namque
3028 3174 3042 3196 ,
3072 3132 3241 3201 qualis
3271 3130 3340 3183 sit
3367 3143 3433 3182 ne
3461 3126 3639 3181 dicere
3665 3123 3878 3194 quidem
3911 3139 4101 3192 pussu-

2519 3243 2662 3286 mus;
2694 3227 2825 3279 adeo
2849 3238 3147 3277 sct‘ttimtcm
3181 3232 3234 3275 ct
3263 3229 3493 3274 mentem
3517 3231 3731 3272 onmem
3757 3215 4103 3282 CXCCdill'jEH

2521 3318 2878 3390 pulchritudo,
2914 3316 3140 3384 species,
3171 3312 3443 3383 splendor,
3468 3311 3660 3380 gloria,
3693 3307 3968 3376 majestas,
3991 3322 4102 3359 ma-

2517 3411 2837 3479 gniﬁcentia.
2877 3409 3045 3460 'l‘otue
3078 3405 3097 3435 ³
3141 3404 3314 3468 bouis,
3351 3403 3436 3456 dic
3462 3401 3611 3464 mihi,
3637 3413 3732 3452 nos
3749 3398 4103 3466 privabinius,

2517 3513 2572 3554 ut
2600 3501 2926 3556 declinemus
2955 3498 3126 3564 exigui
3157 3495 3407 3564 temporis
3440 3490 3710 3547 laborem?
3737 3489 3869 3543 Nam
3913 3488 3958 3541 si
3990 3490 4108 3541 mii-

2518 3595 2612 3648 lies
2637 3591 2871 3661 quotidie
2896 3587 3226 3642 moriendum
3258 3596 3422 3650 esset,
3449 3587 3491 3640 si
3527 3584 3768 3653 gcheuna
3797 3582 3910 3650 ipsa
3942 3581 4110 3631 Str-sli-

2519 3686 2689 3740 nentla
2715 3685 2870 3748 foret,
2897 3694 2950 3736 ut
2971 3683 3067 3737 Chi
3086 3684 3240 3735 istum
3270 3682 3319 3735 in
3345 3679 3506 3748 gloria
3533 3692 3625 3731 sua
3645 3677 3944 3729 venientem
3977 3690 4113 3722 cm.-

2517 3778 2875 3846 spicercmus,
2927 3787 2980 3828 ct
3027 3784 3331 3827 sanctorum
3385 3770 3552 3823 choro
3590 3779 4111 3820 aunumerarcinnr,

2520 3885 2697 3924 nonne.
2749 3869 2926 3922 omnia
2976 3867 3064 3920 illa
3120 3863 3333 3919 ferenda
3381 3856 3750 3916 cssent?.~\udi
3784 3855 3905 3925 quid
3965 3855 4115 3906 iiii-:21

2521 3964 2705 4015 lit-atus
2729 3962 2914 4016 Petrus
2943 3978 2954 4012 ε
2987 3961 3180 4013 Bonum
3201 3967 3272 4011 est
3300 3973 3388 4008 nos
3420 3956 3499 4006 hic
3529 3969 3632 4007 csse
3666 3949 3873 4018 (Matth.
3905 3948 3994 4000 17.
4033 3949 4110 4006 ii.

2523 4053 2672 4118 Quod
2702 4053 2746 4105 si
2792 4052 2881 4104 ille
2921 4052 3144 4104 obscura
3199 4046 3424 4117 quadam
3471 4053 3755 4110 conspecta
3805 4039 4113 4092 futurorum

2526 4145 2774 4212 imagine,
2799 4143 2972 4196 omnia
3001 4143 3176 4194 statim
3209 4137 3390 4208 rcjecit
3413 4136 3695 4196 ahanimo,
3723 4131 3790 4185 ob
3825 4129 4050 4184 inditam
4087 4147 4115 4177 ,ι

2526 4241 2612 4292 tali
2637 4236 2841 4290 visione
2872 4233 3196 4301 voluptatem
3221 4229 3372 4298 :quid
3413 4228 3617 4280 dicetur
3645 4223 3854 4294 quando
3877 4223 3988 4290 ipsa
4027 4237 4119 4272 rc-

2526 4345 2642 4384 rum
2691 4327 2888 4380 veritas
2942 4323 3132 4385 aderit,
3188 4318 3420 4390 quando,
3450 4317 3647 4384 apertis
3682 4313 3839 4381 regiis
3864 4307 4074 4364 {edibus
4097 4350 4115 4369 ,

2529 4424 2698 4490 ipsum
2722 4432 2899 4486 regem
2927 4414 3234 4483 conspicere
3265 4409 3463 4472 liCehit,
3485 4422 3588 4459 non
3618 4404 3751 4457 ultra
3776 4401 3826 4454 in
3849 4400 4117 4466 :enigma-

2531 4527 2600 4574 te,
2635 4526 2806 4579 neque
2838 4525 2931 4576 per
2965 4506 3257 4573 speculum,
3299 4501 3390 4555 sed
3451 4500 3582 4552 facie
3631 4495 3695 4551 ad
3746 4492 3952 4554 faciem,
4003 4505 4115 4543 non

2531 4608 2666 4660 ultra
2698 4619 2791 4672 per
2823 4602 2996 4656 fidem,
3026 4598 3116 4650 sed
3137 4613 3230 4666 per
3254 4594 3525 4663 speciem?

2605 4696 2688 4750 19..
2711 4695 2924 4746 Amissio
2949 4710 2984 4744 γ.
3006 4691 3086 4759 imi
3110 4689 3318 4742 ciclestis
3348 4686 3545 4755 (πηνίον
3565 4684 3764 4734 trteruis
3789 4676 4116 4730 cruciatibus.

2531 4821 2601 4830 —
2629 4787 2769 4842 Multi
2793 4800 2919 4838 sane.
2952 4795 3094 4846 sunt,
3123 4781 3209 4851 qui
3237 4777 3466 4831 absurdo
3492 4775 3692 4845 judicio
3720 4772 3822 4834 usi,
3851 4784 3878 4821 τι
3904 4769 4114 4838 ςριιοιι-

2533 4897 2599 4936 na
2625 4881 2793 4933 Solum
2820 4877 3030 4930 liberari
3080 4880 3362 4943 peroptant
3396 4887 3406 4919 :
3441 4884 3539 4935 ego
3567 4877 3696 4918 vero
3716 4861 3955 4932 geltcnna
3987 4861 4126 4912 mul-

2533 4984 2588 5028 to
2616 4971 2912 5039 graviorem
2944 4983 3061 5020 esse
3092 4978 3302 5034 pinnam
3332 4968 3477 5029 puto,
3506 4972 3610 5010 non
3639 4961 4129 5021 asscquutumcssc

2534 5067 2755 5136 gloriam
2784 5061 3130 5128 illam,eiipie
3177 5055 3264 5124 qui
3315 5051 3435 5106 inde
3486 5047 3743 5104 exciderit
3768 5043 3957 5113 opinor
4014 5059 4131 5095 non

2535 5133 2667 5212 adeo
2685 5155 2970 5224 lugendum
2999 5168 3116 5204 esse
3139 5148 3206 5202 de
3239 5145 3498 5215 gehennze
3525 5139 3681 5195 malis
3702 5179 3716 5202 ,
3746 5147 3804 5190 ut
3831 5134 3897 5189 de
3925 5133 4135 5185 amisso

2534 5253 2786 5308 c.i.-lorum
2844 5262 3006 5316 regno
3051 5243 3182 5296 :hic
3238 5241 3378 5293 enim
3431 5245 3514 5290 est
3564 5231 3830 5287 cruciatus
3884 5227 4132 5281 omnium

2537 5341 2937 5398 acerbissimos.
2979 5336 3131 5392 Nunc
3174 5341 3318 5389 certe
3343 5345 3462 5384 cum
3491 5341 3668 5398 regem
3719 5322 3963 5377 videmus
4017 5317 4134 5372 frc-

2534 5437 2716 5509 quenti
2741 5449 2861 5489 cum
2882 5430 3131 5487 satellitio
3154 5428 3350 5497 regiam
3378 5421 3685 5485 adeuntem,
3717 5417 3943 5472 clientes
3970 5413 4094 5480 ejus
4119 5455 4134 5479 ,

2603 5617 2615 5645 ¹
2657 5621 2821 5666 Deest,
2847 5623 3001 5666 suum,
3030 5611 3075 5656 in
3103 5619 3198 5654 uno
3215 5603 3323 5652 Cod.
3358 5663 3365 5666 _
3693 5658 3702 5666 _
3868 5654 3879 5666 .
3965 5655 3994 5666 __

2600 5680 2618 5708 ¹
2644 5654 3000 5722 .iiliil'Z-iiiiiii;
3021 5654 3132 5717 «in.
3149 5681 3252 5729 pro,
3276 5667 3324 5716 in
3351 5663 3504 5714 locum
3527 5658 3787 5723 quemdam
3805 5654 4135 5718 splendidum,

2540 5741 2740 5791 habent,
2764 5738 2811 5784 in
2838 5737 3092 5784 theatrum.

2609 5804 2626 5832 ⁸
2661 5787 2801 5849 :aiil.
2831 5807 2878 5848 et
2902 5809 3028 5845 unus
3054 5803 3178 5856 post,
3198 5798 3340 5849 totae,
3361 5787 3557 5848 addunt,
3583 5797 3638 5832 uc
3657 5790 3820 5834 ttnttss.
