4276 6316
254 426 359 482 993

257 536 543 602 sermonis,
567 536 775 591 consilii
804 547 858 591 et
877 537 1059 607 gloriae
1080 539 1366 609 participes
1387 541 1619 607 ,beatos
1650 542 1846 614 prindi-

257 642 463 693 camus,
499 642 703 696 nosque
732 629 979 695 miseros,
1011 632 1113 685 etsi
1144 631 1365 687 inﬁnitis
1408 633 1562 689 bonis
1612 620 1853 695 abunde.

260 732 401 782 mus,
426 734 655 787 quorum
685 732 901 774 sensum
929 735 1035 774 non
1059 722 1610 792 percipimus,'eorum
1628 728 1851 797 gloriam

262 809 573 874 intuentes;
605 809 817 864 etiamsi
841 823 1176 879 compertum
1205 815 1272 867 sit
1303 814 1475 881 nobis,
1509 814 1651 871 hunc
1673 818 1853 885 Splen-

259 898 449 953 dorem
474 898 719 954 fallacem
750 914 871 954 esse
893 887 1221 971 minimeque
1239 915 1469 970 certum,
1503 914 1616 959 tum
1644 906 1714 960 ob
1747 908 1857 962 bel-

262 988 334 1052 la,
366 997 478 1042 tum
507 988 579 1043 ob
606 988 829 1043 insidias
855 989 1250 1060 invidiamque,
1283 1001 1391 1046 tum
1412 994 1595 1060 etiam,
1619 995 1763 1064 quod
1793 997 1857 1051 iis

262 1078 515 1134 omnibus
544 1080 795 1149 sepositis
825 1081 941 1149 ipse
970 1094 1067 1149 per
1114 1096 1174 1135 se
1229 1096 1326 1151 pro
1371 1082 1537 1137 nihilo
1583 1084 1858 1142 habendus

265 1170 354 1224 sit.
388 1172 466 1225 Ac
498 1171 587 1225 ubi
632 1172 810 1241 agitur
850 1171 917 1226 de
966 1170 1114 1242 Rege
1170 1174 1560 1241 universorum,
1612 1177 1701 1245 qui
1752 1192 1856 1231 non

267 1268 497 1325 partem,
531 1260 623 1315 sed
651 1274 839 1330 gyrum
889 1267 1056 1313 totum
1101 1269 1256 1314 terrae
1310 1262 1565 1330 possidet,
1614 1265 1722 1319 imo
1768 1264 1856 1334 qui

267 1359 436 1404 totam
457 1350 605 1406 illam
635 1366 810 1421 pugno
827 1352 1236 1421 complectitur,
1269 1361 1325 1407 et
1348 1354 1524 1423 palmo
1552 1357 1714 1410 cazlos
1742 1372 1856 1409 me—

269 1441 418 1507 titur,
436 1442 527 1511 qui
556 1451 729 1511 portat
758 1441 937 1496 omnia
980 1441 1147 1495 verbo
1171 1442 1381 1497 virtutis
1409 1458 1537 1509 suae,
1565 1446 1649 1499 cui
1672 1460 1862 1501 omnes

266 1542 459 1603 gentes
488 1533 639 1603 quasi
667 1533 802 1587 nihil
819 1544 873 1588 et
888 1534 1039 1603 quasi
1053 1534 1217 1587 saliva
1239 1544 1617 1604 computantur
1643 1552 1659 1591 :
1684 1552 1860 1593 annon

270 1624 586 1694 putabimus
634 1634 937 1681 extremum
979 1640 1100 1681 esse
1126 1626 1481 1696 supplicium,
1510 1628 1555 1682 si
1611 1627 1664 1683 in
1696 1628 1863 1683 choro

268 1715 373 1783 ipsi
391 1714 771 1785 circumposito
791 1730 897 1770 non
911 1716 1322 1782 constituamur,
1348 1717 1443 1773 sed
1470 1726 1553 1772 sat
1569 1718 1725 1774 nobis
1742 1733 1864 1774 esse

267 1804 576 1871 credemus,
605 1805 650 1860 si
678 1804 976 1875 gehennam
1001 1804 1378 1876 etfugeiimus?
1421 1808 1557 1875 Quid
1588 1810 1763 1863 anima
1785 1809 1865 1864 sic

270 1893 460 1950 aﬂ‘ccta
493 1896 780 1951 miserius?
802 1896 914 1951 Rex
944 1898 1087 1950 enim
1130 1896 1223 1952 ille
1282 1912 1387 1952 non
1434 1898 1563 1969 jugo
1617 1899 1862 1954 alborum

267 1991 537 2046 mulorum
560 2033 573 2056 ,
597 2006 701 2045 11011
732 2006 898 2046 aureo
941 2005 1100 2046 curru
1126 1999 1341 2054 vectus,
1372 2006 1477 2046 non
1507 2008 1739 2063 purpura
1766 2008 1865 2047 nec

264 2099 470 2140 corona
496 2093 739 2152 ornatus,
770 2099 876 2139 non
905 2084 1004 2150 sic,
1038 2084 1277 2155 inquam,
1302 2084 1638 2155 judicaturus
1665 2094 1863 2141 terram

266 2178 469 2232 veniet.

343 2264 653 2321 Testimonia
698 2268 761 2320 de
788 2266 964 2335 futuro
992 2266 1209 2336 judicio.
1238 2296 1308 2307 —-
1334 2266 1615 2335 Quomodo
1656 2267 1816 2339 igitur
1841 2268 1865 2322 ?

266 2357 405 2412 Audi
430 2358 719 2428 prophetas
740 2346 1037 2413 clamantes
1069 2358 1138 2413 et'
1160 2356 1401 2413 dicentes
1424 2400 1440 2427 ,
1466 2357 1722 2430 quantum
1761 2360 1861 2414 lio-

266 2449 507 2505 minibus
535 2449 713 2505 dicere
737 2448 816 2504 fas
845 2458 929 2505 est
953 2466 965 2503 :
996 2450 1132 2505 alius
1153 2450 1366 2520 quidem
1395 2448 1470 2505 ait
1500 2468 1514 2505 :
1548 2449 1681 2506 Deus
1702 2453 1868 2505 mani-

267 2542 395 2611 {este
419 2539 576 2594 veniet
594 2582 611 2607 ,
638 2539 775 2594 Deus
806 2538 993 2607 noster,
1018 2552 1064 2595 et
1111 2556 1212 2594 non
1240 2541 1402 2595 silebit
1435 2559 1452 2596 :
1479 2543 1611 2613 ignis
1657 2543 1707 2596 in
1740 2559 1865 2596 con-

267 2638 439 2698 spectu
469 2630 583 2699 ejus
614 2630 901 2683 exardescet
923 2670 939 2696 ,
968 2639 1014 2683 et
1040 2630 1093 2683 in
1116 2630 1329 2683 circuitu
1357 2632 1467 2702 ejus
1489 2641 1755 2701 tempestas
1779 2646 1867 2684 ua-

268 2719 375 2773 lida
399 2735 417 2773 :
443 2719 704 2775 advocabit
740 2722 921 2775 coelum
962 2720 1225 2774 desursum
1245 2762 1259 2787 ,
1281 2730 1331 2776 et
1370 2731 1555 2776 terram
1584 2722 1866 2776 discernere

271 2811 516 2880 populum
540 2828 688 2865 suum
713 2811 879 2882 (Psal.
909 2810 999 2866 49.
1029 2813 1081 2866 5.
1105 2810 1184 2882 4).
1214 2812 1375 2867 Isaias
1404 2828 1529 2868 vero
1545 2812 1863 2885 supplicium

268 2902 442 2972 ipsum
493 2900 649 2955 nobis
694 2902 940 2971 proponit
977 2901 1059 2957 bis
1099 2901 1276 2958 verbis
1310 2920 1323 2956 :
1356 2901 1491 2958 Ecce
1520 2905 1627 2959 dies
1654 2901 1866 2959 Domini

267 2992 401 3047 venit
446 2992 745 3047 insanabilis
781 2993 968 3062 furoris
1010 3003 1057 3048 et
1100 2996 1227 3061 irae,
1261 2995 1330 3048 ad
1372 2996 1661 3064 ponendum
1706 3007 1865 3068 totum

268 3085 439 3140 orbem
471 3095 720 3139 terrarum
746 3086 1035 3152 desertum,
1064 3096 1109 3139 et
1138 3088 1205 3139 ad
1236 3088 1549 3157 perdendum
1580 3099 1865 3159 peccatores

266 3192 332 3231 ea:
378 3192 456 3229 eo.
517 3174 656 3229 Nam
699 3177 861 3230 stellis
879 3176 1025 3242 caeli,
1055 3187 1101 3230 et
1145 3177 1338 3246 Orion,
1369 3189 1416 3233 et
1444 3180 1607 3235 omnis
1655 3190 1865 3234 ornatus

266 3268 380 3322 (teli
402 3309 417 3331 ,
452 3268 615 3320 lucem
653 3284 799 3321 suam
825 3284 924 3321 non
953 3269 1141 3322 dabunt
1171 3285 1190 3323 .'
1220 3280 1267 3324 et
1298 3272 1658 3327 obtenebrescet
1697 3272 1775 3327 sol
1811 3276 1863 3326 in

266 3367 445 3411 exortu
466 3373 559 3411 suo
581 3398 595 3422 ,
626 3366 671 3409 et
713 3358 836 3411 luna
878 3374 979 3412 non
1009 3359 1147 3413 dabit
1195 3360 1363 3413 lumen
1411 3378 1578 3414 suum.
1609 3360 1677 3417 Et
1719 3379 1863 3417 man-

264 3447 398 3501 dabo
447 3448 677 3501 uniuerso
726 3447 834 3500 orbi
879 3448 1053 3513 mala,
1107 3459 1153 3502 et
1197 3450 1368 3521 impiis
1411 3462 1617 3522 peccata
1657 3469 1751 3506 sua
1779 3463 1863 3507 :et

265 3538 479 3603 perdant
524 3538 878 3593 contumeliam
922 3540 1247 3608 iniquorum,
1293 3551 1341 3596 et
1378 3544 1734 3598 contumeliam
1771 3561 1862 3599 su.

266 3628 536 3697 perborum
564 3629 841 3683 humiliabo
866 3645 884 3685 :
909 3639 957 3684 et
976 3641 1123 3686 erunt
1147 3633 1234 3698 qui
1255 3634 1415 3688 relicti
1444 3636 1651 3705 fuerint.
1675 3638 1864 3706 pretio-

264 3736 421 3776 siores
450 3738 604 3792 quam
633 3737 815 3774 aurum
860 3723 1111 3777 incoctum
1134 3766 1149 3790 ,
1178 3736 1222 3777 et
1266 3725 1415 3780 homo
1461 3728 1727 3796 pretiosior
1770 3729 1862 3781 erit

268 3829 422 3882 quam
449 3813 582 3882 lapis
619 3827 682 3866 ex
708 3811 925 3882 Suphir.
956 3812 1159 3867 Etenim
1206 3816 1385 3869 aulum
1434 3817 1749 3871 concutietur
1769 3856 1785 3883 ,
1816 3828 1862 3872 et

263 3911 400 3955 terra
440 3902 833 3955 commovebitur
855 3919 885 3955 ιι
916 3902 1259 3973 fundamentis
1293 3906 1425 3971 suis,
1462 3918 1667 3976 propter
1714 3912 1861 3979 furo-

260 4010 375 4067 rem
400 3993 495 4047 ira
522 3992 730 4046 Domini
760 3993 1014 4061 Sabaoth,
1043 3996 1095 4049 in
1124 3996 1206 4050 die
1230 3992 1329 4066 qua
1374 4001 1688 4068 superveniet
1718 4005 1863 4070 furor

262 4085 379 4156 ejus
404 4083 557 4156 (Isai.
588 4085 674 4140 15.
701 4086 736 4139 9
764 4086 875 4155 15).
905 4085 975 4140 Et
1023 4102 1268 4154 rursum,
1311 4087 1604 4157 Fenestrte,
1654 4092 1855 4162 inquit,

262 4178 332 4230 de
374 4177 503 4232 caelo
554 4178 860 4247 aperientur,
906 4188 952 4231 et
1025 4182 1465 4235 commovebuntur
1528 4181 1861 4251 fundamenta

262 4276 439 4321 teme:
451 4264 747 4321 turbatione
762 4270 1056 4324 turbabitur
1070 4278 1229 4340 terra,
1242 4282 1467 4346 egestate
1478 4275 1663 4344 egebit,
1678 4275 1853 4346 agita~

264 4358 405 4413 tione
444 4359 719 4431 agitabitur
756 4360 885 4414 sicut
930 4361 1095 4415 ebrius
1132 4371 1181 4417 et
1207 4364 1479 4434 crapulans
1508 4368 1862 4421 :concutictur

264 4446 395 4502 sicut
442 4450 700 4521 tugurium
746 4452 1029 4522 pomarium
1084 4462 1219 4507 terra
1255 4470 1275 4507 :
1314 4457 1491 4522 cadet,
1545 4474 1633 4512 nec
1681 4459 1859 4527 poterit

262 4556 528 4610 resurgere
556 4558 573 4595 :
600 4543 809 4597 incaluit
835 4545 969 4604 enim
997 4561 1149 4614 super
1175 4563 1285 4599 eam
1310 4547 1569 4617 iniquitas.
1598 4549 1665 4603 Et
1702 4540 1857 4604 indu-

260 4641 345 4686 cct
374 4631 510 4685 Deus
530 4649 683 4703 super
708 4643 943 4688 ornatum
965 4636 1073 4689 caeli
1095 4636 1147 4690 in
1174 4636 1277 4691 alto
1302 4655 1508 4692 manum
1532 4656 1679 4693 suam
1704 4641 1755 4694 in
1780 4644 1862 4696 die

261 4722 361 4775 illa
383 4762 399 4787 ,
427 4731 475 4776 et
500 4739 654 4793 super
682 4741 839 4793 regna
880 4737 1025 4779 terra
1057 4740 1077 4779 .'
1100 4735 1146 4780 et
1174 4728 1547 4799 congregabuut
1577 4748 1858 4803 congrega-

262 4811 453 4864 tionem
484 4813 594 4883 ejus
634 4813 686 4866 in
714 4829 963 4867 carcerem
987 4856 1000 4879 ,
1030 4825 1077 4869 et
1114 4817 1379 4872 occludent
1427 4820 1481 4873 in
1530 4822 1858 4878 munitionem

262 4900 424 4971 (lsai.
448 4900 537 4956 2t.
567 4902 779 4975 lli-22).
808 4903 1094 4961 Malacbias
1142 4907 1269 4962 item
1301 4908 1383 4963 his
1428 4924 1661 4967 consona
1705 4915 1858 4969 locu-

261 5005 355 5047 tus
385 5004 464 5048 est
496 5011 510 5048 :
544 4994 673 5049 Ecce
700 4996 828 5049 venit
861 4995 1107 5052 Dominus
1134 5000 1489 5068 omnipotens,
1520 5012 1564 5055 et
1591 5005 1705 5070 quis
1749 5023 1858 5060 sus-

266 5085 444 5139 tinebit
496 5085 629 5139 diem
676 5087 931 5155 ingressus
970 5089 1129 5160 ejus?
1158 5100 1243 5143 aut
1287 5093 1398 5160 quis
1446 5094 1678 5148 subsistet
1704 5098 1757 5149 in
1788 5097 1862 5151 ri-

265 5176 409 5229 siane
435 5176 592 5248 ejus?
625 5175 757 5242 Quia
784 5181 891 5248 ipse
918 5180 1199 5251 ingreditur
1221 5183 1348 5235 sicut
1378 5185 1508 5254 ignis
1535 5188 1821 5255 conﬂatm-ii
1840 5233 1855 5256 ,

266 5277 315 5319 et
347 5267 474 5320 sicut
500 5268 652 5320 herba
674 5270 949 5323 lavantium
979 5286 995 5324 .'
1025 5282 1070 5324 et
1092 5271 1277 5325 sedebit
1302 5276 1531 5344 con/laus
1559 5287 1605 5330 et
1635 5295 1861 5348 purgans

266 5359 416 5428 quasi
435 5368 699 5432 argentum
726 5371 773 5414 et
793 5376 969 5413 aurum
1001 5360 1253 5432 (.llalach.
1281 5366 1335 5418 5.
1354 5366 1410 5419 2.
1440 5365 1516 5437 5).
1540 5367 1604 5422 Et
1624 5384 1857 5433 rursum,
1894 5366 1897 5368 ’

269 5448 406 5504 Ecce
426 5490 443 5517 ,
477 5450 679 5521 inquit,
726 5452 832 5507 dies
861 5451 1068 5507 Domini
1099 5454 1228 5508 venit
1252 5452 1463 5511 accensa
1495 5468 1547 5511 ut
1577 5463 1781 5528 fornax,
1816 5471 1861 5514 et

268 5545 604 5611 irﬂammabit
633 5561 737 5599 eos.
768 5543 834 5599 Et
862 5555 1008 5602 erunt
1033 5563 1204 5601 onmes
1234 5549 1531 5619 alienigena:
1559 5568 1576 5603 :
1608 5561 1655 5605 et
1680 5569 1856 5607 omnes

268 5645 532 5705 operantes
557 5637 733 5706 iniqua
753 5678 769 5703 ,
793 5637 993 5691 arundo
1016 5654 1036 5693 :
1058 5648 1107 5695 et
1128 5640 1364 5693 accendet
1389 5656 1470 5694 eos
1501 5624 1606 5694 dies
1627 5653 1853 5709 ventura,

270 5728 394 5782 dicit
414 5725 664 5781 Dominus
695 5730 1028 5798 omnipotens,
1060 5747 1150 5783 nec
1178 5729 1524 5800 relinquentur
1561 5735 1732 5798 radix,
1764 5750 1855 5788 nc-

271 5836 366 5889 que
389 5823 579 5890 palntes
606 5820 857 5890 (Maluit.
882 5822 933 5876 4.
971 5825 1042 5891 1).
1078 5823 1171 5877 \‘ir
1210 5833 1386 5879 autem
1436 5824 1522 5879 ille
1555 5826 1850 5883 desiderio-

1361 432 1451 485 ΑΙ.)
1491 427 1910 487 τιιεοῡοῐιυΜ
1947 429 2236 489 LAPSUM.
2279 431 2319 486 Ι.

3434 432 3503 488 2')
3512 432 3535 486 si

1963 557 2078 597 rum
2105 586 2121 610 ,
2164 542 2437 610 Videbam,
2470 546 2673 618 inquit,
2702 548 2860 602 donec
2900 546 3069 600 throni
3112 545 3265 616 positi
3306 554 3421 598 sunt
3445 584 3461 611 ,
3498 551 3551 596 ε’

1959 637 2196 705 antiquus
2222 637 2413 690 dierum
2445 638 2643 691 sedebat
2675 654 2691 690 .'
2719 648 2762 691 et
2791 638 3132 691 uestimentum
3173 636 3281 705 ejus
3310 636 3436 686 sicut
3462 631 3556 684 nix

1962 724 2131 779 album
2154 767 2169 790 ,
2193 727 2409 796 capillus
2435 728 2615 796 capitis
2643 729 2751 797 ejus
2775 728 2918 796 quasi
2944 729 3065 780 lana
3087 725 3277 778 munda
3296 738 3316 776 :
3342 722 3553 774 thronus

1964 816 2074 883 ejus
2100 816 2308 883 ﬂamma
2335 815 2466 884 ignis
2486 856 2500 879 ,
2530 824 2577 868 et
2602 826 2727 869 rota:
2751 816 2860 886 ejus
2887 815 3019 884 ignis
3042 814 3371 882 inﬂannnans
3396 825 3412 863 :
3446 811 3545 879 [iu-

1964 905 2072 958 vius
2110 906 2253 975 ignis,
2268 905 2495 959 trahebat
2530 906 2855 975 progrediens
2890 915 3007 957 ante
3050 919 3183 957 eum.
3212 900 3357 954 Mille
3390 899 3553 953 millia

1966 977 2316 1049 ministrabant
2354 996 2419 1061 ei,
2452 1005 2498 1049 ct
2542 996 2703 1048 decies
2753 995 2937 1047 millies
2986 992 3117 1047 dena
3169 990 3332 1044 millia
3376 990 3551 1042 adsta-

1965 1084 2084 1137 bant
2134 1086 2185 1137 in
2233 1094 2503 1154 conspectu
2530 1085 2640 1154 ejus
2690 1082 2953 1136 Iudicium
2977 1082 3125 1146 sedit,
3157 1090 3201 1135 et
3235 1080 3349 1151 libri
3387 1077 3551 1147 aperti

1972 1184 2089 1227 sunt
2131 1173 2294 1243 (Dan.
2341 1175 2395 1229 7.
2426 1174 2479 1229 9.
2513 1173 2622 1245 l0).
2653 1175 2719 1229 Et
2762 1175 2942 1243 paucis
2997 1171 3361 1241 interpositis,
3399 1168 3553 1221 Vide-

1967 1264 2116 1330 bam,
2142 1264 2342 1334 iuquit,
2379 1266 2432 1317 in
2482 1266 2670 1318 uisione
2712 1264 2906 1329 noctis,
2943 1273 2989 1317 et
3042 1279 3151 1316 ecce
3192 1279 3305 1315 cum
3347 1260 3558 1314 nubibus

1969 1356 2080 1410 τιειὶ
2104 1356 2249 1426 quasi
2268 1356 2405 1423 [ilius
2431 1356 2647 1409 hominis
2679 1357 2877 1410 ueniens
2902 1365 3009 1409 erat
3029 1396 3044 1420 ,
3073 1364 3120 1407 et
3152 1370 3308 1421 usque
3328 1353 3396 1405 ad
3421 1352 3556 1405 anti-

1966 1461 2121 1515 quum
2160 1444 2354 1498 dierum
2400 1446 2620 1513 peruenit
2644 1485 2660 1510 ,
2712 1454 2758 1498 et
2798 1460 2969 1498 coram
3031 1460 3091 1497 co
3134 1442 3333 1497 oblatus
3373 1451 3443 1496 est
3472 1456 3490 1494 :
3515 1452 3560 1491 ct

1969 1538 2069 1605 ipsi
2097 1537 2274 1589 datunt
2304 1545 2376 1590 est
2413 1537 2714 1606 imperium,
2744 1537 2905 1588 honor
2944 1544 2990 1588 et
3017 1550 3226 1603 regnum
3260 1548 3277 1586 :
3306 1542 3350 1586 et
3389 1548 3560 1585 omnes

1971 1627 2181 1696 populi,
2208 1626 2364 1680 tribus
2387 1626 2648 1697 et-lingua:
2667 1626 2765 1696 ipsi
2789 1626 3027 1680 serviunt.
3056 1624 3289 1678 Potestas
3310 1624 3440 1696 ejus,
3462 1638 3555 1691 po-

1971 1727 2122 1773 testas
2161 1720 2496 1786 sempiterna,
2526 1732 2639 1787 qua:
2664 1732 2765 1770 non
2796 1716 3068 1793 prseteribit
3088 1756 3103 1778 ,
3138 1724 3184 1768 et
3210 1730 3421 1785 regnum
3446 1712 3557 1779 ejus

1971 1824 2071 1861 non
2108 1808 2408 1861 destruetur.
2442 1804 2707 1859 Inhorruit
2749 1805 2960 1881 spiritus
3006 1820 3181 1869 meus,
3213 1820 3303 1875 ego
3328 1800 3558 1863 Daniel,

1972 1899 2025 1951 in
2049 1897 2219 1951 habitu
2253 1914 2362 1951 meo
2386 1937 2401 1962 ,
2430 1905 2474 1951 et
2502 1898 2717 1951 uisiones
2746 1896 2925 1965 capitis
2950 1897 3045 1949 mei
3087 1895 3451 1949 conturbabant
3484 1910 3560 1949 me

1969 1988 2080 2059 (Ib.
2159 1986 2370 2057 15-15).
2433 1987 2587 2043 Tunc
2650 1985 2964 2056 aperientur
3027 1999 3221 2042 omnes
3266 1980 3557 2039 cmicsu‘um

1972 2079 2232 2135 fornicum
2274 2087 2471 2149 portae;
2504 2079 2611 2133 imo
2640 2086 2695 2133 et
2724 2076 3117 2155 ipsumca-lum
3148 2092 3181 2132 e
3220 2076 3398 2132 medio
3428 2085 3559 2130 suu-

1970 2172 2213 2227 ducetur.
2276 2170 2513 2226 Voluetur
2558 2170 2725 2238 enim,
2757 2171 2957 2241 inquit,
3012 2171 3193 2224 ctutum
3246 2170 3390 2240 quasi
3437 2169 3560 2225 iiber

1970 2263 2239 2335 (Isai..5i.
2264 2262 2319 2335 4)
2352 2283 2363 2317 :
2402 2264 2565 2319 veluti
2605 2264 2880 2333 cujusdam
2916 2262 3240 2318 tabernaculi
3286 2262 3443 2332 pellis
3480 2272 3563 2314 at~

1970 2371 2075 2424 que
2099 2355 2272 2410 velum
2299 2372 2329 2410 e
2359 2354 2538 2416 medio
2566 2355 2916 2420 contrahitur,
2942 2355 3008 2409 ita
3039 2363 3094 2408 ut
3122 2355 3173 2407 in
3197 2354 3385 2408 melius
3412 2368 3561 2408 coni-

1972 2455 2225 2501 mutetur.
2249 2446 2382 2501 Tum
2408 2448 2587 2502 omnia
2616 2457 2855 2516 stupore,
2889 2446 3110 2501 horrore
3137 2457 3295 2514 atque
3331 2452 3565 2499 tremore

1971 2540 2232 2609 completa
2272 2549 2447 2593 erunt.
2495 2538 2629 2593 Tum
2683 2538 2841 2593 etiam
2892 2546 3066 2593 metus
3110 2534 3296 2607 ingens
3345 2536 3565 2605 angelos

1972 2632 2115 2700 ipsos
2147 2632 2462 2702 occupabit;
2493 2645 2667 2700 neque
2714 2629 2931 2700 angelos
2978 2639 3219 2695 tantum,
3267 2627 3359 2682 sed
3404 2628 3563 2683 etiam

1971 2722 2320 2789 archangelos
2348 2762 2363 2787 ,
2395 2722 2616 2775 thronos
2641 2761 2653 2783 ,
2694 2719 3087 2775 dominationes
3112 2760 3127 2786 ,
3150 2718 3481 2791 principatus
3508 2728 3579 2771 et-

1973 2821 2306 2882 poteslales:
2353 2810 2575 2866 Virtutes
2623 2813 2796 2879 enim,
2845 2813 2949 2879 ait,
2993 2811 3234 2866 ctelorum
3286 2825 3564 2864 commore-

1972 2904 2155 2959 buntur
2178 2902 2388 2976 (Matth.
2408 2904 2499 2958 24.
2524 2902 2640 2973 ‘29),
2667 2903 2789 2973 quia
2812 2904 3046 2972 ipsorum
3090 2900 3335 2957 conservi
3379 2915 3563 2970 lamnas

1969 2998 2143 3053 daturi
2173 3006 2296 3051 sunt
2331 2996 2397 3051 de
2437 3006 2647 3066 peracta
2691 2997 2743 3050 in
2779 2994 2979 3050 mundo
3026 2996 3155 3049 vita.
3183 2993 3315 3049 Nam
3360 2993 3404 3047 si
3441 3007 3563 3046 cunt
3646 3034 3649 3035 ν

1970 3088 2039 3141 de
2078 3104 2182 3140 una
2224 3087 2239 3118 ⁸
2286 3087 2498 3141 civitate
2524 3086 2778 3155 judicium
2826 3085 3137 3149 instituitur,
3170 3084 3251 3137 his
3280 3083 3564 3154 magistra-

1971 3175 2111 3231 tibus
2136 3217 2151 3242 ,
2191 3175 2566 3231 inhorrescunt
2608 3189 2795 3228 omnes
2838 3176 2999 3228 etiam
3031 3174 3064 3227 ii
3087 3214 3102 3239 ,
3126 3174 3214 3243 qui
3242 3183 3389 3227 extra
3418 3173 3563 3241 peri-

1969 3267 2148 3323 culum
2184 3276 2336 3331 sunt,
2364 3282 2485 3322 cum
2521 3267 2587 3322 de
2633 3266 2885 3320 universo
2912 3263 3040 3319 orbe
3062 3264 3385 3333 iudicabitur
3412 3277 3440 3317 a
3472 3263 3561 3317 tali

1965 3359 2146 3429 judice
2166 3401 2181 3427 ,
2211 3358 2299 3429 qui
2328 3373 2501 3428 neque
2542 3356 2794 3421 testibus,
2823 3372 2995 3427 neque
3036 3354 3441 3426 probationibus
3477 3354 3560 3408 in-

1945 3450 2114 3521 .diget
2134 3492 2149 3515 ,
2182 3448 2273 3504 sed
2304 3449 2505 3519 absque
2533 3449 2614 3502 his
2644 3450 2892 3503 omnibus
2915 3489 2929 3514 ,
2960 3457 3015 3502 et
3044 3462 3205 3518 Opera
3237 3456 3291 3501 et
3311 3446 3471 3501 verba
3501 3452 3556 3499 ct

1968 3543 2318 3613 cogitationes
2362 3542 2414 3595 in
2461 3540 2694 3596 medium
2742 3539 2991 3605 adducit,
3037 3539 3324 3609 omniaque
3364 3553 3461 3594 ceu
3507 3539 3560 3591 in

1968 3634 2200 3707 imagine
2224 3643 2276 3690 et
2316 3633 2658 3703 peccantibus
2709 3642 2763 3688 et
2802 3632 3169 3702 ignorantibus
3196 3630 3559 3687 demonstrat.

1968 3726 2237 3798 quomodo
2260 3726 2373 3781 lteri
2403 3733 2614 3795 potest,
2644 3734 2702 3778 ut
2741 3723 2989 3793 quaslibet
3023 3724 3191 3777 \‘irtus
3232 3738 3336 3776 nun
3369 3730 3560 3776 tremat

1967 3829 2020 3875 et
2044 3817 2420 3875 concutiatur?
2451 3816 2601 3870 Licet
2628 3815 2769 3870 enim
2802 3814 2993 3868 ﬂuvius
3029 3815 3213 3883 igneus
3244 3826 3347 3867 non
3378 3810 3556 3865 trahe-

1968 3923 2134 3973 retur,
2166 3924 2338 3978 ucque
2373 3907 2543 3977 angeli
2585 3905 2861 3961 adstarent
2904 3902 3302 3959 formidabiles:
3337 3903 3436 3957 soli
3466 3915 3559 3955 au-

1968 4010 2075 4056 tem
2133 3999 2377 4054 homines
2426 3996 2738 4062 convocati,
2779 3995 2867 4050 alii
2914 3994 3156 4049 laudibus
3190 4001 3246 4048 et
3283 3993 3561 4064 prmcoaiis

1967 4094 2407 4156 celebrarentur;
2438 4091 2525 4145 alii
2561 4105 2684 4144 cum
2732 4088 3019 4159 ignominia
3068 4086 3459 4156 abjiccrentur,
3492 4099 3559 4137 ne

1968 4186 2210 4241 viderent
2259 4183 2482 4255 gloriam
2538 4180 2629 4237 Dei
2663 4198 2675 4234 :
2710 4180 2941 4234 Tollatur
2966 4180 2986 4209 '
3013 4219 3027 4243 ,
3086 4178 3289 4247 inquit,
3336 4176 3555 4245 impius,

1967 4296 2031 4334 ne
2050 4277 2215 4332 rideat
2240 4276 2455 4347 gloriam
2481 4271 2723 4335 Domini;
2748 4285 2922 4326 nonne
2946 4268 3130 4340 quavis
3152 4266 3390 4337 gehenna
3412 4276 3559 4319 acer-

1967 4370 2086 4425 bius
2114 4369 2193 4422 vel
2237 4367 2287 4420 id
2336 4364 2541 4428 solum,
2573 4362 2717 4432 quod
2751 4376 2779 4414 a
2814 4360 2974 4415 tantis
3015 4358 3338 4413 excidissent
3364 4355 3517 4411 bouis
3544 4397 3558 4418 ,

1967 4462 2294 4529 abjectorum
2324 4456 2528 4511 animas
2554 4452 2937 4510 excruciaret?
2981 4450 3112 4506 Illud
3148 4463 3276 4505 vero
3303 4457 3557 4520 quantum

1966 4553 2033 4605 sit
2064 4549 2297 4615 malum,
2331 4563 2470 4602 nunc
2496 4547 2707 4616 quidem
2751 4558 2999 4599 sermone
3033 4540 3293 4596 declarari
3336 4540 3519 4609 nequit
3548 4558 3559 4601 ς

1969 4652 2092 4697 tunc
2142 4656 2267 4696 vero
2308 4656 2373 4695 es
2430 4655 2488 4694 re
2531 4639 2643 4708 ipsa
2686 4635 2965 4690 manifeste
3023 4647 3427 4704 cognoscemus.
3478 4631 3558 4685 Tu

1966 4746 2269 4795 rerouunc
2298 4730 2381 4785 bis
2408 4729 2543 4784 adde
2588 4726 2903 4797 supplicium
2936 4724 3064 4779 illud
3091 4765 3106 4791 ,
3150 4737 3324 4793 neque
3356 4729 3557 4776 tantum

1969 4825 2212 4881 homines
2241 4822 2445 4893 pudore
2473 4818 2721 4885 sull'usos,
2756 4818 2839 4872 vel
2870 4825 3058 4887 operto
3085 4816 3257 4886 capite
3276 4856 3291 4881 ,
3315 4824 3370 4868 et
3393 4812 3562 4867 oculis

1969 4917 2021 4971 in
2064 4924 2260 4970 terram
2290 4910 2638 4977 deﬁxis,‘sed
2682 4910 2843 4963 etiam
2891 4918 3090 4962 tractos
3135 4921 3231 4975 per
3270 4906 3408 4959 viam
3443 4920 3562 4974 qua:

1937 5033 1944 5042 -
1969 5008 2138 5063 tendit
2164 5004 2229 5060 ad
2271 5005 2446 5074 ignem
2473 5045 2487 5069 ,
2517 5010 2571 5057 et
2600 5001 2664 5056 ad
2697 5010 2961 5056 tormenta
2992 5002 3240 5070 abreptos
3266 5041 3281 5066 ,
3309 4999 3565 5054 traditos-

1968 5114 2069 5169 que
2101 5096 2420 5152 immanibus
2447 5092 2799 5164 potestatibus
2828 5109 2841 5144 :
2873 5091 3031 5162 idque
3053 5104 3116 5145 eo
3148 5099 3388 5161 tempore
3411 5129 3427 5155 ,
3455 5104 3563 5160 quo

1968 5200 2315 5255 coronantur,
2343 5188 2681 5243 celebrantur
2712 5186 3011 5256 thronoque
3041 5185 3185 5255 regio
3209 5170 3472 5239 si'stuntur
3503 5185 3565 5246 ii.

1968 5284 2054 5354 qui
2088 5284 2223 5339 bona
2254 5288 2476 5352 egerunt
2495 5286 2549 5335 et
2570 5278 2732 5350 gestis
2756 5278 2865 5332 suis
2888 5286 3087 5332 mterna
3116 5276 3221 5330 vita
3246 5274 3390 5345 digni
3416 5285 3560 5330 sunt.

2042 5376 2129 5428 15.
2154 5373 2376 5428 Cwlestis
2405 5371 2658 5444 felicitatis
2689 5368 3022 5439 imago—Et
3066 5366 3180 5422 inec
3219 5366 3432 5437 quidem
3475 5365 3561 5419 illa

1969 5466 2088 5520 die:
2121 5479 2240 5536 qua:
2270 5477 2397 5518 vero
2432 5472 2549 5533 post
2573 5459 2749 5515 futura
2778 5467 2901 5515 sunt
2936 5460 3054 5530 quis
3084 5473 3262 5513 sermo
3290 5455 3445 5511 nobis
3469 5472 3562 5510 ex-

1971 5557 2185 5627 primat,
2216 5554 2543 5621 voluptatem
2574 5565 2766 5622 nempe
2794 5566 2859 5605 es
2880 5548 3076 5604 Christi
3097 5546 3389 5613 consortio,
3422 5547 3561 5601 utili-

2041 5719 2055 5748 ί
2080 5716 2309 5777 Quinque
2350 5722 2477 5777 Ms_s.,
2505 5713 2565 5761 de
2597 5725 2762 5775 parra.
2790 5709 2975 5777 March,
2999 5706 3219 5777 Sat‘il.“0t
3241 5706 3340 5777 alii,
3366 5707 3427 5754 de
3450 5715 3558 5777 una.

2033 5782 2052 5809 ¹
2086 5766 2158 5828 §lc
2174 5766 2282 5827 etim
2303 5775 2442 5825 Saril.
2462 5766 2559 5825 duo
2737 5783 2783 5822 tu
2809 5766 2971 5822 alorci.
3001 5778 3052 5823 et
3074 5768 3279 5828 reliquis
3317 5769 3448 5826 haec,
3473 5766 3566 5817 tul.

1975 5840 2119 5900 tatur,
2150 5848 2267 5900 610.,
2292 5840 2489 5887 desunt.
