4276 6316
705 441 807 495 1‘35

706 570 909 622 tan-ni,
964 554 1213 624 gaudium
1274 556 1333 609 ‘2
1382 555 1569 609 Anima
1641 557 1836 625 quippe
1891 556 1957 610 ad
2024 555 2289 626 propriam

705 649 922 702 reducto
956 647 1303 712 nobilitatem,
1329 647 1653 717 quzcdeTnde
1683 647 1964 702 Dominum
1992 661 2144 700 suum
2172 661 2290 700 cum

707 738 1294 812 libertate-conspicere
1324 740 1481 800 valet,
1513 749 1706 808 quanta
1737 739 2006 806 voluptate
2035 738 2296 790 alliciat-ar

708 837 760 882 ct
786 839 1042 900 quantum
1071 828 1201 882 lucri
1227 829 1442 893 referat,
1469 828 1706 882 enarrari
1731 827 1914 897 nequit
1940 844 1951 879 :
2001 827 2119 879 lteta
2148 828 2294 879 scili-

707 931 813 987 ret,
849 937 954 974 non
977 929 1176 974 tantum
1199 919 1339 990 quod
1370 919 1523 974 bouis
1549 918 1904 987 prmsentibus
1930 917 2136 971 fruatur
2161 959 2174 980 ,
2204 915 2298 969 δαὶ

711 1012 850 1080 quod
880 1019 1023 1066 certa
1047 1011 1115 1065 sit
1144 1025 1204 1065 ea
1228 1024 1516 1080 ntnnquam
1542 1008 1778 1063 desitura
1813 1023 1953 1062 esse.
1983 1006 2128 1061 llane
2150 1016 2297 1061 certe

713 1105 947 1158 uetiti-am
993 1117 1092 1156 nec
1139 1101 1314 1157 verbis
1364 1105 1664 1172 exprimere
1694 1140 1711 1166 ,
1739 1109 1838 1154 nec
1881 1108 2060 1152 tuente
2105 1112 2298 1166 capere

716 1208 998 1267 possumus
1064 1194 1126 1247 ἐ
1187 1192 1416 1246 obscure
1484 1200 1656 1246 tamen
1693 1231 1707 1256 ,
1753 1189 2036 1259 quatenus'
2077 1195 2299 1257 possunt

713 1301 901 1354 magna
935 1285 1109 1354 parvis
1135 1284 1415 1347 declarari,
1443 1299 1561 1336 eam
1590 1282 1889 1336 describere
1912 1279 2144 1335 tentabo.
2177 1279 2300 1333 Per-

716 1375 1010 1446 rendantus
1036 1390 1128 1429 eos
1153 1378 1240 1444 qui
1265 1375 1316 1427 in
1353 1374 1596 1440 praesenti
1621 1372 1725 1425 vita
1756 1371 1913 1439 hujus
1937 1371 2120 1424 mundi
2149 1385 2298 1424 eom-

715 1467 889 1521 modis
921 1467 1186 1532 fruuntur,
1209 1465 1430 1528 divitiis,
1466 1465 1699 1534 inquam,
1732 1463 2063 1533 magistratu,
2094 1463 2261 1532 gloria
2289 1480 2302 1516 :

713 1573 821 1628 quo
863 1568 1015 1627 pacto
1045 1557 1245 1611 scilicet
1269 1556 1334 1610 de
1363 1557 1498 1611 bona
1528 1554 1734 1608 fortuna
1765 1553 2135 1622 superbientes
2162 1595 2175 1619 ,
2209 1569 2305 1607 ne—

721 1664 826 1715 qnc
848 1663 904 1702 se
931 1649 982 1702 in
1015 1657 1156 1702 terra
1189 1647 1392 1718 positos
1417 1647 1781 1710 arbitrantur;
1816 1645 2028 1700 tametsi
2058 1645 2121 1698 iis
2153 1645 2304 1698 bonis

716 1747 962 1795 truantur
991 1781 1004 1805 ,
1050 1756 1167 1810 qua:
1199 1755 1371 1810 neque
1395 1739 1530 1792 bona
1557 1752 1674 1793 esse
1701 1735 1994 1792 creduntur
2013 1777 2028 1801 ,
2059 1750 2230 1804 neque
2256 1735 2304 1788 in

717 1851 904 1889 eorum
938 1834 1275 1903 possessione
1316 1838 1660 1902 permanent,
1704 1829 1797 1884 sed
1828 1831 2038 1882 somnio
2066 1828 2307 1882 veloci-ss

717 1927 935 1982 avolant
965 1945 977 1981 :
1006 1924 1148 1996 quod
1191 1925 1234 1978 si
1269 1924 1538 1994 paulisper
1577 1919 1863 1992 aliquando
1891 1920 2219 1981 consistant,
2257 1919 2306 1970 in

721 2021 970 2089 przescnti
1012 2019 1182 2073 solum
1223 2016 1330 2071 vita
1376 2015 1492 2071 usui
1532 2028 1652 2070 esse
1679 2023 1898 2084 possunt
1928 2055 1942 2079 ,
1969 2028 2065 2068 nec
2092 2012 2310 2066 ulterius

721 2128 823 2166 una
852 2111 1101 2184 progredi
1132 2113 1328 2166 valent.
1361 2109 1414 2165 Si
1435 2117 1611 2163 autem
1631 2106 1932 2176 hujnsmodi
1966 2106 2103 2159 bona
2135 2104 2307 2158 domi-

722 2220 819 2261 nos
849 2215 996 2259 tanto
1038 2204 1233 2275 gaudio
1271 2202 1533 2258 extollunt
1565 2242 1578 2264 ,
1615 2199 1742 2270 quid
1789 2200 2020 2252 futuram
2067 2206 2218 2267 putas
2247 2197 2311 2250 de

722 2297 1004 2352 animabus
1036 2297 1139 2350 illis
1165 2339 1178 2358 ,
1207 2295 1481 2350 accersitis
1507 2293 1572 2347 ad
1597 2291 1798 2348 infinita
1827 2292 1911 2347 illa
1936 2307 2054 2362 qua:
2085 2292 2135 2345 in
2166 2291 2313 2346 etelis

724 2399 852 2444 sunt
890 2389 1026 2442 bona
1060 2430 1074 2452 ,
1107 2404 1224 2458 quae
1257 2387 1410 2440 ﬁrma
1441 2399 1652 2456 semper
1693 2391 1750 2440 et
1801 2383 2016 2437 immota
2047 2390 2261 2436 manent
2293 2382 2314 2434 ?

725 2479 908 2549 Neque
937 2494 997 2534 ea
1024 2494 1082 2534 te
1109 2479 1282 2532 solum
1327 2475 1656 2533 antecellunt
1683 2515 1697 2539 ,
1739 2474 1831 2530 sed
1863 2475 2024 2528 etiam
2051 2473 2317 2543 magnitu-

727 2570 853 2626 dine
878 2581 931 2625 et
957 2570 1264 2625 conditione
1315 2585 1409 2624 sua
1447 2569 1520 2623 ita
1563 2568 1915 2638 praisentibus
1945 2566 2313 2636 prmstantiera

726 2675 854 2723 sunt
876 2663 932 2730 ³,
983 2672 1038 2717 ut
1070 2662 1308 2733 nequeia
1344 2679 1438 2718 eor
1470 2661 1698 2715 hominis
1733 2660 1786 2715 id
1806 2658 2099 2715 ascendere
2128 2660 2314 2728 possit.

728 2756 880 2812 Nunc
920 2760 1116 2811 etenim
1159 2755 1606 2825 quemadmodum
1646 2755 1699 2808 in
1743 2761 1895 2807 utero
1918 2753 2088 2807 infans
2119 2795 2129 2815 ,
2163 2752 2238 2806 sic
2267 2752 2316 2804 ia

730 2851 833 2904 hoc.
858 2849 1057 2903 mundo
1081 2849 1337 2918 angustiis
1362 2847 1596 2903 conclusi
1619 2846 1878 2916 degimus,
1909 2859 2008 2898 nec
2039 2859 2322 2914 possumus

731 2942 896 2998 futuri
926 2942 1105 2998 Sicculi
1134 2942 1476 3012 splendorem
1507 2950 1561 2995 et
1609 2940 1912 2995 libertatem
1942 2939 2185 2993 contueri
2221 2955 2233 2990 :
2266 2949 2322 2993 at

736 3037 825 3090 ubi
860 3029 1042 3107 partus
1084 3047 1292 3105 tempus
1331 3034 1610 3090 advenerit
1642 3074 1657 3099 ,
1689 3047 1982 3101 omneSque
2029 3031 2271 3086 homines
2304 3020 2326 3098 ,’

731 3116 1210 3199 quossusceperat,
1229 3128 1314 3183 hic
1333 3126 1560 3182 mundus
1577 3125 1642 3181 ad
1663 3124 1803 3180 diem
1818 3124 2001 3194 judieii
2019 3123 2319 3194 pretulerit,

735 3221 964 3275 abortivi
995 3219 1208 3290 quidem
1232 3234 1263 3274 e
1289 3219 1524 3273 tenebris
1551 3217 1602 3271 iu
1635 3215 1884 3270 tenebras
1915 3213 2320 3284 ingredieutur,

735 3322 788 3366 et
818 3329 880 3367 cx
903 3312 1166 3383 angustiis
1195 3313 1247 3366 in
1279 3311 1551 3382 angustias
1578 3309 1880 3379 graviores;
1925 3307 2119 3363 maturi
2148 3316 2322 3362 autem

737 3403 895 3468 fctus,
929 3403 1017 3473 qui
1046 3402 1204 3473 regia:
1232 3401 1478 3469 imaginis
1503 3399 1728 3471 formam
1758 3410 1811 3455 et
1843 3409 1994 3454 notas
2021 3408 2323 3462 servarunt,

742 3494 852 3564 regi
877 3493 1159 3558 sistentur,
1191 3492 1425 3561 illudque
1457 3491 1810 3546 ministerium
1843 3502 2163 3561 capessant,
2185 3490 2325 3560 quod

738 3585 909 3653 angeli
941 3592 994 3638 et
1031 3583 1335 3653 archangeli
1383 3582 1751 3637 universorum
1784 3582 1893 3637 Deo
1923 3580 2222 3652 perhibent.
2253 3581 2328 3636 I‘i'c

742 3678 918 3744 itaque
942 3675 1037 3730 hos
1065 3674 1405 3729 characteres
1428 3715 1442 3739 ,
1471 3689 1502 3728 o
1528 3674 1697 3728 amice
1728 3715 1742 3740 ,
1778 3687 1944 3744 usque
1964 3671 2018 3727 in
2051 3672 2209 3727 linem
2233 3672 2328 3726 de-

737 3767 850 3819 lere
873 3765 1022 3831 velis,
1055 3765 1148 3821 sed
1179 3780 1272 3820 eos
1292 3766 1685 3836 quamprimum
1709 3766 2034 3820 instauratos
2060 3764 2111 3819 in
2141 3765 2329 3820 melio-

743 3874 853 3911 rcm
902 3856 1123 3911 formam
1167 3856 1413 3911 reducas.
1459 3857 1591 3911 Nam
1635 3853 2084 3926 pulchritudinem
2118 3854 2330 3926 quidem

740 3965 1055 4019 corpoream
1084 3950 1218 4004 intra
1243 3959 1448 4004 natura:
1493 3949 1690 4004 limites
1726 3948 1986 4003 conclusit
2011 3949 2181 4003 Deus:
2214 3948 2330 4002 ani-

746 4058 846 4096 rn:e
874 4057 1001 4094 vero
1023 4041 1186 4096 decor
1203 4041 1309 4095 illic
1330 4057 1359 4095 a
1384 4041 1699 4095 necessitate
1712 4049 1757 4093 et
1779 4034 2033 4096 servitute
2055 4040 2332 4104 liberatur,

747 4142 926 4202 utpote
954 4147 1211 4203 corporea
1248 4132 1414 4187 forma
1451 4133 1606 4203 longe
1651 4131 2032 4202 praestantior:
2079 4142 2239 4203 atque
2284 4135 2334 4186 in

719 4228 900 4281 nobis
927 4238 977 4280 et
1005 4227 1055 4279 in
1092 4226 1182 4280 Dei
1225 4237 1352 4280 nutu
1377 4225 1514 4281 situs
1544 4235 1624 4279 est
1650 4237 1810 4280 totus.
1844 4225 2118 4296 Siquidem
2149 4226 2333 4280 Domi-

750 4335 847 4374 nus
881 4332 1059 4373 uoster
1087 4317 1356 4374 beneficus
1395 4333 1516 4373 eum
1557 4319 1647 4384 sit,
1680 4317 1781 4373 hoc
1812 4320 2048 4373 nntxime
2075 4318 2214 4372 dono
2241 4334 2337 4388 ge-

749 4426 847 4465 nus
879 4419 1117 4464 nostrum
1148 4409 1468 4471 exornavit,
1524 4417 1580 4462 ut
1619 4424 1736 4478 qua:
1785 4410 1988 4463 minora
2044 4407 2205 4476 Sunt,
2240 4425 2338 4464 nec

751 4503 923 4573 magni
957 4503 1237 4567 intersunt,
1268 4519 1366 4556 nec
1397 4500 1562 4556 refert
1599 4501 1866 4572 quidpiam
1900 4502 1945 4557 si
1971 4502 2291 4557 intercidant
2321 4543 2337 4570 ,

748 4610 808 4646 ea
845 4605 1044 4657 naturae
1075 4595 1381 4650 necessitati
1421 4592 1724 4658 addixerit;
1761 4607 2006 4648 verorum
2039 4601 2216 4648 autem
2246 4593 2342 4646 bo-

750 4703 940 4741 norum
974 4703 1070 4741 nos
1095 4687 1312 4754 opifices
1339 4701 1457 4740 c.-..se
1484 4687 1827 4739 concesserit.
1870 4685 2082 4740 Atenim
2128 4685 2172 4738 si
2205 4686 2339 4755 pul-

751 4778 1069 4834 citriludinis
1119 4790 1394 4846 corporea:
1481 4791 1578 4829 nos
1651 4776 1897 4830 dominos
1970 4774 2338 4842 reddidisset,

753 4870 1078 4940 superfluam
1121 4869 1529 4923 sollicitudinem
1583 4868 2048 4938 suscepissemus,
2097 4876 2257 4936 atque
2291 4869 2341 4921 in

754 4963 916 5018 rebus
1009 4959 1354 5017 infructuosis
1448 4969 1614 5014 totum
1693 4968 1903 5031 tempus
1972 4958 2341 5028 impendisse-

756 5070 896 5121 ntus,
927 5053 1117 5108 animrc
1143 5068 1266 5107 cura
1295 5067 1511 5121 prorsus
1539 5051 1796 5121 neglecta.

831 5147 1070 5216 Corporis
1092 5146 1417 5216 pulchritudo
1431 5145 1603 5217 augeri
1623 5161 1723 5200 non
1744 5152 1923 5213 potest,
1947 5141 2132 5198 animae
2153 5158 2349 5211 semper

761 5241 1138 5311 potest.—Cum
1150 5241 1284 5296 enim
1301 5238 1639 5312 negatanobis
1651 5236 1936 5306 huiusmodi
1948 5231 2197 5292 facultate
2212 5250 2349 5288 nunc

760 5334 934 5386 omnia
957 5329 1229 5391 faciamus.
1255 5330 1430 5383 omnia
1453 5330 1754 5394 moliamur,
1777 5343 1837 5381 ae
1857 5343 1977 5381 cum
2004 5315 2182 5382 veram
2204 5340 2347 5380 assc-

764 5427 851 5494 qiri
882 5426 1110 5493 speciem
1126 5436 1468 5491 nequeamus,
1493 5419 1770 5490 pigmentis
1788 5417 1928 5472 illam
1951 5417 2103 5472 nobis
2118 5416 2351 5470 vindice-

766 5531 905 5579 izrllf,
937 5531 997 5567 ac
1024 5513 1307 5577 coloribus,
1338 5511 1584 5580 picturis,
1615 5508 1926 5577 capillorum
1965 5505 2348 5569 concinnitate,

833 5656 846 5685 ι
886 5659 1011 5719 rest,
1031 5651 1282 5713 gaudium,
1309 5649 1452 5719 aliqui
1466 5647 1668 5719 addunt:
1679 5645 2053 5719 jucmtdt'tat‘crn.

831 5720 850 5748 ι
888 5719 959 5762 ἐξα
979 5706 1076 5762 duo
1099 5721 1204 5761 sisit.
1242 5706 1292 5761 ct
1325 5706 1524 5773 quidem
1559 5709 1734 5757 melius
1756 5720 1900 5769 quam
1922 5706 2022 5765 alii,
2049 5707 2131 5773 qui
2161 5707 2230 5755 sic
2265 5706 2350 5753 ha-

767 5778 906 5837 bent,
938 5789 1027 5825 nc
1094 5776 1251 5827 turbis
1286 5769 1581 5836 exprimere,
1647 5783 1733 5819 nec
1777 5777 1949 5819 mente.
2009 5769 2216 5819 obscure
2281 5777 2353 5818 ta-

771 5853 1029 5952 min
1051 5906 1099 5952 et
1115 5900 1211 5950 duo
1237 5907 1338 5948 uss.
1368 5896 1561 5955 addunt,
1589 5895 1690 5952 tlta,
1715 5902 1839 5954 post.
1858 5900 1982 5943 sunt.

1418 439 1473 496 S.
1514 439 1793 498 JOANNIS
1829 438 2305 499 CHRYSOSTOMI
2347 431 2659 496 ARClliEP.
2703 431 3235 496 CONSTANTINOP.

3882 423 3998 484 9.96

2403 553 2628 608 vestium
2681 553 2910 610 amictu.
2956 548 3230 606 oculorum
3271 547 3497 602 artiﬁcio
3540 545 3763 616 aliisque
3814 550 4004 598 tnultts

2404 644 2664 698 machinis
2678 641 2864 696 falsam
2885 639 3328 710 pulchritudinem
3346 634 4000 706 ementiamur,quodnam

2405 733 2638 787 studium
2667 733 2855 786 anim‘r
2883 740 2938 786 et
2963 729 3124 784 rebus
3149 730 3384 784 honestis
3407 740 3726 797 poneremus
3745 768 3759 789 ,
3789 726 3832 778 si
3864 739 4002 778 cor-

2405 837 2505 893 ;as
2538 825 2588 878 in
2629 825 2902 893 pulchram
2935 822 3158 876 formam
3200 829 3405 874 mutare
3441 816 3756 888 possemus?
3780 809 4002 871 Nullam

2409 913 2630 967 fortasse
2655 915 2810 967 aliam
2841 927 3056 982 operam
3089 910 3479 978 susciperemns
3508 909 3547 972 ¹,
3577 907 3621 961 si
3654 905 3768 960 haec
3797 914 4002 958 nostra:

2410 1003 2675 1058 facultatis
2705 1014 2843 1057 esset
2871 1043 2884 1068 ,
2913 1002 3011 1056 sed
3041 1012 3206 1055 totum
3236 1014 3673 1054 consumeremus
3709 1007 3914 1065 tempus
3940 1007 4007 1048 ut

2409 1112 2620 1151 servam
2643 1096 2861 1150 infinitis
2881 1095 3208 1149 ornamentis
3225 1091 3621 1154 decorat-emus,
3640 1090 3766 1144 dum
3781 1089 4003 1142 domina

2409 1188 2529 1257 plus
2556 1201 2713 1256 quam
2741 1186 2844 1240 vile
2873 1185 3195 1253 mancipium
3225 1185 3276 1236 in
3316 1180 3652 1236 deformitate
3689 1187 3746 1233 et
3776 1179 4010 1247 segnitie

2405 1280 2630 1350 jaccrct.
2672 1279 2782 1344 Qua
2809 1278 2874 1332 de
2916 1291 3074 1331 causa
3122 1277 3292 1337 Deus,
3327 1273 3571 1342 adempta
3609 1269 3804 1326 infelici
3835 1284 4006 1336 cura,

2414 1373 2652 1427 melioris
2684 1370 2760 1424 rei
2786 1379 2954 1424 artem
2985 1367 3137 1422 nobis
3169 1364 3397 1429 indidit;
3427 1364 3495 1417 ita
3522 1373 3578 1416 ut
3601 1363 3685 1432 qui
3719 1374 3913 1430 corpus
3933 1374 4009 1413 ex

2412 1464 2634 1518 deformi
2659 1463 2875 1528 elegans
2898 1458 3122 1515 reddere
3145 1472 3248 1511 non
3274 1464 3466 1526 potest,
3495 1455 3538 1508 is
3562 1453 3725 1522 possit
3746 1451 4007 1513 animam,

2416 1554 2624 1610 etiamsi
2651 1553 2700 1606 in
2729 1562 3022 1607 extremam
3053 1548 3444 1604 deformitatem
3467 1543 3746 1608 deciderit,
3775 1542 3827 1596 in
3853 1556 4010 1596 sum-

2416 1662 2556 1702 tuam
2601 1642 3048 1716 pulchritudinem
3095 1640 3390 1704 reducere,
3437 1636 3680 1704 adeoque
3720 1632 4012 1688 amabilem

2411 1737 2803 1810 jucundamun
2826 1733 3045 1789 reddere
3066 1774 3079 1797 ,
3116 1741 3171 1785 ut
3199 1745 3304 1785 non
3335 1730 3484 1798 pt‘obi
3512 1736 3716 1781 tantum
3746 1724 3840 1778 Viri
3866 1765 3881 1787 ,
3911 1727 4017 1778 sed

2417 1833 2574 1887 etiam
2605 1830 2840 1885 muniam
2872 1829 2981 1882 ilex
3013 1836 3065 1882 et
3111 1825 3250 1880 Deus
3283 1824 3334 1877 in
3375 1823 3488 1891 ejus
3519 1817 4018 1888 concupiscentiam

2417 1923 2597 1976 veniat
2634 1939 2645 1975 :
2679 1918 3122 1990 quemadmodum
3157 1925 3208 1970 rt
3240 1914 3511 1984 psalmista
3541 1912 3606 1966 de
3643 1909 3735 1964 illa
3771 1907 4019 1979 pulchri-

2421 2013 2601 2068 tudine
2620 2013 2882 2081 loquitur:
2908 2009 2977 2062 Et
2993 2008 3305 2078 concupiscet
3330 2021 3418 2058 rex.
3433 2004 3658 2058 decorem
3682 2012 3818 2054 tuum
3836 1997 4017 2072 (Pani.

2417 2107 2485 2161 43
2508 2148 2522 2171 ,
2555 2107 2663 2177 l2).
2689 2110 2878 2158 Annon
2910 2100 3057 2154 vides
3091 2100 3141 2153 in
3175 2095 3515 2167 lupanaribus
3541 2092 3809 2148 deformes
3837 2099 3892 2146 et
3915 2092 4021 2143 im-

2421 2190 2682 2266 pudentes
2713 2194 2964 2248 mulieres
2995 2207 3061 2245 ne
3092 2205 3118 2242 a
3153 2187 3533 2258 gladiatoribus
3562 2185 3798 2256 quidem,
3830 2183 4020 2253 fugiti-

2421 2290 2522 2355 vis,
2553 2298 2606 2344 et
2633 2289 2696 2342 iis
2721 2287 2809 2356 qui
2833 2301 2953 2340 cum
2981 2282 3168 2338 bestiis
3191 2281 3493 2351 depugnant
3519 2320 3533 2345 ,
3566 2277 3808 2340 admitti;
3837 2275 3880 2329 si
3913 2290 4021 2344 qua

2423 2397 2551 2437 vero
2577 2383 2640 2434 sit
2673 2381 2924 2442 formosa,
2959 2377 3185 2446 ingenua
3211 2381 3266 2427 ct
3299 2369 3621 2439 pudibunda,
3648 2383 3763 2436 qn.c
3791 2366 4022 2421 calami-

2424 2485 2532 2530 tate
2578 2471 2806 2542 q-radam
2856 2471 2904 2523 in
2952 2468 3111 2522 talem
3161 2463 3406 2520 inciderit
3453 2459 3825 2516 necessi'atem
3853 2499 3867 2524 ,
3895 2472 4024 2511 eam

2422 2581 2643 2622 uxorem
2668 2564 2863 2618 ducere
2889 2576 2953 2616 ne
2984 2562 3124 2614 viros
3153 2556 3364 2627 quidem
3394 2567 3614 2623 magnos
3645 2560 3696 2605 et
3725 2547 4026 2620 Splendida

2424 2660 2650 2713 fortuna:
2681 2651 3041 2710 erubescere?
3070 2649 3220 2718 Quod
3252 2649 3296 2702 si
3322 2656 3466 2700 tanta
3490 2654 3572 2699 est
3603 2642 3743 2712 apud
3776 2639 4027 2694 homines

2424 2748 2812 2814 misericordia,
2827 2754 2880 2801 et
2900 2753 3075 2798 tantus
3088 2742 3269 2812 glori-.e
3286 2747 3706 2807 contemptus,ut
3721 2747 3863 2802 smpe
3881 2731 4024 2792 il'as,

2427 2856 2545 2912 qua:
2571 2841 2620 2893 in
2648 2839 2848 2892 fornice
2871 2833 3156 2906 ignominia
3179 2840 3300 2885 sunt
3324 2827 3546 2891 allectat,
3568 2827 3634 2880 ab
3658 2824 3747 2878 illa
3768 2823 4030 2876 servitute

2429 2931 2655 2985 liberem.
2681 2961 2702 2995 ,~
2729 2937 2783 2983 et
2828 2942 2921 2996 pro
2951 2923 3266 2994 coniugibus
3306 2920 3538 2974 habeant
3570 2935 3583 2970 :
3617 2925 3811 2984 quanto
3853 2912 4033 2994 major

2427 3020 2568 3091 apud
2610 3020 2781 3074 Deum
2805 3016 2905 3071 erit
2945 3031 3068 3083 erga
3110 3013 3344 3075 animas,
3387 3002 3504 3078 qua:
3545 3021 3640 3076 per
3687 2990 4031 3074 tyrannidem

2429 3114 2566 3168 diab.
2593 3113 2624 3166 Ii
2668 3127 2699 3166 a
2746 3111 2919 3182 prisca
2963 3109 3050 3161 illa
3100 3105 3375 3160 nobilitate.
3417 3103 3436 3131 '
3486 3101 3538 3153 in
3585 3095 3866 3167 prmscntis
3907 3094 4035 3145 vita:

2431 3207 2655 3276 lupanar
2703 3203 2933 3257 reductre
2979 3198 3140 3252 sunt?
3188 3190 3502 3263 Huiusmodi
3546 3186 3786 3255 exempla
3830 3183 4037 3253 passim

2432 3299 2570 3369 apud
2599 3295 2886 3367 prophetas
2911 3291 3167 3362 reperias,
3192 3303 3313 3342 cum
3339 3281 3632 3339 Jerusalem
3656 3277 4035 3345 allaqauntur,

2432 3364 2549 3462 qum
2579 3364 2758 3458 utique
2789 3387 2840 3440 in
2887 3382 3288 3438 fornicationem
3322 3373 3581 3429 inciderat
3604 3411 3618 3435 ,
3650 3371 3756 3422 imo
3797 3364 4038 3418 fornica-

2435 3455 2631 3537 tionem
2673 3455 2801 3533 novi
2871 3476 3105 3550 generis,
3148 3464 3601 3543 quemadmodum
3632 3455 3990 3540 ait‘Ezechict
4028 3473 4043 3510 :

2438 3574 2682 3626 Omnibus
2709 3569 3049 3623 meretricibus
3071 3567 3257 3617 dantur
3279 3555 3548 3620 mercedes,
3576 3563 3627 3605 tu
3651 3567 3763 3606 vero
3786 3550 4044 3601 mercede:

2437 3664 2612 3725 dabas,
2644 3671 2690 3715 et
2721 3660 2859 3729 apud
2887 3666 2930 3710 te
2956 3658 3151 3708 diverso
3183 3653 3330 3706 modo
3360 3649 3554 3720 agitur,
3589 3658 3737 3715 quant
3763 3642 3902 3710 apud
3931 3655 4050 3693 ca:-

2438 3764 2567 3808 tcras
2597 3750 2824 3825 (Ezeclt.
2856 3749 2940 3803 16.
2969 3749 3035 3801 235
3059 3729 3100 3816 )l.
3136 3745 3201 3799 Et
3230 3744 3384 3806 alius,
3414 3736 3606 3811 Sedisti
3637 3740 3931 3802 exspectans
3955 3745 4050 3784 eos

2439 3822 2694 3915 tulitquam
2739 3840 2915 3894 cornix
2945 3839 3138 3894 deserta
3167 3835 3185 3864 ³
3215 3832 3344 3907 (Jer.
3375 3834 3427 3887 5.
3453 3832 3491 3884 (Ξ
3515 3830 3555 3897 ).
3585 3825 3729 3879 llanc
3757 3823 3932 3890 itaque
3963 3822 4052 3877 sic

2439 3913 2752 3990 fornicatam
2777 3944 2984 3986 rursum
3010 3936 3198 3981 evocat
3217 3925 3373 3977 Deus.
3397 3917 3609 3976 Etenim
3633 3913 3911 3983 captivitas
3931 3926 4053 3966 non

2443 4040 2548 4082 tam
2573 4027 2639 4080 ad
2668 4025 2951 4079 vindictam
2974 4016 3264 4082 acciderat,
3288 4031 3444 4085 quam
3469 4011 3534 4066 ad
3560 4006 3971 4064 conversionem
3992 4013 4055 4056 et

2443 4119 2893 4174 emendationem.
2916 4112 3190 4182 Siquidem
3214 4109 3257 4164 si
3281 4123 3372 4162 eos
3395 4119 3612 4178 prorsus
3634 4097 3818 4157 ulcisci
3841 4095 4056 4149 voluis-

2442 4223 2524 4269 set
2549 4214 2708 4276 Deus,
2735 4226 2838 4263 non
2859 4207 3160 4262 reduxisset
3182 4203 3419 4260 domum,
3447 4212 3545 4253 nec
3569 4196 3757 4250 urbem
3778 4187 4053 4257 :najorcm

2442 4301 2944 4373 οιευιριιόξᾱὶοτυιη,
2962 4312 3058 4352 nec
3073 4294 3326 4362 templum
3342 4289 3521 4344 itidem
3539 4285 4047 4342 deunoexeitasse-t:

2446 4397 2556 4449 [frit
2577 4396 2730 4456 enim,
2755 4393 2846 4453 ait,
2868 4390 3031 4461 gloria
3058 4388 3235 4441 domus
3259 4384 3408 4453 hujus
3429 4379 3699 4434 novissima
3723 4375 4054 4447 pra'stautior

2449 4487 2614 4558 priore
2644 4485 2795 4558 (Agg.
2815 4481 3003 4552 2.10).
3036 4478 3188 4547 Quod
3219 4477 3262 4531 si
3291 4476 3430 4529 Deus
3461 4487 3603 4542 sa‘pe
3629 4477 4054 4538 construrcatam

2449 4577 2667 4631 libidine
2702 4590 2730 4627 a
2772 4570 3082 4643 paenitentia
3116 4583 3221 4622 non
3248 4565 3506 4629 exclusit,
3536 4563 3701 4616 multo
3729 4560 3892 4627 magis
3924 4558 4054 4611 ani-

2451 4686 2590 4723 tuam
2613 4677 2759 4720 tuam
2781 4660 3189 4732 amplexabitur,
3215 4671 3331 4726 quae
3355 4669 3493 4708 nunc
3517 4653 3743 4722 primum
3770 4649 3916 4716 lapsa
3941 4660 4054 4701 est.

2451 4761 2620 4814 Nemo
2643 4757 2807 4819 enim,
2833 4769 2990 4808 nemo
3013 4764 3287 4818 corporea:
3309 4753 3513 4799 amator
3533 4743 3741 4807 furtum,
3766 4747 4056 4808 quantum~

2453 4855 2580 4908 libet
2622 4853 2872 4911 insanus,
2905 4855 3048 4899 tanta
3083 4842 3269 4894 amica:
3307 4854 3418 4891 sua:
3445 4835 3464 4866 ³
3487 4834 3639 4889 ardet
3663 4830 4065 4899 concupiscen-

2455 4949 2546 5010 tia,
2577 4951 2778 5013 quanto
2798 4936 2984 5009 _studio
3015 4935 3160 4988 Deus
3187 4931 3484 4984 animarum
3512 4933 3819 4979 nostrarum
3850 4920 4066 4988 appetit

2453 5039 2678 5090 salutem
2712 5053 2723 5086 :
2751 5031 2890 5102 quod
2921 5040 3030 5081 tum
3060 5041 3123 5080 ex
3154 5025 3216 5077 iis
3239 5037 3356 5091 (μιν
3379 5017 3616 5090 quotidie
3641 5014 3913 5076 accidunt,
3938 5023 4062 5090 tum

2456 5147 2518 5184 cx
2540 5130 2838 5181 divinarum
2860 5122 3252 5191 Scripturarutn
3272 5114 3426 5168 dictis
3448 5110 3627 5165 videre
3649 5110 3792 5162 licet.
3816 5107 4065 5160 Observa

2458 5202 2562 5276 Lam
2593 5222 2645 5274 in
2673 5221 2787 5289 ipso
2808 5214 3056 5271 Jcrcmite
3083 5206 3324 5275 exordio,
3355 5219 3511 5276 quam
3539 5203 3666 5257 alibi
3695 5201 3894 5271 passim
3916 5199 4065 5267 apud

2459 5317 2769 5387 prophetas,
2798 5306 3065 5380 quomodo
3087 5303 3374 5372 despectus
3394 5309 3447 5351 et
3472 5294 3800 5363 contemptui
3822 5292 4066 5357 habitus,

2459 5384 2672 5464 rursum
2706 5404 2865 5457 instet
2901 5408 2954 5454 et
2979 5396 3269 5451 amicitiam
3303 5390 3489 5445 eorum
3517 5430 3531 5454 ,
3562 5387 3651 5456 qui
3691 5385 3759 5440 ab
3799 5399 3860 5438 se
3888 5384 4070 5438 aversi

2463 5505 2674 5558 inerant
2701 5539 2713 5565 ,
2743 5495 2989 5566 exquirat
3017 5508 3030 5545 :
3062 5488 3204 5561 quod
3225 5487 3387 5542 etiam
3415 5485 3527 5556 ipse
3557 5484 3606 5535 in
3638 5478 3943 5550 Evangeliis
3973 5478 4073 5534 de-

2531 5707 2544 5735 ⁸
2583 5701 2721 5750 εει-,ξι
2746 5709 2798 5750 et
2817 5696 3012 5760 quidam
3042 5701 3150 5760 also.
3177 5690 3376 5760 addunt,
3397 5687 3447 5760 in
3466 5686 3578 5760 rita.

2530 5767 2549 5796 ³
2819 5748 2946 5808 tinus
2966 5755 3098 5811 ϐοά..
3125 5751 3370 5802 nobilitate
3389 5757 3431 5798 t"
3458 5748 3647 5796 (ἔστην.

2534 5828 2554 5860 ³
2817 5803 3168 5884 (penuriam,
3191 5813 3360 5862 (tr-uix
3382 5812 3429 5861 in
3455 5812 3645 5858 desert-5‘
3665 5803 3788 5855 sola.

2537 5896 2560 5921 ⁸
2592 5893 2758 5943 Deest,
2782 5883 2904 5941 srut',
2923 5884 2972 5929 in
2995 5883 3175 5942 aliquot
3197 5884 3303 5924 suis.
