4276 6316
286 381 381 434 297

288 503 455 551 clara!
485 498 565 552 hts
606 502 777 555 verbis
810 518 823 555 :
855 502 1135 557 Jerusalem
1161 545 1173 567 ,
1206 504 1484 557 Jerusalem
1506 545 1518 566 ,
1550 521 1662 574 qua:
1685 506 1869 559 occidis

289 591 557 651 prophetas
577 632 593 656 ,
621 601 669 645 et
705 592 905 662 lapidas
938 611 1020 647 eos
1045 596 1129 663 qui
1166 597 1231 648 ad
1268 606 1312 649 te
1345 596 1483 668 missi
1509 606 1651 661 sunt,
1684 599 1873 664 quoties

289 682 422 733 colui
441 696 748 752 congregare
772 686 907 752 filios
937 696 1067 752 tuos,
1090 688 1510 753 quemadmodum
1536 690 1725 757 gallina
1748 707 1870 744 con-

286 781 460 839 gregat
484 774 650 840 pullos
673 792 787 829 suos
808 778 899 830 sub
919 779 1048 843 alas,
1074 789 1119 831 et
1142 778 1371 832 noluistis
1397 779 1607 850 (Matth.
1630 782 1719 836 25.
1743 782 1872 851 57)?

289 862 353 914 Et
376 862 573 917 Paulus
602 866 652 917 in
678 863 906 934 Epistula
934 869 997 923 ad
1024 870 1325 925 Corinthios
1344 871 1556 927 dicebat
1581 889 1592 923 :
1621 871 1873 938 Quoniam

287 950 423 1003 Deus
466 964 573 1005 erat
612 955 664 1006 in
701 954 931 1021 Christo,
968 960 1210 1012 mundum
1250 963 1576 1014 reconcilians
1615 963 1739 1026 sibi,
1772 979 1872 1017 non

284 1052 526 1106 reputans
550 1045 653 1098 illis
680 1047 860 1099 delicta
889 1049 1135 1117 ipsorum,
1165 1062 1210 1104 et
1237 1056 1401 1121 posuit
1427 1056 1479 1107 in
1504 1054 1645 1108 nobis
1673 1056 1870 1109 verbum

284 1135 728 1190 reconciliationis.
763 1138 864 1192 Pro
891 1139 1090 1195 Christo
1134 1159 1250 1213 ergo
1285 1145 1533 1214 legatione
1575 1148 1868 1217 fungimur,

285 1230 526 1291 tanquam
556 1223 661 1279 Deo
687 1230 981 1282 exhortante
1002 1247 1089 1299 per
1115 1248 1223 1285 nos.
1256 1231 1585 1288 Obsecramus
1610 1254 1701 1305 pro
1725 1236 1873 1292 Clari-

284 1324 380 1374 διο,
406 1318 801 1371 reconciliantiui
825 1320 931 1376 Deo
953 1322 1028 1392 (2.
1059 1322 1176 1376 Cor.
1282 1326 1368 1380 19.
1396 1327 1508 1398 ‘20).
1540 1328 1663 1383 [huc
1685 1330 1749 1383 ad
1774 1346 1875 1385 nos

286 1417 431 1456 nuuc
459 1405 598 1458 dicta
624 1416 803 1475 putato
832 1429 843 1462 :
872 1428 972 1465 non
997 1414 1139 1466 enim
1164 1414 1504 1470 incredulitas
1527 1427 1753 1487 tantum,
1779 1422 1872 1476 sed

284 1496 446 1547 etiam
478 1499 585 1550 vita
617 1499 885 1555 immunda
914 1504 1153 1561 odiosam
1190 1505 1323 1559 hanc
1351 1509 1679 1563 inimicitiam
1725 1514 1871 1567 exci-

286 1595 401 1638 tare
430 1596 603 1654 potest
630 1606 642 1641 :
674 1588 809 1641 Nam
834 1593 1079 1660 sapientia
1104 1596 1289 1660 carnis,
1312 1597 1499 1666 inquit,
1520 1600 1780 1653 inimicitia
1802 1612 1874 1656 est

288 1672 399 1725 Dea
428 1674 448 1738 ί
475 1674 625 1727 flatu.
659 1681 709 1731 8.
741 1681 771 1733 7
797 1684 837 1747 ).
868 1682 1211 1738 Destrumtus
1242 1686 1400 1755 igitur
1424 1687 1526 1742 hoc
1552 1701 1781 1759 septum,
1811 1706 1876 1747 ac

288 1768 567 1819 diruamus
599 1778 969 1840 mortuumque
1000 1787 1362 1842 ponamus,ut
1391 1778 1598 1833 beatam
1631 1784 1874 1837 reconci-

284 1854 565 1909 liationem
592 1855 948 1924 adipiscamur
966 1904 981 1928 ,
1011 1873 1066 1918 ut
1092 1865 1376 1921 rcddunur
1405 1868 1595 1924 iterum
1623 1873 1877 1929 amabiles

294 1957 338 1996 et
374 1944 758 2003 desiderabiles
782 1951 910 2006 Deo.

388 2054 476 2106 Μ.
532 2054 836 2111 Theodorus
871 2056 1178 2125 llerntiones
1210 2078 1388 2115 amore
1414 2070 1621 2130 captus.
1661 2092 1728 2101 --
1762 2062 1888 2115 Scio

312 2157 365 2199 te
400 2161 546 2199 nunc
579 2145 906 2203 Hermioues
936 2152 1169 2204 formam
1197 2154 1407 2215 mirari,
1432 2153 1673 2221 nihilque
1698 2154 1750 2205 in
1781 2160 1888 2205 ter-

311 2236 390 2289 ris
443 2237 565 2304 ejus
603 2238 1015 2307 pulchritudine
1048 2257 1145 2310 par
1179 2256 1304 2296 esse
1346 2250 1557 2309 putare.
1611 2241 1808 2296 Venno
1842 2242 1887 2296 si

310 2328 469 2393 velis,
504 2344 537 2382 0
570 2329 767 2393 amice,
811 2337 961 2384 tanto
1012 2331 1103 2384 illa
1154 2331 1455 2400 elegantior
1500 2339 1553 2385 et
1611 2322 1889 2400 pulchrior

308 2419 445 2482 eris,
469 2426 675 2488 quanto
694 2420 854 2474 luteis
886 2436 1065 2475 aurea:
1089 2430 1304 2476 statuae.
1329 2420 1463 2474 Nam
1502 2423 1544 2474 si
1571 2423 1623 2474 in
1654 2436 1887 2490 corpore

311 2510 671 2579 pulchritudo
708 2510 1004 2564 multorum
1046 2512 1262 2567 animos
1295 2512 1368 2565 ita
1407 2512 1654 2580 percellit
1688 2519 1742 2564 et
1799 2527 1893 2565 cx-

305 2601 462 2666 ritat,
516 2600 735 2669 quando
782 2594 844 2656 ea
882 2603 935 2655 in
971 2604 1153 2655 anima
1190 2601 1488 2664 refulserit,
1526 2601 1654 2671 quid
1713 2602 1893 2669 hujus-

307 2690 457 2745 modi
485 2692 698 2759 speiie';
732 2707 794 2745 ac
822 2691 1213 2760 pulchritudini
1252 2692 1431 2747 simile
1474 2692 1680 2746 fuerit?
1712 2690 1894 2760 Siqui-

306 2783 431 2837 dem
460 2782 626 2851 hujus
658 2782 1085 2851 pulchritudinis
1116 2782 1425 2837 substantia
1459 2782 1594 2836 nihil
1624 2780 1770 2835 aliud
1789 2789 1894 2844 est,

303 2885 469 2939 quam
500 2872 772 2948 pljlegnza,
804 2870 1050 2941 sanguis,
1092 2870 1312 2935 humor,
1332 2871 1478 2934 bilis,
1505 2878 1558 2925 et
1589 2870 1695 2924 cibi
1719 2868 1894 2923 mansi

302 2975 531 3015 succus.
569 2958 668 3013 llis
709 2959 908 3028 quippe
957 2961 1122 3015 rebus
1154 2962 1325 3027 oculi,
1374 2975 1527 3029 gente
1573 2967 1628 3013 et
1683 2960 1893 3027 reliqua

302 3050 547 3105 membra
601 3051 899 3121 irrigantur
942 3051 1135 3121 :qnod
1185 3052 1232 3105 si
1283 3052 1658 3120 irrigationem
1711 3050 1897 3118 hujus-

303 3139 449 3193 modi
493 3155 522 3192 a
578 3148 768 3195 ventre
796 3151 849 3195 ct
878 3157 908 3194 a
933 3141 1122 3210 jecore
1159 3149 1576 3210 promanantem
1613 3157 1719 3196 non
1753 3157 1892 3211 quo-

302 3231 437 3285 tidie
452 3231 750 3299 accipiant,
769 3241 893 3287 cute
918 3232 1176 3288 indecore
1188 3241 1583 3297 marcescente,
1599 3235 1885 3304 oculisque

300 3323 602 3392 depressis,
637 3323 749 3378 oris
781 3324 995 3392 species
1033 3331 1145 3378 tota
1185 3324 1449 3378 continuo
1488 3326 1687 3379 avolat.
1718 3323 1795 3378 Ita
1831 3335 1891 3378 ut

298 3417 345 3470 si
387 3415 729 3477 consideres,
772 3430 893 3484 quae
933 3414 1285 3484 pulchritudo
1337 3416 1468 3471 insit
1516 3416 1715 3481 oculis,
1769 3432 1891 3485 qua:

299 3512 449 3557 recte
480 3504 804 3573 compositis
831 3506 1077 3569 naribus,
1108 3520 1230 3575 quae
1261 3507 1479 3575 corpori
1510 3514 1564 3560 et
1595 3506 1769 3577 genis,
1803 3507 1884 3559 ui-

298 3593 373 3645 bil
408 3592 555 3646 aliud
586 3608 711 3648 esse
736 3595 986 3663 corporis
1014 3596 1483 3665 pulchritudinem
1516 3597 1693 3663 dicas,
1722 3612 1887 3667 quam

298 3685 656 3754 sepulchrum
699 3685 1012 3739 dealbatam
1059 3694 1259 3741 :tanta
1291 3703 1488 3757 nempe
1536 3689 1684 3743 intus
1727 3688 1889 3744 sorde

303 3778 527 3844 plenum
584 3786 685 3831 est.
727 3776 933 3833 Deinde
972 3793 1215 3849 pannum
1269 3779 1314 3833 si
1349 3778 1553 3836 videris
1596 3781 1885 3847 intinctam

298 3868 616 3935 hujusmodi
660 3869 848 3934 rebus,
898 3868 1096 3938 pituita
1146 3870 1398 3925 videlicet
1441 3880 1535 3925 aut
1589 3871 1778 3935 fluore,
1818 3885 1887 3927 ne

294 3956 558 4008 extremis
586 3955 804 4026 quidem
830 3957 1015 4026 digitis
1042 3960 1382 4029 contingere,
1422 3960 1532 4014 imo
1576 3976 1675 4015 nec
1710 3962 1885 4031 respi-

295 4060 418 4100 cere
450 4045 618 4099 audes
658 4066 669 4100 :
712 4054 769 4101 et
799 4056 981 4103 tamen
1025 4050 1340 4119 hujusmodi
1383 4066 1566 4105 rerum
1601 4053 1881 4106 conclavia

293 4145 345 4189 τι
382 4138 682 4206 apothecas
714 4140 935 4210 plurimi
972 4141 1148 4197 facis?
1175 4143 1244 4195 At
1270 4144 1620 4213 pulchritudo
1652 4152 1742 4199 tua
1772 4160 1880 4199 non

295 4228 614 4296 hujusmodi
651 4240 792 4294 erat,
835 4233 927 4286 sed
966 4232 1039 4287 ita
1078 4236 1432 4303 praestantior
1480 4235 1593 4301 illa,
1642 4245 1701 4291 ut
1755 4237 1879 4292 coeli

293 4328 496 4373 terram
528 4323 905 4389 antecellunt;
941 4324 1056 4378 imo
1085 4324 1240 4380 caelis
1268 4325 1406 4395 ipsis
1440 4327 1610 4381 multo
1638 4327 1878 4397 splendi-

294 4410 418 4461 dior
458 4418 511 4462 et
550 4410 764 4464 melior.
796 4412 1047 4467 Animam
1093 4414 1296 4485 quippe
1340 4414 1601 4471 nudatam
1645 4432 1877 4488 corpore

292 4505 451 4584 nemo
479 4492 737 4584 hactenus
782 4497 912 4553 vidit
952 4520 964 4554 :
1012 4502 1224 4561 aliunde
1254 4516 1428 4565 tamen
1469 4512 1585 4583 ejus
1631 4514 1722 4570 tibi
1754 4521 1876 4584 pul-

288 4582 646 4639 chritudinem
700 4586 1069 4648 demonstrare
1118 4597 1371 4665 tentabo,
1417 4615 1447 4655 a
1501 4582 1879 4672 potentiisﬁni-

290 4672 484 4725 mirum
536 4675 848 4744 majoribus.
878 4683 1014 4736 Audi
1056 4684 1217 4754 igitur
1246 4691 1513 4758 quomodo
1539 4695 1707 4749 virum
1731 4696 1876 4752 desi-

288 4760 560 4817 duriorum
583 4765 597 4795 ί
620 4765 827 4822 illarum
851 4769 1016 4826 decor
1043 4777 1356 4844 perculscrit
1377 4798 1389 4832 :
1408 4796 1530 4837 cum
1552 4784 1713 4840 vellet
1733 4788 1876 4843 enim

287 4866 471 4949 earum
517 4854 981 4933 pulchritudinem
1009 4864 1301 4935 declarare,
1330 4885 1430 4926 nec
1460 4885 1642 4942 posset
1682 4890 1879 4949 corpus

289 4941 373 4995 his
398 4943 573 4998 simile
604 4949 861 5015 reperire,
884 4951 951 5006 ad
973 4957 1295 5013 metallicam
1318 4941 1593 5018 materiam
1617 4941 1874 5039 confugit,

285 5049 460 5102 neque
502 5035 586 5089 his
631 5046 935 5108 contentus,
984 5046 1205 5117 fulguris
1235 5052 1575 5120 splendorem
1607 5056 1660 5112 in
1688 5035 1875 5115 excin-

287 5131 428 5198 plum
459 5131 657 5187 attulit.
691 5134 806 5188 Etsi
847 5145 1039 5225 autem
1064 5141 1171 5195 illa:
1206 5158 1310 5197 non
1344 5162 1535 5214 puram
1574 5149 1877 5219 nudamque

284 5221 636 5277 substantiam
683 5240 830 5279 suam
876 5221 1225 5297 ostenderint,
1272 5234 1367 5288 sed
1413 5236 1641 5294 obscure
1686 5240 1874 5295 admo-

282 5311 434 5379 dum,
465 5329 528 5367 ac
559 5316 704 5369 velut
732 5317 783 5371 in
813 5320 1038 5385 umbris,
1082 5325 1154 5376 ita
1184 5332 1360 5379 tamen
1400 5327 1871 5398 resplenduerunt,

284 5413 342 5456 ut
370 5420 463 5460 eas
491 5421 750 5477 apparere
775 5412 1062 5468 verisimile
1082 5423 1165 5469 est
1183 5430 1303 5471 cum
1334 5433 1493 5474 omne
1512 5422 1870 5478 velamentum

284 5504 547 5549 remotum
579 5498 756 5553 fuerit.
790 5500 919 5557 Tale
944 5505 1211 5574 quidpiam
1238 5507 1305 5563 de
1335 5510 1728 5578 pulchritudine
1757 5516 1872 5569 ani-

294 5654 528 5729 utlpnns
545 5656 781 5729 codcxnet
802 5659 941 5729 savii.
970 5662 1028 5729 in
1061 5663 1532 5729 margine.”tenmbo.
1567 5669 1700 5716 I'nde
1725 5670 1871 5729 igitur

284 5714 335 5789 id
359 5714 730 5789 deminuunt»?
754 5733 782 5783 a
812 5720 1080 5789 ca'lcstilnis
1128 5714 1358 5789 ridemus.
1391 5735 1439 5775 It
1483 5729 1600 5776 uurli
1626 5714 1870 5789 quomodo

285 5777 725 5825 “irf'natttrafibus
753 5780 903 5830 tui/ii."
928 5796 986 5829 Im
1016 5777 1164 5832 νίνιςείι
1192 5787 1370 5836 timuiita
1389 5802 1541 5837 mrum
1570 5828 1575 5835 ,
1612 5827 1620 5837 ,
1650 5777 1660 5835 ξ
1685 5826 1695 5835 ,

1455 391 1543 445 All
1585 390 2007 448 TlllitiDORUld
2051 390 2336 448 LAPSL'M.
2378 396 2419 450 Ι.

3462 392 3566 447 ’198

1990 524 2090 563 ma:
2120 510 2351 579 cogitare
2374 518 2602 579 oportet.
2636 508 2818 575 Erunt,
2851 508 3037 578 inquit,
3064 508 3191 563 sicut
3220 511 3385 580 angeli
3418 509 3566 578 (Luc.

1985 604 2079 657 20.
2105 604 2219 675 56).
2252 603 2306 656 ln
2337 603 2651 671 corporibus
2674 616 2885 672 quoque
2911 616 2995 667 ea,
3022 616 3141 670 qua:
3165 601 3359 654 leviora
3387 609 3439 655 et
3488 609 3569 653 te-

1986 694 2173 747 nuiora
2206 703 2351 758 sunt,
2379 708 2603 763 quaeque
2628 707 2723 760 per
2746 692 2882 746 viam
2907 690 3145 745 feruntur
3165 689 3232 743 ad
3256 690 3567 759 incorporea

1985 783 2315 847 tendentem,
2345 784 2500 853 longe
2524 783 2893 851 pra‘stantiora
2928 789 2981 835 et
3008 780 3330 835 mirabiliora
3359 779 3569 833 caneris

1987 874 2266 928 habentur.
2295 872 2497 928 Ctelum
2529 874 2686 943 igitur
2714 874 2892 939 terris,
2931 871 3064 942 ignis
3092 871 3261 941 aquis,
3292 871 3457 926 stellae
3495 870 3570 923 la-

1986 964 2194 1031 pidibus
2242 966 2521 1034 prctiosis,
2572 966 2729 1035 longe
2786 963 3110 1033 speciosiora
3155 971 3330 1015 sunt:
3379 961 3566 1016 iridcm

1990 1055 2157 1110 multo
2187 1056 2373 1126 magis,
2421 1072 2578 1126 quam
2605 1056 2793 1120 violas,
2831 1068 2983 1109 rosas
3008 1063 3338 1121 canorosque
3381 1067 3569 1106 omnes

1990 1157 2146 1202 terra:
2179 1147 2339 1203 flores
2364 1148 2711 1203 admiramur.
2742 1146 2798 1201 In
2820 1161 3026 1201 summa
3066 1147 3108 1199 si
3151 1158 3336 1213 posses
3376 1145 3567 1198 anima:

1992 1236 2441 1306 pulchritudinem
2484 1239 2652 1292 oculis
2697 1236 2973 1306 corporeis
3023 1235 3257 1300 intueri,
3308 1249 3566 1303 corporea

1987 1327 2099 1381 lucc
2145 1328 2386 1398 exempla
2433 1328 2728 1395 derideres,
2779 1342 2947 1397 usque
2975 1327 3107 1380 adeo
3145 1326 3373 1380 tenuiter
3418 1324 3571 1380 nobis

1986 1420 2176 1473 anima:
2224 1419 2449 1474 formam
2496 1420 2852 1489 decoremque
2893 1418 3183 1474 deliueant.
3212 1417 3310 1481 Ne,
3362 1431 3565 1487 quaeso,

1989 1511 2145 1564 talem
2181 1512 2591 1579 possessionem,
2629 1520 2682 1565 et
2718 1510 3022 1579 hujusmodi
3067 1510 3372 1565 felicitatem
3404 1510 3569 1578 negli~

1984 1616 2171 1670 gamus
2212 1621 2225 1677 ξ
2272 1617 2393 1655 eum
2440 1603 2670 1657 maxime
2712 1601 2881 1657 facilis
2912 1602 3065 1657 nobis
3107 1602 3283 1656 aditus
3313 1602 3379 1655 ad
3420 1601 3570 1655 illam

1986 1690 2431 1759 pulchritudinem
2460 1692 2614 1746 detur
2635 1707 2730 1761 per
2750 1706 2897 1761 spem
2927 1692 3267 1746 futurorum‘.
3288 1691 3575 1744 Momenta-

1986 1799 2135 1837 neum
2164 1784 2316 1849 enim,
2361 1785 2549 1854 inquit,
2583 1797 2629 1838 et
2668 1786 2772 1840 leve
2820 1784 3159 1838 tribulationis
3204 1793 3387 1838 nostra:
3416 1800 3573 1852 supra

1984 1872 2190 1925 modum
2217 1874 2267 1926 in
2292 1874 2613 1941 sublimitate,
2636 1878 2878 1928 wternum
2904 1873 3082 1945 gloria
3096 1875 3295 1943 pondus
3313 1882 3570 1941 operatur,

1986 1978 2087 2015 non
2114 1962 2563 2032 contemplantibus
2603 1963 2744 2017 nobis
2772 1979 2885 2034 qua:
2910 1963 3158 2027 videnlur,
3190 1964 3276 2015 sed
3317 1965 3445 2034 qua!
3471 1978 3575 2015 non

1985 2054 2257 2107 ridentur:
2299 2070 2412 2122 quce
2446 2055 2577 2107 enim
2625 2055 2853 2108 ridentur
2902 2054 3197 2123 temporalia
3246 2062 3414 2115 sunt;
3462 2070 3574 2122 qua:

1986 2153 2279 2197 autemnon
2303 2146 2553 2209 ridentur,
2596 2156 2781 2199 trterna
2810 2144 2885 2218 (2.
2918 2144 3035 2199 Cor.
3064 2146 3116 2199 4.
3168 2144 3277 2213 l7).
3328 2144 3483 2209 Quod
3528 2145 3572 2200 si

1989 2232 2378 2298 tribulationes,
2409 2250 2541 2304 quas
2564 2234 2723 2301 nosti,
2750 2235 2894 2289 leves
2918 2234 3123 2289 vocavit
3143 2234 3331 2289 beatus
3352 2233 3570 2299 Paulus,

1986 2323 2109 2392 quia
2138 2337 2240 2377 non
2272 2324 2556 2393 respicitur
2580 2323 2647 2379 ad
2674 2340 2734 2379 ea
2756 2339 2875 2393 qum
2906 2324 3171 2387 videntur,
3205 2324 3372 2378 multo
3402 2323 3574 2377 levius

1988 2423 2040 2467 ct
2071 2413 2278 2467 facilius
2321 2418 2424 2469 erit
2462 2415 2732 2470 libidinem
2783 2415 2990 2470 sedare.
3019 2410 3265 2475 Nondum
3319 2414 3464 2468 enim
3508 2413 3577 2466 ad

1989 2505 2223 2575 pericula
2256 2514 2308 2560 te
2339 2506 2427 2559 illa
2455 2521 2732 2573 vocamus,
2760 2520 2865 2560 non
2898 2505 2961 2559 ad
2994 2514 3192 2559 mortes
3213 2490 3572 2573 quotidianus,

1988 2612 2092 2651 non
2123 2597 2187 2650 ad
2218 2597 2396 2667 plagas
2427 2598 2755 2667 frequentes,
2797 2597 3039 2661 verbera,
3084 2596 3313 2661 vincula,
3346 2594 3574 2649 inimicis

1989 2687 2088 2740 tias
2118 2701 2237 2739 cum
2268 2686 2397 2741 orbe
2428 2696 2713 2750 terrarum,
2758 2700 2860 2741 non
2892 2686 2959 2740 ad
2986 2685 3104 2740 odia
3131 2685 3573 2750 domesticorum,

1990 2791 2095 2830 non
2143 2777 2207 2830 ad
2241 2777 2444 2846 vigilias
2492 2777 2820 2847 frequentes,
2870 2777 3054 2846 longas
3096 2776 3572 2845 peregrinationes,

1987 2866 2281 2937 naufragia,
2328 2869 2589 2923 latronum
2637 2867 2902 2933 incursus,
2934 2877 3280 2935 cognatorum
3333 2865 3574 2929 insidias,

1986 2959 2200 3014 dolores
2220 2962 2514 3015 amicorum
2544 2976 2738 3024 causa;
2772 2975 2875 3013 non
2918 2959 2982 3014 ad
3012 2959 3228 3023 famem,
3258 2958 3447 3026 frigus,
3474 2975 3573 3011 nn-

1986 3050 2223 3116 ditatem,
2254 3051 2610 3118 exustionem,
2644 3051 2949 3105 mcestitiam
2988 3064 3084 3120 pro
3118 3051 3277 3104 rebus
3303 3050 3417 3104 sive
3449 3050 3570 3112 tuis,

1986 3141 2099 3197 sive
2121 3156 2227 3195 non
2260 3141 2382 3196 tuis.
2423 3140 2564 3195 Nihil
2614 3142 2803 3195 horum
2846 3142 2953 3211 jam
2984 3140 3311 3209 postulamus
3353 3157 3368 3206 ;
3397 3140 3489 3194 sed
3523 3140 3573 3193 id

1985 3234 2155 3288 solum
2176 3248 2447 3303 rogamus,
2470 3248 2499 3287 a
2527 3233 2810 3287 maledicta
2830 3233 3085 3287 servitute
3115 3233 3307 3287 liberes
3330 3241 3400 3298 te,
3422 3241 3478 3288 et
3508 3232 3572 3285 ad

1987 3326 2265 3396 pristinam
2310 3326 2612 3382 libertatem
2660 3334 2964 3388 revertare,
3008 3334 3180 3379 tecum
3230 3333 3482 3393 reputans
3520 3331 3575 3377 et

1986 3416 2219 3471 libidinis
2245 3431 2449 3486 ptenas,
2484 3425 2538 3471 et
2568 3416 2802 3471 debitum
2826 3415 3064 3486 pristina:
3086 3414 3265 3469 virtuti
3306 3424 3408 3468 tuae
3438 3429 3574 3484 prato

1986 3509 2170 3562 mium.
2198 3501 2327 3561 Nam
2376 3507 2517 3578 quod
2550 3506 2808 3562 increduli
2835 3507 2975 3561 circa
3007 3506 3452 3561 resurrectionem
3482 3518 3571 3558 se-

1986 3601 2162 3671 gniter
2190 3598 2364 3653 allecti
2411 3600 2536 3665 sint,
2570 3612 2670 3653 nec
2718 3612 2966 3666 umquam
2998 3595 3133 3651 inde
3158 3604 3359 3649 metum
3406 3595 3574 3649 susci-

1988 3692 2151 3761 piant,
2180 3690 2311 3745 nihil
2338 3699 2483 3746 certe
2527 3690 2720 3744 mirum
2750 3697 2831 3743 est
2860 3707 2873 3741 :
2908 3687 3002 3743 sed
3050 3688 3190 3757 quod
3221 3701 3317 3741 nos
3363 3686 3453 3755 qui
3504 3685 3572 3739 de

1987 3783 2175 3839 futuris
2207 3784 2373 3852 magis
2416 3797 2573 3852 quam
2618 3781 2686 3836 de
2730 3780 3082 3850 praesentibus
3126 3779 3287 3833 rebus
3332 3778 3570 3848 persuasi
3654 3850 3657 3855 Δ

1985 3888 2191 3937 sumus,
2231 3882 2338 3927 tam
2364 3872 2559 3928 misere
2587 3871 2862 3943 degamus,
2895 3880 3001 3925 tam
3032 3868 3360 3935 calamitose,
3392 3869 3568 3924 nullo-

1985 3979 2089 4034 que
2114 3979 2274 4019 sensu
2306 3979 2369 4018 cx
2401 3979 2585 4019 earum
2624 3962 2880 4018 memoria
2907 3962 3222 4021 afficiamur.
3263 3960 3359 4015 sed
3396 3959 3448 4014 in
3479 3975 3572 4015 ex-

1988 4064 2211 4110 tremam
2260 4054 2519 4109 incuriam
2550 4052 2879 4117 delabamur,
2913 4052 2964 4105 id
3010 4065 3139 4106 sane
3165 4050 3412 4105 amentia:
3455 4048 3569 4118 ple-

1986 4162 2112 4202 num
2140 4155 2242 4203 est.
2273 4146 2330 4202 Si
2355 4144 2629 4202 enim'nos
2665 4145 2851 4200 fideles
2873 4143 3059 4201 eadem
3089 4157 3207 4213 qua:
3234 4141 3474 4197 infideles
3495 4142 3570 4195 illi

1986 4236 2228 4302 facimus,
2254 4237 2362 4292 imo
2383 4236 2742 4292 miserabilius
2764 4250 2921 4305 quam
2946 4234 3020 4288 illi
3043 4233 3214 4287 allecti
3241 4232 3568 4302 sumus(non

1986 4328 2178 4383 desunt
2194 4328 2337 4384 enim
2360 4328 2498 4382 inter
2512 4327 2650 4393 illos,
2667 4327 2755 4397 qui
2774 4326 3003 4381 humana
3025 4325 3217 4379 virtute
3234 4322 3567 4392 clarueriut):

1986 4434 2103 4489 quae
2136 4418 2287 4473 nobis
2318 4418 2421 4473 erit
2467 4416 2783 4483 consolatio,
2815 4431 2934 4486 quce
2960 4414 3174 4469 demum
3190 4410 3388 4469 venia?
3419 4412 3569 4467 Multi

1986 4508 2202 4579 quidem
2224 4516 2550 4563 mercatores
2573 4505 2901 4576 naufragium
2926 4506 3066 4576 passi
3095 4518 3203 4559 non
3227 4504 3406 4559 animo
3439 4518 3570 4558 eon-

1985 4599 2350 4667 ciderunt,sed
2374 4600 2559 4655 eadem
2587 4598 2831 4654 institere
2850 4598 2951 4663 via;
2977 4610 3295 4666 quamquam
3318 4595 3368 4649 id
3390 4594 3567 4649 damni

1986 4708 2090 4747 non
2119 4708 2185 4748 ex
2214 4692 2437 4762 segnitie
2466 4692 2706 4747 evenerit
2730 4690 2830 4745 sibi
2861 4731 2876 4757 ,
2903 4688 2996 4744 sed
3027 4689 3074 4743 vi
3108 4695 3439 4743 ventorum:
3473 4702 3567 4741 nos

1984 4797 2184 4851 autem,
2225 4785 2417 4856 quibus
2464 4784 2531 4839 de
2576 4784 2717 4839 bono
2767 4783 2872 4838 fine
2901 4798 3115 4853 semper
3160 4796 3378 4851 sperare
3422 4781 3566 4845 licet,

1984 4891 2103 4931 cum
2145 4876 2312 4946 probe
2366 4877 2618 4944 sciamus,
2670 4892 2849 4946 neque
2890 4876 3243 4946 naufragium,
3277 4890 3450 4945 neque
3476 4874 3571 4929 de-

1988 4967 2219 5023 trimenti
2247 4967 2505 5038 quidlibet
2526 4969 2704 5023 invitis
2733 4968 2887 5023 nobis
2917 4966 3271 5022 obventurum
3300 4981 3440 5031 esse,
3474 4982 3571 5019 an-
3612 4980 3617 4985 '

1985 5074 2091 5114 non
2115 5074 2230 5113 rem
2256 5059 2661 5129 aggrediemur?
2682 5072 2860 5113 annon
2898 5057 3164 5123 eamdem,
3196 5071 3356 5127 quam
3398 5057 3567 5126 prius,

1984 5160 2337 5205 mercaturam
2388 5165 2742 5217 resumemus,
2785 5151 2878 5206 sed
2914 5150 3089 5220 supini
3136 5148 3399 5204 consertis
3428 5148 3571 5218 apud

1984 5258 2082 5297 nos
2130 5245 2375 5299 manibus
2417 5244 2757 5313 jaccbimus?
2792 5244 2862 5300 Et
2905 5244 3103 5298 utinam
3148 5242 3286 5312 apud
3317 5256 3417 5296 nos
3448 5253 3564 5295 tan-

1984 5346 2117 5403 tum,
2170 5345 2224 5390 ct
2254 5352 2361 5391 non
2388 5338 2547 5392 etiam
2580 5346 2764 5392 contra
2788 5328 2907 5401 nos,
2936 5334 3077 5405 quod
3106 5344 3305 5405 apertae
3345 5334 3567 5388 insanire

1981 5434 2082 5479 est.
2114 5425 2248 5480 Nam
2282 5427 2327 5480 si
2355 5428 2473 5497 quis
2519 5428 2663 5497 pugil
2704 5427 2906 5482 omisso
2944 5425 3272 5509 adversario,
3324 5425 3376 5479 in
3404 5433 3566 5493 caput

1980 5534 2133 5573 suum
2166 5535 2356 5573 manus
2380 5527 2719 5577 converteret
2747 5518 3043 5589 faciemque
3083 5532 3233 5573 suam
3264 5514 3564 5571 contunde-

1981 5620 2082 5673 rct,
2112 5624 2290 5664 annon
2319 5626 2439 5665 eum
2464 5612 2601 5665 inter
2632 5610 2860 5667 furiosos
2889 5606 3403 5663 annumeraremus?
3428 5605 3567 5672 Sup-

2045 5727 2055 5748 ‘
2081 5730 2254 5781 Regius
2277 5737 2401 5772 unus
2418 5725 2572 5772 addit:
2593 5729 2645 5772 τε
2668 5724 2795 5783 quod
2820 5722 2905 5770 hoc
2934 5737 3099 5786 rerum
3118 5728 3203 5786 est.
3229 5719 3566 5786 atuli_l_‘auln.?:

1980 5788 2099 5835 tllurl
2122 5790 2249 5837 nit-tm
2275 5781 2753 5837 drmmstruntentiis
2780 5799 2885 5848 qua:
2905 5786 2969 5832 ml
2993 5800 3006 5826 ι
3029 5784 3252 5833 crint/nas
3272 5800 3333 5835 sc;
3351 5781 3448 5831 ibit.
