4276 6316
716 360 818 417 299

718 476 967 541 plantavit
995 490 1090 533 nos
1119 477 1359 536 diabolus
1399 496 1461 537 ac
1489 484 1684 555 dejecit
1712 505 1725 539 :
1755 499 2079 560 quapropter
2108 507 2286 547 resur-

716 582 841 635 gere
881 577 1110 635 oportet,
1154 584 1451 641 curareque
1492 590 1558 629 ne
1603 576 1964 647 abripiamur,
2013 598 2147 638 neve
2195 598 2292 639 nos

719 656 1016 725 prrecipitcs
1043 657 1251 726 demus,
1282 677 1384 714 neu
1428 662 1544 729 ejus
1575 664 1739 734 plagis
1768 669 1897 722 alias
1926 686 1955 722 a
1983 672 2135 725 nobis
2163 672 2291 740 ipsis

722 746 896 800 illatas
922 748 1255 815 adjiciamus.
1285 751 1556 820 Siquidem
1594 755 1779 811 beatus
1808 759 1970 812 David
2006 761 2056 814 in
2086 761 2289 831 lapsum

716 836 910 888 decidit
962 845 1051 890 tuo
1095 838 1344 902 similem,
1387 841 1495 893 imo
1541 851 1594 895 et
1636 845 1797 898 alium
1840 847 2050 915 adjecit,
2101 865 2293 918 ncmpe

719 922 1083 979 homicidium.
1132 926 1268 992 Quid
1319 929 1518 997 igitur?
1562 948 1687 986 num
1737 946 2028 1003 prostratus
2057 940 2296 993 mansit?

714 1029 893 1069 annon
934 1018 1109 1069 statim
1141 1019 1312 1071 erexit
1357 1034 1451 1085 se,
1484 1030 1805 1093 strenueque
1848 1026 2043 1081 bellum
2093 1031 2297 1098 paravit

715 1117 898 1160 contra
944 1108 1256 1163 inimicum?
1287 1110 1397 1166 hno
1428 1113 1497 1166 ita
1538 1114 1744 1170 fortiter
1773 1118 1945 1187 ipsum
1987 1120 2291 1186 debellavit,

718 1206 772 1249 ut
810 1198 971 1250 etiam
1015 1209 1256 1255 mortuus
1299 1205 1573 1272 progeniei
1624 1220 1733 1262 sua:
1785 1210 2032 1277 praesidio
2078 1220 2220 1267 esset
2251 1213 2291 1265 ί.

723 1287 994 1342 Salomoni
1026 1292 1221 1361 quippe
1254 1294 1438 1363 ingens
1467 1295 1719 1366 flagitium
1750 1315 2019 1371 aggressa,
2067 1311 2121 1357 et
2149 1303 2296 1359 mille

724 1390 925 1434 mortes
957 1384 1269 1448 promerito,
1315 1396 1533 1456 propter
1572 1390 1733 1443 David
1766 1408 1984 1461 regnum
2032 1394 2292 1465 integrum

717 1484 776 1522 se
804 1471 1101 1540 relinquere
1130 1474 1255 1527 dicit
1279 1475 1417 1529 Deus
1446 1476 1527 1530 his
1550 1479 1723 1534 verbis
1752 1499 1765 1532 :
1797 1482 2043 1537 Scindens
2066 1486 2294 1539 scindant

729 1574 936 1626 regnum
981 1570 1119 1611 tuum
1166 1562 1227 1613 de
1258 1580 1409 1617 manu
1452 1576 1557 1631 tua,
1588 1570 1785 1622 ctdobo
1834 1572 1962 1624 illud
2002 1590 2147 1627 servo
2186 1586 2293 1628 tuo.

734 1644 913 1698 Verum
954 1648 1005 1700 in
1051 1649 1224 1704 diebus
1269 1655 1365 1705 tuis
1396 1655 1490 1707 hoc
1527 1659 1546 1686 '
1579 1674 1678 1711 non
1717 1660 1903 1729 faciant
1949 1663 2021 1729 (3.
2047 1640 2174 1733 lieg.
2207 1666 2296 1719 Η.

724 1736 835 1804 Η).
884 1737 1099 1803 Quare?
1152 1740 1371 1811 Promer
1421 1743 1588 1798 David
1624 1759 1815 1816 patrem
1859 1762 1997 1805 tuum
2044 1755 2161 1807 :'de
2186 1772 2298 1808 ma-

721 1828 862 1879 nibus
888 1830 983 1895 [illi
1012 1832 1085 1881 liti
1109 1831 1237 1911 illud
1262 1835 1526 1911 accipiam.
1558 1838 1796 1911 Ezechia}
1825 1858 2034 1911 quoque
2060 1846 2127 1899 de
2149 1862 2298 1901 sum-

712 1918 799 1957 ma
830 1919 1008 1957 rerum
1036 1904 1385 1973 periclitanti,
1411 1904 1962 1977 quamquamjustus'
1998 1918 2163 1977 esset,
2192 1926 2307 1980 pr0°

713 2004 834 2065 pter
861 1994 1078 2049 beatum
1121 1996 1271 2050 illum
1307 1997 1488 2051 virum
1518 1998 1779 2053 auxilium
1823 2001 2071 2069 promisit
2103 2017 2116 2054 :
2163 2000 2295 2056 Pro-

714 2096 909 2155 tegam,
938 2086 1134 2157 inquit,
1163 2087 1343 2140 urbem
1364 2088 1521 2151 hanc,
1552 2099 1611 2142 ut
1631 2107 1827 2145 servem
1853 2108 1966 2145 eam
1990 2103 2205 2158 propter
2228 2109 2307 2147 me

708 2190 759 2232 et
784 2191 998 2248 propter
1028 2180 1198 2234 David
1214 2198 1433 2249 puerum
1454 2200 1622 2237 meum
1643 2185 1716 2253 (-i.
1742 2184 1866 2255 Reg.
1894 2185 1979 2240 19.
2001 2187 2110 2258 54).
2133 2186 2303 2240 Tanta

710 2280 813 2328 test
836 2274 1164 2344 ptenitentia:
1188 2276 1379 2331 virtus.
1408 2275 1579 2332 Porro
1603 2280 1646 2332 si
1675 2294 1757 2342 ea,
1786 2295 1891 2347 qua
1913 2288 1968 2335 tu
1993 2297 2155 2347 nunc,
2178 2298 2303 2337 sen-

652 2358 653 2361 “
721 2365 876 2421 entia
926 2365 1142 2429 fuisset,
1184 2365 1350 2421 Deum
1399 2383 1506 2420 non
1563 2384 1724 2437 posse
1754 2370 2011 2440 deinceps
2044 2373 2245 2441 placari
2288 2393 2300 2427 :

718 2464 790 2519 et?
822 2460 867 2514 si
915 2460 1056 2511 intra
1110 2458 1463 2524 se'dixisset,
1502 2459 1721 2517 llonore
1761 2478 1957 2533 magno
1997 2480 2082 2520 me
2126 2465 2304 2520 achcit

713 2552 882 2613 Deus,
918 2551 1060 2604 inter
1089 2551 1383 2620 prophetas
1412 2552 1717 2616 constituit,
1753 2553 1807 2607 in
1837 2554 2173 2609 contributas
2203 2556 2305 2609 iu:-

710 2641 919 2709 perium
953 2640 1199 2704 tradidit,
1227 2643 1611 2711 SCXcCItllsqtlc
1642 2660 1728 2698 me
1766 2645 2027 2714 periculis
2055 2648 2254 2701 exemit
2286 2666 2297 2700 :

715 2729 988 2798 quomodo
1032 2740 1150 2799 post
1191 2740 1270 2783 tot
1298 2732 1558 2786 beneﬁcia
1602 2736 1811 2801 lapsus.
1848 2745 1902 2789 ct
1932 2746 2172 2792 extrema
2205 2749 2304 2791 au‘

711 2836 806 2873 sus
831 2820 1104 2884 facinora,
1134 2822 1338 2891 possim
1362 2839 1484 2876 cum
1508 2822 1689 2877 denuo
1714 2826 1844 2878 mihi
1867 2830 2158 2895 propitium
2182 2829 2302 2884 rcd~

709 2913 882 2966 dare?
924 2912 968 2964 si
1001 2912 1115 2966 lure
1161 2913 1212 2966 in
1246 2922 1427 2967 mente
1460 2914 1779 2977 habuisset,
1830 2932 1939 2970 non
1988 2919 2163 2971 solum
2198 2935 2259 2973 ea
2281 2964 2295 2983 ,

710 3019 831 3071 qua:
864 3013 1051 3073 postea
1084 3014 1233 3061 recte
1272 3006 1465 3075 gessit,
1498 3022 1611 3061 non
1648 3006 1921 3062 effecisset
1944 3050 1957 3073 ,
2006 3007 2100 3062 sed
2129 3011 2293 3065 etiam

713 3094 894 3163 priora
924 3109 1142 3162 pessum
1174 3094 1328 3148 dedis
1344 3107 1447 3150 set.

785 3184 870 3238 15.
898 3186 1102 3238 .«lm’ma‘
1120 3185 1290 3237 morbi
1313 3188 1531 3255 quilibet
1550 3206 1751 3259 semper
1774 3194 1952 3246 curari
1977 3202 2301 3259 possunt.—

710 3276 895 3344 Neque
949 3277 1094 3330 enim
1144 3278 1318 3331 solum
1365 3279 1383 3306 ³
1428 3282 1714 3348 corporis,
1748 3282 1842 3337 sed
1891 3285 2050 3338 etiam
2095 3285 2296 3338 anima:

711 3372 939 3423 vulnera
979 3368 1248 3445 inducunt
1281 3378 1533 3423 mortem.
1582 3372 1833 3429 Attamen
1869 3389 1933 3427 eo
1969 3374 2300 3443 insipientia:

710 3464 983 3525 venimus,
1002 3473 1059 3515 ut
1078 3462 1169 3514 illa
1183 3460 1472 3531 diligenter
1486 3477 1766 3527 curemus,
1785 3465 1897 3519 haec
1920 3466 2186 3535 negligam
2199 3481 2293 3521 us:

712 3570 1045 3625 quamquam
1085 3569 1288 3624 corpus
1326 3555 1618 3610 insanabili
1656 3572 1799 3626 saepe
1833 3558 2025 3611 morbo
2061 3558 2291 3621 laboret,

715 3650 847 3703 nihil
882 3655 1062 3700 tamen
1092 3647 1159 3700 de
1189 3648 1366 3700 salute
1400 3648 1759 3714 despcramus
1793 3666 1804 3701 :
1850 3662 1912 3700 ac
1942 3648 2064 3701 licet
2099 3646 2294 3700 medici

715 3742 1027 3809 frequenter
1043 3739 1451 3800 dieant,morbo
1468 3755 1574 3792 non
1594 3754 1753 3808 posse
1771 3737 2068 3793 remedium
2089 3737 2291 3801 afferri,

714 3834 982 3885 instamus
1003 3830 1361 3884 nihilominus
1376 3840 1653 3897 rogantes.
1670 3812 1905 3897 aliquam
1928 3830 2007 3882 vel
2028 3828 2291 3881 tantillam

717 3925 899 3978 allerri
924 3922 1381 3979 consolationem:
1410 3923 1462 3975 in
1491 3923 1702 3976 morbis
1726 3930 1905 3974 autent
1926 3922 2140 3983 anima),
2166 3935 2297 3988 quo-

715 4034 835 4073 rum
861 4017 993 4070 nulli
1025 4016 1356 4070 insanabiles
1385 4022 1534 4074 sunt,
1560 4014 1761 4084 quippe
1785 4011 1876 4082 qui
1911 4027 1939 4064 a
1972 4022 2178 4065 natura:
2205 4024 2300 4065 ne-

713 4111 969 4163 cessitate
995 4124 1101 4161 non
1126 4106 1456 4177 procedant,
1484 4121 1547 4160 ac
1570 4106 1613 4160 si
1644 4106 1835 4161 alienae
1855 4112 2039 4160 essent
2066 4101 2296 4158 inﬁrmi-

713 4212 852 4256 tates
874 4204 911 4265 ",
935 4199 1158 4269 perinde
1178 4199 1512 4269 negligenter
1531 4199 1762 4269 agimus,
1780 4198 1888 4252 imo
1906 4198 2293 4267 desperamus:

710 4294 867 4353 atque
894 4290 980 4339 ubi
1008 4296 1193 4338 natura
1224 4287 1395 4339 morbi
1435 4286 1763 4354 deploratam
1795 4290 2145 4345 ialetudinem
2172 4306 2291 4345 esse

710 4375 921 4439 suadet,
956 4390 1017 4429 ac
1043 4376 1085 4428 si
1116 4390 1239 4444 spes
1260 4385 1399 4428 esset
1421 4376 1583 4429 amita
1611 4378 1826 4441 Szllttlis,
1861 4393 2041 4432 em-am
2069 4380 2292 4435 adhibe-

714 4482 861 4531 mus;
893 4466 978 4520 ubi
1019 4481 1143 4520 vero
1170 4466 1311 4519 nulla
1339 4466 1654 4535 despcraudi
1684 4483 1873 4534 causa,
1904 4468 2298 4538 de5p0udemus

713 4558 982 4623 animum,
1028 4566 1081 4609 et
1124 4556 1189 4608 ab
1233 4555 1376 4608 omni
1419 4570 1543 4609 eura
1588 4556 2121 4626 absistimusutsque
2165 4559 2300 4617 adeo

716 4650 976 4718 majorem
1025 4648 1262 4715 corporis
1289 4688 1301 4708 ,
1345 4662 1498 4715 quam
1542 4648 1763 4711 aniinze,
1812 4635 2067 4702 raiioncm
2131 4650 2298 4704 hahe-

718 4756 857 4794 mus.
881 4739 1211 4807 Quapropter
1234 4754 1297 4790 ne
1319 4752 1513 4805 corpus
1531 4739 1742 4805 quidem
1768 4752 1980 4792 scrvare
1999 4753 2299 4809 possumus.

721 4833 853 4888 Nam
888 4832 975 4900 qui
997 4832 1137 4901 quod
1170 4832 1489 4899 principuum
1520 4841 1601 4885 est
1629 4830 1845 4900 negligit
1868 4871 1883 4892 ,
1916 4840 1969 4883 et
2000 4831 2049 4883 in
2082 4830 2306 4883 minori-

724 4936 822 4989 bus
853 4945 1065 4985 omnem
1095 4926 1504 4982 sollicitudinem
1538 4926 1704 4993 ponit,
1751 4934 1972 4993 utraque
2001 4924 2226 4978 destruit
2255 4933 2309 4977 et

730 5024 1048 5096 perdittqui
1093 5030 1268 5075 autem
1298 5018 1539 5071 ordinem
1570 5023 1862 5079 servat,.ct
1889 5014 2027 5083 quod
2062 5015 2206 5083 prius
2232 5023 2313 5067 est

736 5119 967 5172 maxime
1006 5124 1154 5169 curat
1180 5154 1195 5180 ,
1243 5110 1450 5167 etiamsi
1479 5109 1619 5179 quod
1653 5108 1916 5175 posterius
1942 5116 2022 5160 cst
2049 5106 2280 5174 negligat
2300 5145 2315 5169 ,

738 5227 832 5282 per
860 5208 1085 5263 salutem
1118 5205 1258 5260 illius
1282 5204 1382 5256 hoc
1411 5202 1568 5256 etiam
1596 5204 1896 5253 conservat.
1924 5195 1975 5248 ιιι
2010 5212 2134 5249 vero
2158 5194 2317 5249 Citri—

742 5318 853 5365 stus
902 5302 1097 5358 nobis”
1142 5298 1378 5356 declarat
1432 5296 1513 5348 his
1563 5293 1776 5347 verbis:
1808 5290 1982 5344 Nolite
2023 5289 2195 5340 timere
2232 5303 2316 5340 eos

808 5425 822 5453 ι
854 5427 981 5469 Unus
1016 5427 1118 5477 ats.,
1137 5427 1239 5466 esse
1263 5418 1432 5477 posset.
1464 5408 1607 5459 Savil.
1632 5414 1757 5469 post,
1782 5409 2013 5461 mortuus,
2038 5400 2184 5458 addit,
2211 5400 2324 5448 bea-

744 5493 839 5574 ns;
863 5542 1003 5593 Savil.
1034 5550 1086 5593 et
1100 5542 1281 5601 aliquot
1302 5544 1430 5601 Mssa,
1450 5535 1573 5585 Iut'c.

779 5640 784 5645 ν
815 5608 833 5635 ³
870 5607 1051 5669 aliquot
1078 5597 1205 5661 iussi,
1231 5600 1336 5669 salit
1354 5597 1566 5669 vulnera.
1598 5666 1606 5669 _
1670 5652 1726 5669 Α·

816 5672 835 5697 ⁸
860 5649 1081 5718 illiti}:
1101 5649 1226 5716 diu;
1248 5661 1403 5709 (iudex
1434 5660 1632 5713 habent,
1659 5652 1817 5703 alieno
1844 5649 1985 5718 auita.

823 5731 837 5755 "
1243 5707 1413 5771 uallatus
1438 5707 1563 5783 pene
1744 5723 1795 5765 iu
1833 5712 1951 5761 Edit.
1985 5709 2143 5761 Morel.
2175 5707 2337 5761 deest.

752 5799 903 5852 ace-‘5-

1385 365 1441 422 S.
1478 364 1759 426 JOANNIS
1796 370 2263 431 CHRYSOSTOMl
2303 374 2621 436 ARClllEP.
2662 378 3193 445 CONSTANTINOP.

2402 498 2487 565 qui
2507 500 2738 553 occidunt
2774 518 2959 573 corpus
2978 544 2991 568 ,
3025 506 3246 558 animam
3270 514 3439 561 autem
3464 523 3562 561 non
3590 518 3799 577 possunt
3836 526 3975 561 occs-

2400 586 2558 653 dere;
2602 589 2690 643 sed
2731 593 2894 658 potius
2940 594 3102 647 timete
3139 610 3251 647 eum
3294 597 3382 664 qui
3410 607 3565 665 potest
3596 607 3643 649 et
3680 599 3903 649 animam
3934 605 3985 649 et

2401 694 2581 747 corpus
2615 681 2821 748 perdere
2861 684 2910 735 in
2941 684 3164 753 geltcnna
3186 686 3398 755 (Matth.
3441 690 3527 742 10.
3569 688 3682 759 28).
3714 688 3981 758 Numquid

2397 770 2505 838 jam
2540 771 2632 824 tibi
2679 787 2985 840 persuasum
3026 786 3107 830 est
3146 793 3430 847 numquam
3456 780 3521 833 de
3551 782 3743 835 anima:
3777 783 3986 836 morbis

2401 861 2549 928 quasi
2572 859 2948 916 insanabilibus
2966 863 3353 933 deSperandum
3371 884 3509 933 esse,
3534 884 3598 922 an
3621 886 3747 925 vero
3762 883 3987 926 necesse

2402 957 2483 1001 cst
2510 957 2562 1003 et
2602 950 2703 1005 alia
2739 951 2993 1008 adhibere
3038 956 3351 1010 ratiocinia“!
3390 957 3791 1025 Quantumlibet
3832 962 3979 1014 enim

2404 1041 2515 1109 ipse
2540 1043 2775 1098 animum
2799 1045 3153 1115 despondeas,
3184 1065 3282 1104 nos
3305 1066 3589 1122 numquam
3611 1053 3677 1107 de
3706 1062 3756 1107 te
3784 1054 3982 1125 despe-

2404 1132 2640 1187 rabimus
2664 1151 2676 1186 :
2700 1149 2871 1203 neque
2899 1135 2950 1190 id
2982 1139 3121 1207 quod
3148 1139 3266 1193 aliis
3293 1141 3421 1194 vitio
3450 1143 3726 1207 vertimus,
3756 1144 3855 1213 ipsi
3882 1145 3986 1197 ad—

2403 1222 2705 1289 mittemus;
2752 1224 2874 1279 licet
2916 1240 3022 1281 non
3065 1242 3162 1296 par
3188 1238 3244 1283 et
3281 1231 3485 1298 mquale
3512 1231 3611 1296 sit,
3647 1234 3876 1301 aliquem
3917 1234 3989 1287 de

2403 1314 2581 1383 seipse
2619 1314 2938 1385 desperare,
2987 1327 3079 1371 aut
3115 1320 3273 1374 alium
3307 1320 3374 1376 de
3410 1320 3527 1390 ipso
3559 1308 3597 1373 ‘b.
3629 1321 3759 1375 Nam
3794 1324 3882 1391 qui
3914 1322 3995 1377 de

2403 1404 2507 1457 alio
2537 1406 2692 1458 talem
2724 1404 2883 1460 habet
2925 1408 3229 1477 opinionem
3249 1451 3265 1475 ,
3305 1410 3412 1464 cito
3451 1411 3660 1464 veniam
3686 1412 3994 1476 obtinebit;

2402 1494 2490 1563 qui
2518 1503 2693 1549 autem
2721 1495 2789 1551 de
2817 1498 3016 1566 seipse,
3044 1514 3149 1553 non
3173 1502 3322 1555 item.
3343 1501 3559 1567 Quare?
3587 1501 3717 1569 Quia
3748 1503 3834 1556 ille
3863 1505 3988 1574 qui-

2404 1585 2524 1639 dem
2553 1586 2669 1654 ejus
2698 1586 2928 1640 studium
2972 1600 3025 1642 et
3071 1591 3436 1657 paenitentiam
3480 1591 3531 1645 in
3582 1601 3843 1660 potestate
3877 1609 3989 1647 non

2404 1676 2561 1729 habet
2588 1694 2600 1729 :
2624 1676 2716 1731 sed
2741 1678 2851 1745 ipse
2872 1679 3017 1733 solus
3037 1680 3260 1734 obtinet.
3283 1680 3457 1735 Nihilo
3478 1683 3646 1751 magis
3666 1692 3843 1736 tamen
3866 1684 3997 1738 ideo

2402 1765 2469 1820 dc
2500 1775 2552 1819 te
2581 1767 2981 1835 desperabimus
3003 1812 3018 1837 ,
3060 1771 3269 1835 etiamsi
3300 1782 3354 1824 tu
3388 1771 3581 1825 millies
3622 1774 3859 1826 animum
3886 1773 3993 1828 de-

2402 1858 2668 1927 spondeas
2694 1878 2705 1911 :
2732 1858 2956 1915 fortasse
2985 1863 3126 1916 enim
3149 1904 3163 1929 ,
3194 1862 3420 1920 fortasse
3443 1865 3681 1935 inquam,
3706 1867 3897 1937 aliquis
3923 1868 3995 1922 ad

2403 1950 2649 2005 virtutem
2672 1967 2967 2022 regressus,
2987 1956 3159 2025 aliqua
3191 1958 3428 2024 pristiam
3460 1960 3580 2012 vitae
3606 1959 4001 2029 redintegratio

2401 2042 2631 2097 dabitur.
2647 2044 2685 2097 Α
2696 2044 2781 2098 udi
2799 2047 3091 2114 sequentia.
3107 2046 3348 2101 Ninivitae
3363 2048 3544 2103 audito
3556 2049 3818 2118 propheta
3832 2050 4000 2105 vehe-

2402 2142 2612 2186 menter
2638 2135 3016 2201 comminante,
3038 2134 3220 2190 Adhuc
3248 2147 3346 2191 tres
3377 2138 3565 2204 dics,et
3590 2138 4001 2194 Ninivesubverc

2404 2234 2533 2277 retur
2562 2224 2704 2296 (Ion.
2722 2226 2867 2297 δαί),
2899 2245 2963 2283 ne
2990 2229 3057 2282 ita
3079 2228 3293 2298 quidem
3320 2228 3998 2296 animoconciderunt,sed

2404 2318 2610 2372 etiamsi
2634 2319 2775 2371 nulla
2794 2317 2860 2373 de
2876 2321 2982 2375 Deo
3003 2320 3272 2375 exorando
3288 2334 3410 2390 Spes
3432 2320 3698 2376 videretur
3718 2337 3858 2386 esse,
3884 2323 4009 2376 imo

2406 2410 2579 2477 potius
2592 2412 2913 2464 contrarium
2930 2426 2994 2465 ex
3008 2412 3223 2465 oraculo
3236 2412 3553 2466 suaderetur
3568 2413 3695 2481 (non
3708 2414 3851 2467 enim
3869 2428 4000 2467 cum

2404 2500 2743 2555 distinctione
2792 2503 3036 2571 quapiam
3081 2502 3131 2556 id
3163 2501 3364 2556 dictum
3402 2501 3594 2567 fuerat,
3626 2502 3722 2556 sed
3750 2512 3998 2573 apertum

2407 2590 2677 2645 decretura
2708 2593 2867 2663 erat);
2902 2595 3067 2647 nihilo
3094 2603 3270 2649 tamen
3296 2595 3470 2647 minus
3496 2595 3867 2664 paenitentiam
3902 2612 4002 2649 cx-

2409 2684 2627 2737 hihuerc
2656 2685 2892 2741 dicentes
2924 2704 2937 2740 :
2974 2687 3098 2751 Quis
3124 2690 3215 2739 scit
3245 2704 3366 2739 num
3407 2688 3749 2755 pwuitentiant
3785 2698 3920 2756 aget,
3951 2700 4003 2740 et

2409 2779 2699 2832 exorabitur
2724 2778 2881 2841 Deus,
2902 2790 2948 2832 et
2972 2790 3223 2833 avertatur
3252 2780 3313 2831 ab
3342 2780 3417 2832 ira
3453 2780 3643 2848 furoris
3680 2778 3776 2843 sui,
3813 2789 3859 2833 et
3896 2798 4003 2833 non

2409 2868 2718 2936 prribinms?
2747 2869 2808 2920 Et
2835 2871 2957 2921 uidit
2985 2870 3122 2923 Deus
3152 2886 3305 2938 Opera
3327 2888 3518 2933 eorum,
3551 2871 3687 2940 quod
3724 2873 3887 2923 σιτνεὶ
3914 2890 4001 2924 es-

2409 2967 2517 3011 sent
2545 2976 2576 3010 (ι
2604 2961 2693 3012 riis
2720 2960 2825 3013 suis
2862 2962 3025 3021 malis.
3064 2960 3125 3012 Et
3152 2961 3382 3027 pcta-imit
3420 2961 3554 3012 Deus
3595 2977 3745 3028 super
3775 2962 4002 3025 malitia,

2410 3068 2561 3121 quant
2606 3051 2800 3104 dixerat
2874 3068 2930 3106 se
2988 3053 3286 3121 facturum,
3339 3061 3389 3105 et
3443 3068 3544 3105 non
3589 3052 3711 3119 fecit
3747 3049 3913 3117 (Ibid.
3955 3052 4018 3109 ε),

2412 3143 2525 3213 10).
2545 3143 2696 3209 Quod
2716 3144 2759 3197 si
2776 3144 3017 3198 homines
3044 3145 3253 3198 barbari
3276 3153 3331 3197 et
3351 3144 3545 3197 indueti
3577 3152 3778 3197 tantum
3803 3153 4003 3212 potue-

2411 3244 2535 3287 runt
2569 3235 2860 3302 intelligere
2881 3276 2893 3299 ,
2924 3234 3092 3289 multo
3122 3236 3290 3303 magis
3323 3250 3419 3288 nos
3465 3236 3514 3288 id
3549 3234 3723 3290 facere
3760 3246 4007 3304 oportet,

2412 3328 2501 3395 qui
2532 3327 2722 3380 divinis
2753 3326 3084 3395 dogmatibus
3122 3327 3313 3382 eruditi
3357 3342 3561 3389 sumus,
3604 3337 3657 3382 et
3687 3328 3849 3381 multa
3896 3327 4009 3380 ltu—

2407 3417 2642 3486 jusmodi
2673 3418 2915 3484 exempla
2950 3428 3054 3470 tam
3087 3417 3262 3471 verbis
3300 3433 3456 3486 quam
3486 3418 3736 3485 operibus
3764 3416 4006 3469 exhibita

2412 3509 2661 3563 vidimus.
2695 3507 2813 3561 Non
2836 3509 2987 3570 enim,
3007 3508 3193 3577 inquit,
3217 3518 3333 3561 sunt
3356 3507 3566 3561 consilia
3594 3524 3703 3560 nica
3723 3509 3851 3560 sicut
3874 3523 4005 3559 con-

2414 3600 2528 3652 silia
2556 3607 2741 3663 ucstra,
2775 3614 2928 3667 neque
2956 3598 3047 3651 ria:
3077 3612 3200 3649 mea:
3224 3598 3349 3649 sicut
3378 3598 3470 3649 vite
3495 3606 3703 3661 vesti-tv;
3725 3596 3812 3649 sed
3838 3612 4011 3666 quan-

2416 3698 2522 3742 tum
2561 3690 2715 3741 distat
2752 3689 2928 3741 ca'lum
2955 3705 2986 3740 a
3024 3698 3189 3752 terra,
3224 3694 3418 3738 (mltum
3448 3686 3636 3738 distant
3675 3686 4015 3755 cogitationes

2416 3796 2539 3833 mea:
2585 3798 2616 3832 a
2659 3779 2961 3848 cogitatione
2999 3789 3192 3842 uestra,
3238 3787 3286 3829 et
3324 3776 3533 3829 consilia
3556 3793 3664 3829 mea
3703 3792 3734 3827 a
3777 3775 4010 3827 consiliis

2416 3872 2589 3925 vestris
2633 3869 2781 3942 (lsai.
2812 3871 2904 3946 55ἱ
2931 3871 2983 3924 8.
3016 3868 3111 3937 9).,
3134 3868 3188 3922 Si
3232 3882 3360 3921 vero
3402 3866 3634 3920 famulos
3666 3875 3878 3919 nostros
3907 3868 4007 3934 qui

2418 3978 2559 4031 sa-pe
2575 3962 2911 4031 deliquerint,
2936 3976 3054 4015 cum
3084 3961 3398 4029 promittunt
3418 3974 3476 4013 se
3498 3959 3745 4013 meliores
3774 3956 4008 4021 futuros,

2420 4067 2474 4110 et
2494 4055 2819 4108 admittimus
2846 4062 2899 4108 et
2938 4054 2989 4107 in
3035 4053 3313 4122 pristinum
3342 4052 3600 4107 honorem
3630 4052 3968 4105 restituimus
3992 4093 4008 4109 ,

2422 4148 2528 4201 imo
2558 4142 2860 4215 frequenter
2888 4146 3144 4213 majorem
3176 4145 3305 4213 ipsis
3335 4143 3580 4197 liduciam
3600 4142 3809 4207 damus,
3836 4142 4014 4194 multo

2422 4237 2588 4306 magis
2619 4236 2668 4290 id
2689 4236 2923 4290 facturus
2952 4236 3037 4288 ille
3062 4247 3163 4288 eSt.
3188 4234 3318 4286 Nam
3349 4232 3392 4287 si
3428 4232 3548 4287 ideo
3579 4246 3679 4285 nos
3707 4230 3920 4286 fecisset
3946 4243 4013 4285 ut

2420 4326 2681 4394 supplicio
2712 4326 2986 4388 alliceret,
3012 4324 3132 4393 jure
3171 4321 3533 4391 desponderes
3576 4320 3808 4373 animum
3836 4334 3899 4373 ac
3938 4320 4015 4375 do

2422 4416 2591 4473 salute
2618 4426 2701 4470 tua
2731 4416 3003 4469 dubitares
3033 4430 3046 4465 :
3078 4413 3123 4468 si
3158 4427 3285 4466 vero
3315 4426 3420 4465 non
3441 4411 3540 4464 alia
3563 4409 3630 4464 de
3658 4424 3815 4464 causa
3841 4425 4011 4479 quam

2425 4506 2661 4560 bonitate
2682 4520 2775 4559 sua
2799 4514 2994 4570 motus,
3022 4518 3119 4557 nos
3141 4502 3422 4567 creaverit,
3454 4510 3505 4553 ut
3530 4499 3745 4554 aeternis
3771 4499 4017 4552 fruamur

2427 4598 2603 4663 bonis,
2648 4607 2807 4667 atque
2849 4598 2968 4651 ideo
3013 4596 3188 4650 omnia
3236 4594 3343 4664 agit
3388 4603 3441 4647 et
3469 4602 3722 4661 operatur
3764 4605 3793 4644 a
3838 4589 4015 4658 prima

2426 4705 2594 4759 usque
2628 4688 2693 4743 ad
2723 4696 3039 4757 prsescntem
3072 4685 3234 4749 diem;
3267 4683 3392 4753 quid
3437 4698 3533 4735 nos
3563 4681 3625 4734 ad
3653 4696 3772 4736 eam
3802 4679 4019 4733 dubita-

2428 4782 2625 4834 tionem
2674 4778 2948 4849 impellat?
2995 4775 3149 4829 lllum
3191 4773 3538 4828 vehementer
3580 4769 3918 4832 oll’eudimus,
3960 4780 4023 4823 et

2426 4883 2681 4943 quantum
2724 4871 2858 4925 alius
2882 4868 3076 4925 nemo?
3103 4877 3156 4922 at
3178 4866 3304 4920 ideo
3348 4865 3577 4919 maxime
3600 4877 3630 4915 a
3658 4860 4022 4931 prmsentibus

2427 4964 2684 5019 absistere
2718 4971 2946 5032 oportet,
2972 4968 3026 5015 et
3055 4957 3419 5030 pretiitctttiatn
3455 4956 3522 5011 de
3549 4954 3831 5024 prmtcritis
3855 4967 4023 5021 agere

2431 5068 2781 5125 magnamque
2823 5054 3171 5105 mutationem
3219 5047 3490 5102 exhibere.
3539 5044 3720 5113 Neque
3746 5043 3890 5097 enim
3928 5057 4025 5108 ea,

2432 5162 2550 5215 qua:
2590 5154 2898 5215 perpetrare
2924 5144 3040 5196 ausi
3079 5155 3283 5205 smnus,
3308 5139 3454 5193 illum
3498 5138 3542 5201 ²,
3564 5146 3668 5189 tam
3695 5143 3925 5205 possunt
3944 5134 4025 5186 ir-

2434 5238 2616 5301 vitare,
2647 5249 2805 5305 quam
2827 5234 2968 5303 quod
2998 5232 3232 5287 nolimus
3259 5229 3475 5284 demum
3512 5224 3851 5294 resipiscere.
3888 5222 4027 5279 Nam

2439 5342 2659 5398 peccare
2681 5326 2916 5396 quidem,
2946 5325 3236 5379 humanum
3274 5331 3391 5386 est;
3420 5327 3475 5373 at
3503 5318 3553 5372 in
3583 5317 3818 5387 peccatis
3845 5330 4033 5386 persae

2509 5657 2524 5684 ¹
2561 5652 2771 5709 Quidam,
2800 5649 3005 5713 aliqrwm
3029 5648 3089 5713 de
3112 5662 3162 5696 se.
3185 5647 3285 5713 ipso
3306 5652 3351 5697 et
3367 5647 3434 5713 de
3453 5644 3549 5694 alio
3566 5645 3844 5713 desperare.

2510 5719 2529 5747 ι
2565 5705 2611 5760 tu
2629 5705 2768 5762 savii.
2795 5722 2844 5761 et
2870 5705 2963 5761 ιίςιυ
2986 5711 3149 5761 mulino
3174 5705 3333 5770 deest,
3359 5707 3513 5769 illum,
3541 5716 3592 5756 et
3618 5705 3739 5756 inira
3764 5712 3893 5767 post,
3916 5718 4024 5769 pas.

2449 5787 2571 5835 sunt,
2603 5778 2835 5840 azljiﬁtotr,
2870 5785 3031 5826 I'cnm.
