4276 6316
268 351 363 409 ὅυὶ

264 483 471 536 verare,
505 469 558 525 id
586 485 691 526 non
715 470 1001 539 humanum
1030 479 1132 539 est,
1164 470 1257 527 sed
1286 471 1505 526 omnino
1526 470 1845 525 satanicum.

264 560 672 639 Animadvertas
699 561 839 617 enim
868 562 1137 632 quomodo
1159 576 1252 629 per
1272 559 1585 629 prophetam
1610 558 1709 611 hoc
1732 559 1849 628 plus

261 668 422 722 quam
454 652 583 706 illud
620 652 974 723 reprehendat
1009 652 1154 706 Deus
1187 669 1199 705 :
1232 650 1298 703 Et
1328 650 1457 715 dixi,
1491 650 1677 719 inquit,
1705 659 1847 717 post-

257 758 414 814 quam
439 743 687 811 fornicata
715 752 785 798 est
809 743 889 796 his
913 743 1159 805 omnibus,
1185 741 1253 796 ad
1287 757 1365 794 me
1384 751 1643 802 revertere,
1672 749 1717 791 et
1746 755 1849 791 non

259 848 458 887 reversa
496 841 569 886 est
610 832 741 901 (Jer.
784 833 839 887 5.
881 833 957 902 7).
990 831 1059 885 Et
1094 832 1218 885 alibi
1257 843 1469 884 rursum
1506 835 1563 882 ut
1600 828 1849 882 ostendat

258 941 419 997 quam
445 939 744 995 propensus
783 924 851 978 sit
889 923 957 977 ad
988 930 1239 998 nostram
1281 920 1530 984 salutem,
1557 918 1679 987 quia
1728 926 1872 987 post-

256 1016 428 1070 rnulta
448 1016 639 1069 delicta
657 1014 1010 1084 promiserant
1029 1028 1087 1067 se
1102 1016 1246 1066 recta
1268 1011 1352 1064 via
1377 1009 1701 1074 incessuros,
1724 1022 1845 1062 cum

256 1107 311 1159 id
342 1104 597 1168 audisset,
631 1102 707 1159 ait
735 1120 749 1157 :
775 1102 900 1167 Quis
927 1101 1064 1155 dabit
1093 1111 1147 1152 ut
1176 1101 1248 1152 ita
1272 1098 1372 1153 sint
1402 1097 1559 1150 corda
1582 1112 1754 1149 eorum
1792 1096 1846 1149 in

254 1195 383 1264 ipsis
410 1203 463 1246 ut
492 1193 694 1245 timeant
713 1208 811 1257 me,
837 1200 886 1245 et
910 1190 1197 1243 custodiant
1220 1186 1463 1240 mandata
1482 1201 1592 1238 mea
1613 1185 1844 1239 omnibus

255 1286 436 1339 diebus
459 1286 583 1348 suis,
615 1292 669 1335 ut
711 1285 832 1336 bene
862 1282 926 1334 sit
953 1281 1022 1334 eis
1066 1288 1111 1334 et
1156 1279 1483 1347 ﬁliis'eorum
1513 1276 1564 1329 in
1601 1275 1845 1329 saeculum

253 1375 435 1445 (Deut.
461 1374 514 1428 5.
543 1371 636 1443 29)
653 1371 680 1424 ?
707 1372 772 1426 Et
796 1370 1002 1442 Moyses
1029 1370 1172 1439 ipsos
1199 1367 1528 1437 compellans
1556 1365 1671 1419 haec
1702 1364 1845 1419 dice-

253 1465 347 1518 bat
375 1481 389 1518 :
428 1462 490 1516 Et
518 1477 674 1523 nunc,
712 1458 898 1525 Israel,
944 1458 1066 1529 quid
1106 1457 1358 1512 Dominus
1387 1455 1525 1509 Deus
1564 1455 1686 1525 petit
1716 1471 1747 1507 a
1775 1464 1840 1519 te,

254 1554 354 1606 nisi
385 1562 437 1605 ut
460 1553 640 1605 timeas
658 1550 934 1604 Dominum
959 1549 1125 1603 Deum
1145 1557 1306 1613 tuum,
1330 1556 1377 1601 et
1402 1545 1626 1598 ambules
1655 1545 1708 1597 in
1736 1560 1845 1597 om-

252 1641 402 1696 nibus
430 1641 521 1694 viis
550 1642 677 1711 ejus,
704 1648 753 1695 et
778 1640 962 1710 diligas
988 1640 1158 1707 ipsum
1186 1636 1362 1707 (Deut.
1402 1635 1489 1690 10.
1515 1634 1649 1704 12)?
1677 1632 1839 1704 igitur

249 1731 342 1801 qui
377 1730 636 1799 expetita
669 1730 823 1783 nobis
851 1729 1060 1794 amari,
1096 1735 1151 1783 et
1187 1734 1408 1797 prepter
1443 1724 1545 1779 hoc
1574 1724 1706 1778 nihil
1736 1737 1843 1779 non

249 1824 379 1893 agit,
402 1823 492 1892 qui
532 1821 743 1892 netilio
784 1820 1000 1890 quidem
1045 1834 1144 1876 suo
1170 1819 1239 1873 ob
1279 1832 1518 1872 amorem
1550 1816 1719 1871 nostri
1751 1829 1843 1883 pe-

252 1916 443 1985 percit,
474 1930 542 1969 ae
557 1913 748 1983 quovis
775 1923 1014 1982 tempore
1039 1920 1100 1966 ut
1133 1925 1253 1966 cum
1279 1910 1371 1964 illo
1408 1908 1837 1973 reconcilicmur,

248 2022 364 2060 rem
395 1995 499 2061 sibi
528 1997 918 2074 optatissimam
938 2001 1119 2066 habet,
1145 2003 1235 2070 qui
1262 2001 1373 2054 lieri
1396 1998 1567 2069 possit
1587 2007 1644 2052 nt
1672 1998 1842 2066 poeni-

249 2104 424 2151 tentes
466 2110 573 2150 non
614 2093 860 2148 admittat
903 2100 957 2148 et
996 2092 1369 2162 amplexetur?
1410 2090 1548 2144 Audi
1591 2090 1715 2160 quid
1747 2104 1841 2159 per

249 2186 567 2257 prOphetam
596 2184 769 2240 dicat:
795 2183 891 2238 Die
924 2194 995 2248 tu,
1028 2184 1119 2249 ait,
1145 2182 1432 2252 iniquitates
1470 2189 1583 2234 tuas
1609 2180 1751 2249 prior
1796 2182 1841 2247 ί,

247 2290 303 2333 ut
333 2275 805 2351 justiﬁceris(fsai.
849 2277 937 2331 4⁸5.
966 2274 1080 2344 ‘26).
1124 2274 1180 2329 ld
1223 2288 1373 2338 vero,
1401 2287 1507 2343 quo
1536 2272 1839 2327 vehementi

250 2372 306 2425 in
328 2384 451 2424 eum
488 2382 670 2423 amore
696 2366 1005 2437 flagremus,
1036 2364 1237 2434 expetit
1269 2378 1299 2417 a
1326 2362 1502 2418 nobis.
1528 2362 1662 2416 Cum
1693 2362 1835 2417 enim

247 2462 295 2516 is
319 2461 407 2531 qui
430 2467 573 2514 amat
591 2498 606 2523 ,
638 2458 706 2512 ab
734 2456 799 2512 iis
825 2458 917 2527 qui
942 2464 1189 2511 amantur
1210 2454 1549 2510 contumeliis
1578 2452 1800 2508 allectus
1819 2494 1834 2520 ,

230 2568 355 2607 non
381 2561 555 2606 tamen
585 2549 879 2619 exstinguit
901 2563 1139 2602 amorem
1164 2564 1176 2612 ;
1206 2561 1313 2600 non
1351 2546 1451 2599 alia
1478 2543 1546 2599 de
1580 2559 1742 2599 causa
1770 2544 1835 2598 il-

244 2628 379 2697 latas
408 2639 761 2695 contumelias
785 2639 839 2693 in
871 2638 1102 2693 medium
1138 2635 1317 2693 afferri
1359 2634 1567 2702 studet,
1596 2648 1754 2703 quam
1780 2644 1837 2691 ut

244 2735 636 2791 vehementiam
667 2735 867 2789 amoris
897 2734 979 2789 sui
1003 2733 1303 2799 declarans,
1333 2732 1401 2787 ad
1430 2733 1716 2789 arctiorem
1742 2745 1835 2786 eos

241 2840 295 2885 et
326 2829 584 2899 majorem
606 2828 941 2883 dilectionem
968 2824 1260 2896 pertrahat.
1289 2824 1344 2879 Si
1369 2831 1546 2879 autem
1568 2823 1836 2879 confessio

244 2929 585 2990 peccatorum
616 2926 815 2972 tantum
837 2915 993 2972 aﬂ'ert
1022 2916 1219 2981 solatii,
1250 2916 1417 2971 multo
1446 2916 1616 2985 majus
1646 2914 1836 2970 afferet

240 3027 427 3066 eorum
449 3026 547 3081 per
572 3010 706 3064 bona
728 3024 889 3080 Opera
911 3008 1131 3063 ablutio.
1151 3008 1423 3078 Siquidem
1454 3008 1553 3061 nisi
1576 3009 1645 3061 ita
1669 3014 1831 3075 esset,

241 3103 337 3159 sed
366 3103 533 3157 semel
564 3102 767 3157 aversis
800 3117 828 3155 a
860 3109 1006 3156 recta
1039 3102 1123 3155 via
1152 3100 1215 3153 ad
1247 3100 1467 3171 pristina
1496 3098 1723 3153 reditum
1750 3098 1833 3152 in-

244 3191 591 3255 tercluderet,
634 3207 793 3246 nemo
837 3192 1009 3261 plane,
1059 3190 1160 3245 nisi
1207 3190 1344 3244 forte
1386 3189 1689 3260 paucissimi
1732 3205 1829 3243 nu-

240 3300 412 3353 mero,
450 3284 503 3339 in
535 3299 756 3353 regnum
788 3284 1039 3338 caelorum
1068 3281 1471 3353 ingrederetur;
1502 3281 1647 3352 atqui
1694 3297 1830 3352 pra:-

236 3375 497 3431 elariores
524 3375 686 3430 fuisse
722 3387 813 3431 eos
845 3375 1195 3444 reperiemus,
1225 3373 1313 3443 qui
1357 3374 1502 3442 prius
1534 3372 1673 3442 lapsi
1719 3373 1836 3427 fue-

242 3478 381 3523 rant.
411 3468 511 3536 Qui
539 3468 684 3523 etaim
709 3480 956 3537 magnam
986 3466 1040 3520 in
1072 3465 1227 3523 malis
1254 3465 1505 3534 operibus
1532 3464 1830 3517 vehemen-

240 3560 369 3611 tiam
410 3557 784 3622 adhibuerant,
824 3556 1067 3612 eamdem
1107 3562 1293 3625 postea
1335 3554 1390 3608 in
1430 3553 1585 3609 bonis
1610 3552 1832 3623 agendis

239 3650 600 3715 exhibebunt,
636 3658 817 3719 utpote
856 3648 949 3719 qui
986 3649 1157 3703 sciant
1196 3648 1410 3718 quantis
1451 3647 1559 3701 sint
1591 3646 1832 3701 obstricti

239 3742 436 3797 debitis
464 3759 478 3795 :
511 3740 652 3811 quod
680 3749 735 3795 et
759 3741 1001 3795 Christus
1029 3738 1341 3804 declaravit,
1372 3739 1585 3809 quando
1623 3737 1832 3793 Simoni

239 3837 380 3889 circa
412 3834 691 3888 mulierem
736 3833 1090 3903 loquebatur:
1122 3831 1297 3899 Vides,
1329 3833 1431 3897 ait,
1480 3833 1611 3886 hanc
1649 3832 1833 3886 mulie-

239 3926 387 3979 rem?
412 3924 610 3979 Intraui
637 3925 688 3977 in
714 3924 923 3977 domum
956 3935 1114 3990 tuam,
1139 3940 1323 3993 aquam
1346 3923 1552 3993 pedibus
1587 3925 1709 3977 meis
1732 3940 1833 3977 non

240 4016 427 4069 dedisti
460 4030 478 4068 :
508 4015 614 4068 lucc
640 4025 805 4067 autem
832 4015 1067 4085 facrymis
1092 4015 1272 4084 rigavit
1299 4013 1450 4082 pedes
1482 4030 1637 4079 meos,
1672 4023 1718 4069 et
1747 4030 1835 4067 ca-

241 4107 381 4176 pillis
403 4107 507 4160 suis
538 4107 696 4159 tersit.
724 4106 970 4159 Osculum
997 4106 1121 4158 mihi
1145 4121 1246 4162 non
1276 4105 1459 4158 dedisti
1478 4121 1497 4169 ;
1520 4106 1627 4158 haec
1663 4114 1833 4157 autem

240 4214 303 4251 ea:
329 4212 428 4265 quo
460 4197 662 4260 intravi,
694 4212 794 4248 non
828 4196 1039 4249 cessavit
1077 4192 1301 4248 osculari
1328 4195 1477 4263 pedes
1520 4211 1674 4248 meos.
1708 4193 1833 4248 Oleo

240 4296 394 4357 caput
425 4302 591 4339 meum
626 4281 725 4339 non
764 4286 953 4339 unxiin
990 4301 1008 4338 :
1045 4286 1151 4338 Ιιιῑέ
1188 4292 1358 4337 autem
1393 4294 1648 4353 unguento
1690 4286 1833 4339 unait

241 4379 393 4447 pedes
420 4392 577 4432 meos.
607 4375 826 4447 Drapter
853 4375 990 4447 quod
1014 4376 1127 4428 dico
1158 4375 1266 4438 tibi,
1301 4376 1621 4428 remittuntur
1641 4374 1687 4426 ei
1713 4391 1832 4446 pec-

240 4479 356 4521 cata
385 4484 481 4521 sua
520 4467 700 4531 multa,
729 4468 847 4535 quia
876 4466 1051 4519 dilexit
1082 4465 1321 4541 multum.
1349 4463 1445 4517 Cui
1473 4473 1639 4517 autem
1666 4465 1833 4516 minus

240 4558 531 4620 dimittitur,
555 4558 720 4609 minus
746 4557 933 4625 diligit.
966 4555 1106 4609 Dixit
1127 4565 1296 4609 autem
1321 4556 1388 4608 ad
1418 4552 1562 4610 illam
1593 4570 1611 4608 :
1642 4553 1834 4608 Remit—

240 4656 417 4703 tantur
442 4648 528 4700 tibi
559 4657 762 4716 peccata
794 4646 940 4717 (Luc.
976 4646 1026 4700 7.
1053 4646 1268 4716 4448).

314 4741 402 4795 16.
438 4738 639 4793 Idcirco
667 4738 911 4793 diabolus
941 4752 1138 4808 gnarus
1169 4752 1281 4801 eos,
1309 4737 1399 4805 qui
1431 4736 1662 4805 ingentia
1695 4737 1831 4790 mala

246 4840 639 4901 [crpetrarunn
658 4828 745 4883 ubi
766 4828 992 4898 primum
1004 4828 1261 4895 coeperint
1278 4827 1556 4895 paenitere,
1574 4826 1626 4879 id
1640 4841 1835 4895 magno

242 4924 416 4979 studio
432 4936 612 4992 agere,
628 4930 811 4991 utpote
825 4921 1072 4976 conscios
1089 4919 1406 4973 delictorum
1424 4932 1662 4983 suorum,
1684 4918 1836 4971 timet

241 5024 296 5070 et
330 5013 579 5069 formidat
610 5027 676 5067 ne
705 5010 919 5082 quando
961 5025 1074 5065 rem
1104 5009 1470 5064 exordiantur.
1509 5008 1639 5063 Nam
1682 5016 1832 5077 post-

238 5121 399 5175 quam
434 5104 722 5172 emperint,
754 5100 1015 5155 contineri
1054 5101 1190 5153 ultra
1219 5106 1524 5168 nequeunt,
1557 5111 1622 5150 ac
1663 5096 1838 5165 paeni-

240 5208 264 5254 t
282 5198 405 5253 -utia
432 5197 579 5267 quasi
607 5196 725 5266 igne
751 5194 1017 5262 succensi,
1042 5208 1173 5246 auro
1200 5207 1331 5261 puro
1361 5191 1601 5259 puriorcs
1630 5189 1838 5243 animas

240 5306 365 5346 suas
390 5289 651 5355 efficiunt,
682 5287 1007 5342 conscientia
1049 5299 1243 5353 nempe
1266 5297 1329 5338 ac
1357 5282 1614 5336 memoria
1645 5294 1837 5350 pecca-

243 5393 418 5436 torum
464 5374 695 5435 suorum'
720 5380 869 5450 quasi
922 5384 1083 5431 vento
1127 5373 1358 5445 quodam
1406 5373 1736 5428 validissimo
1781 5373 1834 5425 in

241 5473 450 5528 virtutis
476 5473 499 5505 ²
532 5479 739 5542 portum
784 5469 1018 5540 impulsi.
1052 5468 1232 5537 anue
1274 5466 1327 5520 in
1373 5480 1433 5519 re
1474 5473 1725 5534 praestant
1773 5463 1837 5518 iis

307 5626 325 5656 ι
359 5631 479 5671 'n-es
516 5628 641 5679 stas,
670 5618 829 5670 nictu
868 5618 1078 5679 primum
1122 5613 1396 5677 iniquitates
1418 5617 1541 5663 tuas.
1579 5615 1652 5663 Sic
1690 5613 1835 5661 etiam

241 5686 400 5737 savii"
428 5684 518 5732 sed
546 5678 650 5744 pro,
674 5678 909 5744 primum.
939 5680 1105 5744 habet,
1130 5678 1279 5744 prior.

306 5750 323 5778 ⁸
358 5734 566 5804 Quatuor
589 5734 684 5792 Mss
715 5744 837 5801 loco,
863 5742 1066 5800 virtutis,
1088 5734 1284 5798 habent,
1314 5734 1539 5800 apati'tia'.

1434 354 1525 411 ΑΙ)
1564 356 1983 414 THEODORUM
2022 359 2314 418 LAPSUM.
2358 362 2397 417 l.

3446 371 3549 425 τ)οἱ

1959 473 2049 540 qui
2080 490 2366 546 numquam
2387 479 2716 544 ceciderunt,
2739 482 2879 551 quod
2901 484 3334 553 majoreutantur
3352 491 3546 544 alacri.

1956 573 2083 630 tate,
2111 568 2154 620 si
2180 577 2401 635 tantum,
2436 581 2488 625 ut
2512 572 2621 640 jam
2650 573 2779 640 dixi,
2805 590 2918 630 rem
2952 580 3346 646 aggrediantur.

2028 655 2340 715 Paenitentie
2358 662 2556 715 initium
2578 663 2816 732 arduum,
2838 676 3018 720 cratera
3039 670 3271 740 deinceps
3289 671 3561 741 faciliora;

1952 773 2023 784 —
2045 745 2176 801 Nam
2205 749 2307 803 hoc
2332 765 2465 819 Opus
2484 793 2497 814 ,
2532 752 2619 808 hic
2647 755 2795 810 labor
2819 767 2899 811 est
2921 799 2935 823 ,
2970 773 3125 827 posse
3148 761 3419 816 introitum
3453 779 3546 832 pc-

1954 845 2086 923 tere,
2111 853 2174 894 ac
2196 841 2453 923 vestibula
2476 846 2800 913 pmnitentia-
2817 851 3143 921 contingere,
3169 854 3547 927 inimicumque
3594 874 3600 881 '

1954 927 2174 983 multum
2205 932 2492 1000 spirantem
2522 942 2578 989 et
2604 936 2907 1000 instantem.
2930 940 3199 1010 depellere
3228 955 3386 1015 atque
3416 961 3544 1016 pro-

1950 1026 2211 1075 sternere.
2240 1022 2441 1080 Deinde
2469 1041 2595 1081 vero
2626 1043 2730 1082 non
2760 1039 2961 1085 tantum
2990 1034 3082 1088 ille
3118 1034 3350 1091 furorem
3392 1038 3546 1093 exhi-

1948 1106 2115 1173 bebit,
2145 1112 2309 1166 semel
2334 1125 2614 1183 superatus
2644 1126 2698 1172 et
2721 1133 2821 1188 qua
2845 1132 2994 1190 parte
3024 1123 3213 1180 fortior
3240 1136 3355 1185 erat
3399 1128 3548 1198 deje-

1949 1208 2095 1254 ctus:
2115 1216 2213 1257 nos
2242 1214 2416 1260 autem
2442 1207 2712 1264 alacritate
2740 1224 3004 1284 resumpta
3025 1218 3246 1285 majore,
3268 1219 3545 1287 pulchrum

1952 1288 2055 1345 hoc
2082 1294 2309 1348 stadium
2339 1295 2586 1353 facillime
2611 1300 2979 1360 decurremus.
3023 1306 3412 1376 Aggrediamur
3440 1312 3543 1365 ita-

1950 1396 2054 1449 que
2082 1383 2309 1441 reditum
2334 1427 2349 1450 ,
2400 1403 2737 1447 recurramus
2766 1394 2819 1447 in
2859 1395 3128 1453 civitatem
3173 1400 3444 1456 eteiestem
3486 1404 3541 1457 in

1948 1486 2104 1540 quam
2135 1474 2408 1546 adscripti,
2443 1479 2530 1534 ubi
2550 1480 2744 1550 degere
2769 1483 2902 1551 jussi
2925 1501 3126 1541 sumus.
3149 1488 3280 1545 Nam
3302 1491 3369 1545 de
3391 1492 3546 1546 nobis

1950 1562 2078 1630 ipsis
2107 1564 2394 1635 desperare
2425 1584 2529 1623 non
2576 1571 2626 1625 id
2654 1572 2826 1627 sohnn
2854 1575 3006 1632 affert
3050 1579 3173 1634 mali
3199 1620 3214 1645 ,
3256 1582 3397 1650 quod
3428 1583 3543 1651 ejus

1948 1652 2094 1707 urbis
2123 1663 2302 1722 portas
2332 1653 2487 1713 nobis
2511 1660 2859 1731 intercludat,
2893 1682 2990 1721 nec
3028 1668 3171 1737 quod
3198 1671 3249 1724 in
3280 1672 3538 1740 majorem

1946 1744 2225 1812 segnitiem
2258 1756 2312 1801 et
2340 1760 2702 1823 contemptum
2731 1754 2990 1823 deducat,
3015 1759 3107 1814 sed
3138 1760 3281 1829 quod
3313 1760 3364 1815 in
3395 1761 3537 1817 furo-

1947 1846 2058 1888 rem
2090 1850 2187 1891 nos
2221 1841 2515 1895 satanicum
2545 1843 2779 1914 dejiciat.
2811 1847 3017 1902 Etenim
3043 1850 3286 1907 diabolus
3313 1868 3417 1908 non
3439 1855 3541 1909 alia

1947 1922 2015 1978 de
2041 1939 2202 1981 causa
2226 1928 2344 1983 talis
2374 1932 2543 1986 evasit
2570 1975 2583 1999 ,
2620 1950 2776 2003 quam
2807 1938 2928 2007 quia
2957 1954 3186 2008 primum
3215 1942 3537 2013 desperavit,

1945 2014 2265 2089 demumque
2297 2035 2361 2076 ex
2387 2022 2762 2092 desperatione
2798 2028 2858 2081 in
2888 2028 3146 2085 insaniam
3190 2033 3404 2088 decidit.
3438 2034 3538 2091 Ubi

1948 2110 2175 2177 primum
2198 2113 2339 2167 enim
2386 2115 2560 2169 anima
2610 2132 2758 2186 spem
2808 2120 2997 2176 salutis
3034 2122 3350 2187 amisit.'ne
3380 2128 3541 2182 sentit

1945 2198 2159 2265 quidem
2186 2202 2413 2271 amplius
2443 2220 2548 2274 quo
2580 2215 2734 2275 pacto
2772 2192 3015 2279 praeceps
3038 2220 3244 2280 agatur,
3275 2222 3327 2268 et
3356 2215 3534 2271 omnia

1944 2299 2129 2346 contra
2184 2295 2410 2350 salutem
2460 2299 2727 2367 propriam
2775 2301 2963 2369 agitet
2992 2301 3140 2357 dicit.
3170 2305 3249 2361 Ae
3276 2307 3537 2374 quemad-

1946 2382 2161 2436 modum
2191 2383 2375 2439 furiosi
2409 2386 2495 2441 ubi
2546 2389 2715 2443 semel
2740 2404 2768 2443 a
2799 2404 2927 2444 sana
2974 2403 3152 2449 mente
3200 2390 3536 2465 exciderunt,

1943 2472 2074 2526 nihil
2100 2474 2323 2541 timent,
2377 2477 2521 2547 nullo
2544 2478 2745 2548 pudore
2776 2487 3022 2536 tenentur
3047 2525 3060 2546 ,
3093 2482 3185 2539 sed
3209 2486 3323 2539 sine
3355 2486 3536 2543 formi-

1940 2560 2065 2616 diue
2093 2564 2270 2619 omnia
2312 2565 2574 2634 audent',
2604 2583 2703 2623 nec
2748 2569 2922 2639 ignem
2970 2588 3068 2629 nec
3091 2580 3237 2628 mare
3266 2591 3366 2630 nec
3402 2592 3538 2645 pra:-

1941 2654 2118 2722 cipitia
2144 2656 2290 2711 adire
2318 2659 2734 2726 pertimescunt;
2764 2662 2842 2715 sic
2871 2670 2927 2717 et
2962 2664 2993 2716 ii
3025 2666 3114 2731 qni
3142 2665 3533 2735 desperationis

1941 2745 2157 2801 vesania
2201 2748 2433 2817 correpti
2476 2758 2640 2814 sunt,
2686 2751 3047 2807 intolerabiles
3072 2754 3265 2811 deinde
3296 2758 3346 2810 in
3377 2775 3536 2815 omne

1942 2836 2199 2891 malorum
2227 2852 2396 2906 genus
2423 2838 2746 2905 decurrunt;
2776 2850 2829 2896 et
2857 2843 2956 2896 nisi
3002 2860 3147 2899 mors
3173 2861 3267 2901 eos
3291 2847 3359 2901 ab
3390 2850 3533 2902 insa-

1940 2925 2026 2980 nia
2052 2936 2106 2981 et
2135 2928 2331 2996 impetu
2382 2939 2664 2996 coerceat,
2712 2932 2989 2988 innumera
3037 2934 3135 2988 sibi
3182 2936 3310 3004 ipsis
3352 2938 3530 3005 gravia

1939 3024 2265 3083 perpetrant.
2294 3017 2466 3085 Quare
2495 3019 2738 3084 obsecro,
2766 3029 3051 3091 antequam
3075 3024 3247 3078 abilla
3274 3026 3533 3081 ebrietate

1939 3106 2097 3161 altius
2125 3107 2473 3178 demergaris,
2507 3110 2791 3178 resipiscas
2820 3121 2872 3165 et
2902 3113 3310 3181 expergiscaris,
3342 3115 3532 3168 diabo-
3577 3162 3581 3166 .

1939 3197 2201 3267 licamque
2243 3198 2384 3251 illam
2413 3199 2680 3268 crapulam
2728 3202 2997 3267 excutias;
3031 3203 3170 3272 quod
3199 3204 3243 3257 si
3271 3203 3320 3257 id
3353 3203 3534 3258 confe-

1938 3288 2059 3342 stim
2086 3304 2244 3357 agere
2275 3306 2381 3344 non
2402 3292 2594 3359 possis,
2628 3292 2827 3347 sensim
2852 3301 2905 3345 et
2926 3294 3174 3362 paulatim
3191 3295 3378 3350 facias.
3404 3296 3531 3350 Mihi

1937 3389 2082 3433 certe
2106 3380 2261 3448 longe
2288 3372 2496 3434 facilius
2514 3382 2743 3448 videtur,
2788 3391 2844 3436 ut
2867 3383 2932 3438 ab
2957 3384 3204 3439 omnibus
3228 3386 3388 3441 simul
3413 3388 3533 3457 qui-
3580 3382 3586 3392 ’

1938 3469 2035 3524 bus
2062 3471 2401 3539 complicaris
2429 3472 2643 3527 funibus
2672 3473 2996 3529 abstractum
3028 3484 3079 3531 te
3108 3478 3158 3530 in
3202 3480 3530 3546 poenitentiae

1938 3563 2270 3631 gymnasium
2291 3563 2600 3618 transferas.
2626 3565 2679 3619 Si
2712 3573 2890 3620 tamen
2908 3568 2999 3622 tibi
3017 3569 3241 3623 arduum
3264 3570 3527 3638 videatur,

1939 3662 1998 3707 ut
2033 3655 2261 3709 volueris
2294 3657 2430 3711 viam
2456 3656 2522 3711 ad
2562 3657 2783 3712 meliora
2811 3658 3093 3713 ducentem
3122 3660 3281 3716 adeas
3304 3703 3318 3727 ,
3368 3663 3530 3717 modo

1939 3761 2051 3799 rem
2082 3747 2340 3816 suscipias
2360 3756 2412 3801 et
2432 3748 2671 3802 obtineas
2688 3747 2845 3802 vitam
2867 3758 3144 3803 :eternam.
3174 3752 3344 3805 Etiam
3370 3763 3529 3823 atque

1938 3838 2098 3891 etiam
2126 3852 2254 3907 rogo
2275 3846 2330 3892 et
2354 3838 2579 3893 obsecro
2605 3855 2701 3908 per
2722 3840 2994 3908 pristinam
3026 3850 3167 3895 tuam
3192 3843 3529 3913 probitatem,

1940 3945 2033 3995 per
2062 3929 2306 3984 fiduciam
2331 3930 2494 3995 illasn,
2519 3938 2570 3984 te
2587 3930 2777 3985 iterum
2803 3930 3075 3986 videamus
3097 3933 3147 3987 in
3173 3933 3261 3988 illo
3278 3935 3529 4001 culmine,

1940 4018 1990 4072 in
2017 4019 2105 4073 illa
2126 4022 2540 4088 perseverantia.
2559 4022 2810 4077 Miserere
2840 4024 3139 4094 eorum,qui
3165 4034 3381 4096 pr0pter
3405 4035 3455 4081 te
3478 4028 3528 4081 in

1938 4110 2310 4167 ollendiculum
2334 4112 2684 4183 impegerunt,
2708 4115 2795 4184 qui
2822 4115 2957 4184 lapsi
2983 4126 3126 4183 sunt,
3152 4117 3235 4172 vel
3257 4120 3531 4188 segniores

1938 4204 2135 4269 etl‘ecti,
2168 4205 2258 4275 qui
2286 4205 2353 4260 de
2379 4205 2593 4260 virtutis
2614 4205 2695 4260 via
2723 4207 3095 4276 desperarunt.
3128 4208 3277 4263 Nunc
3314 4209 3529 4278 quidem

1942 4294 2151 4349 tristitia
2178 4294 2400 4350 fratrum
2427 4294 2650 4350 chorum
2675 4306 2933 4367 occupat,
2964 4297 3209 4368 voluptas
3256 4311 3433 4354 autem
3476 4310 3531 4355 ct

1941 4385 2441 4441 latitia-inﬁdelium
2470 4396 2823 4453 conventum,
2854 4402 2952 4442 nec
2979 4403 3085 4442 non
3123 4388 3379 4458 juvcnum
3418 4390 3531 4443 otio

1930 4478 2256 4534 deditorum.
2281 4480 2335 4534 Si
2356 4487 2532 4535 autem
2558 4479 2621 4534 ad
2644 4467 2944 4535 accuratam
2968 4480 3108 4535 illam
3127 4481 3248 4535 vita:
3267 4482 3528 4537 rationem

1940 4572 2163 4627 redieris
2183 4612 2198 4636 ,
2225 4571 2547 4625 contrarium
2576 4570 2810 4636 accidet,
2844 4580 3128 4642 nostraque
3165 4571 3453 4641 ignominia
3477 4573 3530 4627 in

1940 4665 2276 4719 adversarios
2326 4671 2434 4718 tota
2481 4664 2501 4695 ³
2540 4664 2917 4719 derivabitur:
2962 4680 3060 4718 nos
3106 4673 3283 4719 autem
3332 4664 3522 4718 fiducia

1946 4755 2109 4808 inulta
2142 4756 2385 4812 instructi
2416 4755 2639 4820 erimus,
2672 4762 2726 4809 te
2760 4754 2947 4824 majori
2979 4754 3262 4823 splendore
3302 4769 3530 4809 corona-

1942 4855 2052 4900 tum
2110 4845 2563 4916 przcdieatumque
2606 4843 2869 4900 videntes.
2913 4844 3070 4899 Tales
3109 4844 3250 4899 enim
3295 4845 3532 4899 victoria:

1942 4938 2199 5008 majorem
2232 4937 2412 4993 ferunt
2437 4950 2489 4993 et
2514 4938 2739 5009 gloriam
2774 4947 2828 4993 et
2853 4938 3200 5007 voluptatem.
3243 4936 3358 4992 Non
3386 4938 3530 4992 enim

1943 5032 2199 5100 praeclare
2238 5039 2509 5100 gestorum
2552 5039 2756 5084 tantum
2802 5029 3105 5084 mercedem
3138 5028 3390 5098 recipies.
3437 5031 3532 5084 sed

1942 5123 2100 5177 etiam
2125 5123 2351 5176 aliorum
2374 5121 2757 5176 cohortationis
2777 5130 2831 5175 et
2854 5120 3253 5185 consolationis,
3277 5120 3331 5173 in
3350 5135 3502 5175 exem
3516 5150 3529 5159 -

1943 5216 2086 5283 plum
2127 5215 2471 5285 conspicuum
2510 5212 2749 5283 positus;
2800 5219 2860 5266 ut
2889 5211 2934 5264 si
2974 5211 3091 5280 quis
3121 5210 3173 5264 in
3205 5209 3350 5279 paria
3394 5210 3532 5263 mala

1941 5307 2241 5371 delabatur,
2284 5312 2529 5375 resurgat
2557 5304 2747 5358 iterum
2773 5312 2869 5367 ,et
2894 5301 2960 5356 ad
3003 5301 3279 5355 meliorem
3327 5298 3527 5370 frugem

1941 5416 2000 5453 se
2024 5398 2262 5468 recipiat.
2302 5398 2381 5453 Ne
2413 5405 2615 5454 tantum
2658 5395 2792 5450 lucri
2837 5403 3182 5457 contemnas,
3229 5407 3398 5463 neque
3440 5391 3525 5447 de-

2007 5668 2021 5696 ι
2060 5662 2198 5712 savii.
2223 5667 2272 5709 et
2289 5660 2386 5710 duo
2406 5659 2514 5709 Cod.
2544 5663 2669 5719 post,
2692 5656 2886 5717 audent,
2917 5651 3114 5711 addunt,
3141 5654 3185 5699 et
3205 5646 3407 5712 pariunt.

2005 5729 2023 5757 ³
2062 5735 2108 5775 In
2133 5719 2271 5774 savii.
2300 5723 2551 5782 omittitur,
2578 5726 2689 5770 tota.
