4276 6316
230 340 339 397 Iulii

232 458 435 510 socium
466 452 740 506 dumtaxat
763 438 1126 506 “invenerunt,
1150 442 1402 494 sciscitati
1435 448 1610 493 autem
1642 437 1814 489 edidi—

232 553 424 601 cerunt
452 545 623 610 ipsum
655 537 871 591 ohiisse.
896 533 1015 589 Rati
1043 547 1101 587 se
1128 531 1383 600 deceptos
1406 544 1525 583 esse
1545 569 1559 593 ,
1586 527 1652 581 ad
1706 542 1824 593 prc-

235 652 327 691 ces
376 638 567 690 iterum
597 637 997 691 convertuntur,
1028 635 1082 680 et
1125 639 1310 679 rursus
1344 624 1396 676 in
1433 621 1591 676 simili
1622 619 1833 684 visione,

234 726 458 790 eadem,
490 738 609 793 quae
666 721 849 792 prius,
888 718 1185 772 audierunt.
1214 715 1366 770 Tune
1406 729 1528 767 eum
1576 712 1665 781 qui
1702 722 1827 763 vere

235 816 699 877 dissimulaverat,
726 808 1079 866 obsecrabant
1098 805 1307 861 ostendi
1336 803 1437 857 sibi
1462 803 1654 869 virum,
1682 799 1827 853 afﬁn-

237 918 450 961 mantes
496 919 601 958 non
649 901 878 965 obiisse,
909 899 1001 952 sed
1055 897 1230 951 adhuc
1264 896 1464 948 vivere.
1501 893 1592 946 llis
1633 889 1829 945 auditis

237 995 358 1061 ille,
388 1008 509 1047 cum
545 991 753 1045 videret
796 1004 900 1042 non
939 1001 1095 1056 posse
1136 993 1279 1039 stare
1324 990 1572 1053 pactum,
1603 978 1724 1033 illos
1761 975 1829 1031 ad

236 1074 694 1139 sanctumvirum
749 1077 1010 1132 adducit:
1065 1084 1120 1129 et
1190 1071 1397 1143 pariete
1450 1075 1632 1130 diruto
1696 1065 1828 1138 (ad-

239 1174 373 1229 itum
402 1173 544 1227 enim
589 1184 802 1224 onmem
853 1168 1239 1233 obstruxerat),
1280 1164 1506 1233 ingreSsl
1541 1174 1733 1215 omnes
1776 1166 1827 1212 et

237 1264 304 1318 ad
334 1261 630 1333 pedesejus
652 1257 899 1330 prostrati
918 1271 1074 1325 ,-qu:e
1100 1256 1235 1308 iacta
1263 1252 1476 1307 fuerant
1512 1248 1795 1305 renuntian
1812 1275 1828 1287 -

240 1362 358 1417 tes,
426 1350 686 1420 rogabant
730 1355 1011 1417 urgentem
1053 1344 1250 1399 famem
1298 1344 1315 1375 ⁵
1368 1341 1677 1411 depelleret.
1736 1337 1831 1392 ille

243 1441 473 1508 primum
508 1436 749 1503 obstitit,
780 1451 839 1491 se
866 1450 895 1489 a
927 1434 1021 1488 tali
1057 1432 1247 1487 fiducia
1287 1432 1445 1500 longe
1473 1431 1663 1484 abesse
1702 1442 1830 1497 pro-

244 1530 416 1587 fessus
445 1548 461 1585 :
489 1545 612 1584 nam
634 1530 706 1584 ita
728 1536 1001 1597 peccatum
1028 1540 1180 1581 suum
1203 1525 1273 1579 ob
1296 1524 1481 1579 oculos
1508 1522 1754 1584 habebat,
1770 1533 1834 1573 ac

242 1621 291 1676 si
317 1637 488 1691 nuper
521 1619 841 1675 admisisset.
874 1615 1110 1672 Tandem
1135 1622 1619 1670 commemorantes
1654 1610 1831 1664 omnia

241 1726 366 1779 qua:
412 1710 513 1765 sibi
564 1710 933 1778 contigerant,
987 1714 1366 1775 persuaserunt
1411 1712 1469 1757 ut
1524 1708 1740 1756 oraret:
1779 1706 1835 1753 et

241 1814 366 1854 cum
414 1807 658 1868 precatus
706 1808 878 1861 esset,
904 1794 1116 1851 siccitas
1153 1791 1366 1848 desiit.’
1388 1792 1520 1861 Qttte
1545 1806 1674 1846 vero
1714 1805 1837 1861 per-

243 1891 421 1944 tinent
443 1888 508 1943 ad
533 1889 787 1959 juvenem
814 1887 994 1952 illum,
1019 1887 1109 1955 qui
1147 1895 1304 1941 antea
1348 1885 1640 1954 discipulus
1667 1883 1832 1939 Joan-

250 1980 337 2035 nis
366 1980 459 2034 lilii
487 1979 733 2033 Zebedaei
764 1977 967 2041 fuerat,
1001 1984 1182 2045 postea
1201 1984 1385 2031 autem
1415 1975 1576 2044 longo
1595 1983 1837 2043 tempore

246 2069 516 2123 latronum
558 2068 664 2122 dux
705 2064 1053 2131 fuit,deinde
1090 2065 1259 2120 sacris
1281 2064 1423 2120 beati
1449 2065 1547 2119 viri
1590 2063 1840 2119 manibus

244 2171 463 2230 captus,
492 2176 540 2216 θ’
561 2159 861 2215 recessibus
887 2167 943 2214 et
962 2157 1232 2228 speluncis
1262 2158 1526 2211 latronum
1560 2156 1625 2211 ad
1651 2155 1836 2227 pristi-

246 2266 377 2305 nam
402 2251 653 2306 virtutem
684 2249 877 2314 rediit,
910 2251 1023 2318 ipse
1048 2263 1153 2302 non
1185 2248 1399 2317 ignoras
1417 2290 1434 2315 ,
1457 2247 1553 2303 sed
1601 2263 1707 2301 non
1736 2246 1838 2301 mi-

248 2357 354 2396 nus
378 2357 534 2412 quam
564 2356 662 2396 nos
692 2340 808 2395 hate
833 2339 1011 2394 omnia
1034 2338 1197 2407 probe
1239 2338 1412 2392 nosti:
1437 2346 1596 2408 teque
1643 2336 1841 2407 sapius

247 2429 432 2485 audivi
451 2430 804 2484 admirantem
830 2428 975 2482 illius
1004 2426 1465 2481 mansuetudinem
1490 2468 1506 2493 ,
1534 2424 1677 2497 quod
1719 2441 1843 2481 cru-

248 2531 431 2577 entam
457 2531 613 2577 antea
640 2520 917 2577 dexteram
942 2520 1282 2576 exosculatus
1316 2520 1385 2574 sit
1409 2520 1621 2574 haerens
1643 2520 1694 2573 in
1723 2535 1842 2574 am-

250 2613 415 2683 plexu
438 2611 796 2667 adolescentis
814 2650 831 2678 ,
860 2612 1043 2682 sicque
1067 2610 1215 2665 illum
1246 2610 1313 2665 ad
1342 2610 1517 2680 priora
1549 2608 1840 2665 reduxerit.

326 2704 415 2760 18.
454 2703 651 2760 Beatus
704 2703 835 2758 item
871 2703 1076 2759 Paulus
1141 2702 1489 2771 Onesimum,
1560 2701 1840 2773 inutilem,

249 2793 581 2863 transfugam
602 2802 657 2849 et
693 2792 864 2849 furem
882 2835 898 2860 ,
927 2793 1075 2848 illum
1095 2836 1113 2860 ,
1136 2793 1352 2864 inquam
1372 2834 1388 2861 ,
1417 2808 1524 2848 non
1546 2793 1712 2848 modo
1731 2808 1845 2847 am-

253 2884 522 2953 plectitur,
554 2883 765 2953 quando
785 2892 1020 2939 mutatus
1043 2894 1161 2950 est,
1193 2882 1288 2939 sed
1313 2885 1474 2940 etiam
1513 2884 1702 2938 herum
1729 2883 1846 2953 ejus

252 2982 440 3043 rogat.
470 2973 619 3028 illum
651 2973 1054 3042 resipiscentem
1082 2972 1200 3041 pari
1228 2972 1425 3028 habeat
1458 2962 1662 3027 honore
1682 2981 1847 3043 atque

252 3071 641 3131 praeceptorem
664 3061 828 3130 ipsius
847 3102 863 3127 ,
894 3060 976 3115 bis
998 3061 1178 3115 verbis
1205 3076 1365 3115 usus:
1394 3060 1612 3115 Obsecro
1656 3070 1704 3114 te
1753 3078 1846 3131 pro

251 3168 368 3205 meo
392 3153 535 3221 ﬁlio,
562 3168 707 3221 quem
752 3150 903 3223 genui
943 3153 996 3205 in
1033 3152 1278 3218 uinculis,
1316 3152 1585 3218 Onesimo,
1636 3155 1720 3223 qui
1760 3152 1849 3207 tibi

252 3241 535 3311 aliquando
559 3241 758 3295 inutilis
777 3242 872 3310 fuit
888 3282 905 3309 ,
934 3257 1069 3295 nunc
1091 3252 1261 3296 autent
1279 3251 1326 3296 et
1348 3242 1472 3296 mihi
1495 3252 1543 3297 et
1562 3241 1652 3296 tibi
1674 3241 1845 3309 utilis,

251 3347 407 3402 quem
430 3329 600 3384 remisi
636 3329 729 3383 tibi
748 3346 767 3383 :
789 3340 843 3384 tu
871 3340 1040 3384 autem
1060 3331 1208 3384 illum
1229 3371 1242 3398 ,
1264 3331 1317 3384 id
1344 3340 1418 3385 est
1464 3347 1573 3385 mea
1617 3331 1809 3385 viscera
1829 3372 1845 3397 ,

251 3421 475 3493 suscipe.
510 3420 669 3486 Quem
697 3436 788 3492 ego
829 3422 1085 3476 volueram
1103 3438 1301 3476 mecum
1318 3421 1537 3476 detinere
1559 3460 1577 3488 ,
1594 3430 1651 3475 ut
1678 3437 1773 3491 pro
1803 3432 1851 3475 te

258 3512 390 3565 milli
419 3512 727 3565 ministraret
746 3511 797 3561 in
815 3507 1035 3566 uinculis
1050 3508 1313 3582 Evangelii
1329 3527 1349 3566 :
1376 3513 1486 3565 sine
1520 3512 1731 3565 consilio
1755 3528 1850 3564 au-

257 3612 360 3656 tem
386 3612 471 3656 tuo
513 3602 641 3656 nihil
674 3602 807 3656 uolui
850 3606 1048 3673 facere,
1073 3604 1149 3656 uti
1197 3619 1259 3656 ne
1291 3602 1423 3657 velut
1454 3619 1519 3657 ea:
1560 3603 1852 3658 necessitate

258 3693 446 3745 bonum
500 3702 642 3745 tuum
690 3702 846 3759 esset,
875 3691 965 3745 sed
1012 3692 1372 3745 uoluntarium.
1422 3690 1666 3746 Forsitan
1717 3692 1850 3746 enim

258 3784 377 3838 ideo
404 3784 631 3839 discessit
654 3784 723 3836 ad
746 3795 973 3853 tempus,
999 3793 1053 3836 ut
1079 3793 1323 3855 wternum
1370 3783 1515 3838 illaut
1567 3784 1847 3852 reciperes,

258 3892 365 3929 non
379 3877 496 3946 jam
525 3885 577 3928 ut
603 3892 825 3939 seruum,
846 3875 934 3930 sed
961 3891 1055 3944 pro
1078 3890 1219 3929 servo
1235 3874 1550 3928 carissimum
1574 3878 1786 3945 fratrem
1804 3874 1847 3941 ³,

258 3968 486 4020 maxime
519 3966 644 4018 mihi
664 3982 683 4020 :
710 3976 901 4039 quanto
928 3975 1097 4019 autent
1120 3966 1281 4037 magis
1309 3966 1432 4033 tibi,
1464 3976 1511 4020 et
1539 3966 1592 4019 in
1627 3981 1779 4019 carne
1803 3976 1851 4019 et

257 4058 317 4110 in
341 4056 589 4110 Domino?
610 4056 673 4110 Si
692 4072 810 4128 ergo
834 4056 985 4110 habes
1002 4072 1081 4111 me
1102 4057 1313 4121 socium,
1333 4058 1530 4127 suscipe
1550 4057 1694 4111 illuni
1717 4057 1847 4110 sicut

263 4165 348 4203 sne
378 4147 625 4219 (Philem.
678 4147 744 4204 10
770 4180 793 4192 ο
821 4148 934 4218 18).
972 4147 1055 4203 Ad
1086 4148 1392 4203 Corinthios
1436 4148 1562 4203 item
1604 4148 1846 4203 scribens

259 4240 338 4294 ait
363 4259 378 4296 :
412 4238 496 4294 Ne
521 4241 720 4305 iterum,
745 4256 859 4293 cum
897 4255 1102 4306 venero,
1134 4240 1331 4310 lugeam
1371 4240 1556 4293 multos
1584 4256 1649 4294 es:
1680 4241 1743 4293 iis
1766 4240 1853 4311 qui

261 4339 383 4383 ante
408 4337 752 4398 peccauerunt,
771 4338 817 4384 et
836 4345 935 4383 non
956 4339 1159 4400 egerunt
1175 4332 1513 4400 poenitentia»:
1527 4329 1602 4402 (2.
1621 4330 1737 4384 Cor.
1762 4329 1848 4384 l2.

260 4421 330 4475 9-1
356 4430 403 4474 et
432 4421 518 4476 15.
540 4419 619 4489 2).
650 4419 714 4474 Ει
745 4430 977 4474 rursum:
1018 4418 1162 4475 Sicut
1207 4420 1422 4491 praefixi
1441 4463 1455 4483 ,
1486 4421 1668 4474 iterum
1711 4436 1849 4491 prte—

263 4512 383 4564 dico
404 4550 423 4577 ,
441 4511 573 4580 quod
599 4512 644 4564 si
671 4526 849 4565 venero
875 4512 1057 4564 iterum
1078 4552 1094 4575 ,
1112 4528 1213 4564 non
1244 4529 1470 4581 parcam.
1497 4510 1683 4567 Vidcn'
1712 4528 1848 4583 quos

264 4599 475 4669 lugeat,
502 4601 694 4669 quibus
741 4615 847 4655 non
875 4601 1091 4669 parcat?
1120 4601 1234 4656 Non
1266 4603 1329 4656 iis
1356 4604 1444 4672 qui
1478 4614 1849 4672 peccaverunt,

265 4692 449 4747 sediis
468 4692 556 4762 qui
588 4692 952 4761 paenitentiam
994 4708 1098 4747 non
1148 4704 1398 4763 egerunt;
1434 4709 1606 4765 neque
1649 4697 1854 4767 simpli-

264 4784 401 4837 citer
430 4782 497 4836 iis
515 4782 605 4851 qui
642 4781 1005 4851 paenitentiam
1044 4797 1152 4837 non
1194 4793 1453 4853 egerunt,
1508 4785 1602 4840 sed
1649 4787 1712 4840 iis
1760 4788 1849 4857 qui

266 4873 436 4929 semel
465 4884 520 4928 et
549 4876 739 4927 iterum
766 4873 949 4952 moniti
974 4873 1346 4943 obtemperare
1381 4877 1685 4932 noluerunt.
1717 4878 1849 4933 lllud

264 4967 434 5029 enim,
466 4963 693 5019 Praedixi
713 5006 728 5027 ,
757 4974 802 5016 et
827 4964 1048 5035 pradico
1071 4976 1126 5018 ut
1147 4983 1369 5036 pra'sens
1389 5010 1403 5033 ,
1426 4970 1644 5023 secundo
1663 4979 1712 5023 et
1736 4969 1852 5023 abs-

264 5073 354 5109 ens
394 5055 559 5111 scribo
578 5096 593 5118 ,
621 5055 751 5109 nihil
776 5054 916 5108 aliud
965 5055 1198 5122 indicat,
1227 5073 1385 5127 quam
1415 5059 1466 5113 id
1492 5060 1632 5127 quod
1659 5062 1848 5130 nejam

268 5146 407 5200 inter
432 5160 530 5199 nos
554 5146 763 5201 eveniat
790 5146 1271 5215 pertimescendum
1312 5159 1413 5203 est.
1445 5150 1664 5205 Etiamsi
1707 5153 1851 5206 enim

266 5236 465 5291 l’aulus
491 5238 582 5306 qui
606 5245 730 5291 tunc
756 5234 1045 5292 Corinthiis
1071 5239 1521 5307 comminabatur,
1550 5258 1655 5296 non
1684 5242 1846 5308 adsit,

264 5326 358 5380 sed
384 5326 537 5380 adest
570 5325 850 5393 Christus,
878 5328 968 5398 qui
998 5337 1125 5384 tunc
1149 5344 1246 5399 per
1290 5331 1462 5401 ipsum
1511 5332 1843 5404 loquebatur.

329 5461 348 5491 ⁸
378 5459 580 5520 Aliquot
607 5458 745 5515 Mss,
768 5459 958 5509 turbam
978 5460 1041 5509 de

325 5522 345 5549 ¹
376 5520 467 5569 Hic
507 5525 647 5569 notat
685 5520 735 5567 in
764 5522 986 5580 margine

258 5581 752 5652 lcropiagpéttvntat.
770 5584 851 5629 καὶ
887 5582 1106 5644 Κλήμης.
1147 5580 1378 5647 Ejusdem
1401 5580 1858 5637 Itisloriw'tncftltu-

256 5641 507 5702 stctn'facil
530 5641 680 5693 etiam
699 5641 935 5692 Clemens.

322 5706 346 5735 ⁸
363 5704 514 5755 Savil.
540 5707 592 5755 in
618 5706 841 5767 margine
863 5711 918 5755 et
941 5717 1067 5754 unus
1090 5706 1271 5768 codex,
1315 5705 1635 5758 carissimum
1659 5703 1835 5757 tilium.

1104 5459 1261 5509 fleret.

1374 328 1463 381 At)
1500 325 1923 382 rueouenun
1966 320 2253 379 ωιιδωι.
2296 320 2335 379 Ι.

1100 5521 1344 5583 lbertinus
1389 5537 1533 5580 unus,
1570 5527 1674 5583 Τῆς
1708 5527 1862 5582 αὐτῆς

3360 296 3367 303 ’
3418 316 3524 372 suo

1928 438 2003 489 Ac
2034 438 2075 488 si
2109 436 2372 489 obstinate
2399 449 2826 505 perseveremus,
2859 448 2963 488 non
2994 442 3173 501 parcet
3208 432 3363 488 nobis
3385 474 3399 497 ,
3427 432 3522 487 sed

1928 520 2195 588 percutiet
2212 521 2366 590 plaga
2382 536 2575 589 magna
2590 532 2643 577 et
2656 524 2743 578 hic
2755 537 2803 578 et
2822 526 2875 579 in
2891 527 3074 581 futuro
3088 530 3308 582 szeculo.
3327 526 3535 581 Pro-oc-

1924 622 2174 673 cupemus
2199 609 2364 679 igitur
2377 610 2567 679 faciem
2582 613 2695 682 ejus
2720 614 2775 667 in
2792 616 3122 684 confessione
3136 614 3312 689 (Psal.
3335 617 3426 673 94.
3452 618 3532 687 2λὶ

1935 698 2281 755 ellundatuus
2300 701 2353 755 in
2373 714 2675 774 conspectu
2702 706 2823 775 ejus
2841 709 3009 761 corda
3027 716 3240 763 nostra.
3262 706 3534 767 Peccasti,

1927 784 2130 856 inquit,
2160 805 2222 843 ne
2245 790 2415 845 addas
2449 792 2665 857 iterum,
2686 798 2823 849 etde
2842 797 3111 864 prioribus
3150 799 3254 851 tuis
3287 796 3533 864 supplica

1914 886 2116 964 '(Eccli.
2149 887 2241 941 21.
2275 887 2365 959 i);
2393 895 2447 942 et
2472 902 2684 942 rursum
2711 928 2725 953 ,
2748 885 2930 941 Justus
2959 896 3223 941 accusator
3242 888 3327 942 sui
3345 897 3419 943 est
3467 888 3523 940 in

1931 979 2181 1047 principio
2229 978 2471 1035 sermonis
2526 976 2709 1049 (Prov.
2746 978 2832 1033 18.
2864 978 2977 1046 17).
3016 977 3095 1033 Ne
3148 986 3525 1046 exspectemus

1932 1067 2091 1138 igitur
2132 1077 2538 1129 accusatorem.
2570 1067 2664 1123 sed
2706 1066 2824 1137 ejus
2869 1074 3050 1138 partes
3096 1077 3523 1137 prtevertamns.

1929 1174 2103 1229 eoque
2149 1158 2329 1212 officio
2371 1158 2605 1227 judicem
2646 1156 2805 1211 nobis
2846 1157 3171 1226 pacatiorem
3214 1155 3520 1212 reddamus.

1934 1249 2009 1303 'l‘e
2024 1249 2238 1320 quidem
2268 1257 2483 1318 peccata
2497 1246 2739 1303 confiteri
2758 1257 2867 1313 tua,
2894 1256 3054 1314 teque
3070 1248 3323 1302 miserum
3340 1245 3523 1300 admo-

1904 1392 1907 1394 .
1932 1336 2060 1391 dum
2087 1336 2337 1393 arbitrari
2353 1351 2471 1391 com
2479 1344 2688 1405 portum
2706 1332 2877 1391 habeo
2894 1350 2909 1400 ;
2925 1350 3113 1390 verum
3132 1350 3236 1390 non
3252 1334 3304 1391 id
3323 1344 3528 1390 tantum

1934 1429 2170 1497 requiro,
2189 1429 2346 1497 cupio
2370 1436 2549 1481 autem
2574 1435 2629 1480 nt
2655 1440 2969 1496 persuasum
2993 1426 3212 1493 habeas,
3228 1435 3281 1480 te
3309 1423 3410 1481 hac
3436 1441 3527 1480 ra-

1936 1518 2081 1572 tione
2110 1531 2270 1586 posse
2292 1517 2552 1585 justitiam
2579 1518 2810 1587 assequi.
2834 1515 3097 1584 Quamdiu
3112 1516 3256 1571 enim
3286 1515 3529 1571 inutilem

1936 1607 2094 1661 talem
2110 1605 2499 1660 confessionem
2526 1604 2780 1671 edideris,
2810 1606 3017 1661 etiamsi
3040 1607 3266 1675 teipsum
3286 1619 3529 1673 accuses,

1936 1687 2044 1753 non
2068 1699 2265 1768 poteris
2286 1713 2537 1768 umquam
2556 1698 2900 1767 inpostcrutn
2919 1712 2947 1750 a
2976 1698 3208 1767 peccatis
3230 1697 3528 1753 discedere.

1936 1788 2105 1843 Nemo
2134 1789 2278 1842 enim
2319 1787 2606 1859 quidquam
2662 1786 2819 1843 faciet
2866 1803 2987 1843 cum
3033 1788 3308 1843 alacritate
3345 1796 3401 1843 et
3425 1788 3533 1842 ritu

1937 1881 2282 1950 congruenti,
2317 1880 2417 1934 nisi
2447 1881 2593 1951 prius
2624 1896 2937 1950 persuasum
2983 1880 3204 1947 habeat,
3237 1897 3350 1937 rem
3385 1881 3532 1935 utili-

1940 1972 2032 2026 tati
2064 1970 2166 2025 sibi
2196 1970 2330 2025 fore.
2360 1970 2636 2040 Siquidem
2666 1971 2709 2025 is
2734 1971 2824 2039 qui
2864 1972 3115 2037 seminat,
3143 1981 3423 2041 postquam
3450 1985 3537 2025 se-

1940 2076 2061 2117 men
2090 2062 2304 2130 sparsit,
2328 2062 2428 2116 nisi
2457 2077 2687 2117 messem
2708 2070 3001 2133 exSpectet,
3033 2078 3319 2132 numquam
3347 2072 3533 2119 metet.

1939 2152 2071 2220 Quis
2098 2153 2240 2207 enim
2269 2168 2519 2223 umquam
2568 2152 2813 2208 laborare
2852 2152 3048 2207 frustra
3099 2154 3260 2220 velit,
3289 2153 3419 2208 nihil
3466 2168 3535 2209 ex

1941 2242 2125 2297 labore
2163 2242 2289 2296 boni
2347 2243 2819 2313 conseqttuturus?
2875 2242 2966 2298 Sic
3006 2259 3134 2315 ergo
3172 2244 3262 2315 qui
3308 2244 3540 2299 seminat

1945 2333 2132 2397 verba,
2160 2333 2444 2405 lacrymas,
2476 2334 2893 2402 confessionem,
2921 2335 3024 2390 nisi
3055 2336 3193 2389 bona
3235 2351 3331 2407 spe
3372 2335 3539 2391 fultus

1945 2422 1997 2478 id
2029 2422 2210 2489 faciat,
2235 2440 2263 2476 a
2294 2425 2525 2494 peccatis
2549 2424 2809 2481 desistere
2836 2442 2943 2481 non
2971 2426 3185 2497 poterit,
3220 2435 3404 2497 utpote
3433 2427 3532 2482 de-

1945 2514 2265 2584 sperationis
2293 2515 2433 2568 malo
2462 2514 2747 2570 cohibitus.
2779 2516 2884 2571 Sed
2910 2517 3363 2587 quemadmodum
3401 2520 3544 2589 agri-

1946 2605 2062 2660 cola
2099 2604 2190 2659 ille
2234 2606 2322 2675 qui
2370 2606 2437 2660 de
2493 2617 2757 2675 proventu
2799 2606 3069 2664 fructuum
3117 2609 3400 2680 desperat,
3434 2626 3540 2665 non

1945 2695 2153 2751 Curabit
2180 2710 2243 2751 ea
2272 2708 2552 2763 removere
2580 2712 2700 2767 quae
2724 2696 2967 2767 frugibus
2993 2698 3150 2753 noxia
3180 2709 3306 2755 sunt
3338 2714 3353 2753 :
3388 2701 3458 2754 ita
3488 2709 3545 2756 et

1947 2787 2038 2842 ille
2064 2787 2153 2857 qui
2196 2800 2294 2855 per
2331 2785 2596 2858 lacrymas
2638 2785 3037 2843 confessionem
3086 2790 3363 2857 seminat,
3408 2789 3542 2845 nihil

1946 2883 2242 2944 expectans
2272 2874 2396 2929 inde
2423 2876 2580 2941 lucri,
2608 2877 2915 2946 neutiquam
2939 2879 3140 2948 poterit
3167 2894 3230 2933 ea
3257 2895 3543 2937 removere

1946 2981 2067 3036 quae
2108 2966 2437 3034 poenitentiae
2459 2966 2682 3021 exitiosa
2707 2976 2852 3023 sunt.
2882 2968 3254 3025 Pmnitentiatn
3286 2986 3416 3026 vero
3442 2970 3544 3026 de-

1948 3057 2107 3110 struit
2160 3044 2347 3109 iisdem
2398 3054 2452 3110 in
2488 3057 2723 3126 peccatis
2769 3061 3187 3127 perseverantia.
3245 3057 3426 3125 Untts,
3459 3060 3545 3116 in-

1947 3147 2086 3215 quit,
2111 3145 2375 3213 a'di/icans
2415 3155 2463 3200 et
2510 3163 2643 3201 unus
2681 3146 2969 3210 destruens,
3019 3148 3142 3217 quid
3193 3149 3377 3204 lucrati
3428 3160 3547 3205 sunt

1951 3246 2132 3306 preter
2159 3235 2409 3291 laborem?
2437 3236 2538 3303 Qui
2564 3236 2852 3307 baptizatur
2878 3254 2911 3291 a
2931 3248 3129 3293 mortuo
3155 3239 3171 3307 (
3193 3239 3231 3294 i.
3262 3254 3315 3295 e.
3340 3255 3371 3294 a
3404 3249 3546 3295 tactu

1949 3330 2145 3385 mortui
2173 3328 2193 3400 )
2223 3340 2270 3384 et
2298 3346 2473 3384 rursus
2498 3331 2659 3402 tangit
2682 3331 2847 3393 illum,
2871 3331 2994 3401 quid
3033 3333 3355 3387 emolumenti
3398 3332 3547 3388 habet

1950 3422 2232 3476 exlavacro
2259 3436 2351 3474 suo
2378 3418 2584 3492 (Eccli.
2624 3421 2713 3477 31.
2746 3422 2876 3493 30)?
2905 3421 2995 3478 Sic
3024 3422 3188 3477 homo
3225 3423 3313 3494 qui
3337 3422 3548 3494 jejunat

1950 3526 1982 3564 a
2011 3511 2242 3581 peccatis
2287 3511 2434 3576 suis,
2467 3520 2523 3566 et
2547 3511 2739 3566 iterum
2790 3527 3104 3583 progressus
3146 3513 3333 3571 eadem
3354 3514 3545 3570 admito

1953 3603 2048 3657 tit:
2080 3604 2200 3673 quis
2218 3603 2336 3673 ejus
2361 3617 2550 3674 preces
2569 3603 2818 3658 exaudiet
2844 3602 2867 3656 ?
2898 3603 2963 3659 Et
2994 3620 3231 3672 rursum,
3253 3604 3357 3673 Qui
3381 3620 3546 3661 recer-

1953 3694 2096 3761 titur,
2128 3693 2319 3763 inquit,
2348 3710 2382 3747 a
2400 3694 2672 3763 justitiain
2702 3706 2984 3765 peccatum,
3000 3714 3116 3751 eum
3137 3697 3387 3754 Dominus
3411 3716 3548 3770 pm-

1956 3794 2103 3854 parat
2126 3784 2196 3838 ad
2219 3784 2448 3855 gladium
2472 3783 2658 3857 (Eccli.
2697 3785 2787 3841 26.
2819 3786 2936 3859 2'7).
2966 3789 3053 3855 Et,
3087 3789 3234 3843 Sicut
3258 3791 3399 3844 canis
3427 3808 3545 3845 cum

1954 3892 2180 3930 reversus
2220 3876 2375 3945 fuerit
2413 3875 2482 3929 ad
2508 3876 2747 3930 vomitum
2775 3917 2790 3940 ,
2842 3878 3049 3932 odiosus
3099 3878 3326 3949 efﬁcitur,
3381 3881 3454 3934 sic
3501 3890 3549 3934 et

1952 3967 2196 4036 insipiens
2259 3967 2456 4020 malitia
2507 3984 2602 4022 sua
2654 3983 2879 4022 reversus
2944 3969 3014 4023 ad
3066 3970 3324 4041 peccatum
3392 3988 3544 4026 suum
3618 4040 3619 4043 η

1957 4059 1977 4130 (
2003 4058 2162 4113 Prov.
2193 4058 2284 4112 26.
2308 4058 2364 4112 Η
2400 4058 2441 4128 ).

2027 4151 2113 4206 19.
2151 4150 2278 4217 Ωιταε
2305 4153 2366 4205 sit
2415 4152 2635 4205 conditio
2680 4167 2810 4206 vera:
2851 4153 3339 4221 pandentia—Ne
3369 4156 3549 4226 itaque

1955 4252 2231 4311 peccatum
2256 4243 2405 4313 quasi
2436 4253 2716 4297 accusator
2744 4246 2816 4297 tui
2853 4253 3053 4298 tantum
3091 4247 3375 4301 annunties
3404 4288 3418 4311 ,
3448 4248 3545 4302 sed

1956 4343 2221 4405 tamquam
2261 4334 2348 4403 qui
2380 4350 2477 4406 per
2518 4335 2844 4404 poenitentia:
2884 4336 3100 4391 modum
3127 4337 3406 4407 justificari
3447 4338 3549 4395 de-

1955 4425 2120 4490 beas;
2164 4425 2243 4479 sic
2267 4425 2406 4479 enim
2445 4426 2645 4493 poteris
2673 4426 2905 4479 animam
2950 4426 3295 4482 confitentem
3344 4428 3549 4498 pudore

1954 4517 2209 4584 afficere,
2264 4532 2333 4572 ne
2387 4517 2523 4572 ultra
2565 4517 2616 4571 in
2663 4517 2849 4572 eadem
2881 4518 3168 4573 relabatur.
3217 4518 3351 4575 Nam
3377 4520 3547 4576 vehe-

1955 4618 2163 4663 menter
2200 4622 2260 4663 se
2300 4607 2557 4663 damnare
2587 4607 2931 4679 proliterique
2976 4618 3335 4679 peccatorem,
3380 4611 3542 4665 etiam

1955 4715 2075 4754 cum
2099 4698 2399 4754 infidelibus
2426 4713 2712 4753 commune
2738 4708 2842 4754 est.
2893 4698 3043 4754 Multi
3075 4716 3305 4771 namque
3329 4716 3360 4755 a
3384 4716 3544 4756 scena

1955 4790 2055 4844 viri
2078 4797 2133 4845 et
2159 4788 2436 4855 mulieres,
2466 4789 2556 4859 qui
2602 4790 2836 4845 maxime
2864 4791 3247 4860 turpitudinem
3274 4809 3424 4847 suam
3456 4807 3547 4847 se-

1954 4897 2075 4948 cum
2116 4890 2386 4952 reputant,
2416 4896 2536 4937 sese
2559 4882 2783 4937 miseros
2812 4884 3103 4952 praedicant
3133 4900 3146 4937 :
3172 4895 3229 4939 at
3259 4902 3364 4940 non
3391 4886 3546 4941 colli-

1956 4980 2104 5027 mant
2139 4972 2205 5026 ad
2252 4988 2436 5026 verum
2489 4987 2731 5043 scopum.
2766 4974 2942 5040 Quare
2984 4974 3115 5029 illud
3174 4993 3279 5030 non
3311 4978 3547 5032 vocarim

1954 5061 2345 5118 confessionem
2381 5078 2620 5132 {neque
2663 5063 2804 5118 enim
2857 5080 2979 5119 cum
3039 5066 3233 5121 animo:
3285 5082 3550 5138 compun-

1954 5156 2132 5210 ctione
2160 5197 2175 5220 ,
2200 5169 2324 5209 cum
2345 5155 2701 5210 amaritudine
2728 5156 3106 5228 lacrymarum,
3134 5173 3255 5213 cum
3283 5160 3407 5215 vita:
3435 5178 3551 5215 mu-

1957 5249 2156 5302 tatione
2194 5257 2411 5318 peccata
2460 5264 2554 5301 sua
2586 5249 2864 5303 entmtiant
2893 5265 2908 5313 ;
2938 5250 3031 5304 sed
3078 5251 3167 5305 alii
3222 5253 3438 5323 quidem
3484 5270 3550 5309 eo

1955 5338 2169 5392 nomine
2195 5335 2247 5391 id
2288 5345 2471 5407 agunt,
2503 5347 2561 5391 ut
2589 5337 2847 5407 ejusmodi
2875 5339 3108 5395 candore
3136 5343 3399 5398 sermonis
3431 5356 3549 5412 ςῐο-

1953 5432 2087 5485 riam
2131 5427 2482 5498 aucupentur.
2540 5428 2889 5485 Peccatorum
2942 5433 3084 5485 enim
3125 5435 3355 5503 gravitas
3390 5435 3549 5505 longe

1954 5518 2058 5575 alia
2087 5526 2308 5588 apparet
2350 5533 2472 5571 cum
2512 5519 2649 5573 alter
2684 5534 2745 5573 ea
2779 5520 3099 5587 denuntiat,
3136 5539 3293 5592 quant
3338 5541 3460 5578 eum
3505 5542 3550 5579 ts

1967 5610 2079 5677 ipse.
2108 5608 2197 5676 qui
2228 5605 2489 5675 peccavit.
2513 5607 2615 5659 Alii
2639 5614 2814 5662 autem
2842 5611 2889 5661 vi
2930 5610 3321 5680 desperationis
3350 5614 3401 5667 in
3431 5624 3545 5667 stne

1958 5716 2138 5773 porem
2172 5708 2224 5751 et
2268 5697 2545 5767 segnitiem
2595 5698 2723 5769 lapsi
2753 5739 2767 5765 ,
2798 5710 2851 5753 ct
2895 5701 3115 5770 gloriam
3148 5704 3417 5757 hominum
3445 5704 3545 5759 de-
