4276 6316
759 330 861 386 307

758 443 1066 512 spicietttes,
1091 456 1212 496 cum
1264 441 1588 510 impudentia
1621 453 1806 508 magna
1839 448 2057 509 peccata
2099 455 2190 494 sua
2225 455 2346 510 per-

759 532 884 587 inde
924 541 1084 602 atque
1139 533 1304 585 aliena
1347 531 1593 584 euntibus
1624 529 1970 600 proclamant.
2003 529 2174 584 Nolim
2219 545 2344 584 sane

757 637 810 678 te
861 640 926 678 ex
973 625 1182 679 illorum
1232 638 1458 677 numero
1505 638 1662 687 esse,
1719 622 1803 676 vel
1855 638 1920 675 ex
1974 621 2344 691 desperatione

754 717 1137 770 confessionem
1211 716 1404 780 edere,
1463 715 1556 768 sed
1613 729 1731 766 cum
1783 714 1918 767 bona
1989 730 2127 783 spe,
2168 717 2343 769 omni-

754 824 857 878 que
901 819 1104 863 resecta
1163 808 1550 879 desperationis
1605 805 1785 859 radice
1844 807 2169 859 contrarium
2223 804 2346 858 huic

755 902 986 954 studium
1020 899 1293 954 exhibere.
1324 899 1577 969 Qua-nam
1624 909 1796 954 mater
1821 908 1876 953 ct
1903 898 2053 952 radix
2083 897 2339 965 despera-

757 994 914 1046 tionis
945 993 1064 1046 est?
1092 992 1304 1061 Ignavia
1353 1011 1366 1046 :
1411 993 1520 1046 imo
1571 1008 1674 1047 nou
1709 993 1857 1046 radix
1898 991 2055 1045 modo
2097 1001 2338 1055 vocetur,

753 1083 848 1137 sed
893 1084 1047 1136 etiam
1077 1084 1250 1136 nutrix
1291 1095 1344 1137 et
1388 1092 1576 1138 mater.
1627 1082 2084 1150 Quemadmodum
2119 1082 2259 1134 enim
2289 1081 2340 1133 itt

756 1174 874 1226 lana
907 1175 1075 1227 tineas
1106 1173 1271 1243 gignit
1303 1174 1575 1240 corruptio
1601 1213 1613 1235 ,
1645 1188 1762 1242 qua:
1795 1181 1977 1240 postea
2022 1171 2090 1224 ab
2119 1171 2222 1223 illis
2250 1185 2344 1224 au—

759 1276 912 1334 getur
937 1284 948 1318 :
978 1267 1054 1320 sic
1086 1266 1244 1320 etiam
1273 1265 1359 1319 hic
1399 1265 1604 1335 ignavia
1634 1264 2060 1333 desperationem
2095 1263 2258 1330 parit,
2288 1271 2344 1316 et

755 1366 999 1424 posteaa
1027 1355 1396 1425 desperatione
1436 1356 1614 1418 alitur,
1649 1365 1700 1409 et
1745 1354 1916 1409 amba:
1965 1362 2150 1407 mutuo
2187 1367 2342 1406 exsc-

754 1448 1010 1502 crandum
1038 1448 1138 1501 sibi
1166 1455 1452 1516 procurant
1483 1449 1864 1501 incrementum
1885 1488 1899 1511 ,
1934 1461 2033 1501 nec
2081 1445 2340 1500 modicam

753 1540 1113 1594 accessionem
1142 1541 1376 1608 capiunt.
1419 1539 1474 1594 Si
1503 1541 1620 1609 quis
1649 1541 1807 1608 igitur
1834 1538 2053 1591 alteram
2096 1539 2344 1606 praesciu-

755 1629 865 1695 dat,
901 1629 1170 1684 residuam
1198 1631 1422 1684 alteram
1453 1629 1608 1684 facile
1641 1629 1835 1698 poterit
1865 1643 2141 1697 superare.
2173 1621 2342 1681 Num-

756 1735 912 1788 quam
938 1720 1078 1773 enim
1111 1719 1200 1788 qui
1241 1736 1344 1772 non
1379 1719 1632 1787 torpescit
1664 1719 1713 1772 in
1742 1719 2166 1788 desperationem
2201 1719 2344 1770 labe-

759 1818 864 1872 tur,
899 1825 1069 1877 neque
1094 1810 1179 1878 qui
1211 1810 1370 1862 alitur
1399 1824 1492 1878 spc
1520 1810 1678 1872 bona,
1713 1825 1807 1862 nec
1831 1809 2067 1862 animum
2107 1810 2342 1876 despon-

757 1900 865 1965 det,
899 1916 1128 1968 unquam
1164 1899 1358 1969 poterit
1404 1901 1454 1952 itt
1483 1901 1760 1969 segnitiem
1792 1898 2001 1953 cadere.
2038 1899 2138 1952 Par
2167 1900 2344 1968 itaque

760 1993 887 2046 illud
930 1993 1142 2056 divelle,
1171 2003 1225 2046 et
1250 1993 1436 2061 jugum
1477 1992 1750 2061 confringe
1774 2033 1787 2054 ,
1821 1991 2020 2044 variam
2049 1991 2168 2044 dico
2200 1991 2341 2043 illam

755 2091 808 2136 et
835 2099 1047 2151 gravem
1073 2083 1446 2153 cogitationem
1472 2101 1484 2136 :
1515 2098 1688 2152 neque
1721 2084 1858 2136 cuitu
1894 2083 1977 2135 illa
2006 2099 2124 2151 qua:
2147 2091 2345 2136 utram-

772 2187 875 2240 que
917 2174 1310 2242 complectitur,
1343 2174 1496 2227 unius
1539 2183 1620 2227 est
1652 2173 1868 2239 formae,
1919 2173 2013 2227 scd
2062 2174 2260 2226 variant
2292 2183 2346 2228 et

757 2263 1115 2316 omnintotlant
1148 2265 1380 2332 speciem
1413 2263 1644 2332 pra-fert.
1673 2262 1928 2330 Qttzettaut
1958 2273 2039 2318 est
2067 2262 2345 2317 illa?Con-

758 2356 912 2422 tingit
938 2355 1221 2423 aliquando
1265 2357 1608 2423 pmnitcntem
1645 2356 1808 2409 multa
1839 2365 1981 2408 recte
2013 2366 2064 2408 ct
2088 2355 2346 2425 prteclat-c

757 2461 912 2512 agere
947 2463 957 2498 :
998 2446 1312 2515 interimque
1355 2461 1383 2498 a
1414 2445 1836 2516 bonisoperibus
1878 2447 1982 2500 labi
2023 2462 2116 2514 per
2142 2447 2344 2515 pecrati

764 2537 890 2608 ip-is
918 2546 1064 2592 recte
1115 2536 1265 2590 factis
1315 2537 1569 2606 gravitate
1595 2537 1777 2606 patia:
1811 2546 1864 2589 ct
1900 2537 1998 2590 hoc
2034 2536 2264 2590 maxime
2293 2535 2346 2588 in

759 2630 1182 2698 ili-speratioaem
1227 2628 1448 2694 injicere
1487 2628 1668 2693 \‘aiel;
1721 2641 1781 2680 ac
1821 2626 1864 2679 si
1914 2641 1976 2680 ea
2044 2640 2162 2694 qua:
2213 2640 2344 2677 con-

768 2729 969 2773 structa
1005 2718 1213 2772 fuerant
1239 2719 1410 2772 diruta
1438 2719 1576 2785 sint,
1607 2729 1661 2772 et
1709 2717 1898 2772 frustra
1945 2717 2169 2772 cesserit
2196 2716 2350 2770 labor

762 2812 812 2864 in
843 2812 941 2864 illis
972 2811 1206 2880 agendis.
1240 2809 1460 2879 Oportet
1488 2819 1664 2864 autent
1695 2811 1797 2864 hoc
1841 2821 2019 2864 mente
2059 2817 2308 2877 reputare
2329 2850 2344 2874 ,

759 2912 814 2954 et
857 2901 991 2954 hanc
1040 2902 1410 2969 cogitationem
1455 2901 1769 2969 depellere:
1817 2901 2066 2973 quoniam
2113 2900 2156 2952 si
2204 2909 2349 2953 recte

762 2992 1015 3044 factorum
1043 3006 1340 3044 mensuram
1367 3031 1381 3055 ,
1417 2991 1672 3059 atqttalent
1717 2992 1945 3059 p-=ccatis
1968 3033 1980 3054 ,
2013 3007 2130 3059 qua)
2165 2997 2345 3058 postea

761 3083 1044 3136 ('Onnnissa
1067 3093 1212 3145 sunt,
1240 3096 1343 3135 non
1366 3082 1661 3150 depositam
1682 3080 1996 3145 habeamus,
2025 3082 2156 3134 nihil
2179 3081 2349 3148 prohi-

763 3174 906 3227 bebit
947 3175 1230 3244 quominus
1269 3176 1482 3242 penitus
1510 3173 1892 3241 deprimantur.
1924 3174 1992 3226 At
2035 3182 2179 3227 recte
2208 3172 2348 3226 facta

766 3263 851 3316 illa
881 3275 1008 3316 sunt
1047 3263 1208 3316 veluti
1262 3263 1451 3316 thorax
1495 3261 1668 3325 fortis,
1699 3262 1791 3335 qui
1819 3271 2029 3316 acutum
2073 3263 2351 3316 acerbum-

765 3370 870 3422 que
903 3356 1062 3409 telum
1107 3356 1345 3422 reprimit
1374 3370 1438 3408 ne
1469 3370 1600 3422 opus
1628 3370 1780 3407 suum
1812 3355 2082 3423 perficiat,
2116 3354 2209 3407 sed
2239 3354 2351 3421 ipse

763 3445 1023 3498 discissus
1059 3445 1281 3498 multum
1332 3446 1549 3512 periculi
1597 3454 1836 3499 removet
1886 3459 1915 3498 a
1944 3459 2188 3513 corpore.
2218 3443 2350 3497 Nam

763 3539 853 3606 qui
884 3552 1003 3590 cum
1043 3537 1226 3590 multis
1264 3545 1373 3590 tum
1427 3537 1578 3590 Louis
1615 3547 1722 3590 tttttt
1763 3537 1917 3591 malis
1943 3537 2192 3606 operibus
2228 3537 2354 3590 illuc

765 3629 1020 3691 abscedit,
1055 3628 1274 3682 habebit
1318 3628 1514 3696 aliquid
1564 3628 1742 3682 solatii
1776 3627 1826 3680 itt
1876 3626 2173 3695 supplicio,
2219 3635 2273 3679 et
2300 3627 2352 3680 in

769 3720 1124 3784 cruciatibus;
1170 3719 1257 3788 qui
1303 3728 1480 3772 autem
1541 3718 1798 3771 bonorum
1853 3733 2074 3785 operum
2121 3732 2349 3785 evpers,

768 3810 897 3862 mala
931 3817 1129 3861 tauttttu
1176 3823 1358 3861 secum
1391 3807 1562 3860 defert
1589 3849 1600 3868 ,
1630 3789 1734 3858 diei
1773 3807 1952 3874 nequit
1985 3816 2178 3874 quanta
2228 3821 2350 3875 pas-

765 3916 921 3952 surus
947 3901 1051 3963 sit,
1081 3899 1144 3951 ad
1173 3909 1434 3953 a-tcrnum
1465 3897 1779 3967 soptilicium
1812 3897 2102 3966 ablegatus.
2143 3898 2351 3952 Etenim

768 3995 873 4047 illic
903 3994 1268 4062 :qtpeudentur
1293 4009 1452 4062 opera
1509 3992 1645 4046 tnala
1672 4034 1686 4058 ,
1717 4008 1836 4045 eum
1860 3993 1975 4046 aliis
2004 4009 2105 4046 non
2140 3993 2350 4060 talibus,

767 4095 819 4138 et
854 4086 895 4137 si
937 4087 1048 4138 lta'c
1075 4095 1336 4152 postrema
1368 4085 1572 4138 lancem
1608 4083 1923 4152 depritttaat,
1956 4099 2058 4136 non
2091 4083 2354 4137 modicam

766 4177 992 4230 salutent
1018 4177 1238 4230 afferent
1271 4176 1473 4228 auctori
1511 4193 1522 4227 :
1567 4190 1735 4244 neque
1771 4183 1967 4228 tantam
2005 4177 2108 4228 vim
2145 4174 2360 4228 habebit

774 4266 1028 4318 malorum
1053 4281 1272 4334 operum
1304 4280 1459 4327 noxa,
1492 4277 1686 4317 ttteutn
1721 4265 1786 4318 de
1818 4265 1932 4317 loco
1955 4280 2050 4317 suo
2077 4265 2357 4319 deturbare

772 4357 968 4422 possit;
1011 4356 1053 4408 si
1086 4365 1262 4409 autem
1297 4355 1432 4407 mala
1462 4370 1618 4423 opera
1647 4356 1983 4422 pratvaleant,
2018 4357 2070 4409 in
2104 4355 2358 4426 gehentnc

773 4447 946 4514 ignem
992 4446 1333 4514 deprimunt;
1369 4462 1432 4499 eo
1462 4446 1597 4515 quod
1629 4446 1882 4498 honorum
1925 4462 2144 4515 uperum
2175 4461 2358 4502 nume—

771 4553 859 4590 rus
883 4552 985 4589 non
1015 4536 1059 4588 is
1083 4537 1171 4602 sit,
1205 4537 1292 4604 qtti
1329 4539 1493 4604 possit
1531 4537 1912 4590 \‘Citcntettlittl'i
1948 4538 2195 4606 impulsci
2228 4555 2358 4591 eon-

773 4630 937 4681 trario
962 4628 1227 4682 resistere.
1258 4627 1366 4680 ειυς
1391 4643 1545 4695 porro
1579 4629 2043 4681 nun-ratiociniunt
2077 4629 2234 4682 modo
2261 4645 2357 4684 no-

772 4731 940 4770 strum
981 4718 1230 4787 suggerit,
1277 4718 1367 4771 sed
1391 4719 1550 4770 etiam
1583 4719 1756 4771 divina
1799 4720 2047 4785 oracula;
2082 4720 2192 4788 ipse
2217 4723 2358 4774 enim

776 4808 944 4877 inquit
959 4825 972 4837 ο
985 4808 1170 4861 Reddet
1187 4809 1446 4874 unicuique
1463 4807 1734 4860 secundum
1752 4823 1902 4876 Opera
1922 4810 2027 4877 ejus
2043 4808 2356 4880 (Romflli).

776 4906 850 4952 Ac
879 4918 980 4951 non
1014 4900 1062 4951 in
1095 4900 1334 4967 gehentta
1366 4901 1557 4959 solum,
1591 4898 1681 4951 sed
1711 4900 1867 4950 etiam
1899 4901 1948 4951 itt
1982 4914 2144 4968 regno
2175 4900 2362 4954 discri-

778 4991 918 5042 tttitta
951 4992 962 5018 ¹
997 4990 1216 5058 plurima
1264 4991 1499 5058 reperias
1543 5008 1554 5039 :
1611 4989 1920 5054 Mansioues,
1959 4991 2127 5059 inqttit
2151 5031 2166 5055 ,
2195 4990 2364 5045 multa:

847 5123 860 5150 ι
902 5128 1012 5176 tzeg.
1035 5134 1176 5177 unus,
1203 5120 1498 5185 discritttiuo.
1530 5119 1651 5170 ,κωἕὶ
1676 5135 1856 5185 qgaqae
1875 5135 1890 5169 r
1910 5122 1955 5170 lz‘
1973 5121 2115 5171 istum
2141 5119 2293 5183 ἱρςωξι
2316 5123 2364 5172 in

780 5185 1325 5250 tit-angelusdicentcmu
1349 5184 1402 5236 in
1423 5185 1563 5233 domo
1590 5182 1744 5233 tauris
1776 5182 1868 5234 iuet”
1907 5198 1973 5232 ιγ·-
1995 5185 2067 5232 tu:
2091 5189 2195 5232 sunt
2228 5198 2364 5233 unat-

1467 327 1524 382 S.
1565 326 1840 382 JOANNIS
1878 327 2359 384 CliRYSOSTOMl
2401 329 2718 386 Αῐῐιῖιίιῐοῖι).
2743 332 3279 392 (ῖυΧΞΤΑΝἨΝῡΡ.

3939 344 4045 402 3θ8

2452 455 2569 498 εηηι
2599 446 2735 513 apud
2762 445 2969 500 Putrem
3001 467 3161 502 meum
3191 448 3364 520 (Joan.
3397 454 3480 515 14,
3517 454 3603 522 ‘2);
3637 465 3710 518 et,
3739 456 3850 510 Alia
3879 465 4048 529 glcrm

2450 535 2589 597 solis,
2615 535 2716 587 alia
2743 536 2878 589 litum
2909 537 2982 604 (Ι.
3005 537 3116 591 Cor.
3156 540 3371 611 15.ίὶ1).
3406 541 3471 596 Et
3494 544 3616 612 quid
3645 547 3834 600 mirum
3863 549 3907 602 si
3931 549 4047 605 ha-c

2453 633 2557 677 tam
2598 638 2843 679 :n-curate
2890 628 3212 695 distinxerit,
3259 631 3471 700 quando
3510 635 3720 690 stellam
3759 653 3970 708 quoque
4014 659 4044 693 :t

2449 714 2602 767 stella
2635 715 2701 768 ibi
2735 714 2945 771 differre
2974 720 3066 771 ait.
3122 720 3318 773 llorttnt
3357 721 3530 791 itaque
3554 727 3725 793 gnari,
3754 743 4042 800 numquam

2448 805 2515 859 ab
2543 810 2796 862 exercitio
2835 811 3093 864 bonorum
3126 828 3347 882 operum
3396 816 3736 882 absistatuus,
3767 835 3936 889 neque
3963 822 4042 875 la-

2451 894 2564 948 bori
2587 897 2837 954 cedamus
2877 918 2889 952 :
2936 917 3039 955 neu
3079 903 3201 972 quia
3245 904 3309 957 ad
3341 905 3472 960 solis
3513 907 3757 978 lunaque
3798 911 4042 966 ordinem

2450 987 2741 1041 ascendere
2773 1004 2876 1043 noa
2908 1007 3214 1061 possumus,
3247 993 3520 1051 stellarum
3551 1007 3746 1053 statum
3775 1000 4041 1070 despicia-

2449 1090 2588 1128 mus.
2619 1075 2752 1130 Nam
2783 1079 2824 1130 si
2857 1080 3016 1134 talem
3049 1082 3236 1136 saltem
3264 1083 3510 1139 virtutem
3537 1087 3955 1156 exltihueritnus,
3989 1092 4042 1144 in

2450 1166 2585 1221 ca‘lo
2607 1183 2726 1224 esse
2750 1172 3060 1238 poterimus.
3096 1173 3159 1227 Et
3183 1175 3228 1228 si
3251 1191 3355 1228 non
3381 1191 3593 1240 aurum,
3623 1193 3727 1232 non
3755 1180 3888 1247 lapis
3916 1196 4042 1250 pro-

2451 1258 2622 1313 tiosos
2666 1260 2941 1323 fuerimus,
2975 1265 3177 1331 argenti
3207 1266 3393 1320 saltem
3434 1267 3653 1336 gradum
3687 1268 3944 1326 habentes
3986 1273 4040 1326 itt

2449 1349 2796 1404 fundamento
2830 1353 3177 1406 manebimus.
3234 1352 3289 1407 ld
3333 1371 3495 1408 ttnttnt
3524 1372 3839 1424 caveamus,
3871 1374 3939 1415 ne
3972 1360 4044 1414 ad

2451 1441 2591 1494 illam
2626 1450 2962 1495 revertamur
2991 1445 3291 1510 materiam,
3320 1461 3477 1520 quam
3509 1447 3663 1502 facile
3690 1447 3826 1518 ignis
3855 1449 4040 1504 incen-

2449 1529 2547 1596 dit,
2575 1546 2708 1584 ncve
2731 1546 2852 1584 eum
2886 1534 3094 1600 egregia
3131 1533 3363 1589 facinora
3391 1535 3553 1592 edere
3584 1554 3689 1591 non
3713 1538 3970 1604 valemus,
4009 1553 4044 1593 ι

2448 1623 2685 1677 minimis
2714 1623 2873 1676 etiam
2898 1623 3213 1679 absistamus
3247 1643 3258 1678 :
3297 1625 3349 1680 id
3375 1627 3514 1680 enim
3541 1639 3795 1684 extrema:
3818 1629 4045 1684 demen-

2452 1714 2539 1766 tia:
2568 1723 2648 1768 est
2673 1731 2685 1766 :
2721 1713 2860 1781 quod
2891 1714 3027 1769 absit
3051 1730 3079 1767 a
3106 1715 3279 1768 nobis.
3310 1715 3764 1782 Quemadmodum
3794 1720 3935 1775 enim
3959 1719 4047 1774 di-

2453 1805 2591 1859 vitia:
2620 1821 2892 1874 corporea:
2920 1817 3180 1876 augentur
3199 1823 3318 1862 cum
3346 1825 3529 1864 earum
3556 1821 3825 1866 amatores
3847 1829 3913 1867 ne
3933 1813 4042 1867 mi-

2451 1897 2591 1949 nitna
2619 1897 2836 1967 quidem
2863 1898 3006 1951 lucra
3038 1901 3328 1970 negligunt,
3357 1903 3434 1957 sic
3477 1911 3532 1957 et
3573 1904 3877 1973 spirituales
3902 1905 4045 1960 divi-

2453 1989 2556 2040 tize.
2589 1988 2860 2057 Siquidem
2881 1989 3168 2045 absurdum
3195 2001 3295 2057 est,
3325 1993 3410 2046 ubi
3433 1993 3602 2049 Jttdex
3631 2011 3698 2050 uc
3714 1995 3903 2066 frigido
3921 1998 4046 2066 qui-

2451 2076 2570 2131 dem
2605 2078 2799 2146 puculo
2832 2079 3154 2135 mercedem
3175 2092 3349 2154 negat,
3384 2099 3481 2139 nos
3517 2085 3620 2139 nisi
3659 2086 3853 2141 eximia
3881 2101 4047 2156 opera

2452 2169 2690 2234 edamus,
2733 2171 2940 2225 minora
2987 2188 3090 2226 non
3133 2188 3341 2229 curare.
3376 2176 3474 2243 Qui
3515 2178 3658 2231 enim
3690 2179 3894 2234 minora
3938 2196 4046 2236 non

2456 2262 2682 2328 spernit,
2711 2277 2836 2330 erga
2864 2263 3092 2317 maxima
3121 2279 3364 2332 magnam
3395 2267 3719 2337 diligentiam
3745 2271 4046 2336 exhibebit;

2451 2352 2538 2418 qui
2571 2368 2693 2406 rct'o
2739 2352 2855 2406 ltzec
2898 2353 3155 2422 despicit,
3189 2356 3348 2409 etiam
3379 2358 3445 2411 ab
3485 2359 3588 2412 illis
3610 2360 3821 2414 demum
3861 2361 4050 2417 absce—

2453 2442 2543 2496 det
2574 2460 2585 2494 :
2619 2443 2759 2512 quod
2790 2460 2856 2496 ne
2881 2444 3209 2499 ticrctctiam
3240 2446 3323 2499 his
3345 2449 3644 2502 mercedem
3667 2452 4047 2520 amplissimam

2452 2534 2741 2601 aSsigthil
2792 2534 3056 2589 Christus.
3103 2536 3240 2603 Quid
3297 2537 3438 2592 enim
3501 2537 3705 2595 facilius
3750 2551 3851 2607 est,
3887 2557 4048 2611 quam

2454 2625 2641 2677 morbo
2674 2625 2977 2682 laborantes
3016 2627 3268 2683 visitare?
3292 2629 3414 2684 huic
3444 2638 3616 2685 tamen
3652 2633 3728 2685 rei
3761 2647 4006 2702 magnum
4027 2633 4052 2666 ‘

2458 2715 2638 2768 tribuit
2669 2717 2966 2784 praemium.
3002 2717 3174 2772 \‘itam
3217 2719 3394 2788 itaque
3433 2722 3812 2790 sempiternam
3850 2739 4050 2793 appre-

2456 2803 2651 2866 hende,
2685 2804 2953 2860 delectare
2993 2808 3044 2859 itt
3074 2807 3318 2871 Domino,
3355 2818 3412 2863 et
3445 2810 3680 2879 supplica
3721 2813 3791 2866 illi
3822 2831 3834 2866 :
3861 2814 4054 2882 jugum

2455 2893 2584 2947 illttd
2614 2909 2779 2948 suave
2820 2895 3010 2951 iterum
3057 2900 3287 2966 suscipe,
3330 2900 3452 2953 subi
3492 2903 3607 2956 lere
3647 2918 3802 2969 onus,
3831 2904 4053 2972 dignum

2459 2985 2720 3053 principio
2769 2986 2926 3040 liuent
2969 2988 3266 3056 superaddc
3305 3007 3317 3042 :
3366 3007 3434 3044 ne
3485 2991 3696 3046 divitias
3737 3003 3910 3048 tantas
3949 2996 4057 3048 dif-

2458 3080 2622 3134 llucre
2653 3082 2891 3150 patiaris.
2923 3081 3055 3136 Nam
3097 3084 3142 3136 si
3188 3084 3351 3138 Deum
3383 3100 3671 3152 provocare
3708 3103 3918 3157 pergas,
3957 3105 4056 3143 eas

2458 3185 2646 3224 omnes
2673 3188 2763 3239 per
2794 3165 2938 3240 gestia
2967 3184 3053 3226 tua
3082 3173 3312 3242 perdes;
3337 3186 3520 3228 contra
3545 3191 3672 3228 vero
3693 3177 3736 3229 si
3762 3187 4055 3246 antequam

2460 3262 2685 3316 multum
2709 3263 2884 3318 damni
2903 3265 3140 3330 accedat,
3173 3273 3224 3319 et
3254 3275 3461 3335 segetes
3491 3267 3830 3333 iuuudcntur,
3863 3270 4058 3337 nequi-

2461 3355 2547 3406 tia:
2571 3355 2789 3408 canales
2819 3355 3168 3419 obstruxcris,
3197 3372 3317 3425 qua:
3342 3356 3546 3426 perdita
3585 3368 3708 3411 sunt
3731 3373 4061 3428 recuperare

2457 3444 2679 3512 poteris,
2710 3445 2877 3513 iisque
2900 3461 3002 3497 non
3034 3447 3295 3500 modicam
3321 3447 3681 3501 accessionem
3707 3449 3899 3502 facere.
3922 3449 4059 3515 Quae

2459 3535 2636 3586 omnia
2685 3544 2856 3587 tecum
2906 3543 3158 3602 reputans
3199 3544 3388 3590 excute
3437 3537 3749 3604 pulverem,
3793 3539 3861 3593 de
3904 3547 4058 3593 terra

2459 3638 2638 3694 surge,
2672 3635 2725 3677 et
2753 3625 2862 3678 eris
2891 3625 3198 3679 adversario
3218 3624 3566 3682 formidabilis
3595 3647 3608 3681 :
3641 3629 3755 3698 ipse
3781 3630 3975 3699 quippe
4001 3641 4061 3688 to

2460 3716 2767 3782 prostravit,
2817 3716 2966 3784 quasi
3020 3731 3124 3769 non
3160 3725 3521 3771 surrecturum
3561 3734 3812 3788 umquam
3842 3734 3857 3772 :
3888 3720 3931 3774 si
3959 3736 4062 3775 au-

2461 3812 2566 3858 tem
2599 3813 2647 3858 te
2670 3820 2883 3859 rursum
2921 3804 3111 3859 viderit
3137 3808 3330 3859 erectis
3370 3816 3554 3860 contra
3597 3810 3872 3876 manibus,
3905 3811 4063 3866 inex-

2460 3904 2697 3962 spectata
2725 3910 2783 3948 re
2812 3895 3090 3964 perculsus
3113 3935 3129 3960 ,
3156 3897 3369 3965 segnior
3401 3898 3505 3951 erit
3538 3898 3604 3951 ad
3642 3906 3693 3952 te
3716 3899 3892 3954 denuo
3921 3915 4061 3970 sup—

2465 3985 2846 4052 plaatandttm;
2895 3995 2950 4037 tu
2996 3999 3126 4039 vero
3176 3986 3377 4040 firmior
3403 3987 3622 4054 evades,
3655 3998 3712 4044 ut
3745 4005 3812 4044 ne.
3845 3991 4059 4061 plagam

2464 4073 2770 4142 hujusntodi
2796 4074 2974 4128 denuo
3001 4076 3252 4144 accipias.
3290 4078 3494 4132 Etenim
3518 4080 3559 4132 si
3582 4082 3805 4134 aliorum
3835 4083 4064 4136 calami.

2465 4171 2600 4217 tates
2620 4179 2717 4217 nos
2741 4164 2954 4219 erudire
2972 4175 3213 4234 possunt,
3239 4169 3405 4221 multo
3441 4171 3608 4237 magis
3627 4171 3752 4235 illat,
3775 4187 3906 4240 quas
3930 4187 4056 4226 sus-

2427 4328 2440 4335 ﬂ
2465 4254 2740 4320 tinuimus,
2771 4270 2867 4307 nos
2893 4257 3158 4310 erttdient.
3189 4257 3339 4324 Quod
3373 4259 3422 4311 in
3455 4260 3570 4328 ipso
3614 4261 3789 4330 capite
3817 4271 3905 4315 tuo
3928 4279 4058 4331 pro-

2465 4343 2672 4411 pediem
2706 4360 2790 4398 me
2817 4345 3050 4399 visuram
3081 4358 3353 4415 exspecto,
3377 4360 3429 4402 et
3459 4359 3510 4402 te
3541 4351 3629 4405 Dei
3658 4361 3783 4405 nutu
3823 4352 4061 4420 splendi-

2465 4434 2666 4490 diorem
2709 4435 2963 4500 futurum,
2997 4446 3049 4490 et
3081 4447 3279 4492 tantam
3310 4441 3556 4494 virtutem
3578 4442 3961 4505 exhibiturum,
4002 4453 4061 4499 ut

2465 4527 2626 4579 etiam
2657 4527 2774 4580 aliis
2806 4529 2911 4581 illic
2938 4529 3259 4596 patrocinari
3285 4531 3481 4584 valcas.
3515 4532 3737 4585 Tantum
3768 4549 3835 4586 nc
3859 4534 4060 4602 despe-

2441 4631 2574 4686 _rcs,
2608 4633 2777 4687 neque
2805 4619 3057 4672 concidas
3090 4619 3225 4674 :ltoc
3251 4622 3390 4672 enim
3425 4622 3516 4675 tibi
3537 4623 3588 4675 in
3618 4622 3762 4675 onmi
3794 4625 4060 4678 sentientis

2468 4715 2777 4775 congressu,
2803 4709 3122 4777 ubicumque
3151 4720 3200 4763 te
3223 4710 3424 4776 videro,
3453 4722 3504 4764 et
3528 4712 3753 4765 aliorum
3780 4713 3937 4764 etiam
3965 4728 4065 4769 ore

2471 4808 2714 4866 repetere
2775 4815 2879 4852 non
2924 4800 3187 4854 cessabo:
3237 4801 3378 4869 quod
3415 4803 3459 4854 si
3502 4802 3762 4864 audieris,
3795 4802 3916 4855 aliis
3940 4818 4060 4857 am-

2473 4891 2608 4960 pliUs
2630 4891 2876 4943 remediis
2907 4906 3012 4943 ttutt
3031 4891 3229 4960 egebis.

2471 5000 2638 5050 siones.
2652 5021 2668 5049 ι
2687 5001 2898 5062 Idtpsnm
2940 5000 3085 5050 (ﬁam
3119 5013 3187 5051 ea:
3207 5000 3424 5062 Αροδιοιο
3443 5001 3510 5053 ad
3539 5011 3619 5053 Co:
3632 5001 3805 5053 ὺιυιὶω
3825 5001 4070 5056 scribente

2472 5063 2765 5112 auti’iettdant
2788 5070 2882 5128 est.
2907 5062 3050 5116 (Alta
3069 5063 3336 5128 marita...»

2537 5128 2724 5188 ξυνὴ,
2762 5124 2904 5188 _Savil.
2948 5133 3000 5188 et
3043 5123 3146 5173 u'es
3185 5131 3311 5183 Mss,
3350 5123 3493 5186 hujus
3531 5131 3690 5175 (una!
3725 5125 3793 5174 rei
3831 5137 4063 5188 "mgnum

2472 5185 2603 5233 nobis
2627 5192 2660 5233 ις
2676 5184 2789 5233 ἐξησίι
2813 5184 3081 5247 ιηκπιηέευη.
