  <div class='ocr_page' id='page_1' title='image "/cluster/home/n/w/nwhite01/storage/ocr_20150623/47/pst.000005712441/270.png"; bbox 0 0 4276 6316; ppageno 0'>
   <div class='ocr_carea' id='block_1_1' title="bbox 1402 358 2423 426">
    <p class='ocr_par' dir='ltr' id='par_1_1' title="bbox 1402 358 2423 426">
     <span class='ocr_line' id='line_1_1' title="bbox 1402 358 2423 426; baseline -0.002 0"><span class='ocrx_word' id='word_1_1' title='bbox 1402 371 1493 426; x_wconf 77' lang='grc' dir='ltr'><strong>ΑΒ</strong></span> <span class='ocrx_word' id='word_1_2' title='bbox 1532 366 1955 426; x_wconf 74' lang='lat' dir='ltr'><strong>TIIEODORUM</strong></span> <span class='ocrx_word' id='word_1_3' title='bbox 2000 358 2294 425; x_wconf 55' lang='lat' dir='ltr'><strong>LAPSUM.</strong></span> <span class='ocrx_word' id='word_1_4' title='bbox 2356 368 2423 424; x_wconf 81' lang='lat' dir='ltr'><strong>ll.</strong></span> 
     </span>
    </p>
   </div>
   <div class='ocr_carea' id='block_1_2' title="bbox 3468 364 3575 423">
    <p class='ocr_par' dir='ltr' id='par_1_2' title="bbox 3468 364 3575 423">
     <span class='ocr_line' id='line_1_2' title="bbox 3468 364 3575 423; baseline 0 -1"><span class='ocrx_word' id='word_1_5' title='bbox 3468 364 3575 423; x_wconf 74' lang='lat' dir='ltr'><strong>3W</strong></span> 
     </span>
    </p>
   </div>
   <div class='ocr_carea' id='block_1_3' title="bbox 278 498 3582 526">
    <p class='ocr_par' dir='ltr' id='par_1_3' title="bbox 278 498 3582 526">
     <span class='ocr_line' id='line_1_3' title="bbox 278 498 3582 526; baseline -0.005 0"><span class='ocrx_word' id='word_1_6' title='bbox 278 498 3582 526; x_wconf 40' lang='grc' dir='ltr'><em>Μ</em></span> 
     </span>
    </p>
   </div>
   <div class='ocr_carea' id='block_1_4' title="bbox 1252 579 2591 676">
    <p class='ocr_par' dir='ltr' id='par_1_4' title="bbox 1252 579 2591 676">
     <span class='ocr_line' id='line_1_4' title="bbox 1252 579 2591 676; baseline -0.005 1"><span class='ocrx_word' id='word_1_7' title='bbox 1252 588 1795 676; x_wconf 88' lang='lat' dir='ltr'><strong>EJUSDEM</strong></span> <span class='ocrx_word' id='word_1_8' title='bbox 1848 590 2009 672; x_wconf 86' lang='lat' dir='ltr'><strong>AD</strong></span> <span class='ocrx_word' id='word_1_9' title='bbox 2066 579 2591 671; x_wconf 89' lang='lat' dir='ltr'><strong>EUMDEM</strong></span> 
     </span>
    </p>
   </div>
   <div class='ocr_carea' id='block_1_5' title="bbox 1312 761 2501 897">
    <p class='ocr_par' dir='ltr' id='par_1_5' title="bbox 1312 761 2501 897">
     <span class='ocr_line' id='line_1_5' title="bbox 1312 761 2501 897; baseline -0.006 0"><span class='ocrx_word' id='word_1_10' title='bbox 1312 761 2501 897; x_wconf 82' lang='lat' dir='ltr'><strong>THEODORUM</strong></span> 
     </span>
    </p>
   </div>
   <div class='ocr_carea' id='block_1_6' title="bbox 1485 971 2357 1079">
    <p class='ocr_par' dir='ltr' id='par_1_6' title="bbox 1485 971 2357 1079">
     <span class='ocr_line' id='line_1_6' title="bbox 1485 971 2357 1079; baseline -0.006 -4"><span class='ocrx_word' id='word_1_11' title='bbox 1485 984 1766 1079; x_wconf 63' lang='lat' dir='ltr'><strong>arma:</strong></span> <span class='ocrx_word' id='word_1_12' title='bbox 1836 984 2253 1078; x_wconf 68' lang='lat' dir='ltr'><strong>securibus</strong></span> <span class='ocrx_word' id='word_1_13' title='bbox 2294 971 2357 1070; x_wconf 78' lang='grc'><strong>¹.</strong></span> 
     </span>
    </p>
   </div>
   <div class='ocr_carea' id='block_1_7' title="bbox 1725 1151 2098 1208">
    <p class='ocr_par' dir='ltr' id='par_1_7' title="bbox 1725 1151 2098 1208">
     <span class='ocr_line' id='line_1_7' title="bbox 1725 1151 2098 1208; baseline -0.003 -3"><span class='ocrx_word' id='word_1_14' title='bbox 1725 1151 2098 1208; x_wconf 48' lang='lat' dir='ltr'><strong>arma»</strong></span> 
     </span>
    </p>
   </div>
   <div class='ocr_carea' id='block_1_8' title="bbox 333 1281 1861 1362">
    <p class='ocr_par' dir='ltr' id='par_1_8' title="bbox 333 1281 1861 1362">
     <span class='ocr_line' id='line_1_8' title="bbox 333 1281 1861 1362; baseline -0.011 -9"><span class='ocrx_word' id='word_1_15' title='bbox 333 1298 387 1353; x_wconf 73' lang='lat' dir='ltr'><strong>l.</strong></span> <span class='ocrx_word' id='word_1_16' title='bbox 415 1294 475 1352; x_wconf 88' lang='lat' dir='ltr'><strong>Si</strong></span> <span class='ocrx_word' id='word_1_17' title='bbox 503 1294 661 1350; x_wconf 89' lang='lat' dir='ltr'><strong>fletus</strong></span> <span class='ocrx_word' id='word_1_18' title='bbox 687 1298 907 1362; x_wconf 90' lang='lat' dir='ltr'><strong>possent</strong></span> <span class='ocrx_word' id='word_1_19' title='bbox 927 1298 981 1345; x_wconf 91' lang='lat' dir='ltr'><strong>et</strong></span> <span class='ocrx_word' id='word_1_20' title='bbox 1001 1288 1231 1357; x_wconf 86' lang='lat' dir='ltr'><strong>gemitus</strong></span> <span class='ocrx_word' id='word_1_21' title='bbox 1258 1299 1355 1357; x_wconf 92' lang='lat' dir='ltr'><strong>per</strong></span> <span class='ocrx_word' id='word_1_22' title='bbox 1383 1285 1569 1340; x_wconf 75' lang='lat' dir='ltr'><strong>literas</strong></span> <span class='ocrx_word' id='word_1_23' title='bbox 1593 1281 1861 1346; x_wconf 81' lang='lat' dir='ltr'><strong>exhiberi,</strong></span> 
     </span>
    </p>
   </div>
   <div class='ocr_carea' id='block_1_9' title="bbox 264 1372 1863 1456">
    <p class='ocr_par' dir='ltr' id='par_1_9' title="bbox 264 1372 1863 1456">
     <span class='ocr_line' id='line_1_9' title="bbox 264 1372 1863 1456; baseline -0.009 -14"><span class='ocrx_word' id='word_1_24' title='bbox 264 1385 350 1442; x_wconf 89' lang='lat' dir='ltr'><strong>his</strong></span> <span class='ocrx_word' id='word_1_25' title='bbox 370 1386 628 1456; x_wconf 76' lang='lat' dir='ltr'><strong>repletam</strong></span> <span class='ocrx_word' id='word_1_26' title='bbox 654 1381 934 1454; x_wconf 89' lang='lat' dir='ltr'><strong>epistolam</strong></span> <span class='ocrx_word' id='word_1_27' title='bbox 954 1379 1023 1435; x_wconf 89' lang='lat' dir='ltr'><strong>ad</strong></span> <span class='ocrx_word' id='word_1_28' title='bbox 1045 1388 1095 1433; x_wconf 90' lang='lat' dir='ltr'><strong>te</strong></span> <span class='ocrx_word' id='word_1_29' title='bbox 1116 1377 1405 1433; x_wconf 85' lang='lat' dir='ltr'><strong>misissem.</strong></span> <span class='ocrx_word' id='word_1_30' title='bbox 1432 1373 1696 1445; x_wconf 87' lang='lat' dir='ltr'><strong>Equidem</strong></span> <span class='ocrx_word' id='word_1_31' title='bbox 1726 1372 1831 1429; x_wconf 92' lang='lat' dir='ltr'><strong>ﬂeo</strong></span> <span class='ocrx_word' id='word_1_32' title='bbox 1849 1413 1863 1439; x_wconf 94' lang='lat'><strong>,</strong></span> 
     </span>
    </p>
   </div>
   <div class='ocr_carea' id='block_1_10' title="bbox 264 1462 1869 1549">
    <p class='ocr_par' dir='ltr' id='par_1_10' title="bbox 264 1462 1869 1549">
     <span class='ocr_line' id='line_1_10' title="bbox 264 1462 1869 1549; baseline -0.011 -15"><span class='ocrx_word' id='word_1_33' title='bbox 264 1493 373 1534; x_wconf 92' lang='lat' dir='ltr'><strong>non</strong></span> <span class='ocrx_word' id='word_1_34' title='bbox 396 1476 537 1549; x_wconf 87' lang='lat' dir='ltr'><strong>quod</strong></span> <span class='ocrx_word' id='word_1_35' title='bbox 562 1484 907 1545; x_wconf 89' lang='lat' dir='ltr'><strong>paternarum</strong></span> <span class='ocrx_word' id='word_1_36' title='bbox 934 1485 1113 1527; x_wconf 90' lang='lat' dir='ltr'><strong>rerum</strong></span> <span class='ocrx_word' id='word_1_37' title='bbox 1138 1466 1552 1525; x_wconf 81' lang='lat' dir='ltr'><strong>sollicitudinem</strong></span> <span class='ocrx_word' id='word_1_38' title='bbox 1574 1478 1751 1536; x_wconf 82' lang='lat' dir='ltr'><strong>geras,</strong></span> <span class='ocrx_word' id='word_1_39' title='bbox 1775 1462 1869 1518; x_wconf 90' lang='lat' dir='ltr'><strong>sed</strong></span> 
     </span>
    </p>
   </div>
   <div class='ocr_carea' id='block_1_11' title="bbox 262 1558 1870 1642">
    <p class='ocr_par' dir='ltr' id='par_1_11' title="bbox 262 1558 1870 1642">
     <span class='ocr_line' id='line_1_11' title="bbox 262 1558 1870 1642; baseline -0.011 -17"><span class='ocrx_word' id='word_1_40' title='bbox 262 1570 408 1642; x_wconf 90' lang='lat' dir='ltr'><strong>quod</strong></span> <span class='ocrx_word' id='word_1_41' title='bbox 432 1584 498 1624; x_wconf 82' lang='lat' dir='ltr'><strong>ex</strong></span> <span class='ocrx_word' id='word_1_42' title='bbox 527 1568 750 1621; x_wconf 80' lang='lat' dir='ltr'><strong>fratrum</strong></span> <span class='ocrx_word' id='word_1_43' title='bbox 768 1572 820 1620; x_wconf 91' lang='lat' dir='ltr'><strong>te</strong></span> <span class='ocrx_word' id='word_1_44' title='bbox 839 1562 1082 1634; x_wconf 73' lang='lat' dir='ltr'><strong>catalogo</strong></span> <span class='ocrx_word' id='word_1_45' title='bbox 1101 1558 1389 1624; x_wconf 89' lang='lat' dir='ltr'><strong>deleveris,</strong></span> <span class='ocrx_word' id='word_1_46' title='bbox 1406 1558 1549 1629; x_wconf 91' lang='lat' dir='ltr'><strong>quod</strong></span> <span class='ocrx_word' id='word_1_47' title='bbox 1570 1566 1722 1627; x_wconf 89' lang='lat' dir='ltr'><strong>pacta</strong></span> <span class='ocrx_word' id='word_1_48' title='bbox 1748 1570 1870 1611; x_wconf 86' lang='lat' dir='ltr'><strong>eum</strong></span> 
     </span>
    </p>
   </div>
   <div class='ocr_carea' id='block_1_12' title="bbox 262 1648 1865 1721">
    <p class='ocr_par' dir='ltr' id='par_1_12' title="bbox 262 1648 1865 1721">
     <span class='ocr_line' id='line_1_12' title="bbox 262 1648 1865 1721; baseline -0.011 -2"><span class='ocrx_word' id='word_1_49' title='bbox 262 1663 484 1719; x_wconf 82' lang='lat' dir='ltr'><strong>Christo</strong></span> <span class='ocrx_word' id='word_1_50' title='bbox 506 1660 634 1715; x_wconf 89' lang='lat' dir='ltr'><strong>inita</strong></span> <span class='ocrx_word' id='word_1_51' title='bbox 658 1656 971 1715; x_wconf 70' lang='lat' dir='ltr'><strong>calcaveris.</strong></span> <span class='ocrx_word' id='word_1_52' title='bbox 999 1655 1080 1710; x_wconf 84' lang='lat' dir='ltr'><strong>Ad</strong></span> <span class='ocrx_word' id='word_1_53' title='bbox 1106 1654 1222 1709; x_wconf 65' lang='lat' dir='ltr'><strong>haec</strong></span> <span class='ocrx_word' id='word_1_54' title='bbox 1247 1654 1462 1719; x_wconf 90' lang='lat' dir='ltr'><strong>horreo,</strong></span> <span class='ocrx_word' id='word_1_55' title='bbox 1492 1664 1653 1721; x_wconf 84' lang='lat' dir='ltr'><strong>super</strong></span> <span class='ocrx_word' id='word_1_56' title='bbox 1670 1648 1755 1704; x_wconf 90' lang='lat' dir='ltr'><strong>his</strong></span> <span class='ocrx_word' id='word_1_57' title='bbox 1770 1664 1865 1703; x_wconf 91' lang='lat' dir='ltr'><strong>an-</strong></span> 
     </span>
    </p>
   </div>
   <div class='ocr_carea' id='block_1_13' title="bbox 265 1744 1870 1827">
    <p class='ocr_par' dir='ltr' id='par_1_13' title="bbox 265 1744 1870 1827">
     <span class='ocr_line' id='line_1_13' title="bbox 265 1744 1870 1827; baseline -0.009 -18"><span class='ocrx_word' id='word_1_58' title='bbox 265 1770 385 1827; x_wconf 87' lang='lat' dir='ltr'><strong>gor,</strong></span> <span class='ocrx_word' id='word_1_59' title='bbox 410 1764 691 1825; x_wconf 90' lang='lat' dir='ltr'><strong>propterea</strong></span> <span class='ocrx_word' id='word_1_60' title='bbox 718 1751 881 1807; x_wconf 92' lang='lat' dir='ltr'><strong>timeo</strong></span> <span class='ocrx_word' id='word_1_61' title='bbox 901 1757 955 1804; x_wconf 90' lang='lat' dir='ltr'><strong>et</strong></span> <span class='ocrx_word' id='word_1_62' title='bbox 972 1757 1164 1814; x_wconf 89' lang='lat' dir='ltr'><strong>tremo,</strong></span> <span class='ocrx_word' id='word_1_63' title='bbox 1184 1760 1380 1818; x_wconf 90' lang='lat' dir='ltr'><strong>gnarus</strong></span> <span class='ocrx_word' id='word_1_64' title='bbox 1413 1744 1605 1799; x_wconf 90' lang='lat' dir='ltr'><strong>horum</strong></span> <span class='ocrx_word' id='word_1_65' title='bbox 1624 1749 1870 1798; x_wconf 89' lang='lat' dir='ltr'><strong>eontem-</strong></span> 
     </span>
    </p>
   </div>
   <div class='ocr_carea' id='block_1_14' title="bbox 266 1837 1869 1919">
    <p class='ocr_par' dir='ltr' id='par_1_14' title="bbox 266 1837 1869 1919">
     <span class='ocr_line' id='line_1_14' title="bbox 266 1837 1869 1919; baseline -0.008 -18"><span class='ocrx_word' id='word_1_66' title='bbox 266 1858 415 1919; x_wconf 88' lang='lat' dir='ltr'><strong>ptum</strong></span> <span class='ocrx_word' id='word_1_67' title='bbox 430 1860 675 1917; x_wconf 89' lang='lat' dir='ltr'><strong>magnam</strong></span> <span class='ocrx_word' id='word_1_68' title='bbox 687 1843 877 1899; x_wconf 90' lang='lat' dir='ltr'><strong>afferre</strong></span> <span class='ocrx_word' id='word_1_69' title='bbox 887 1841 1386 1898; x_wconf 89' lang='lat' dir='ltr'><strong>condemnationem</strong></span> <span class='ocrx_word' id='word_1_70' title='bbox 1401 1837 1581 1908; x_wconf 89' lang='lat' dir='ltr'><strong>iis,qui</strong></span> <span class='ocrx_word' id='word_1_71' title='bbox 1596 1838 1648 1891; x_wconf 95' lang='lat' dir='ltr'><strong>in</strong></span> <span class='ocrx_word' id='word_1_72' title='bbox 1663 1849 1869 1891; x_wconf 88' lang='lat' dir='ltr'><strong>sacram</strong></span> 
     </span>
    </p>
   </div>
   <div class='ocr_carea' id='block_1_15' title="bbox 267 1929 1869 2005">
    <p class='ocr_par' dir='ltr' id='par_1_15' title="bbox 267 1929 1869 2005">
     <span class='ocr_line' id='line_1_15' title="bbox 267 1929 1869 2005; baseline -0.009 -11"><span class='ocrx_word' id='word_1_73' title='bbox 267 1939 407 1994; x_wconf 89' lang='lat' dir='ltr'><strong>hanc</strong></span> <span class='ocrx_word' id='word_1_74' title='bbox 440 1938 684 1992; x_wconf 87' lang='lat' dir='ltr'><strong>militiam</strong></span> <span class='ocrx_word' id='word_1_75' title='bbox 703 1933 978 2005; x_wconf 88' lang='lat' dir='ltr'><strong>adscripti,</strong></span> <span class='ocrx_word' id='word_1_76' title='bbox 1015 1948 1112 2004; x_wconf 91' lang='lat' dir='ltr'><strong>per</strong></span> <span class='ocrx_word' id='word_1_77' title='bbox 1140 1931 1421 2002; x_wconf 77' lang='lat' dir='ltr'><strong>segnitiem</strong></span> <span class='ocrx_word' id='word_1_78' title='bbox 1453 1929 1696 1985; x_wconf 89' lang='lat' dir='ltr'><strong>ordinem</strong></span> <span class='ocrx_word' id='word_1_79' title='bbox 1712 1941 1869 1982; x_wconf 89' lang='lat' dir='ltr'><strong>suum</strong></span> 
     </span>
    </p>
   </div>
   <div class='ocr_carea' id='block_1_16' title="bbox 266 2018 1871 2095">
    <p class='ocr_par' dir='ltr' id='par_1_16' title="bbox 266 2018 1871 2095">
     <span class='ocr_line' id='line_1_16' title="bbox 266 2018 1871 2095; baseline -0.009 -8"><span class='ocrx_word' id='word_1_80' title='bbox 266 2025 802 2093; x_wconf 89' lang='lat' dir='ltr'><strong>descruerunt.Quod</strong></span> <span class='ocrx_word' id='word_1_81' title='bbox 819 2033 996 2080; x_wconf 90' lang='lat' dir='ltr'><strong>autem</strong></span> <span class='ocrx_word' id='word_1_82' title='bbox 1010 2021 1329 2095; x_wconf 88' lang='lat' dir='ltr'><strong>supplicium</strong></span> <span class='ocrx_word' id='word_1_83' title='bbox 1344 2022 1407 2077; x_wconf 91' lang='lat' dir='ltr'><strong>iis</strong></span> <span class='ocrx_word' id='word_1_84' title='bbox 1418 2018 1740 2077; x_wconf 89' lang='lat' dir='ltr'><strong>destinatum</strong></span> <span class='ocrx_word' id='word_1_85' title='bbox 1758 2032 1871 2090; x_wconf 89' lang='lat' dir='ltr'><strong>gra-</strong></span> 
     </span>
    </p>
   </div>
   <div class='ocr_carea' id='block_1_17' title="bbox 265 2111 1872 2189">
    <p class='ocr_par' dir='ltr' id='par_1_17' title="bbox 265 2111 1872 2189">
     <span class='ocr_line' id='line_1_17' title="bbox 265 2111 1872 2189; baseline -0.007 -13"><span class='ocrx_word' id='word_1_86' title='bbox 265 2123 387 2178; x_wconf 83' lang='lat' dir='ltr'><strong>vius</strong></span> <span class='ocrx_word' id='word_1_87' title='bbox 401 2120 581 2187; x_wconf 91' lang='lat' dir='ltr'><strong>sit,vcl</strong></span> <span class='ocrx_word' id='word_1_88' title='bbox 597 2134 663 2175; x_wconf 91' lang='lat' dir='ltr'><strong>ex</strong></span> <span class='ocrx_word' id='word_1_89' title='bbox 687 2134 747 2174; x_wconf 92' lang='lat' dir='ltr'><strong>re</strong></span> <span class='ocrx_word' id='word_1_90' title='bbox 761 2118 875 2189; x_wconf 89' lang='lat' dir='ltr'><strong>ipsa</strong></span> <span class='ocrx_word' id='word_1_91' title='bbox 893 2116 1111 2187; x_wconf 87' lang='lat' dir='ltr'><strong>planum</strong></span> <span class='ocrx_word' id='word_1_92' title='bbox 1133 2115 1517 2171; x_wconf 87' lang='lat' dir='ltr'><strong>est.Privatum</strong></span> <span class='ocrx_word' id='word_1_93' title='bbox 1535 2112 1676 2170; x_wconf 92' lang='lat' dir='ltr'><strong>enim</strong></span> <span class='ocrx_word' id='word_1_94' title='bbox 1697 2111 1872 2167; x_wconf 83' lang='lat' dir='ltr'><strong>homi-</strong></span> 
     </span>
    </p>
   </div>
   <div class='ocr_carea' id='block_1_18' title="bbox 265 2202 1871 2276">
    <p class='ocr_par' dir='ltr' id='par_1_18' title="bbox 265 2202 1871 2276">
     <span class='ocr_line' id='line_1_18' title="bbox 265 2202 1871 2276; baseline -0.006 -9"><span class='ocrx_word' id='word_1_95' title='bbox 265 2228 394 2270; x_wconf 88' lang='lat' dir='ltr'><strong>nem</strong></span> <span class='ocrx_word' id='word_1_96' title='bbox 419 2226 578 2269; x_wconf 91' lang='lat' dir='ltr'><strong>nemo</strong></span> <span class='ocrx_word' id='word_1_97' title='bbox 597 2211 825 2267; x_wconf 69' lang='lat' dir='ltr'><strong>desertae</strong></span> <span class='ocrx_word' id='word_1_98' title='bbox 854 2209 1059 2264; x_wconf 66' lang='lat' dir='ltr'><strong>militiae</strong></span> <span class='ocrx_word' id='word_1_99' title='bbox 1086 2206 1417 2263; x_wconf 90' lang='lat' dir='ltr'><strong>aecusavcrit</strong></span> <span class='ocrx_word' id='word_1_100' title='bbox 1440 2224 1455 2273; x_wconf 90' lang='lat'><strong>;</strong></span> <span class='ocrx_word' id='word_1_101' title='bbox 1475 2205 1569 2261; x_wconf 89' lang='lat' dir='ltr'><strong>sed</strong></span> <span class='ocrx_word' id='word_1_102' title='bbox 1592 2205 1682 2276; x_wconf 88' lang='lat' dir='ltr'><strong>qui</strong></span> <span class='ocrx_word' id='word_1_103' title='bbox 1703 2202 1871 2259; x_wconf 89' lang='lat' dir='ltr'><strong>semel</strong></span> 
     </span>
    </p>
   </div>
   <div class='ocr_carea' id='block_1_19' title="bbox 264 2294 1867 2368">
    <p class='ocr_par' dir='ltr' id='par_1_19' title="bbox 264 2294 1867 2368">
     <span class='ocr_line' id='line_1_19' title="bbox 264 2294 1867 2368; baseline -0.008 -7"><span class='ocrx_word' id='word_1_104' title='bbox 264 2304 426 2360; x_wconf 85' lang='lat' dir='ltr'><strong>miles</strong></span> <span class='ocrx_word' id='word_1_105' title='bbox 454 2302 676 2360; x_wconf 77' lang='lat' dir='ltr'><strong>effectus</strong></span> <span class='ocrx_word' id='word_1_106' title='bbox 702 2310 786 2357; x_wconf 89' lang='lat' dir='ltr'><strong>est</strong></span> <span class='ocrx_word' id='word_1_107' title='bbox 810 2341 827 2368; x_wconf 98' lang='lat'><strong>,</strong></span> <span class='ocrx_word' id='word_1_108' title='bbox 859 2299 906 2355; x_wconf 91' lang='lat' dir='ltr'><strong>si</strong></span> <span class='ocrx_word' id='word_1_109' title='bbox 949 2299 1003 2354; x_wconf 90' lang='lat' dir='ltr'><strong>in</strong></span> <span class='ocrx_word' id='word_1_110' title='bbox 1047 2298 1356 2355; x_wconf 89' lang='lat' dir='ltr'><strong>desertione</strong></span> <span class='ocrx_word' id='word_1_111' title='bbox 1397 2294 1867 2367; x_wconf 88' lang='lat' dir='ltr'><strong>deprehendatur,</strong></span> 
     </span>
    </p>
   </div>
   <div class='ocr_carea' id='block_1_20' title="bbox 264 2384 1871 2466">
    <p class='ocr_par' dir='ltr' id='par_1_20' title="bbox 264 2384 1871 2466">
     <span class='ocr_line' id='line_1_20' title="bbox 264 2384 1871 2466; baseline -0.009 -13"><span class='ocrx_word' id='word_1_112' title='bbox 264 2404 510 2453; x_wconf 89' lang='lat' dir='ltr'><strong>extremo</strong></span> <span class='ocrx_word' id='word_1_113' title='bbox 538 2393 777 2466; x_wconf 90' lang='lat' dir='ltr'><strong>periculo</strong></span> <span class='ocrx_word' id='word_1_114' title='bbox 806 2390 1067 2462; x_wconf 88' lang='lat' dir='ltr'><strong>subjacet.</strong></span> <span class='ocrx_word' id='word_1_115' title='bbox 1094 2388 1211 2445; x_wconf 88' lang='lat' dir='ltr'><strong>Non</strong></span> <span class='ocrx_word' id='word_1_116' title='bbox 1241 2396 1326 2444; x_wconf 90' lang='lat' dir='ltr'><strong>est</strong></span> <span class='ocrx_word' id='word_1_117' title='bbox 1352 2402 1515 2459; x_wconf 88' lang='lat' dir='ltr'><strong>grave</strong></span> <span class='ocrx_word' id='word_1_118' title='bbox 1538 2427 1555 2453; x_wconf 88' lang='lat'><strong>,</strong></span> <span class='ocrx_word' id='word_1_119' title='bbox 1586 2384 1871 2441; x_wconf 87' lang='lat' dir='ltr'><strong>Theodore</strong></span> 
     </span>
    </p>
   </div>
   <div class='ocr_carea' id='block_1_21' title="bbox 261 2479 1867 2555">
    <p class='ocr_par' dir='ltr' id='par_1_21' title="bbox 261 2479 1867 2555">
     <span class='ocr_line' id='line_1_21' title="bbox 261 2479 1867 2555; baseline -0.009 -11"><span class='ocrx_word' id='word_1_120' title='bbox 261 2487 577 2555; x_wconf 79' lang='lat' dir='ltr'><strong>carissime,</strong></span> <span class='ocrx_word' id='word_1_121' title='bbox 608 2492 903 2541; x_wconf 90' lang='lat' dir='ltr'><strong>certantem</strong></span> <span class='ocrx_word' id='word_1_122' title='bbox 930 2481 1127 2538; x_wconf 89' lang='lat' dir='ltr'><strong>cadere</strong></span> <span class='ocrx_word' id='word_1_123' title='bbox 1150 2521 1165 2548; x_wconf 93' lang='lat'><strong>,</strong></span> <span class='ocrx_word' id='word_1_124' title='bbox 1192 2479 1289 2537; x_wconf 90' lang='lat' dir='ltr'><strong>sed</strong></span> <span class='ocrx_word' id='word_1_125' title='bbox 1328 2480 1381 2535; x_wconf 93' lang='lat' dir='ltr'><strong>in</strong></span> <span class='ocrx_word' id='word_1_126' title='bbox 1422 2479 1573 2549; x_wconf 91' lang='lat' dir='ltr'><strong>lapsu</strong></span> <span class='ocrx_word' id='word_1_127' title='bbox 1604 2490 1824 2533; x_wconf 91' lang='lat' dir='ltr'><strong>manere</strong></span> <span class='ocrx_word' id='word_1_128' title='bbox 1850 2493 1867 2530; x_wconf 89' lang='lat'><strong>:</strong></span> 
     </span>
    </p>
   </div>
   <div class='ocr_carea' id='block_1_22' title="bbox 261 2571 1871 2651">
    <p class='ocr_par' dir='ltr' id='par_1_22' title="bbox 261 2571 1871 2651">
     <span class='ocr_line' id='line_1_22' title="bbox 261 2571 1871 2651; baseline -0.007 -15"><span class='ocrx_word' id='word_1_129' title='bbox 261 2596 372 2637; x_wconf 93' lang='lat' dir='ltr'><strong>non</strong></span> <span class='ocrx_word' id='word_1_130' title='bbox 403 2588 486 2636; x_wconf 90' lang='lat' dir='ltr'><strong>est</strong></span> <span class='ocrx_word' id='word_1_131' title='bbox 514 2578 876 2651; x_wconf 87' lang='lat' dir='ltr'><strong>perniciosum</strong></span> <span class='ocrx_word' id='word_1_132' title='bbox 906 2582 1234 2647; x_wconf 82' lang='lat' dir='ltr'><strong>pugnantem</strong></span> <span class='ocrx_word' id='word_1_133' title='bbox 1276 2572 1591 2636; x_wconf 90' lang='lat' dir='ltr'><strong>vulnerari,</strong></span> <span class='ocrx_word' id='word_1_134' title='bbox 1623 2571 1719 2627; x_wconf 92' lang='lat' dir='ltr'><strong>scd</strong></span> <span class='ocrx_word' id='word_1_135' title='bbox 1750 2579 1871 2641; x_wconf 91' lang='lat' dir='ltr'><strong>post</strong></span> 
     </span>
    </p>
   </div>
   <div class='ocr_carea' id='block_1_23' title="bbox 262 2661 1866 2737">
    <p class='ocr_par' dir='ltr' id='par_1_23' title="bbox 262 2661 1866 2737">
     <span class='ocr_line' id='line_1_23' title="bbox 262 2661 1866 2737; baseline -0.006 -11"><span class='ocrx_word' id='word_1_136' title='bbox 262 2672 522 2727; x_wconf 90' lang='lat' dir='ltr'><strong>inﬂictum</strong></span> <span class='ocrx_word' id='word_1_137' title='bbox 552 2670 746 2724; x_wconf 79' lang='lat' dir='ltr'><strong>vulnus</strong></span> <span class='ocrx_word' id='word_1_138' title='bbox 776 2668 1066 2737; x_wconf 90' lang='lat' dir='ltr'><strong>desperare</strong></span> <span class='ocrx_word' id='word_1_139' title='bbox 1094 2675 1149 2722; x_wconf 92' lang='lat' dir='ltr'><strong>et</strong></span> <span class='ocrx_word' id='word_1_140' title='bbox 1178 2665 1388 2737; x_wconf 79' lang='lat' dir='ltr'><strong>plagam</strong></span> <span class='ocrx_word' id='word_1_141' title='bbox 1418 2663 1710 2735; x_wconf 76' lang='lat' dir='ltr'><strong>negligere.</strong></span> <span class='ocrx_word' id='word_1_142' title='bbox 1737 2661 1866 2717; x_wconf 88' lang='lat' dir='ltr'><strong>Nul-</strong></span> 
     </span>
    </p>
   </div>
   <div class='ocr_carea' id='block_1_24' title="bbox 262 2755 1866 2831">
    <p class='ocr_par' dir='ltr' id='par_1_24' title="bbox 262 2755 1866 2831">
     <span class='ocr_line' id='line_1_24' title="bbox 262 2755 1866 2831; baseline -0.007 -12"><span class='ocrx_word' id='word_1_143' title='bbox 262 2766 349 2818; x_wconf 89' lang='lat' dir='ltr'><strong>lus</strong></span> <span class='ocrx_word' id='word_1_144' title='bbox 380 2770 649 2817; x_wconf 88' lang='lat' dir='ltr'><strong>mercator</strong></span> <span class='ocrx_word' id='word_1_145' title='bbox 679 2758 1015 2831; x_wconf 91' lang='lat' dir='ltr'><strong>naufragium</strong></span> <span class='ocrx_word' id='word_1_146' title='bbox 1052 2771 1241 2829; x_wconf 88' lang='lat' dir='ltr'><strong>passus</strong></span> <span class='ocrx_word' id='word_1_147' title='bbox 1261 2798 1278 2824; x_wconf 94' lang='lat'><strong>,</strong></span> <span class='ocrx_word' id='word_1_148' title='bbox 1309 2755 1616 2825; x_wconf 89' lang='lat' dir='ltr'><strong>amissoque</strong></span> <span class='ocrx_word' id='word_1_149' title='bbox 1658 2768 1824 2809; x_wconf 89' lang='lat' dir='ltr'><strong>onere</strong></span> <span class='ocrx_word' id='word_1_150' title='bbox 1850 2794 1866 2820; x_wconf 95' lang='lat'><strong>,</strong></span> 
     </span>
    </p>
   </div>
   <div class='ocr_carea' id='block_1_25' title="bbox 259 2846 1870 2924">
    <p class='ocr_par' dir='ltr' id='par_1_25' title="bbox 259 2846 1870 2924">
     <span class='ocr_line' id='line_1_25' title="bbox 259 2846 1870 2924; baseline -0.007 -15"><span class='ocrx_word' id='word_1_151' title='bbox 259 2854 516 2924; x_wconf 78' lang='lat' dir='ltr'><strong>navigare</strong></span> <span class='ocrx_word' id='word_1_152' title='bbox 541 2852 701 2908; x_wconf 88' lang='lat' dir='ltr'><strong>desiit</strong></span> <span class='ocrx_word' id='word_1_153' title='bbox 730 2868 743 2904; x_wconf 94' lang='lat'>:</span> <span class='ocrx_word' id='word_1_154' title='bbox 772 2849 866 2906; x_wconf 90' lang='lat' dir='ltr'><strong>sed</strong></span> <span class='ocrx_word' id='word_1_155' title='bbox 900 2863 1111 2904; x_wconf 87' lang='lat' dir='ltr'><strong>rursum</strong></span> <span class='ocrx_word' id='word_1_156' title='bbox 1140 2861 1291 2903; x_wconf 91' lang='lat' dir='ltr'><strong>mare</strong></span> <span class='ocrx_word' id='word_1_157' title='bbox 1314 2886 1330 2912; x_wconf 91' lang='lat'><strong>,</strong></span> <span class='ocrx_word' id='word_1_158' title='bbox 1361 2846 1557 2901; x_wconf 91' lang='lat' dir='ltr'><strong>ﬂuctus</strong></span> <span class='ocrx_word' id='word_1_159' title='bbox 1581 2884 1599 2910; x_wconf 90' lang='lat'><strong>,</strong></span> <span class='ocrx_word' id='word_1_160' title='bbox 1630 2852 1870 2899; x_wconf 89' lang='lat' dir='ltr'><strong>vastum-</strong></span> 
     </span>
    </p>
   </div>
   <div class='ocr_carea' id='block_1_26' title="bbox 258 2937 1864 3016">
    <p class='ocr_par' dir='ltr' id='par_1_26' title="bbox 258 2937 1864 3016">
     <span class='ocr_line' id='line_1_26' title="bbox 258 2937 1864 3016; baseline -0.007 -16"><span class='ocrx_word' id='word_1_161' title='bbox 258 2960 367 3016; x_wconf 90' lang='lat' dir='ltr'><strong>que</strong></span> <span class='ocrx_word' id='word_1_162' title='bbox 387 2944 606 3015; x_wconf 79' lang='lat' dir='ltr'><strong>pelagus</strong></span> <span class='ocrx_word' id='word_1_163' title='bbox 626 2951 868 3013; x_wconf 87' lang='lat' dir='ltr'><strong>permeat</strong></span> <span class='ocrx_word' id='word_1_164' title='bbox 893 2981 909 3007; x_wconf 91' lang='lat'><strong>,</strong></span> <span class='ocrx_word' id='word_1_165' title='bbox 938 2940 1270 3008; x_wconf 90' lang='lat' dir='ltr'><strong>amissasque</strong></span> <span class='ocrx_word' id='word_1_166' title='bbox 1292 2937 1545 3006; x_wconf 89' lang='lat' dir='ltr'><strong>pecunias</strong></span> <span class='ocrx_word' id='word_1_167' title='bbox 1564 2942 1864 3005; x_wconf 90' lang='lat' dir='ltr'><strong>recuperat.</strong></span> 
     </span>
    </p>
   </div>
   <div class='ocr_carea' id='block_1_27' title="bbox 260 3026 1869 3103">
    <p class='ocr_par' dir='ltr' id='par_1_27' title="bbox 260 3026 1869 3103">
     <span class='ocr_line' id='line_1_27' title="bbox 260 3026 1869 3103; baseline -0.007 -12"><span class='ocrx_word' id='word_1_168' title='bbox 260 3036 509 3092; x_wconf 78' lang='lat' dir='ltr'><strong>Athletas</strong></span> <span class='ocrx_word' id='word_1_169' title='bbox 537 3047 750 3103; x_wconf 90' lang='lat' dir='ltr'><strong>quoque</strong></span> <span class='ocrx_word' id='word_1_170' title='bbox 779 3030 1023 3087; x_wconf 85' lang='lat' dir='ltr'><strong>videmus</strong></span> <span class='ocrx_word' id='word_1_171' title='bbox 1053 3038 1176 3099; x_wconf 93' lang='lat' dir='ltr'><strong>post</strong></span> <span class='ocrx_word' id='word_1_172' title='bbox 1203 3027 1517 3098; x_wconf 87' lang='lat' dir='ltr'><strong>frequentes</strong></span> <span class='ocrx_word' id='word_1_173' title='bbox 1553 3026 1736 3095; x_wconf 84' lang='lat' dir='ltr'><strong>lapsus</strong></span> <span class='ocrx_word' id='word_1_174' title='bbox 1776 3040 1869 3079; x_wconf 92' lang='lat' dir='ltr'><strong>co-</strong></span> 
     </span>
    </p>
   </div>
   <div class='ocr_carea' id='block_1_28' title="bbox 260 3116 1870 3194">
    <p class='ocr_par' dir='ltr' id='par_1_28' title="bbox 260 3116 1870 3194">
     <span class='ocr_line' id='line_1_28' title="bbox 260 3116 1870 3194; baseline -0.009 -7"><span class='ocrx_word' id='word_1_175' title='bbox 260 3129 441 3187; x_wconf 88' lang='lat' dir='ltr'><strong>ronari</strong></span> <span class='ocrx_word' id='word_1_176' title='bbox 489 3146 505 3183; x_wconf 90' lang='lat'>:</span> <span class='ocrx_word' id='word_1_177' title='bbox 555 3127 709 3183; x_wconf 85' lang='lat' dir='ltr'><strong>miles</strong></span> <span class='ocrx_word' id='word_1_178' title='bbox 748 3125 910 3181; x_wconf 85' lang='lat' dir='ltr'><strong>etiam</strong></span> <span class='ocrx_word' id='word_1_179' title='bbox 956 3124 1146 3194; x_wconf 79' lang='lat' dir='ltr'><strong>sarpe’</strong></span> <span class='ocrx_word' id='word_1_180' title='bbox 1210 3128 1330 3192; x_wconf 92' lang='lat' dir='ltr'><strong>post</strong></span> <span class='ocrx_word' id='word_1_181' title='bbox 1368 3119 1588 3191; x_wconf 89' lang='lat' dir='ltr'><strong>fugam,</strong></span> <span class='ocrx_word' id='word_1_182' title='bbox 1645 3116 1870 3173; x_wconf 88' lang='lat' dir='ltr'><strong>bellator</strong></span> 
     </span>
    </p>
   </div>
   <div class='ocr_carea' id='block_1_29' title="bbox 258 3209 1867 3286">
    <p class='ocr_par' dir='ltr' id='par_1_29' title="bbox 258 3209 1867 3286">
     <span class='ocr_line' id='line_1_29' title="bbox 258 3209 1867 3286; baseline -0.011 -7"><span class='ocrx_word' id='word_1_183' title='bbox 258 3234 512 3279; x_wconf 82' lang='lat' dir='ltr'><strong>strenuus</strong></span> <span class='ocrx_word' id='word_1_184' title='bbox 550 3219 763 3286; x_wconf 91' lang='lat' dir='ltr'><strong>evasit,</strong></span> <span class='ocrx_word' id='word_1_185' title='bbox 796 3218 1085 3285; x_wconf 87' lang='lat' dir='ltr'><strong>hostesque</strong></span> <span class='ocrx_word' id='word_1_186' title='bbox 1123 3212 1447 3284; x_wconf 78' lang='lat' dir='ltr'><strong>profligavit.</strong></span> <span class='ocrx_word' id='word_1_187' title='bbox 1492 3209 1643 3265; x_wconf 82' lang='lat' dir='ltr'><strong>Multi</strong></span> <span class='ocrx_word' id='word_1_188' title='bbox 1686 3218 1867 3264; x_wconf 89' lang='lat' dir='ltr'><strong>autem</strong></span> 
     </span>
    </p>
   </div>
   <div class='ocr_carea' id='block_1_30' title="bbox 258 3300 1866 3384">
    <p class='ocr_par' dir='ltr' id='par_1_30' title="bbox 258 3300 1866 3384">
     <span class='ocr_line' id='line_1_30' title="bbox 258 3300 1866 3384; baseline -0.011 -13"><span class='ocrx_word' id='word_1_189' title='bbox 258 3316 351 3384; x_wconf 88' lang='lat' dir='ltr'><strong>qui</strong></span> <span class='ocrx_word' id='word_1_190' title='bbox 370 3316 418 3368; x_wconf 88' lang='lat' dir='ltr'><strong>vi</strong></span> <span class='ocrx_word' id='word_1_191' title='bbox 448 3321 840 3368; x_wconf 90' lang='lat' dir='ltr'><strong>tormentorum</strong></span> <span class='ocrx_word' id='word_1_192' title='bbox 875 3307 1026 3362; x_wconf 89' lang='lat' dir='ltr'><strong>fracti</strong></span> <span class='ocrx_word' id='word_1_193' title='bbox 1055 3304 1329 3360; x_wconf 63' lang='lat' dir='ltr'><strong>Christum</strong></span> <span class='ocrx_word' id='word_1_194' title='bbox 1362 3309 1709 3373; x_wconf 85' lang='lat' dir='ltr'><strong>negaverant,</strong></span> <span class='ocrx_word' id='word_1_195' title='bbox 1739 3300 1866 3355; x_wconf 88' lang='lat' dir='ltr'><strong>red-</strong></span> 
     </span>
    </p>
   </div>
   <div class='ocr_carea' id='block_1_31' title="bbox 260 3397 1864 3476">
    <p class='ocr_par' dir='ltr' id='par_1_31' title="bbox 260 3397 1864 3476">
     <span class='ocr_line' id='line_1_31' title="bbox 260 3397 1864 3476; baseline -0.009 -14"><span class='ocrx_word' id='word_1_196' title='bbox 260 3408 527 3476; x_wconf 88' lang='lat' dir='ltr'><strong>integrato</strong></span> <span class='ocrx_word' id='word_1_197' title='bbox 572 3402 866 3459; x_wconf 89' lang='lat' dir='ltr'><strong>certamine</strong></span> <span class='ocrx_word' id='word_1_198' title='bbox 915 3397 1159 3469; x_wconf 87' lang='lat' dir='ltr'><strong>martyrii</strong></span> <span class='ocrx_word' id='word_1_199' title='bbox 1199 3410 1451 3451; x_wconf 89' lang='lat' dir='ltr'><strong>coronam</strong></span> <span class='ocrx_word' id='word_1_200' title='bbox 1503 3401 1864 3463; x_wconf 90' lang='lat' dir='ltr'><strong>reportarunt.</strong></span> 
     </span>
    </p>
   </div>
   <div class='ocr_carea' id='block_1_32' title="bbox 259 3483 1869 3567">
    <p class='ocr_par' dir='ltr' id='par_1_32' title="bbox 259 3483 1869 3567">
     <span class='ocr_line' id='line_1_32' title="bbox 259 3483 1869 3567; baseline -0.011 -13"><span class='ocrx_word' id='word_1_201' title='bbox 259 3496 415 3567; x_wconf 83' lang='lat' dir='ltr'><strong>Quod</strong></span> <span class='ocrx_word' id='word_1_202' title='bbox 445 3498 489 3551; x_wconf 90' lang='lat' dir='ltr'><strong>si</strong></span> <span class='ocrx_word' id='word_1_203' title='bbox 519 3509 709 3551; x_wconf 89' lang='lat' dir='ltr'><strong>eorum</strong></span> <span class='ocrx_word' id='word_1_204' title='bbox 738 3490 963 3563; x_wconf 86' lang='lat' dir='ltr'><strong>quilibet</strong></span> <span class='ocrx_word' id='word_1_205' title='bbox 991 3489 1061 3544; x_wconf 93' lang='lat' dir='ltr'><strong>ob</strong></span> <span class='ocrx_word' id='word_1_206' title='bbox 1087 3488 1320 3558; x_wconf 88' lang='lat' dir='ltr'><strong>priorem</strong></span> <span class='ocrx_word' id='word_1_207' title='bbox 1352 3485 1560 3556; x_wconf 87' lang='lat' dir='ltr'><strong>plagam</strong></span> <span class='ocrx_word' id='word_1_208' title='bbox 1588 3483 1869 3559; x_wconf 85' lang='lat' dir='ltr'><strong>desperas-</strong></span> 
     </span>
    </p>
   </div>
   <div class='ocr_carea' id='block_1_33' title="bbox 259 3575 1866 3657">
    <p class='ocr_par' dir='ltr' id='par_1_33' title="bbox 259 3575 1866 3657">
     <span class='ocr_line' id='line_1_33' title="bbox 259 3575 1866 3657; baseline -0.011 -12"><span class='ocrx_word' id='word_1_209' title='bbox 259 3598 346 3646; x_wconf 85' lang='lat' dir='ltr'><strong>set</strong></span> <span class='ocrx_word' id='word_1_210' title='bbox 367 3632 384 3657; x_wconf 91' lang='lat'><strong>,</strong></span> <span class='ocrx_word' id='word_1_211' title='bbox 414 3600 704 3657; x_wconf 90' lang='lat' dir='ltr'><strong>numquam</strong></span> <span class='ocrx_word' id='word_1_212' title='bbox 733 3582 1072 3649; x_wconf 86' lang='lat' dir='ltr'><strong>sequentium</strong></span> <span class='ocrx_word' id='word_1_213' title='bbox 1112 3580 1381 3635; x_wconf 87' lang='lat' dir='ltr'><strong>bonorum</strong></span> <span class='ocrx_word' id='word_1_214' title='bbox 1420 3575 1651 3631; x_wconf 89' lang='lat' dir='ltr'><strong>fructum</strong></span> <span class='ocrx_word' id='word_1_215' title='bbox 1680 3589 1866 3646; x_wconf 86' lang='lat' dir='ltr'><strong>perce-</strong></span> 
     </span>
    </p>
   </div>
   <div class='ocr_carea' id='block_1_34' title="bbox 259 3667 1867 3753">
    <p class='ocr_par' dir='ltr' id='par_1_34' title="bbox 259 3667 1867 3753">
     <span class='ocr_line' id='line_1_34' title="bbox 259 3667 1867 3753; baseline -0.009 -17"><span class='ocrx_word' id='word_1_216' title='bbox 259 3683 449 3753; x_wconf 83' lang='lat' dir='ltr'><strong>pissct.</strong></span> <span class='ocrx_word' id='word_1_217' title='bbox 504 3679 580 3733; x_wconf 88' lang='lat' dir='ltr'><strong>Ita</strong></span> <span class='ocrx_word' id='word_1_218' title='bbox 621 3686 676 3734; x_wconf 91' lang='lat' dir='ltr'><strong>et</strong></span> <span class='ocrx_word' id='word_1_219' title='bbox 717 3690 900 3742; x_wconf 89' lang='lat' dir='ltr'><strong>nunc,</strong></span> <span class='ocrx_word' id='word_1_220' title='bbox 960 3674 1133 3729; x_wconf 91' lang='lat' dir='ltr'><strong>amice</strong></span> <span class='ocrx_word' id='word_1_221' title='bbox 1176 3668 1458 3727; x_wconf 87' lang='lat' dir='ltr'><strong>Theodore</strong></span> <span class='ocrx_word' id='word_1_222' title='bbox 1484 3667 1527 3733; x_wconf 86' lang='grc'><strong>⁸,</strong></span> <span class='ocrx_word' id='word_1_223' title='bbox 1581 3682 1688 3734; x_wconf 89' lang='lat' dir='ltr'><strong>ne,</strong></span> <span class='ocrx_word' id='word_1_224' title='bbox 1742 3667 1867 3737; x_wconf 87' lang='lat' dir='ltr'><strong>quia</strong></span> 
     </span>
    </p>
   </div>
   <div class='ocr_carea' id='block_1_35' title="bbox 259 3760 1867 3837">
    <p class='ocr_par' dir='ltr' id='par_1_35' title="bbox 259 3760 1867 3837">
     <span class='ocr_line' id='line_1_35' title="bbox 259 3760 1867 3837; baseline -0.01 -8"><span class='ocrx_word' id='word_1_225' title='bbox 259 3774 510 3829; x_wconf 91' lang='lat' dir='ltr'><strong>inimicus</strong></span> <span class='ocrx_word' id='word_1_226' title='bbox 541 3781 593 3825; x_wconf 90' lang='lat' dir='ltr'><strong>te</strong></span> <span class='ocrx_word' id='word_1_227' title='bbox 624 3784 654 3825; x_wconf 87' lang='lat' dir='ltr'><strong>a</strong></span> <span class='ocrx_word' id='word_1_228' title='bbox 686 3769 916 3824; x_wconf 90' lang='lat' dir='ltr'><strong>statione</strong></span> <span class='ocrx_word' id='word_1_229' title='bbox 943 3765 1213 3837; x_wconf 90' lang='lat' dir='ltr'><strong>paululum</strong></span> <span class='ocrx_word' id='word_1_230' title='bbox 1236 3761 1579 3827; x_wconf 87' lang='lat' dir='ltr'><strong>deturbavit,</strong></span> <span class='ocrx_word' id='word_1_231' title='bbox 1612 3770 1664 3816; x_wconf 92' lang='lat' dir='ltr'><strong>te</strong></span> <span class='ocrx_word' id='word_1_232' title='bbox 1691 3760 1867 3831; x_wconf 90' lang='lat' dir='ltr'><strong>ipsum</strong></span> 
     </span>
    </p>
   </div>
   <div class='ocr_carea' id='block_1_36' title="bbox 262 3854 1867 3935">
    <p class='ocr_par' dir='ltr' id='par_1_36' title="bbox 262 3854 1867 3935">
     <span class='ocr_line' id='line_1_36' title="bbox 262 3854 1867 3935; baseline -0.008 -14"><span class='ocrx_word' id='word_1_233' title='bbox 262 3868 319 3921; x_wconf 93' lang='lat' dir='ltr'><strong>in</strong></span> <span class='ocrx_word' id='word_1_234' title='bbox 351 3864 705 3935; x_wconf 77' lang='lat' dir='ltr'><strong>praecipitium</strong></span> <span class='ocrx_word' id='word_1_235' title='bbox 724 3861 963 3916; x_wconf 88' lang='lat' dir='ltr'><strong>decutias</strong></span> <span class='ocrx_word' id='word_1_236' title='bbox 988 3874 1003 3925; x_wconf 92' lang='lat'><strong>;</strong></span> <span class='ocrx_word' id='word_1_237' title='bbox 1035 3857 1131 3913; x_wconf 90' lang='lat' dir='ltr'><strong>sed</strong></span> <span class='ocrx_word' id='word_1_238' title='bbox 1156 3866 1373 3912; x_wconf 91' lang='lat' dir='ltr'><strong>strenue</strong></span> <span class='ocrx_word' id='word_1_239' title='bbox 1401 3855 1637 3910; x_wconf 90' lang='lat' dir='ltr'><strong>consiste</strong></span> <span class='ocrx_word' id='word_1_240' title='bbox 1660 3894 1677 3920; x_wconf 93' lang='lat'><strong>,</strong></span> <span class='ocrx_word' id='word_1_241' title='bbox 1708 3863 1765 3909; x_wconf 93' lang='lat' dir='ltr'><strong>et</strong></span> <span class='ocrx_word' id='word_1_242' title='bbox 1800 3854 1867 3909; x_wconf 92' lang='lat' dir='ltr'><strong>ad</strong></span> 
     </span>
    </p>
   </div>
   <div class='ocr_carea' id='block_1_37' title="bbox 262 3944 1868 4020">
    <p class='ocr_par' dir='ltr' id='par_1_37' title="bbox 262 3944 1868 4020">
     <span class='ocr_line' id='line_1_37' title="bbox 262 3944 1868 4020; baseline -0.009 -5"><span class='ocrx_word' id='word_1_243' title='bbox 262 3960 440 4015; x_wconf 88' lang='lat' dir='ltr'><strong>locum</strong></span> <span class='ocrx_word' id='word_1_244' title='bbox 472 3955 616 4011; x_wconf 89' lang='lat' dir='ltr'><strong>unde</strong></span> <span class='ocrx_word' id='word_1_245' title='bbox 643 3953 819 4009; x_wconf 80' lang='lat' dir='ltr'><strong>exiisti</strong></span> <span class='ocrx_word' id='word_1_246' title='bbox 846 3953 955 4008; x_wconf 92' lang='lat' dir='ltr'><strong>cito</strong></span> <span class='ocrx_word' id='word_1_247' title='bbox 980 3949 1215 4020; x_wconf 90' lang='lat' dir='ltr'><strong>remigra</strong></span> <span class='ocrx_word' id='word_1_248' title='bbox 1248 3966 1262 4003; x_wconf 88' lang='lat'><strong>:</strong></span> <span class='ocrx_word' id='word_1_249' title='bbox 1298 3962 1364 4003; x_wconf 92' lang='lat' dir='ltr'><strong>ne</strong></span> <span class='ocrx_word' id='word_1_250' title='bbox 1395 3946 1594 4019; x_wconf 93' lang='lat' dir='ltr'><strong>probro</strong></span> <span class='ocrx_word' id='word_1_251' title='bbox 1625 3946 1717 4001; x_wconf 91' lang='lat' dir='ltr'><strong>tibi</strong></span> <span class='ocrx_word' id='word_1_252' title='bbox 1750 3944 1868 4001; x_wconf 86' lang='lat' dir='ltr'><strong>fore</strong></span> 
     </span>
    </p>
   </div>
   <div class='ocr_carea' id='block_1_38' title="bbox 264 4036 1868 4121">
    <p class='ocr_par' dir='ltr' id='par_1_38' title="bbox 264 4036 1868 4121">
     <span class='ocr_line' id='line_1_38' title="bbox 264 4036 1868 4121; baseline -0.008 -17"><span class='ocrx_word' id='word_1_253' title='bbox 264 4058 418 4121; x_wconf 85' lang='lat' dir='ltr'><strong>putes</strong></span> <span class='ocrx_word' id='word_1_254' title='bbox 446 4048 605 4103; x_wconf 89' lang='lat' dir='ltr'><strong>talem</strong></span> <span class='ocrx_word' id='word_1_255' title='bbox 645 4054 766 4116; x_wconf 88' lang='lat' dir='ltr'><strong>post</strong></span> <span class='ocrx_word' id='word_1_256' title='bbox 812 4043 1019 4114; x_wconf 88' lang='lat' dir='ltr'><strong>plagam</strong></span> <span class='ocrx_word' id='word_1_257' title='bbox 1065 4048 1339 4109; x_wconf 87' lang='lat' dir='ltr'><strong>acceptam</strong></span> <span class='ocrx_word' id='word_1_258' title='bbox 1383 4037 1635 4094; x_wconf 91' lang='lat' dir='ltr'><strong>reditum.</strong></span> <span class='ocrx_word' id='word_1_259' title='bbox 1682 4036 1868 4107; x_wconf 90' lang='lat' dir='ltr'><strong>Neque</strong></span> 
     </span>
    </p>
   </div>
   <div class='ocr_carea' id='block_1_39' title="bbox 260 4129 1869 4210">
    <p class='ocr_par' dir='ltr' id='par_1_39' title="bbox 260 4129 1869 4210">
     <span class='ocr_line' id='line_1_39' title="bbox 260 4129 1869 4210; baseline -0.009 -15"><span class='ocrx_word' id='word_1_260' title='bbox 260 4142 407 4196; x_wconf 90' lang='lat' dir='ltr'><strong>enim</strong></span> <span class='ocrx_word' id='word_1_261' title='bbox 440 4136 803 4210; x_wconf 82' lang='lat' dir='ltr'><strong>reprehendas</strong></span> <span class='ocrx_word' id='word_1_262' title='bbox 836 4134 1060 4189; x_wconf 88' lang='lat' dir='ltr'><strong>militem</strong></span> <span class='ocrx_word' id='word_1_263' title='bbox 1086 4174 1102 4200; x_wconf 92' lang='lat'><strong>,</strong></span> <span class='ocrx_word' id='word_1_264' title='bbox 1125 4146 1247 4187; x_wconf 89' lang='lat' dir='ltr'><strong>cum</strong></span> <span class='ocrx_word' id='word_1_265' title='bbox 1275 4130 1341 4186; x_wconf 89' lang='lat' dir='ltr'><strong>de</strong></span> <span class='ocrx_word' id='word_1_266' title='bbox 1363 4130 1549 4200; x_wconf 88' lang='lat' dir='ltr'><strong>praelio</strong></span> <span class='ocrx_word' id='word_1_267' title='bbox 1580 4129 1869 4185; x_wconf 91' lang='lat' dir='ltr'><strong>revertitur</strong></span> 
     </span>
    </p>
   </div>
   <div class='ocr_carea' id='block_1_40' title="bbox 261 4222 1870 4301">
    <p class='ocr_par' dir='ltr' id='par_1_40' title="bbox 261 4222 1870 4301">
     <span class='ocr_line' id='line_1_40' title="bbox 261 4222 1870 4301; baseline -0.007 -14"><span class='ocrx_word' id='word_1_268' title='bbox 261 4235 579 4288; x_wconf 89' lang='lat' dir='ltr'><strong>vulneratus</strong></span> <span class='ocrx_word' id='word_1_269' title='bbox 612 4248 626 4284; x_wconf 90' lang='lat'>:</span> <span class='ocrx_word' id='word_1_270' title='bbox 657 4227 1007 4301; x_wconf 88' lang='lat' dir='ltr'><strong>opprobrium</strong></span> <span class='ocrx_word' id='word_1_271' title='bbox 1045 4238 1177 4280; x_wconf 84' lang='lat' dir='ltr'><strong>sane</strong></span> <span class='ocrx_word' id='word_1_272' title='bbox 1216 4233 1301 4279; x_wconf 90' lang='lat' dir='ltr'><strong>est</strong></span> <span class='ocrx_word' id='word_1_273' title='bbox 1338 4237 1485 4278; x_wconf 87' lang='lat' dir='ltr'><strong>arma</strong></span> <span class='ocrx_word' id='word_1_274' title='bbox 1522 4222 1785 4292; x_wconf 85' lang='lat' dir='ltr'><strong>projicere</strong></span> <span class='ocrx_word' id='word_1_275' title='bbox 1815 4230 1870 4277; x_wconf 91' lang='lat' dir='ltr'><strong>et</strong></span> 
     </span>
    </p>
   </div>
   <div class='ocr_carea' id='block_1_41' title="bbox 260 4313 1866 4400">
    <p class='ocr_par' dir='ltr' id='par_1_41' title="bbox 260 4313 1866 4400">
     <span class='ocr_line' id='line_1_41' title="bbox 260 4313 1866 4400; baseline -0.009 -20"><span class='ocrx_word' id='word_1_276' title='bbox 260 4326 453 4400; x_wconf 79' lang='lat' dir='ltr'><strong>procul</strong></span> <span class='ocrx_word' id='word_1_277' title='bbox 482 4325 551 4378; x_wconf 91' lang='lat' dir='ltr'><strong>ab</strong></span> <span class='ocrx_word' id='word_1_278' title='bbox 582 4323 829 4376; x_wconf 78' lang='lat' dir='ltr'><strong>hostibus</strong></span> <span class='ocrx_word' id='word_1_279' title='bbox 871 4318 1137 4374; x_wconf 89' lang='lat' dir='ltr'><strong>removeri</strong></span> <span class='ocrx_word' id='word_1_280' title='bbox 1167 4334 1183 4383; x_wconf 90' lang='lat'><strong>;</strong></span> <span class='ocrx_word' id='word_1_281' title='bbox 1220 4315 1473 4387; x_wconf 90' lang='lat' dir='ltr'><strong>quamdiu</strong></span> <span class='ocrx_word' id='word_1_282' title='bbox 1503 4322 1682 4369; x_wconf 90' lang='lat' dir='ltr'><strong>autem</strong></span> <span class='ocrx_word' id='word_1_283' title='bbox 1716 4313 1866 4384; x_wconf 92' lang='lat' dir='ltr'><strong>quis-</strong></span> 
     </span>
    </p>
   </div>
   <div class='ocr_carea' id='block_1_42' title="bbox 262 4404 1867 4489">
    <p class='ocr_par' dir='ltr' id='par_1_42' title="bbox 262 4404 1867 4489">
     <span class='ocr_line' id='line_1_42' title="bbox 262 4404 1867 4489; baseline -0.008 -17"><span class='ocrx_word' id='word_1_284' title='bbox 262 4419 408 4489; x_wconf 82' lang='lat' dir='ltr'><strong>piam</strong></span> <span class='ocrx_word' id='word_1_285' title='bbox 440 4417 492 4470; x_wconf 93' lang='lat' dir='ltr'><strong>in</strong></span> <span class='ocrx_word' id='word_1_286' title='bbox 521 4412 772 4470; x_wconf 91' lang='lat' dir='ltr'><strong>conﬂictu</strong></span> <span class='ocrx_word' id='word_1_287' title='bbox 803 4418 1020 4477; x_wconf 89' lang='lat' dir='ltr'><strong>manet,</strong></span> <span class='ocrx_word' id='word_1_288' title='bbox 1052 4407 1265 4463; x_wconf 89' lang='lat' dir='ltr'><strong>etiamsi</strong></span> <span class='ocrx_word' id='word_1_289' title='bbox 1307 4406 1530 4462; x_wconf 87' lang='lat' dir='ltr'><strong>feriatur</strong></span> <span class='ocrx_word' id='word_1_290' title='bbox 1566 4414 1620 4461; x_wconf 91' lang='lat' dir='ltr'><strong>et</strong></span> <span class='ocrx_word' id='word_1_291' title='bbox 1664 4404 1867 4474; x_wconf 85' lang='lat' dir='ltr'><strong>paulis-</strong></span> 
     </span>
    </p>
   </div>
   <div class='ocr_carea' id='block_1_43' title="bbox 264 4495 1866 4579">
    <p class='ocr_par' dir='ltr' id='par_1_43' title="bbox 264 4495 1866 4579">
     <span class='ocr_line' id='line_1_43' title="bbox 264 4495 1866 4579; baseline -0.009 -16"><span class='ocrx_word' id='word_1_292' title='bbox 264 4523 364 4579; x_wconf 85' lang='lat' dir='ltr'><strong>per</strong></span> <span class='ocrx_word' id='word_1_293' title='bbox 406 4498 603 4571; x_wconf 85' lang='lat' dir='ltr'><strong>cedat,</strong></span> <span class='ocrx_word' id='word_1_294' title='bbox 664 4516 823 4558; x_wconf 89' lang='lat' dir='ltr'><strong>nemo</strong></span> <span class='ocrx_word' id='word_1_295' title='bbox 871 4501 941 4555; x_wconf 91' lang='lat' dir='ltr'><strong>ita</strong></span> <span class='ocrx_word' id='word_1_296' title='bbox 991 4500 1158 4554; x_wconf 90' lang='lat' dir='ltr'><strong>durus</strong></span> <span class='ocrx_word' id='word_1_297' title='bbox 1205 4513 1269 4553; x_wconf 89' lang='lat' dir='ltr'><strong>ac</strong></span> <span class='ocrx_word' id='word_1_298' title='bbox 1316 4497 1525 4553; x_wconf 65' lang='lat' dir='ltr'><strong>bellicae</strong></span> <span class='ocrx_word' id='word_1_299' title='bbox 1570 4495 1866 4565; x_wconf 78' lang='lat' dir='ltr'><strong>disciplina:</strong></span> 
     </span>
    </p>
   </div>
   <div class='ocr_carea' id='block_1_44' title="bbox 160 4576 1867 4669">
    <p class='ocr_par' dir='ltr' id='par_1_44' title="bbox 160 4576 1867 4669">
     <span class='ocr_line' id='line_1_44' title="bbox 160 4576 1867 4669; baseline -0.01 -14"><span class='ocrx_word' id='word_1_300' title='bbox 160 4576 169 4583; x_wconf 40' lang='grc'><strong>’</strong></span> <span class='ocrx_word' id='word_1_301' title='bbox 262 4576 461 4669; x_wconf 79' lang='lat' dir='ltr'><strong>expers</strong></span> <span class='ocrx_word' id='word_1_302' title='bbox 507 4603 624 4660; x_wconf 89' lang='lat' dir='ltr'><strong>est,</strong></span> <span class='ocrx_word' id='word_1_303' title='bbox 660 4602 717 4649; x_wconf 92' lang='lat' dir='ltr'><strong>ut</strong></span> <span class='ocrx_word' id='word_1_304' title='bbox 745 4592 849 4648; x_wconf 87' lang='lat' dir='ltr'><strong>hoc</strong></span> <span class='ocrx_word' id='word_1_305' title='bbox 898 4592 977 4646; x_wconf 90' lang='lat' dir='ltr'><strong>illi</strong></span> <span class='ocrx_word' id='word_1_306' title='bbox 1003 4591 1024 4622; x_wconf 68' lang='grc'>⁸</span> <span class='ocrx_word' id='word_1_307' title='bbox 1064 4590 1191 4644; x_wconf 88' lang='lat' dir='ltr'><strong>vitio</strong></span> <span class='ocrx_word' id='word_1_308' title='bbox 1218 4598 1410 4646; x_wconf 87' lang='lat' dir='ltr'><strong>vertat.</strong></span> <span class='ocrx_word' id='word_1_309' title='bbox 1470 4586 1587 4642; x_wconf 86' lang='lat' dir='ltr'><strong>Non</strong></span> <span class='ocrx_word' id='word_1_310' title='bbox 1624 4602 1867 4657; x_wconf 88' lang='lat' dir='ltr'><strong>pugnan-</strong></span> 
     </span>
    </p>
   </div>
   <div class='ocr_carea' id='block_1_45' title="bbox 265 4675 1868 4761">
    <p class='ocr_par' dir='ltr' id='par_1_45' title="bbox 265 4675 1868 4761">
     <span class='ocr_line' id='line_1_45' title="bbox 265 4675 1868 4761; baseline -0.008 -15"><span class='ocrx_word' id='word_1_311' title='bbox 265 4693 401 4747; x_wconf 92' lang='lat' dir='ltr'><strong>tium</strong></span> <span class='ocrx_word' id='word_1_312' title='bbox 446 4690 643 4761; x_wconf 88' lang='lat' dir='ltr'><strong>quippe</strong></span> <span class='ocrx_word' id='word_1_313' title='bbox 688 4695 772 4741; x_wconf 90' lang='lat' dir='ltr'><strong>est</strong></span> <span class='ocrx_word' id='word_1_314' title='bbox 809 4700 917 4740; x_wconf 91' lang='lat' dir='ltr'><strong>non</strong></span> <span class='ocrx_word' id='word_1_315' title='bbox 962 4683 1275 4739; x_wconf 89' lang='lat' dir='ltr'><strong>vulnerari:</strong></span> <span class='ocrx_word' id='word_1_316' title='bbox 1320 4675 1409 4752; x_wconf 85' lang='lat' dir='ltr'><strong>qui</strong></span> <span class='ocrx_word' id='word_1_317' title='bbox 1456 4688 1634 4735; x_wconf 88' lang='lat' dir='ltr'><strong>autem</strong></span> <span class='ocrx_word' id='word_1_318' title='bbox 1674 4693 1868 4749; x_wconf 90' lang='lat' dir='ltr'><strong>magno</strong></span> 
     </span>
    </p>
   </div>
   <div class='ocr_carea' id='block_1_46' title="bbox 262 4770 1869 4846">
    <p class='ocr_par' dir='ltr' id='par_1_46' title="bbox 262 4770 1869 4846">
     <span class='ocr_line' id='line_1_46' title="bbox 262 4770 1869 4846; baseline -0.011 -7"><span class='ocrx_word' id='word_1_319' title='bbox 262 4784 448 4840; x_wconf 85' lang='lat' dir='ltr'><strong>animo</strong></span> <span class='ocrx_word' id='word_1_320' title='bbox 493 4781 676 4835; x_wconf 88' lang='lat' dir='ltr'><strong>hostes</strong></span> <span class='ocrx_word' id='word_1_321' title='bbox 709 4777 1065 4841; x_wconf 89' lang='lat' dir='ltr'><strong>adoriuntur,</strong></span> <span class='ocrx_word' id='word_1_322' title='bbox 1106 4789 1250 4846; x_wconf 65' lang='lat' dir='ltr'><strong>saepe</strong></span> <span class='ocrx_word' id='word_1_323' title='bbox 1292 4773 1556 4829; x_wconf 88' lang='lat' dir='ltr'><strong>feriuntur</strong></span> <span class='ocrx_word' id='word_1_324' title='bbox 1597 4778 1651 4825; x_wconf 91' lang='lat' dir='ltr'><strong>et</strong></span> <span class='ocrx_word' id='word_1_325' title='bbox 1689 4770 1869 4825; x_wconf 85' lang='lat' dir='ltr'><strong>conci-</strong></span> 
     </span>
    </p>
   </div>
   <div class='ocr_carea' id='block_1_47' title="bbox 196 4862 1867 4939">
    <p class='ocr_par' dir='ltr' id='par_1_47' title="bbox 196 4862 1867 4939">
     <span class='ocr_line' id='line_1_47' title="bbox 196 4862 1867 4939; baseline -0.01 -9"><span class='ocrx_word' id='word_1_326' title='bbox 196 4922 215 4937; x_wconf 85' lang='lat'><strong>,</strong></span> <span class='ocrx_word' id='word_1_327' title='bbox 264 4876 441 4939; x_wconf 89' lang='lat' dir='ltr'><strong>dunt,</strong></span> <span class='ocrx_word' id='word_1_328' title='bbox 501 4882 560 4926; x_wconf 92' lang='lat' dir='ltr'><strong>ut</strong></span> <span class='ocrx_word' id='word_1_329' title='bbox 604 4870 700 4925; x_wconf 86' lang='lat' dir='ltr'><strong>tibi</strong></span> <span class='ocrx_word' id='word_1_330' title='bbox 750 4882 891 4923; x_wconf 93' lang='lat' dir='ltr'><strong>nunc</strong></span> <span class='ocrx_word' id='word_1_331' title='bbox 934 4867 1196 4937; x_wconf 90' lang='lat' dir='ltr'><strong>contigit,</strong></span> <span class='ocrx_word' id='word_1_332' title='bbox 1245 4864 1336 4936; x_wconf 87' lang='lat' dir='ltr'><strong>qui</strong></span> <span class='ocrx_word' id='word_1_333' title='bbox 1387 4862 1515 4918; x_wconf 93' lang='lat' dir='ltr'><strong>dum</strong></span> <span class='ocrx_word' id='word_1_334' title='bbox 1563 4869 1867 4932; x_wconf 88' lang='lat' dir='ltr'><strong>serpentem</strong></span> 
     </span>
    </p>
   </div>
   <div class='ocr_carea' id='block_1_48' title="bbox 266 4952 1864 5025">
    <p class='ocr_par' dir='ltr' id='par_1_48' title="bbox 266 4952 1864 5025">
     <span class='ocr_line' id='line_1_48' title="bbox 266 4952 1864 5025; baseline -0.007 -7"><span class='ocrx_word' id='word_1_335' title='bbox 266 4962 516 5018; x_wconf 82' lang='lat' dir='ltr'><strong>occidere</strong></span> <span class='ocrx_word' id='word_1_336' title='bbox 537 4960 825 5025; x_wconf 87' lang='lat' dir='ltr'><strong>nitebaris,</strong></span> <span class='ocrx_word' id='word_1_337' title='bbox 851 4973 1036 5013; x_wconf 89' lang='lat' dir='ltr'><strong>morsu</strong></span> <span class='ocrx_word' id='word_1_338' title='bbox 1057 4957 1367 5012; x_wconf 89' lang='lat' dir='ltr'><strong>vulneratus</strong></span> <span class='ocrx_word' id='word_1_339' title='bbox 1389 4969 1467 5009; x_wconf 91' lang='lat' dir='ltr'><strong>es.</strong></span> <span class='ocrx_word' id='word_1_340' title='bbox 1489 4953 1594 5009; x_wconf 85' lang='lat' dir='ltr'><strong>Sed</strong></span> <span class='ocrx_word' id='word_1_341' title='bbox 1617 4952 1827 5009; x_wconf 81' lang='lat' dir='ltr'><strong>confide</strong></span> <span class='ocrx_word' id='word_1_342' title='bbox 1848 4994 1864 5017; x_wconf 92' lang='lat'><strong>,</strong></span> 
     </span>
    </p>
   </div>
   <div class='ocr_carea' id='block_1_49' title="bbox 265 5045 1871 5122">
    <p class='ocr_par' dir='ltr' id='par_1_49' title="bbox 265 5045 1871 5122">
     <span class='ocr_line' id='line_1_49' title="bbox 265 5045 1871 5122; baseline -0.007 -12"><span class='ocrx_word' id='word_1_343' title='bbox 265 5054 562 5110; x_wconf 82' lang='lat' dir='ltr'><strong>sobrietate</strong></span> <span class='ocrx_word' id='word_1_344' title='bbox 588 5051 857 5122; x_wconf 87' lang='lat' dir='ltr'><strong>paululum</strong></span> <span class='ocrx_word' id='word_1_345' title='bbox 880 5050 1046 5105; x_wconf 90' lang='lat' dir='ltr'><strong>utaris</strong></span> <span class='ocrx_word' id='word_1_346' title='bbox 1066 5056 1314 5119; x_wconf 89' lang='lat' dir='ltr'><strong>oportet,</strong></span> <span class='ocrx_word' id='word_1_347' title='bbox 1346 5047 1659 5116; x_wconf 89' lang='lat' dir='ltr'><strong>nullumque</strong></span> <span class='ocrx_word' id='word_1_348' title='bbox 1686 5045 1871 5099; x_wconf 91' lang='lat' dir='ltr'><strong>vulne-</strong></span> 
     </span>
    </p>
   </div>
   <div class='ocr_carea' id='block_1_50' title="bbox 267 5138 1868 5215">
    <p class='ocr_par' dir='ltr' id='par_1_50' title="bbox 267 5138 1868 5215">
     <span class='ocr_line' id='line_1_50' title="bbox 267 5138 1868 5215; baseline -0.006 -14"><span class='ocrx_word' id='word_1_349' title='bbox 267 5146 344 5201; x_wconf 92' lang='lat' dir='ltr'><strong>ris</strong></span> <span class='ocrx_word' id='word_1_350' title='bbox 370 5144 653 5215; x_wconf 82' lang='lat' dir='ltr'><strong>vestigium</strong></span> <span class='ocrx_word' id='word_1_351' title='bbox 678 5140 977 5199; x_wconf 87' lang='lat' dir='ltr'><strong>remanebit</strong></span> <span class='ocrx_word' id='word_1_352' title='bbox 1009 5160 1021 5195; x_wconf 93' lang='lat'>:</span> <span class='ocrx_word' id='word_1_353' title='bbox 1055 5141 1165 5196; x_wconf 90' lang='lat' dir='ltr'><strong>imo</strong></span> <span class='ocrx_word' id='word_1_354' title='bbox 1204 5154 1335 5196; x_wconf 90' lang='lat' dir='ltr'><strong>vero</strong></span> <span class='ocrx_word' id='word_1_355' title='bbox 1370 5153 1470 5211; x_wconf 89' lang='lat' dir='ltr'><strong>per</strong></span> <span class='ocrx_word' id='word_1_356' title='bbox 1511 5138 1604 5193; x_wconf 90' lang='lat' dir='ltr'><strong>Dei</strong></span> <span class='ocrx_word' id='word_1_357' title='bbox 1644 5139 1868 5209; x_wconf 87' lang='lat' dir='ltr'><strong>gratiam</strong></span> 
     </span>
    </p>
   </div>
   <div class='ocr_carea' id='block_1_51' title="bbox 325 5268 1874 5330">
    <p class='ocr_par' dir='ltr' id='par_1_51' title="bbox 325 5268 1874 5330">
     <span class='ocr_line' id='line_1_51' title="bbox 325 5268 1874 5330; baseline -0.003 -6"><span class='ocrx_word' id='word_1_358' title='bbox 325 5279 339 5308; x_wconf 84' lang='grc' dir='ltr'>ι</span> <span class='ocrx_word' id='word_1_359' title='bbox 359 5277 435 5324; x_wconf 82' lang='lat' dir='ltr'><strong>sic</strong></span> <span class='ocrx_word' id='word_1_360' title='bbox 448 5272 611 5323; x_wconf 70' lang='lat' dir='ltr'><strong>Morel.</strong></span> <span class='ocrx_word' id='word_1_361' title='bbox 627 5280 680 5323; x_wconf 89' lang='lat' dir='ltr'><strong>et</strong></span> <span class='ocrx_word' id='word_1_362' title='bbox 691 5284 819 5323; x_wconf 89' lang='lat' dir='ltr'><strong>unus</strong></span> <span class='ocrx_word' id='word_1_363' title='bbox 839 5272 945 5323; x_wconf 88' lang='lat' dir='ltr'><strong>cod.</strong></span> <span class='ocrx_word' id='word_1_364' title='bbox 960 5271 1113 5326; x_wconf 85' lang='lat' dir='ltr'><strong>Colh.;</strong></span> <span class='ocrx_word' id='word_1_365' title='bbox 1130 5268 1255 5319; x_wconf 85' lang='lat' dir='ltr'><strong>alius</strong></span> <span class='ocrx_word' id='word_1_366' title='bbox 1268 5271 1389 5319; x_wconf 88' lang='lat' dir='ltr'><strong>item</strong></span> <span class='ocrx_word' id='word_1_367' title='bbox 1399 5268 1553 5330; x_wconf 88' lang='lat' dir='ltr'><strong>Colh.,</strong></span> <span class='ocrx_word' id='word_1_368' title='bbox 1567 5268 1794 5330; x_wconf 77' lang='lat' dir='ltr'><strong>Ejusdmn</strong></span> <span class='ocrx_word' id='word_1_369' title='bbox 1808 5269 1874 5319; x_wconf 85' lang='lat' dir='ltr'><strong>ad</strong></span> 
     </span>
    </p>
   </div>
   <div class='ocr_carea' id='block_1_52' title="bbox 267 5330 1878 5394">
    <p class='ocr_par' dir='ltr' id='par_1_52' title="bbox 267 5330 1878 5394">
     <span class='ocr_line' id='line_1_52' title="bbox 267 5330 1878 5394; baseline -0.007 -5"><span class='ocrx_word' id='word_1_370' title='bbox 267 5338 495 5389; x_wconf 69' lang='lat' dir='ltr'><strong>mandem</strong></span> <span class='ocrx_word' id='word_1_371' title='bbox 516 5335 713 5394; x_wconf 72' lang='lat' dir='ltr'><strong>cpistola</strong></span> <span class='ocrx_word' id='word_1_372' title='bbox 734 5343 798 5383; x_wconf 90' lang='grc'><strong>11.</strong></span> <span class='ocrx_word' id='word_1_373' title='bbox 813 5335 1003 5384; x_wconf 86' lang='lat' dir='ltr'><strong>Tertius</strong></span> <span class='ocrx_word' id='word_1_374' title='bbox 1011 5333 1166 5392; x_wconf 81' lang='lat' dir='ltr'><strong>Cnlb.,</strong></span> <span class='ocrx_word' id='word_1_375' title='bbox 1183 5331 1402 5394; x_wconf 75' lang='lat' dir='ltr'><strong>ejusdem</strong></span> <span class='ocrx_word' id='word_1_376' title='bbox 1410 5330 1476 5382; x_wconf 81' lang='lat' dir='ltr'><strong>ad</strong></span> <span class='ocrx_word' id='word_1_377' title='bbox 1493 5331 1717 5381; x_wconf 85' lang='lat' dir='ltr'><strong>eumdem</strong></span> <span class='ocrx_word' id='word_1_378' title='bbox 1734 5330 1878 5394; x_wconf 77' lang='lat' dir='ltr'><strong>Theo—</strong></span> 
     </span>
    </p>
   </div>
   <div class='ocr_carea' id='block_1_53' title="bbox 269 5392 1873 5455">
    <p class='ocr_par' dir='ltr' id='par_1_53' title="bbox 269 5392 1873 5455">
     <span class='ocr_line' id='line_1_53' title="bbox 269 5392 1873 5455; baseline -0.007 -3"><span class='ocrx_word' id='word_1_379' title='bbox 269 5403 449 5451; x_wconf 83' lang='lat' dir='ltr'><strong>dorum</strong></span> <span class='ocrx_word' id='word_1_380' title='bbox 483 5392 839 5447; x_wconf 74' lang='lat' dir='ltr'><strong>adhortatorius</strong></span> <span class='ocrx_word' id='word_1_381' title='bbox 862 5395 914 5445; x_wconf 75' lang='lat' dir='ltr'><strong>in</strong></span> <span class='ocrx_word' id='word_1_382' title='bbox 944 5396 1142 5444; x_wconf 86' lang='lat' dir='ltr'><strong>modum</strong></span> <span class='ocrx_word' id='word_1_383' title='bbox 1175 5392 1391 5455; x_wconf 68' lang='lat' dir='ltr'><strong>epistola:</strong></span> <span class='ocrx_word' id='word_1_384' title='bbox 1435 5402 1599 5443; x_wconf 87' lang='lat' dir='ltr'><strong>sermo</strong></span> <span class='ocrx_word' id='word_1_385' title='bbox 1627 5400 1692 5455; x_wconf 82' lang='lat' dir='ltr'><strong>ll.</strong></span> <span class='ocrx_word' id='word_1_386' title='bbox 1710 5392 1873 5455; x_wconf 84' lang='lat' dir='ltr'><strong>Savil.,</strong></span> 
     </span>
    </p>
   </div>
   <div class='ocr_carea' id='block_1_54' title="bbox 267 5452 1879 5524">
    <p class='ocr_par' dir='ltr' id='par_1_54' title="bbox 267 5452 1879 5524">
     <span class='ocr_line' id='line_1_54' title="bbox 267 5452 1879 5524; baseline -0.006 -12"><span class='ocrx_word' id='word_1_387' title='bbox 267 5456 595 5524; x_wconf 64' lang='grc' dir='ltr'><strong>(Ἰν-νεα..ωή</strong></span> <span class='ocrx_word' id='word_1_388' title='bbox 612 5458 677 5507; x_wconf 81' lang='lat' dir='ltr'><strong>ad</strong></span> <span class='ocrx_word' id='word_1_389' title='bbox 709 5457 932 5524; x_wconf 63' lang='lat' dir='ltr'><strong>earundem</strong></span> <span class='ocrx_word' id='word_1_390' title='bbox 957 5452 1255 5524; x_wconf 71' lang='lat' dir='ltr'><strong>Theodorum</strong></span> <span class='ocrx_word' id='word_1_391' title='bbox 1278 5454 1465 5524; x_wconf 62' lang='lat' dir='ltr'><strong>lapsum</strong></span> <span class='ocrx_word' id='word_1_392' title='bbox 1487 5467 1553 5504; x_wconf 78' lang='lat' dir='ltr'><strong>ea:</strong></span> <span class='ocrx_word' id='word_1_393' title='bbox 1573 5454 1752 5517; x_wconf 82' lang='lat' dir='ltr'><strong>Optima</strong></span> <span class='ocrx_word' id='word_1_394' title='bbox 1782 5452 1879 5504; x_wconf 69' lang='lat' dir='ltr'><strong>rita</strong></span> 
     </span>
    </p>
   </div>
   <div class='ocr_carea' id='block_1_55' title="bbox 269 5516 1877 5580">
    <p class='ocr_par' dir='ltr' id='par_1_55' title="bbox 269 5516 1877 5580">
     <span class='ocr_line' id='line_1_55' title="bbox 269 5516 1877 5580; baseline -0.006 -5"><span class='ocrx_word' id='word_1_395' title='bbox 269 5516 436 5575; x_wconf 68' lang='lat' dir='ltr'><strong>Sermo</strong></span> <span class='ocrx_word' id='word_1_396' title='bbox 462 5530 502 5570; x_wconf 87' lang='lat' dir='ltr'><strong>I.</strong></span> <span class='ocrx_word' id='word_1_397' title='bbox 526 5530 617 5568; x_wconf 81' lang='lat' dir='ltr'><strong>cur</strong></span> <span class='ocrx_word' id='word_1_398' title='bbox 640 5527 803 5568; x_wconf 86' lang='lat' dir='ltr'><strong>autem</strong></span> <span class='ocrx_word' id='word_1_399' title='bbox 824 5519 931 5567; x_wconf 72' lang='lat' dir='ltr'><strong>haec</strong></span> <span class='ocrx_word' id='word_1_400' title='bbox 954 5518 1159 5580; x_wconf 81' lang='lat' dir='ltr'><strong>epistola</strong></span> <span class='ocrx_word' id='word_1_401' title='bbox 1184 5518 1243 5566; x_wconf 88' lang='lat' dir='ltr'><strong>ad</strong></span> <span class='ocrx_word' id='word_1_402' title='bbox 1265 5516 1734 5580; x_wconf 39' lang='lat' dir='ltr'><strong>Iheodorum,_’qua:</strong></span> <span class='ocrx_word' id='word_1_403' title='bbox 1756 5529 1877 5580; x_wconf 70' lang='lat' dir='ltr'><strong>vere</strong></span> 
     </span>
    </p>
   </div>
   <div class='ocr_carea' id='block_1_56' title="bbox 269 5575 1877 5643">
    <p class='ocr_par' dir='ltr' id='par_1_56' title="bbox 269 5575 1877 5643">
     <span class='ocr_line' id='line_1_56' title="bbox 269 5575 1877 5643; baseline -0.007 -6"><span class='ocrx_word' id='word_1_404' title='bbox 269 5584 486 5636; x_wconf 72' lang='lat' dir='ltr'><strong>Sentntia</strong></span> <span class='ocrx_word' id='word_1_405' title='bbox 500 5589 590 5638; x_wconf 86' lang='lat' dir='ltr'><strong>est,</strong></span> <span class='ocrx_word' id='word_1_406' title='bbox 608 5583 757 5643; x_wconf 87' lang='lat' dir='ltr'><strong>prima</strong></span> <span class='ocrx_word' id='word_1_407' title='bbox 769 5580 955 5630; x_wconf 88' lang='lat' dir='ltr'><strong>locetur</strong></span> <span class='ocrx_word' id='word_1_408' title='bbox 968 5575 1013 5627; x_wconf 85' lang='lat' dir='ltr'><strong>in</strong></span> <span class='ocrx_word' id='word_1_409' title='bbox 1024 5581 1141 5628; x_wconf 79' lang='lat' dir='ltr'><strong>Edit.</strong></span> <span class='ocrx_word' id='word_1_410' title='bbox 1160 5578 1321 5638; x_wconf 83' lang='lat' dir='ltr'><strong>Savil.,</strong></span> <span class='ocrx_word' id='word_1_411' title='bbox 1332 5580 1379 5627; x_wconf 90' lang='lat' dir='ltr'><strong>in</strong></span> <span class='ocrx_word' id='word_1_412' title='bbox 1389 5579 1563 5643; x_wconf 73' lang='lat' dir='ltr'><strong>monito</strong></span> <span class='ocrx_word' id='word_1_413' title='bbox 1576 5575 1758 5643; x_wconf 73' lang='lat' dir='ltr'><strong>dictum</strong></span> <span class='ocrx_word' id='word_1_414' title='bbox 1770 5575 1877 5626; x_wconf 83' lang='lat' dir='ltr'><strong>fuit.</strong></span> 
     </span>
    </p>
   </div>
   <div class='ocr_carea' id='block_1_57' title="bbox 331 5639 1891 5702">
    <p class='ocr_par' dir='ltr' id='par_1_57' title="bbox 331 5639 1891 5702">
     <span class='ocr_line' id='line_1_57' title="bbox 331 5639 1891 5702; baseline -0.003 -7"><span class='ocrx_word' id='word_1_415' title='bbox 331 5656 351 5684; x_wconf 77' lang='grc' dir='ltr'><strong>ι</strong></span> <span class='ocrx_word' id='word_1_416' title='bbox 371 5644 511 5695; x_wconf 77' lang='lat' dir='ltr'><strong>savii.</strong></span> <span class='ocrx_word' id='word_1_417' title='bbox 528 5651 579 5692; x_wconf 76' lang='lat' dir='ltr'><strong>et</strong></span> <span class='ocrx_word' id='word_1_418' title='bbox 594 5639 766 5691; x_wconf 83' lang='lat' dir='ltr'><strong>omnes</strong></span> <span class='ocrx_word' id='word_1_419' title='bbox 775 5648 881 5691; x_wconf 77' lang='lat' dir='ltr'><strong>Mss.</strong></span> <span class='ocrx_word' id='word_1_420' title='bbox 896 5643 1248 5702; x_wconf 74' lang='lat' dir='ltr'><strong>babent,sa:pe.</strong></span> <span class='ocrx_word' id='word_1_421' title='bbox 1262 5647 1311 5689; x_wconf 89' lang='lat' dir='ltr'><strong>tn</strong></span> <span class='ocrx_word' id='word_1_422' title='bbox 1325 5639 1639 5690; x_wconf 81' lang='lat' dir='ltr'><strong>Morel.deest</strong></span> <span class='ocrx_word' id='word_1_423' title='bbox 1649 5639 1753 5689; x_wconf 61' lang='lat' dir='ltr'><strong>haec</strong></span> <span class='ocrx_word' id='word_1_424' title='bbox 1765 5650 1891 5690; x_wconf 73' lang='lat' dir='ltr'><strong>vox.‘</strong></span> 
     </span>
    </p>
   </div>
   <div class='ocr_carea' id='block_1_58' title="bbox 339 5702 1356 5761">
    <p class='ocr_par' dir='ltr' id='par_1_58' title="bbox 339 5702 1356 5761">
     <span class='ocr_line' id='line_1_58' title="bbox 339 5702 1356 5761; baseline 0.001 -12"><span class='ocrx_word' id='word_1_425' title='bbox 339 5712 361 5742; x_wconf 72' lang='grc'>³</span> <span class='ocrx_word' id='word_1_426' title='bbox 382 5718 399 5749; x_wconf 66' lang='grc' dir='ltr'><em>κ</em></span> <span class='ocrx_word' id='word_1_427' title='bbox 414 5720 497 5760; x_wconf 75' lang='grc' dir='ltr'><strong>ος.</strong></span> <span class='ocrx_word' id='word_1_428' title='bbox 518 5705 773 5761; x_wconf 73' lang='lat' dir='ltr'><strong>Throdore,</strong></span> <span class='ocrx_word' id='word_1_429' title='bbox 798 5704 945 5753; x_wconf 84' lang='lat' dir='ltr'><strong>deest</strong></span> <span class='ocrx_word' id='word_1_430' title='bbox 966 5705 1015 5751; x_wconf 88' lang='lat' dir='ltr'><strong>iu</strong></span> <span class='ocrx_word' id='word_1_431' title='bbox 1036 5702 1229 5751; x_wconf 88' lang='lat' dir='ltr'><strong>duobus</strong></span> <span class='ocrx_word' id='word_1_432' title='bbox 1251 5710 1356 5751; x_wconf 60' lang='lat' dir='ltr'><strong>Mss.</strong></span> 
     </span>
    </p>
   </div>
   <div class='ocr_carea' id='block_1_59' title="bbox 340 5763 1881 5823">
    <p class='ocr_par' dir='ltr' id='par_1_59' title="bbox 340 5763 1881 5823">
     <span class='ocr_line' id='line_1_59' title="bbox 340 5763 1881 5823; baseline -0.003 -7"><span class='ocrx_word' id='word_1_433' title='bbox 340 5772 361 5803; x_wconf 70' lang='grc' dir='ltr'>δ</span> <span class='ocrx_word' id='word_1_434' title='bbox 385 5780 503 5819; x_wconf 74' lang='lat' dir='ltr'><strong>\ov.</strong></span> <span class='ocrx_word' id='word_1_435' title='bbox 538 5766 610 5816; x_wconf 72' lang='lat' dir='ltr'><strong>illi</strong></span> <span class='ocrx_word' id='word_1_436' title='bbox 628 5803 643 5823; x_wconf 82' lang='lat'><strong>.</strong></span> <span class='ocrx_word' id='word_1_437' title='bbox 671 5779 718 5815; x_wconf 91' lang='lat' dir='ltr'><strong>m</strong></span> <span class='ocrx_word' id='word_1_438' title='bbox 756 5766 912 5817; x_wconf 86' lang='lat' dir='ltr'><strong>tribus</strong></span> <span class='ocrx_word' id='word_1_439' title='bbox 935 5774 1039 5816; x_wconf 78' lang='lat' dir='ltr'><strong>Mss.</strong></span> <span class='ocrx_word' id='word_1_440' title='bbox 1066 5765 1228 5815; x_wconf 81' lang='lat' dir='ltr'><strong>deest.</strong></span> <span class='ocrx_word' id='word_1_441' title='bbox 1256 5763 1378 5813; x_wconf 81' lang='lat' dir='ltr'><strong>Infra</strong></span> <span class='ocrx_word' id='word_1_442' title='bbox 1418 5764 1516 5814; x_wconf 88' lang='lat' dir='ltr'><strong>duo</strong></span> <span class='ocrx_word' id='word_1_443' title='bbox 1538 5770 1646 5815; x_wconf 74' lang='lat' dir='ltr'><strong>Mss.</strong></span> <span class='ocrx_word' id='word_1_444' title='bbox 1672 5775 1769 5813; x_wconf 88' lang='lat' dir='ltr'><strong>non</strong></span> <span class='ocrx_word' id='word_1_445' title='bbox 1792 5763 1881 5812; x_wconf 84' lang='lat' dir='ltr'><strong>ba-</strong></span> 
     </span>
    </p>
   </div>
   <div class='ocr_carea' id='block_1_60' title="bbox 276 5829 785 5886">
    <p class='ocr_par' dir='ltr' id='par_1_60' title="bbox 276 5829 785 5886">
     <span class='ocr_line' id='line_1_60' title="bbox 276 5829 785 5886; baseline -0.018 0"><span class='ocrx_word' id='word_1_446' title='bbox 276 5833 421 5886; x_wconf 72' lang='lat' dir='ltr'><strong>bent.</strong></span> <span class='ocrx_word' id='word_1_447' title='bbox 448 5840 492 5881; x_wconf 81' lang='grc' dir='ltr'><em>(ι</em></span> <span class='ocrx_word' id='word_1_448' title='bbox 514 5829 785 5881; x_wconf 65' lang='lat' dir='ltr'><strong>rom-idum.</strong></span> 
     </span>
    </p>
   </div>
   <div class='ocr_carea' id='block_1_61' title="bbox 1976 1295 3568 1370">
    <p class='ocr_par' dir='ltr' id='par_1_61' title="bbox 1976 1295 3568 1370">
     <span class='ocr_line' id='line_1_61' title="bbox 1976 1295 3568 1370; baseline -0.002 -15"><span class='ocrx_word' id='word_1_449' title='bbox 1976 1299 2146 1369; x_wconf 89' lang='lat' dir='ltr'><strong>ipsius</strong></span> <span class='ocrx_word' id='word_1_450' title='bbox 2175 1298 2390 1370; x_wconf 88' lang='lat' dir='ltr'><strong>maligni</strong></span> <span class='ocrx_word' id='word_1_451' title='bbox 2416 1305 2578 1369; x_wconf 89' lang='lat' dir='ltr'><strong>caput</strong></span> <span class='ocrx_word' id='word_1_452' title='bbox 2596 1295 2941 1370; x_wconf 89' lang='lat' dir='ltr'><strong>confringes;</strong></span> <span class='ocrx_word' id='word_1_453' title='bbox 2969 1311 3145 1368; x_wconf 88' lang='lat' dir='ltr'><strong>neque</strong></span> <span class='ocrx_word' id='word_1_454' title='bbox 3173 1304 3224 1352; x_wconf 91' lang='lat' dir='ltr'><strong>te</strong></span> <span class='ocrx_word' id='word_1_455' title='bbox 3249 1296 3530 1353; x_wconf 71' lang='lat' dir='ltr'><strong>conturbet</strong></span> <span class='ocrx_word' id='word_1_456' title='bbox 3554 1339 3568 1360; x_wconf 83' lang='lat'><strong>,</strong></span> 
     </span>
    </p>
   </div>
   <div class='ocr_carea' id='block_1_62' title="bbox 1978 1388 3583 1461">
    <p class='ocr_par' dir='ltr' id='par_1_62' title="bbox 1978 1388 3583 1461">
     <span class='ocr_line' id='line_1_62' title="bbox 1978 1388 3583 1461; baseline -0.001 -16"><span class='ocrx_word' id='word_1_457' title='bbox 1978 1390 2121 1461; x_wconf 91' lang='lat' dir='ltr'><strong>quod</strong></span> <span class='ocrx_word' id='word_1_458' title='bbox 2147 1391 2255 1447; x_wconf 87' lang='lat' dir='ltr'><strong>cito</strong></span> <span class='ocrx_word' id='word_1_459' title='bbox 2275 1390 2416 1447; x_wconf 89' lang='lat' dir='ltr'><strong>etab</strong></span> <span class='ocrx_word' id='word_1_460' title='bbox 2436 1391 2553 1461; x_wconf 93' lang='lat' dir='ltr'><strong>ipso</strong></span> <span class='ocrx_word' id='word_1_461' title='bbox 2573 1389 2836 1461; x_wconf 91' lang='lat' dir='ltr'><strong>principio</strong></span> <span class='ocrx_word' id='word_1_462' title='bbox 2856 1389 3193 1460; x_wconf 88' lang='lat' dir='ltr'><strong>compeditus</strong></span> <span class='ocrx_word' id='word_1_463' title='bbox 3220 1388 3405 1444; x_wconf 87' lang='lat' dir='ltr'><strong>fueris.</strong></span> <span class='ocrx_word' id='word_1_464' title='bbox 3434 1390 3583 1445; x_wconf 78' lang='lat' dir='ltr'><strong>Vidit</strong></span> 
     </span>
    </p>
   </div>
   <div class='ocr_carea' id='block_1_63' title="bbox 1980 1478 3585 1551">
    <p class='ocr_par' dir='ltr' id='par_1_63' title="bbox 1980 1478 3585 1551">
     <span class='ocr_line' id='line_1_63' title="bbox 1980 1478 3585 1551; baseline -0.002 -15"><span class='ocrx_word' id='word_1_465' title='bbox 1980 1481 2126 1536; x_wconf 90' lang='lat' dir='ltr'><strong>enim</strong></span> <span class='ocrx_word' id='word_1_466' title='bbox 2151 1521 2167 1549; x_wconf 90' lang='lat'><strong>,</strong></span> <span class='ocrx_word' id='word_1_467' title='bbox 2195 1490 2251 1537; x_wconf 89' lang='lat' dir='ltr'><strong>et</strong></span> <span class='ocrx_word' id='word_1_468' title='bbox 2274 1481 2522 1537; x_wconf 91' lang='lat' dir='ltr'><strong>celeriter</strong></span> <span class='ocrx_word' id='word_1_469' title='bbox 2549 1480 2683 1535; x_wconf 88' lang='lat' dir='ltr'><strong>vidit</strong></span> <span class='ocrx_word' id='word_1_470' title='bbox 2713 1479 2977 1551; x_wconf 92' lang='lat' dir='ltr'><strong>malignus</strong></span> <span class='ocrx_word' id='word_1_471' title='bbox 3005 1478 3095 1534; x_wconf 92' lang='lat' dir='ltr'><strong>illc</strong></span> <span class='ocrx_word' id='word_1_472' title='bbox 3116 1479 3281 1533; x_wconf 91' lang='lat' dir='ltr'><strong>animi</strong></span> <span class='ocrx_word' id='word_1_473' title='bbox 3310 1481 3386 1534; x_wconf 93' lang='lat' dir='ltr'><strong>tui</strong></span> <span class='ocrx_word' id='word_1_474' title='bbox 3417 1480 3585 1533; x_wconf 78' lang='lat' dir='ltr'><strong>virtu-</strong></span> 
     </span>
    </p>
   </div>
   <div class='ocr_carea' id='block_1_64' title="bbox 1979 1571 3583 1643">
    <p class='ocr_par' dir='ltr' id='par_1_64' title="bbox 1979 1571 3583 1643">
     <span class='ocr_line' id='line_1_64' title="bbox 1979 1571 3583 1643; baseline -0.002 -16"><span class='ocrx_word' id='word_1_475' title='bbox 1979 1583 2086 1627; x_wconf 88' lang='lat' dir='ltr'><strong>tem</strong></span> <span class='ocrx_word' id='word_1_476' title='bbox 2112 1615 2127 1638; x_wconf 95' lang='lat'><strong>,</strong></span> <span class='ocrx_word' id='word_1_477' title='bbox 2148 1582 2203 1630; x_wconf 91' lang='lat' dir='ltr'><strong>et</strong></span> <span class='ocrx_word' id='word_1_478' title='bbox 2222 1588 2287 1630; x_wconf 88' lang='lat' dir='ltr'><strong>ex</strong></span> <span class='ocrx_word' id='word_1_479' title='bbox 2310 1572 2493 1629; x_wconf 88' lang='lat' dir='ltr'><strong>multis</strong></span> <span class='ocrx_word' id='word_1_480' title='bbox 2513 1572 2681 1643; x_wconf 88' lang='lat' dir='ltr'><strong>signis</strong></span> <span class='ocrx_word' id='word_1_481' title='bbox 2706 1613 2722 1640; x_wconf 92' lang='lat'><strong>,</strong></span> <span class='ocrx_word' id='word_1_482' title='bbox 2751 1581 2813 1627; x_wconf 92' lang='lat' dir='ltr'><strong>ut</strong></span> <span class='ocrx_word' id='word_1_483' title='bbox 2837 1580 3088 1628; x_wconf 91' lang='lat' dir='ltr'><strong>strenuus</strong></span> <span class='ocrx_word' id='word_1_484' title='bbox 3118 1571 3218 1627; x_wconf 92' lang='lat' dir='ltr'><strong>sibi</strong></span> <span class='ocrx_word' id='word_1_485' title='bbox 3242 1571 3583 1627; x_wconf 70' lang='lat' dir='ltr'><strong>adversarius</strong></span> 
     </span>
    </p>
   </div>
   <div class='ocr_carea' id='block_1_65' title="bbox 1980 1662 3584 1736">
    <p class='ocr_par' dir='ltr' id='par_1_65' title="bbox 1980 1662 3584 1736">
     <span class='ocr_line' id='line_1_65' title="bbox 1980 1662 3584 1736; baseline 0 -19"><span class='ocrx_word' id='word_1_486' title='bbox 1980 1665 2124 1721; x_wconf 90' lang='lat' dir='ltr'><strong>vires</strong></span> <span class='ocrx_word' id='word_1_487' title='bbox 2153 1673 2373 1736; x_wconf 89' lang='lat' dir='ltr'><strong>augeret</strong></span> <span class='ocrx_word' id='word_1_488' title='bbox 2403 1662 2640 1719; x_wconf 91' lang='lat' dir='ltr'><strong>futurum</strong></span> <span class='ocrx_word' id='word_1_489' title='bbox 2672 1664 2956 1735; x_wconf 72' lang='lat' dir='ltr'><strong>prmsensit</strong></span> <span class='ocrx_word' id='word_1_490' title='bbox 2987 1681 3001 1717; x_wconf 88' lang='lat'><strong>:</strong></span> <span class='ocrx_word' id='word_1_491' title='bbox 3034 1677 3160 1725; x_wconf 89' lang='lat' dir='ltr'><strong>eum</strong></span> <span class='ocrx_word' id='word_1_492' title='bbox 3199 1663 3341 1718; x_wconf 92' lang='lat' dir='ltr'><strong>enim</strong></span> <span class='ocrx_word' id='word_1_493' title='bbox 3371 1662 3459 1733; x_wconf 90' lang='lat' dir='ltr'><strong>qui</strong></span> <span class='ocrx_word' id='word_1_494' title='bbox 3491 1663 3584 1717; x_wconf 90' lang='lat' dir='ltr'><strong>tali</strong></span> 
     </span>
    </p>
   </div>
   <div class='ocr_carea' id='block_1_66' title="bbox 1980 1753 3585 1827">
    <p class='ocr_par' dir='ltr' id='par_1_66' title="bbox 1980 1753 3585 1827">
     <span class='ocr_line' id='line_1_66' title="bbox 1980 1753 3585 1827; baseline -0.001 -16"><span class='ocrx_word' id='word_1_495' title='bbox 1980 1765 2235 1827; x_wconf 88' lang='lat' dir='ltr'><strong>tantoque</strong></span> <span class='ocrx_word' id='word_1_496' title='bbox 2269 1755 2448 1811; x_wconf 90' lang='lat' dir='ltr'><strong>studio</strong></span> <span class='ocrx_word' id='word_1_497' title='bbox 2488 1764 2675 1812; x_wconf 88' lang='lat' dir='ltr'><strong>contra</strong></span> <span class='ocrx_word' id='word_1_498' title='bbox 2710 1770 2768 1812; x_wconf 89' lang='lat' dir='ltr'><strong>se</strong></span> <span class='ocrx_word' id='word_1_499' title='bbox 2800 1755 2886 1811; x_wconf 86' lang='lat' dir='ltr'><strong>vel</strong></span> <span class='ocrx_word' id='word_1_500' title='bbox 2918 1753 2987 1811; x_wconf 90' lang='lat' dir='ltr'><strong>ab</strong></span> <span class='ocrx_word' id='word_1_501' title='bbox 3031 1755 3183 1811; x_wconf 90' lang='lat' dir='ltr'><strong>initio</strong></span> <span class='ocrx_word' id='word_1_502' title='bbox 3210 1763 3453 1811; x_wconf 89' lang='lat' dir='ltr'><strong>uteretur</strong></span> <span class='ocrx_word' id='word_1_503' title='bbox 3475 1798 3491 1817; x_wconf 88' lang='lat'><strong>.</strong></span> <span class='ocrx_word' id='word_1_504' title='bbox 3539 1758 3585 1809; x_wconf 83' lang='lat' dir='ltr'><strong>si</strong></span> 
     </span>
    </p>
   </div>
   <div class='ocr_carea' id='block_1_67' title="bbox 1980 1842 3583 1917">
    <p class='ocr_par' dir='ltr' id='par_1_67' title="bbox 1980 1842 3583 1917">
     <span class='ocr_line' id='line_1_67' title="bbox 1980 1842 3583 1917; baseline -0.001 -14"><span class='ocrx_word' id='word_1_505' title='bbox 1980 1857 2353 1917; x_wconf 87' lang='lat' dir='ltr'><strong>perseveraret</strong></span> <span class='ocrx_word' id='word_1_506' title='bbox 2380 1887 2395 1914; x_wconf 95' lang='lat'><strong>,</strong></span> <span class='ocrx_word' id='word_1_507' title='bbox 2423 1847 2577 1903; x_wconf 85' lang='lat' dir='ltr'><strong>facile</strong></span> <span class='ocrx_word' id='word_1_508' title='bbox 2603 1862 2663 1902; x_wconf 89' lang='lat' dir='ltr'><strong>se</strong></span> <span class='ocrx_word' id='word_1_509' title='bbox 2682 1846 3074 1902; x_wconf 89' lang='lat' dir='ltr'><strong>debellaturum</strong></span> <span class='ocrx_word' id='word_1_510' title='bbox 3096 1842 3217 1901; x_wconf 82' lang='lat' dir='ltr'><strong>esse</strong></span> <span class='ocrx_word' id='word_1_511' title='bbox 3237 1846 3583 1902; x_wconf 80' lang='lat' dir='ltr'><strong>existimavit.</strong></span> 
     </span>
    </p>
   </div>
   <div class='ocr_carea' id='block_1_68' title="bbox 1980 1937 3581 2009">
    <p class='ocr_par' dir='ltr' id='par_1_68' title="bbox 1980 1937 3581 2009">
     <span class='ocr_line' id='line_1_68' title="bbox 1980 1937 3581 2009; baseline 0 -16"><span class='ocrx_word' id='word_1_512' title='bbox 1980 1938 2209 2009; x_wconf 91' lang='lat' dir='ltr'><strong>Ideoque</strong></span> <span class='ocrx_word' id='word_1_513' title='bbox 2258 1937 2567 2005; x_wconf 86' lang='lat' dir='ltr'><strong>festinavit,</strong></span> <span class='ocrx_word' id='word_1_514' title='bbox 2610 1937 2930 2004; x_wconf 88' lang='lat' dir='ltr'><strong>excubavit,</strong></span> <span class='ocrx_word' id='word_1_515' title='bbox 2972 1945 3225 2008; x_wconf 91' lang='lat' dir='ltr'><strong>totusque</strong></span> <span class='ocrx_word' id='word_1_516' title='bbox 3260 1945 3449 1993; x_wconf 87' lang='lat' dir='ltr'><strong>contra</strong></span> <span class='ocrx_word' id='word_1_517' title='bbox 3490 1948 3581 2003; x_wconf 83' lang='lat' dir='ltr'><strong>te,</strong></span> 
     </span>
    </p>
   </div>
   <div class='ocr_carea' id='block_1_69' title="bbox 1981 2028 3586 2101">
    <p class='ocr_par' dir='ltr' id='par_1_69' title="bbox 1981 2028 3586 2101">
     <span class='ocr_line' id='line_1_69' title="bbox 1981 2028 3586 2101; baseline -0.001 -16"><span class='ocrx_word' id='word_1_518' title='bbox 1981 2030 2093 2086; x_wconf 92' lang='lat' dir='ltr'><strong>imo</strong></span> <span class='ocrx_word' id='word_1_519' title='bbox 2120 2031 2296 2101; x_wconf 92' lang='lat' dir='ltr'><strong>potius</strong></span> <span class='ocrx_word' id='word_1_520' title='bbox 2322 2040 2511 2086; x_wconf 90' lang='lat' dir='ltr'><strong>contra</strong></span> <span class='ocrx_word' id='word_1_521' title='bbox 2550 2037 2714 2100; x_wconf 90' lang='lat' dir='ltr'><strong>caput</strong></span> <span class='ocrx_word' id='word_1_522' title='bbox 2746 2043 2902 2084; x_wconf 88' lang='lat' dir='ltr'><strong>suum</strong></span> <span class='ocrx_word' id='word_1_523' title='bbox 2937 2028 3227 2083; x_wconf 84' lang='lat' dir='ltr'><strong>insurrexit</strong></span> <span class='ocrx_word' id='word_1_524' title='bbox 3249 2069 3266 2093; x_wconf 91' lang='lat'><strong>,</strong></span> <span class='ocrx_word' id='word_1_525' title='bbox 3311 2028 3357 2083; x_wconf 90' lang='lat' dir='ltr'><strong>si</strong></span> <span class='ocrx_word' id='word_1_526' title='bbox 3404 2036 3586 2083; x_wconf 85' lang='lat' dir='ltr'><strong>tamen</strong></span> 
     </span>
    </p>
   </div>
   <div class='ocr_carea' id='block_1_70' title="bbox 1977 2118 3691 2190">
    <p class='ocr_par' dir='ltr' id='par_1_70' title="bbox 1977 2118 3691 2190">
     <span class='ocr_line' id='line_1_70' title="bbox 1977 2118 3691 2190; baseline -0.002 -14"><span class='ocrx_word' id='word_1_527' title='bbox 1977 2121 2212 2178; x_wconf 90' lang='lat' dir='ltr'><strong>volueris</strong></span> <span class='ocrx_word' id='word_1_528' title='bbox 2238 2130 2459 2177; x_wconf 90' lang='lat' dir='ltr'><strong>strenue</strong></span> <span class='ocrx_word' id='word_1_529' title='bbox 2483 2120 2767 2176; x_wconf 88' lang='lat' dir='ltr'><strong>obsistere.</strong></span> <span class='ocrx_word' id='word_1_530' title='bbox 2796 2119 2928 2187; x_wconf 85' lang='lat' dir='ltr'><strong>Quis</strong></span> <span class='ocrx_word' id='word_1_531' title='bbox 2971 2121 3114 2175; x_wconf 89' lang='lat' dir='ltr'><strong>enim</strong></span> <span class='ocrx_word' id='word_1_532' title='bbox 3156 2119 3393 2176; x_wconf 90' lang='lat' dir='ltr'><strong>celerem</strong></span> <span class='ocrx_word' id='word_1_533' title='bbox 3440 2118 3587 2173; x_wconf 87' lang='lat' dir='ltr'><strong>illam</strong></span> <span class='ocrx_word' id='word_1_534' title='bbox 3686 2185 3691 2190; x_wconf 26' lang='lat'><em>‘</em></span> 
     </span>
    </p>
   </div>
   <div class='ocr_carea' id='block_1_71' title="bbox 1978 2208 3587 2281">
    <p class='ocr_par' dir='ltr' id='par_1_71' title="bbox 1978 2208 3587 2281">
     <span class='ocr_line' id='line_1_71' title="bbox 1978 2208 3587 2281; baseline -0.002 -14"><span class='ocrx_word' id='word_1_535' title='bbox 1978 2220 2124 2267; x_wconf 88' lang='lat' dir='ltr'><strong>tuam</strong></span> <span class='ocrx_word' id='word_1_536' title='bbox 2151 2253 2166 2277; x_wconf 93' lang='lat'><strong>,</strong></span> <span class='ocrx_word' id='word_1_537' title='bbox 2190 2211 2458 2267; x_wconf 87' lang='lat' dir='ltr'><strong>sinceram</strong></span> <span class='ocrx_word' id='word_1_538' title='bbox 2482 2220 2641 2281; x_wconf 89' lang='lat' dir='ltr'><strong>atque</strong></span> <span class='ocrx_word' id='word_1_539' title='bbox 2668 2209 2963 2266; x_wconf 88' lang='lat' dir='ltr'><strong>ferventem</strong></span> <span class='ocrx_word' id='word_1_540' title='bbox 2985 2208 3053 2265; x_wconf 89' lang='lat' dir='ltr'><strong>ad</strong></span> <span class='ocrx_word' id='word_1_541' title='bbox 3076 2210 3211 2265; x_wconf 92' lang='lat' dir='ltr'><strong>bona</strong></span> <span class='ocrx_word' id='word_1_542' title='bbox 3234 2210 3587 2266; x_wconf 85' lang='lat' dir='ltr'><strong>mutationem</strong></span> 
     </span>
    </p>
   </div>
   <div class='ocr_carea' id='block_1_72' title="bbox 1977 2301 3590 2372">
    <p class='ocr_par' dir='ltr' id='par_1_72' title="bbox 1977 2301 3590 2372">
     <span class='ocr_line' id='line_1_72' title="bbox 1977 2301 3590 2372; baseline -0.002 -13"><span class='ocrx_word' id='word_1_543' title='bbox 1977 2318 2083 2359; x_wconf 95' lang='lat' dir='ltr'><strong>non</strong></span> <span class='ocrx_word' id='word_1_544' title='bbox 2118 2303 2343 2358; x_wconf 88' lang='lat' dir='ltr'><strong>miratus</strong></span> <span class='ocrx_word' id='word_1_545' title='bbox 2373 2303 2499 2359; x_wconf 87' lang='lat' dir='ltr'><strong>est?</strong></span> <span class='ocrx_word' id='word_1_546' title='bbox 2527 2301 2822 2372; x_wconf 89' lang='lat' dir='ltr'><strong>Epularum</strong></span> <span class='ocrx_word' id='word_1_547' title='bbox 2850 2301 2995 2357; x_wconf 92' lang='lat' dir='ltr'><strong>enim</strong></span> <span class='ocrx_word' id='word_1_548' title='bbox 3027 2301 3317 2357; x_wconf 87' lang='lat' dir='ltr'><strong>oblectatio</strong></span> <span class='ocrx_word' id='word_1_549' title='bbox 3341 2310 3590 2358; x_wconf 89' lang='lat' dir='ltr'><strong>contem-</strong></span> 
     </span>
    </p>
   </div>
   <div class='ocr_carea' id='block_1_73' title="bbox 1978 2392 3586 2463">
    <p class='ocr_par' dir='ltr' id='par_1_73' title="bbox 1978 2392 3586 2463">
     <span class='ocr_line' id='line_1_73' title="bbox 1978 2392 3586 2463; baseline -0.001 -15"><span class='ocrx_word' id='word_1_550' title='bbox 1978 2394 2089 2463; x_wconf 91' lang='lat' dir='ltr'><strong>ptui</strong></span> <span class='ocrx_word' id='word_1_551' title='bbox 2118 2403 2235 2449; x_wconf 89' lang='lat' dir='ltr'><strong>erat</strong></span> <span class='ocrx_word' id='word_1_552' title='bbox 2257 2434 2272 2459; x_wconf 92' lang='lat'><strong>,</strong></span> <span class='ocrx_word' id='word_1_553' title='bbox 2320 2394 2479 2448; x_wconf 90' lang='lat' dir='ltr'><strong>luxus</strong></span> <span class='ocrx_word' id='word_1_554' title='bbox 2519 2393 2747 2449; x_wconf 89' lang='lat' dir='ltr'><strong>vestium</strong></span> <span class='ocrx_word' id='word_1_555' title='bbox 2778 2392 3207 2463; x_wconf 90' lang='lat' dir='ltr'><strong>vilipendebatur</strong></span> <span class='ocrx_word' id='word_1_556' title='bbox 3228 2434 3244 2458; x_wconf 93' lang='lat'><strong>,</strong></span> <span class='ocrx_word' id='word_1_557' title='bbox 3274 2392 3586 2448; x_wconf 85' lang='lat' dir='ltr'><strong>calcabatur</strong></span> 
     </span>
    </p>
   </div>
   <div class='ocr_carea' id='block_1_74' title="bbox 1976 2484 3589 2555">
    <p class='ocr_par' dir='ltr' id='par_1_74' title="bbox 1976 2484 3589 2555">
     <span class='ocr_line' id='line_1_74' title="bbox 1976 2484 3589 2555; baseline -0.001 -16"><span class='ocrx_word' id='word_1_558' title='bbox 1976 2484 2143 2541; x_wconf 86' lang='lat' dir='ltr'><strong>fastus</strong></span> <span class='ocrx_word' id='word_1_559' title='bbox 2168 2485 2384 2551; x_wconf 80' lang='lat' dir='ltr'><strong>omnis,</strong></span> <span class='ocrx_word' id='word_1_560' title='bbox 2409 2494 2520 2541; x_wconf 90' lang='lat' dir='ltr'><strong>t0ta</strong></span> <span class='ocrx_word' id='word_1_561' title='bbox 2550 2485 2639 2540; x_wconf 91' lang='lat' dir='ltr'><strong>illa</strong></span> <span class='ocrx_word' id='word_1_562' title='bbox 2660 2493 2898 2541; x_wconf 65' lang='lat' dir='ltr'><strong>externae</strong></span> <span class='ocrx_word' id='word_1_563' title='bbox 2917 2484 3273 2555; x_wconf 84' lang='lat' dir='ltr'><strong>philosophiae</strong></span> <span class='ocrx_word' id='word_1_564' title='bbox 3301 2500 3431 2541; x_wconf 90' lang='lat' dir='ltr'><strong>cura</strong></span> <span class='ocrx_word' id='word_1_565' title='bbox 3456 2500 3589 2541; x_wconf 82' lang='lat' dir='ltr'><strong>con-</strong></span> 
     </span>
    </p>
   </div>
   <div class='ocr_carea' id='block_1_75' title="bbox 1977 2575 3589 2646">
    <p class='ocr_par' dir='ltr' id='par_1_75' title="bbox 1977 2575 3589 2646">
     <span class='ocr_line' id='line_1_75' title="bbox 1977 2575 3589 2646; baseline 0 -15"><span class='ocrx_word' id='word_1_566' title='bbox 1977 2576 2157 2635; x_wconf 87' lang='lat' dir='ltr'><strong>fertim</strong></span> <span class='ocrx_word' id='word_1_567' title='bbox 2187 2577 2240 2631; x_wconf 94' lang='lat' dir='ltr'><strong>in</strong></span> <span class='ocrx_word' id='word_1_568' title='bbox 2263 2577 2442 2632; x_wconf 86' lang='lat' dir='ltr'><strong>divina</strong></span> <span class='ocrx_word' id='word_1_569' title='bbox 2463 2576 2676 2646; x_wconf 90' lang='lat' dir='ltr'><strong>eloquia</strong></span> <span class='ocrx_word' id='word_1_570' title='bbox 2698 2576 2956 2632; x_wconf 88' lang='lat' dir='ltr'><strong>translata</strong></span> <span class='ocrx_word' id='word_1_571' title='bbox 2986 2575 3161 2632; x_wconf 88' lang='lat' dir='ltr'><strong>fuerat</strong></span> <span class='ocrx_word' id='word_1_572' title='bbox 3192 2595 3205 2631; x_wconf 89' lang='lat'><strong>:</strong></span> <span class='ocrx_word' id='word_1_573' title='bbox 3234 2575 3450 2633; x_wconf 86' lang='lat' dir='ltr'><strong>lectioni</strong></span> <span class='ocrx_word' id='word_1_574' title='bbox 3470 2576 3589 2632; x_wconf 73' lang='lat' dir='ltr'><strong>dies</strong></span> 
     </span>
    </p>
   </div>
   <div class='ocr_carea' id='block_1_76' title="bbox 1975 2668 3581 2741">
    <p class='ocr_par' dir='ltr' id='par_1_76' title="bbox 1975 2668 3581 2741">
     <span class='ocr_line' id='line_1_76' title="bbox 1975 2668 3581 2741; baseline 0.001 -18"><span class='ocrx_word' id='word_1_575' title='bbox 1975 2669 2134 2724; x_wconf 86' lang='lat' dir='ltr'><strong>solidi</strong></span> <span class='ocrx_word' id='word_1_576' title='bbox 2160 2711 2176 2737; x_wconf 90' lang='lat'><strong>,</strong></span> <span class='ocrx_word' id='word_1_577' title='bbox 2206 2670 2439 2725; x_wconf 89' lang='lat' dir='ltr'><strong>orationi</strong></span> <span class='ocrx_word' id='word_1_578' title='bbox 2469 2678 2655 2725; x_wconf 85' lang='lat' dir='ltr'><strong>noctes</strong></span> <span class='ocrx_word' id='word_1_579' title='bbox 2684 2669 2908 2741; x_wconf 67' lang='lat' dir='ltr'><strong>integra:</strong></span> <span class='ocrx_word' id='word_1_580' title='bbox 2933 2668 3335 2740; x_wconf 87' lang='lat' dir='ltr'><strong>deputabantur</strong></span> <span class='ocrx_word' id='word_1_581' title='bbox 3360 2688 3371 2724; x_wconf 93' lang='lat'>:</span> <span class='ocrx_word' id='word_1_582' title='bbox 3405 2679 3581 2741; x_wconf 72' lang='lat' dir='ltr'><strong>pater</strong></span> 
     </span>
    </p>
   </div>
   <div class='ocr_carea' id='block_1_77' title="bbox 1979 2760 3586 2832">
    <p class='ocr_par' dir='ltr' id='par_1_77' title="bbox 1979 2760 3586 2832">
     <span class='ocr_line' id='line_1_77' title="bbox 1979 2760 3586 2832; baseline 0 -16"><span class='ocrx_word' id='word_1_583' title='bbox 1979 2776 2065 2817; x_wconf 79' lang='lat' dir='ltr'><strong>nze</strong></span> <span class='ocrx_word' id='word_1_584' title='bbox 2093 2761 2370 2832; x_wconf 88' lang='lat' dir='ltr'><strong>dignitatis</strong></span> <span class='ocrx_word' id='word_1_585' title='bbox 2396 2761 2541 2816; x_wconf 90' lang='lat' dir='ltr'><strong>nulla</strong></span> <span class='ocrx_word' id='word_1_586' title='bbox 2565 2761 2770 2816; x_wconf 90' lang='lat' dir='ltr'><strong>mentio</strong></span> <span class='ocrx_word' id='word_1_587' title='bbox 2795 2802 2809 2827; x_wconf 89' lang='lat'><strong>,</strong></span> <span class='ocrx_word' id='word_1_588' title='bbox 2836 2760 3142 2817; x_wconf 90' lang='lat' dir='ltr'><strong>divitiarum</strong></span> <span class='ocrx_word' id='word_1_589' title='bbox 3167 2762 3310 2816; x_wconf 88' lang='lat' dir='ltr'><strong>nulla</strong></span> <span class='ocrx_word' id='word_1_590' title='bbox 3335 2762 3586 2817; x_wconf 81' lang='lat' dir='ltr'><strong>recorda-</strong></span> 
     </span>
    </p>
   </div>
   <div class='ocr_carea' id='block_1_78' title="bbox 1974 2852 3588 2923">
    <p class='ocr_par' dir='ltr' id='par_1_78' title="bbox 1974 2852 3588 2923">
     <span class='ocr_line' id='line_1_78' title="bbox 1974 2852 3588 2923; baseline -0.001 -14"><span class='ocrx_word' id='word_1_591' title='bbox 1974 2853 2051 2909; x_wconf 91' lang='lat' dir='ltr'><strong>tio</strong></span> <span class='ocrx_word' id='word_1_592' title='bbox 2081 2871 2094 2909; x_wconf 89' lang='lat'>:</span> <span class='ocrx_word' id='word_1_593' title='bbox 2125 2853 2350 2908; x_wconf 84' lang='lat' dir='ltr'><strong>fratrum</strong></span> <span class='ocrx_word' id='word_1_594' title='bbox 2376 2861 2555 2908; x_wconf 88' lang='lat' dir='ltr'><strong>autem</strong></span> <span class='ocrx_word' id='word_1_595' title='bbox 2586 2852 3074 2923; x_wconf 39' lang='lat' dir='ltr'><strong>genua‘complecti</strong></span> <span class='ocrx_word' id='word_1_596' title='bbox 3100 2895 3115 2919; x_wconf 90' lang='lat'><strong>,</strong></span> <span class='ocrx_word' id='word_1_597' title='bbox 3158 2868 3453 2923; x_wconf 90' lang='lat' dir='ltr'><strong>eorumque</strong></span> <span class='ocrx_word' id='word_1_598' title='bbox 3490 2869 3588 2923; x_wconf 87' lang='lat' dir='ltr'><strong>pe-</strong></span> 
     </span>
    </p>
   </div>
   <div class='ocr_carea' id='block_1_79' title="bbox 1974 2943 3587 3013">
    <p class='ocr_par' dir='ltr' id='par_1_79' title="bbox 1974 2943 3587 3013">
     <span class='ocr_line' id='line_1_79' title="bbox 1974 2943 3587 3013; baseline -0.001 -14"><span class='ocrx_word' id='word_1_599' title='bbox 1974 2943 2133 2999; x_wconf 90' lang='lat' dir='ltr'><strong>dibus</strong></span> <span class='ocrx_word' id='word_1_600' title='bbox 2161 2958 2449 2999; x_wconf 84' lang='lat' dir='ltr'><strong>accurrere</strong></span> <span class='ocrx_word' id='word_1_601' title='bbox 2472 2984 2486 3008; x_wconf 94' lang='lat'><strong>,</strong></span> <span class='ocrx_word' id='word_1_602' title='bbox 2510 2944 2656 2998; x_wconf 91' lang='lat' dir='ltr'><strong>omni</strong></span> <span class='ocrx_word' id='word_1_603' title='bbox 2684 2943 2963 2998; x_wconf 86' lang='lat' dir='ltr'><strong>nobilitate</strong></span> <span class='ocrx_word' id='word_1_604' title='bbox 2983 2943 3267 2999; x_wconf 90' lang='lat' dir='ltr'><strong>sublimius</strong></span> <span class='ocrx_word' id='word_1_605' title='bbox 3284 2943 3587 3013; x_wconf 86' lang='lat' dir='ltr'><strong>judicabas.</strong></span> 
     </span>
    </p>
   </div>
   <div class='ocr_carea' id='block_1_80' title="bbox 1976 3033 3585 3097">
    <p class='ocr_par' dir='ltr' id='par_1_80' title="bbox 1976 3033 3585 3097">
     <span class='ocr_line' id='line_1_80' title="bbox 1976 3033 3585 3097; baseline 0.001 -8"><span class='ocrx_word' id='word_1_606' title='bbox 1976 3034 2102 3089; x_wconf 76' lang='lat' dir='ltr'><strong>llzcc</strong></span> <span class='ocrx_word' id='word_1_607' title='bbox 2128 3034 2450 3089; x_wconf 90' lang='lat' dir='ltr'><strong>malevolum</strong></span> <span class='ocrx_word' id='word_1_608' title='bbox 2478 3034 2625 3089; x_wconf 91' lang='lat' dir='ltr'><strong>illum</strong></span> <span class='ocrx_word' id='word_1_609' title='bbox 2656 3033 2971 3088; x_wconf 82' lang='lat' dir='ltr'><strong>cruciabam</strong></span> <span class='ocrx_word' id='word_1_610' title='bbox 2995 3075 3010 3097; x_wconf 95' lang='lat'><strong>,</strong></span> <span class='ocrx_word' id='word_1_611' title='bbox 3060 3033 3176 3090; x_wconf 79' lang='lat' dir='ltr'><strong>hzcc</strong></span> <span class='ocrx_word' id='word_1_612' title='bbox 3212 3035 3279 3090; x_wconf 88' lang='lat' dir='ltr'><strong>ad</strong></span> <span class='ocrx_word' id='word_1_613' title='bbox 3320 3037 3585 3091; x_wconf 87' lang='lat' dir='ltr'><strong>acriorem</strong></span> 
     </span>
    </p>
   </div>
   <div class='ocr_carea' id='block_1_81' title="bbox 1974 3124 3588 3194">
    <p class='ocr_par' dir='ltr' id='par_1_81' title="bbox 1974 3124 3588 3194">
     <span class='ocr_line' id='line_1_81' title="bbox 1974 3124 3588 3194; baseline 0.002 -16"><span class='ocrx_word' id='word_1_614' title='bbox 1974 3139 2206 3194; x_wconf 85' lang='lat' dir='ltr'><strong>pugnam</strong></span> <span class='ocrx_word' id='word_1_615' title='bbox 2278 3124 2667 3179; x_wconf 87' lang='lat' dir='ltr'><strong>conserendam</strong></span> <span class='ocrx_word' id='word_1_616' title='bbox 2734 3125 3023 3180; x_wconf 87' lang='lat' dir='ltr'><strong>incitarunt</strong></span> <span class='ocrx_word' id='word_1_617' title='bbox 3054 3126 3070 3157; x_wconf 76' lang='grc'>⁸</span> <span class='ocrx_word' id='word_1_618' title='bbox 3118 3144 3131 3179; x_wconf 89' lang='lat'><strong>:</strong></span> <span class='ocrx_word' id='word_1_619' title='bbox 3179 3136 3417 3181; x_wconf 89' lang='lat' dir='ltr'><strong>attamen</strong></span> <span class='ocrx_word' id='word_1_620' title='bbox 3478 3142 3588 3182; x_wconf 92' lang='lat' dir='ltr'><strong>nou</strong></span> 
     </span>
    </p>
   </div>
   <div class='ocr_carea' id='block_1_82' title="bbox 1976 3214 3586 3287">
    <p class='ocr_par' dir='ltr' id='par_1_82' title="bbox 1976 3214 3586 3287">
     <span class='ocr_line' id='line_1_82' title="bbox 1976 3214 3586 3287; baseline 0.002 -18"><span class='ocrx_word' id='word_1_621' title='bbox 1976 3215 2135 3271; x_wconf 89' lang='lat' dir='ltr'><strong>letale</strong></span> <span class='ocrx_word' id='word_1_622' title='bbox 2165 3215 2358 3269; x_wconf 87' lang='lat' dir='ltr'><strong>vulnus</strong></span> <span class='ocrx_word' id='word_1_623' title='bbox 2381 3214 2594 3269; x_wconf 80' lang='lat' dir='ltr'><strong>inﬂixit.</strong></span> <span class='ocrx_word' id='word_1_624' title='bbox 2619 3214 2750 3269; x_wconf 90' lang='lat' dir='ltr'><strong>Nam</strong></span> <span class='ocrx_word' id='word_1_625' title='bbox 2773 3216 2817 3270; x_wconf 92' lang='lat' dir='ltr'><strong>si</strong></span> <span class='ocrx_word' id='word_1_626' title='bbox 2840 3225 2965 3285; x_wconf 91' lang='lat' dir='ltr'><strong>post</strong></span> <span class='ocrx_word' id='word_1_627' title='bbox 2992 3215 3305 3271; x_wconf 91' lang='lat' dir='ltr'><strong>diuturnum</strong></span> <span class='ocrx_word' id='word_1_628' title='bbox 3335 3225 3548 3287; x_wconf 91' lang='lat' dir='ltr'><strong>tempus</strong></span> <span class='ocrx_word' id='word_1_629' title='bbox 3569 3258 3586 3280; x_wconf 86' lang='lat'><strong>.</strong></span> 
     </span>
    </p>
   </div>
   <div class='ocr_carea' id='block_1_83' title="bbox 1975 3306 3589 3378">
    <p class='ocr_par' dir='ltr' id='par_1_83' title="bbox 1975 3306 3589 3378">
     <span class='ocr_line' id='line_1_83' title="bbox 1975 3306 3589 3378; baseline -0.001 -16"><span class='ocrx_word' id='word_1_630' title='bbox 1975 3316 2097 3378; x_wconf 92' lang='lat' dir='ltr'><strong>post</strong></span> <span class='ocrx_word' id='word_1_631' title='bbox 2116 3306 2321 3378; x_wconf 88' lang='lat' dir='ltr'><strong>jejunia</strong></span> <span class='ocrx_word' id='word_1_632' title='bbox 2353 3307 2517 3361; x_wconf 90' lang='lat' dir='ltr'><strong>multa</strong></span> <span class='ocrx_word' id='word_1_633' title='bbox 2541 3348 2557 3374; x_wconf 91' lang='lat'><strong>,</strong></span> <span class='ocrx_word' id='word_1_634' title='bbox 2591 3306 2738 3361; x_wconf 91' lang='lat' dir='ltr'><strong>humi</strong></span> <span class='ocrx_word' id='word_1_635' title='bbox 2765 3306 3083 3362; x_wconf 88' lang='lat' dir='ltr'><strong>cubatioues</strong></span> <span class='ocrx_word' id='word_1_636' title='bbox 3112 3306 3355 3377; x_wconf 88' lang='lat' dir='ltr'><strong>aliasque</strong></span> <span class='ocrx_word' id='word_1_637' title='bbox 3378 3308 3589 3363; x_wconf 87' lang='lat' dir='ltr'><strong>exerci-</strong></span> 
     </span>
    </p>
   </div>
   <div class='ocr_carea' id='block_1_84' title="bbox 1976 3396 3586 3467">
    <p class='ocr_par' dir='ltr' id='par_1_84' title="bbox 1976 3396 3586 3467">
     <span class='ocr_line' id='line_1_84' title="bbox 1976 3396 3586 3467; baseline -0.002 -13"><span class='ocrx_word' id='word_1_638' title='bbox 1976 3399 2208 3454; x_wconf 85' lang='lat' dir='ltr'><strong>tationes</strong></span> <span class='ocrx_word' id='word_1_639' title='bbox 2231 3409 2281 3453; x_wconf 92' lang='lat' dir='ltr'><strong>te</strong></span> <span class='ocrx_word' id='word_1_640' title='bbox 2303 3398 2589 3467; x_wconf 90' lang='lat' dir='ltr'><strong>dejecisset</strong></span> <span class='ocrx_word' id='word_1_641' title='bbox 2605 3438 2620 3465; x_wconf 91' lang='lat'><strong>,</strong></span> <span class='ocrx_word' id='word_1_642' title='bbox 2640 3412 2817 3467; x_wconf 89' lang='lat' dir='ltr'><strong>neque</strong></span> <span class='ocrx_word' id='word_1_643' title='bbox 2845 3407 2972 3453; x_wconf 93' lang='lat' dir='ltr'><strong>tunc</strong></span> <span class='ocrx_word' id='word_1_644' title='bbox 2990 3396 3389 3466; x_wconf 90' lang='lat' dir='ltr'><strong>desperandum</strong></span> <span class='ocrx_word' id='word_1_645' title='bbox 3410 3408 3586 3465; x_wconf 79' lang='lat' dir='ltr'><strong>esset,</strong></span> 
     </span>
    </p>
   </div>
   <div class='ocr_carea' id='block_1_85' title="bbox 1974 3487 3586 3559">
    <p class='ocr_par' dir='ltr' id='par_1_85' title="bbox 1974 3487 3586 3559">
     <span class='ocr_line' id='line_1_85' title="bbox 1974 3487 3586 3559; baseline -0.002 -12"><span class='ocrx_word' id='word_1_646' title='bbox 1974 3492 2102 3547; x_wconf 87' lang='lat' dir='ltr'><strong>licet</strong></span> <span class='ocrx_word' id='word_1_647' title='bbox 2131 3490 2426 3545; x_wconf 87' lang='lat' dir='ltr'><strong>maximum</strong></span> <span class='ocrx_word' id='word_1_648' title='bbox 2455 3489 2711 3545; x_wconf 87' lang='lat' dir='ltr'><strong>damnum</strong></span> <span class='ocrx_word' id='word_1_649' title='bbox 2741 3493 3022 3559; x_wconf 90' lang='lat' dir='ltr'><strong>putaretur</strong></span> <span class='ocrx_word' id='word_1_650' title='bbox 3050 3497 3174 3559; x_wconf 91' lang='lat' dir='ltr'><strong>post</strong></span> <span class='ocrx_word' id='word_1_651' title='bbox 3197 3488 3395 3543; x_wconf 86' lang='lat' dir='ltr'><strong>multos</strong></span> <span class='ocrx_word' id='word_1_652' title='bbox 3419 3487 3586 3543; x_wconf 86' lang='lat' dir='ltr'><strong>sudo-</strong></span> 
     </span>
    </p>
   </div>
   <div class='ocr_carea' id='block_1_86' title="bbox 1972 3580 3585 3651">
    <p class='ocr_par' dir='ltr' id='par_1_86' title="bbox 1972 3580 3585 3651">
     <span class='ocr_line' id='line_1_86' title="bbox 1972 3580 3585 3651; baseline -0.002 -14"><span class='ocrx_word' id='word_1_653' title='bbox 1972 3598 2063 3638; x_wconf 91' lang='lat' dir='ltr'><strong>res</strong></span> <span class='ocrx_word' id='word_1_654' title='bbox 2085 3624 2099 3649; x_wconf 94' lang='lat'><strong>,</strong></span> <span class='ocrx_word' id='word_1_655' title='bbox 2128 3583 2341 3639; x_wconf 88' lang='lat' dir='ltr'><strong>labores</strong></span> <span class='ocrx_word' id='word_1_656' title='bbox 2361 3590 2415 3637; x_wconf 92' lang='lat' dir='ltr'><strong>et</strong></span> <span class='ocrx_word' id='word_1_657' title='bbox 2443 3581 2697 3637; x_wconf 89' lang='lat' dir='ltr'><strong>victorias</strong></span> <span class='ocrx_word' id='word_1_658' title='bbox 2723 3582 2795 3636; x_wconf 90' lang='lat' dir='ltr'><strong>ita</strong></span> <span class='ocrx_word' id='word_1_659' title='bbox 2828 3580 3096 3651; x_wconf 89' lang='lat' dir='ltr'><strong>prosterni</strong></span> <span class='ocrx_word' id='word_1_660' title='bbox 3123 3599 3137 3635; x_wconf 90' lang='lat'><strong>:</strong></span> <span class='ocrx_word' id='word_1_661' title='bbox 3168 3595 3355 3636; x_wconf 90' lang='lat' dir='ltr'><strong>verum</strong></span> <span class='ocrx_word' id='word_1_662' title='bbox 3378 3582 3501 3651; x_wconf 83' lang='lat' dir='ltr'><strong>quia</strong></span> <span class='ocrx_word' id='word_1_663' title='bbox 3532 3581 3585 3635; x_wconf 89' lang='lat' dir='ltr'><strong>in</strong></span> 
     </span>
    </p>
   </div>
   <div class='ocr_carea' id='block_1_87' title="bbox 1973 3672 3584 3748">
    <p class='ocr_par' dir='ltr' id='par_1_87' title="bbox 1973 3672 3584 3748">
     <span class='ocr_line' id='line_1_87' title="bbox 1973 3672 3584 3748; baseline -0.003 -17"><span class='ocrx_word' id='word_1_664' title='bbox 1973 3676 2092 3746; x_wconf 90' lang='lat' dir='ltr'><strong>ipso</strong></span> <span class='ocrx_word' id='word_1_665' title='bbox 2116 3674 2395 3748; x_wconf 90' lang='lat' dir='ltr'><strong>procinctu</strong></span> <span class='ocrx_word' id='word_1_666' title='bbox 2421 3673 2731 3730; x_wconf 89' lang='lat' dir='ltr'><strong>certaminis</strong></span> <span class='ocrx_word' id='word_1_667' title='bbox 2772 3681 2825 3728; x_wconf 91' lang='lat' dir='ltr'><strong>te</strong></span> <span class='ocrx_word' id='word_1_668' title='bbox 2855 3672 3219 3742; x_wconf 89' lang='lat' dir='ltr'><strong>supplantavit</strong></span> <span class='ocrx_word' id='word_1_669' title='bbox 3249 3714 3265 3739; x_wconf 92' lang='lat'><strong>,</strong></span> <span class='ocrx_word' id='word_1_670' title='bbox 3313 3672 3364 3726; x_wconf 93' lang='lat' dir='ltr'><strong>id</strong></span> <span class='ocrx_word' id='word_1_671' title='bbox 3405 3672 3584 3727; x_wconf 91' lang='lat' dir='ltr'><strong>solum</strong></span> 
     </span>
    </p>
   </div>
   <div class='ocr_carea' id='block_1_88' title="bbox 1973 3762 3587 3835">
    <p class='ocr_par' dir='ltr' id='par_1_88' title="bbox 1973 3762 3587 3835">
     <span class='ocr_line' id='line_1_88' title="bbox 1973 3762 3587 3835; baseline -0.007 -10"><span class='ocrx_word' id='word_1_672' title='bbox 1973 3769 2190 3835; x_wconf 75' lang='lat' dir='ltr'><strong>effecit,</strong></span> <span class='ocrx_word' id='word_1_673' title='bbox 2214 3778 2273 3823; x_wconf 90' lang='lat' dir='ltr'><strong>ut</strong></span> <span class='ocrx_word' id='word_1_674' title='bbox 2295 3768 2573 3823; x_wconf 89' lang='lat' dir='ltr'><strong>fortiorem</strong></span> <span class='ocrx_word' id='word_1_675' title='bbox 2597 3774 2650 3821; x_wconf 90' lang='lat' dir='ltr'><strong>te</strong></span> <span class='ocrx_word' id='word_1_676' title='bbox 2671 3764 2925 3821; x_wconf 90' lang='lat' dir='ltr'><strong>redderet</strong></span> <span class='ocrx_word' id='word_1_677' title='bbox 2952 3762 3021 3819; x_wconf 91' lang='lat' dir='ltr'><strong>ad</strong></span> <span class='ocrx_word' id='word_1_678' title='bbox 3049 3777 3281 3835; x_wconf 88' lang='lat' dir='ltr'><strong>pugnam</strong></span> <span class='ocrx_word' id='word_1_679' title='bbox 3315 3778 3441 3819; x_wconf 90' lang='lat' dir='ltr'><strong>cum</strong></span> <span class='ocrx_word' id='word_1_680' title='bbox 3468 3764 3587 3834; x_wconf 73' lang='lat' dir='ltr'><strong>ipso</strong></span> 
     </span>
    </p>
   </div>
   <div class='ocr_carea' id='block_1_89' title="bbox 1975 3856 3584 3926">
    <p class='ocr_par' dir='ltr' id='par_1_89' title="bbox 1975 3856 3584 3926">
     <span class='ocr_line' id='line_1_89' title="bbox 1975 3856 3584 3926; baseline -0.004 -10"><span class='ocrx_word' id='word_1_681' title='bbox 1975 3861 2285 3916; x_wconf 91' lang='lat' dir='ltr'><strong>ineundam.</strong></span> <span class='ocrx_word' id='word_1_682' title='bbox 2318 3857 2479 3914; x_wconf 85' lang='lat' dir='ltr'><strong>Modo</strong></span> <span class='ocrx_word' id='word_1_683' title='bbox 2515 3858 2661 3913; x_wconf 88' lang='lat' dir='ltr'><strong>enim</strong></span> <span class='ocrx_word' id='word_1_684' title='bbox 2708 3864 2760 3911; x_wconf 91' lang='lat' dir='ltr'><strong>te</strong></span> <span class='ocrx_word' id='word_1_685' title='bbox 2809 3871 2840 3912; x_wconf 91' lang='lat' dir='ltr'><strong>e</strong></span> <span class='ocrx_word' id='word_1_686' title='bbox 2879 3864 3039 3926; x_wconf 91' lang='lat' dir='ltr'><strong>portu</strong></span> <span class='ocrx_word' id='word_1_687' title='bbox 3084 3856 3384 3912; x_wconf 89' lang='lat' dir='ltr'><strong>solventem</strong></span> <span class='ocrx_word' id='word_1_688' title='bbox 3410 3897 3425 3920; x_wconf 85' lang='lat'><strong>,</strong></span> <span class='ocrx_word' id='word_1_689' title='bbox 3474 3871 3584 3910; x_wconf 89' lang='lat' dir='ltr'><strong>non</strong></span> 
     </span>
    </p>
   </div>
   <div class='ocr_carea' id='block_1_90' title="bbox 1974 3947 3589 4023">
    <p class='ocr_par' dir='ltr' id='par_1_90' title="bbox 1974 3947 3589 4023">
     <span class='ocr_line' id='line_1_90' title="bbox 1974 3947 3589 4023; baseline -0.002 -15"><span class='ocrx_word' id='word_1_690' title='bbox 1974 3967 2039 4008; x_wconf 85' lang='lat' dir='ltr'><strong>ex</strong></span> <span class='ocrx_word' id='word_1_691' title='bbox 2071 3951 2436 4023; x_wconf 89' lang='lat' dir='ltr'><strong>negotiatione</strong></span> <span class='ocrx_word' id='word_1_692' title='bbox 2465 3956 2833 4006; x_wconf 87' lang='lat' dir='ltr'><strong>revertentem</strong></span> <span class='ocrx_word' id='word_1_693' title='bbox 2858 3987 2875 4016; x_wconf 89' lang='lat'><strong>,</strong></span> <span class='ocrx_word' id='word_1_694' title='bbox 2908 3962 3010 4003; x_wconf 91' lang='lat' dir='ltr'><strong>nec</strong></span> <span class='ocrx_word' id='word_1_695' title='bbox 3037 3956 3284 4003; x_wconf 88' lang='lat' dir='ltr'><strong>onustam</strong></span> <span class='ocrx_word' id='word_1_696' title='bbox 3316 3947 3589 4004; x_wconf 85' lang='lat' dir='ltr'><strong>mercibus</strong></span> 
     </span>
    </p>
   </div>
   <div class='ocr_carea' id='block_1_91' title="bbox 1975 4038 3586 4110">
    <p class='ocr_par' dir='ltr' id='par_1_91' title="bbox 1975 4038 3586 4110">
     <span class='ocr_line' id='line_1_91' title="bbox 1975 4038 3586 4110; baseline -0.003 -11"><span class='ocrx_word' id='word_1_697' title='bbox 1975 4058 2165 4099; x_wconf 87' lang='lat' dir='ltr'><strong>navem</strong></span> <span class='ocrx_word' id='word_1_698' title='bbox 2197 4042 2546 4099; x_wconf 88' lang='lat' dir='ltr'><strong>reducentem</strong></span> <span class='ocrx_word' id='word_1_699' title='bbox 2573 4082 2590 4109; x_wconf 91' lang='lat'><strong>,</strong></span> <span class='ocrx_word' id='word_1_700' title='bbox 2622 4039 2770 4095; x_wconf 82' lang='lat' dir='ltr'><strong>ferus</strong></span> <span class='ocrx_word' id='word_1_701' title='bbox 2798 4040 2889 4095; x_wconf 91' lang='lat' dir='ltr'><strong>ille</strong></span> <span class='ocrx_word' id='word_1_702' title='bbox 2918 4040 3089 4110; x_wconf 83' lang='lat' dir='ltr'><strong>pirata</strong></span> <span class='ocrx_word' id='word_1_703' title='bbox 3121 4038 3343 4094; x_wconf 86' lang='lat' dir='ltr'><strong>adortus</strong></span> <span class='ocrx_word' id='word_1_704' title='bbox 3372 4048 3475 4095; x_wconf 92' lang='lat' dir='ltr'><strong>cst.</strong></span> <span class='ocrx_word' id='word_1_705' title='bbox 3506 4041 3586 4094; x_wconf 81' lang='lat' dir='ltr'><strong>Ac</strong></span> 
     </span>
    </p>
   </div>
   <div class='ocr_carea' id='block_1_92' title="bbox 1974 4132 3586 4207">
    <p class='ocr_par' dir='ltr' id='par_1_92' title="bbox 1974 4132 3586 4207">
     <span class='ocr_line' id='line_1_92' title="bbox 1974 4132 3586 4207; baseline -0.005 -16"><span class='ocrx_word' id='word_1_706' title='bbox 1974 4134 2425 4207; x_wconf 90' lang='lat' dir='ltr'><strong>quemadmodum</strong></span> <span class='ocrx_word' id='word_1_707' title='bbox 2456 4134 2502 4190; x_wconf 89' lang='lat' dir='ltr'><strong>si</strong></span> <span class='ocrx_word' id='word_1_708' title='bbox 2530 4134 2650 4205; x_wconf 89' lang='lat' dir='ltr'><strong>quis</strong></span> <span class='ocrx_word' id='word_1_709' title='bbox 2682 4146 3007 4203; x_wconf 89' lang='lat' dir='ltr'><strong>generosum</strong></span> <span class='ocrx_word' id='word_1_710' title='bbox 3046 4132 3260 4186; x_wconf 92' lang='lat' dir='ltr'><strong>leonem</strong></span> <span class='ocrx_word' id='word_1_711' title='bbox 3299 4144 3586 4203; x_wconf 75' lang='lat' dir='ltr'><strong>aggressus</strong></span> 
     </span>
    </p>
   </div>
   <div class='ocr_carea' id='block_1_93' title="bbox 1975 4222 3581 4297">
    <p class='ocr_par' dir='ltr' id='par_1_93' title="bbox 1975 4222 3581 4297">
     <span class='ocr_line' id='line_1_93' title="bbox 1975 4222 3581 4297; baseline -0.002 -16"><span class='ocrx_word' id='word_1_712' title='bbox 1975 4226 2171 4297; x_wconf 88' lang='lat' dir='ltr'><strong>pellem</strong></span> <span class='ocrx_word' id='word_1_713' title='bbox 2198 4226 2315 4295; x_wconf 84' lang='lat' dir='ltr'><strong>ejus</strong></span> <span class='ocrx_word' id='word_1_714' title='bbox 2345 4224 2520 4281; x_wconf 91' lang='lat' dir='ltr'><strong>solum</strong></span> <span class='ocrx_word' id='word_1_715' title='bbox 2551 4223 2745 4280; x_wconf 90' lang='lat' dir='ltr'><strong>raserit</strong></span> <span class='ocrx_word' id='word_1_716' title='bbox 2772 4265 2787 4291; x_wconf 92' lang='lat'><strong>,</strong></span> <span class='ocrx_word' id='word_1_717' title='bbox 2821 4224 2969 4278; x_wconf 91' lang='lat' dir='ltr'><strong>illum</strong></span> <span class='ocrx_word' id='word_1_718' title='bbox 2999 4222 3215 4295; x_wconf 89' lang='lat' dir='ltr'><strong>quidem</strong></span> <span class='ocrx_word' id='word_1_719' title='bbox 3244 4223 3375 4278; x_wconf 91' lang='lat' dir='ltr'><strong>nihil</strong></span> <span class='ocrx_word' id='word_1_720' title='bbox 3400 4224 3546 4279; x_wconf 83' lang='lat' dir='ltr'><strong>laedit</strong></span> <span class='ocrx_word' id='word_1_721' title='bbox 3568 4266 3581 4287; x_wconf 90' lang='lat'><strong>,</strong></span> 
     </span>
    </p>
   </div>
   <div class='ocr_carea' id='block_1_94' title="bbox 1974 4316 3587 4389">
    <p class='ocr_par' dir='ltr' id='par_1_94' title="bbox 1974 4316 3587 4389">
     <span class='ocr_line' id='line_1_94' title="bbox 1974 4316 3587 4389; baseline -0.002 -14"><span class='ocrx_word' id='word_1_722' title='bbox 1974 4319 2070 4376; x_wconf 84' lang='lat' dir='ltr'><strong>sed</strong></span> <span class='ocrx_word' id='word_1_723' title='bbox 2117 4327 2305 4375; x_wconf 91' lang='lat' dir='ltr'><strong>contra</strong></span> <span class='ocrx_word' id='word_1_724' title='bbox 2348 4319 2582 4389; x_wconf 89' lang='lat' dir='ltr'><strong>seipsum</strong></span> <span class='ocrx_word' id='word_1_725' title='bbox 2632 4318 2831 4373; x_wconf 82' lang='lat' dir='ltr'><strong>excitat</strong></span> <span class='ocrx_word' id='word_1_726' title='bbox 2872 4332 2996 4372; x_wconf 91' lang='lat' dir='ltr'><strong>eum</strong></span> <span class='ocrx_word' id='word_1_727' title='bbox 3022 4358 3038 4383; x_wconf 88' lang='lat'><strong>,</strong></span> <span class='ocrx_word' id='word_1_728' title='bbox 3087 4331 3151 4371; x_wconf 91' lang='lat' dir='ltr'><strong>ac</strong></span> <span class='ocrx_word' id='word_1_729' title='bbox 3195 4316 3485 4372; x_wconf 87' lang='lat' dir='ltr'><strong>firmiorem</strong></span> <span class='ocrx_word' id='word_1_730' title='bbox 3529 4326 3587 4372; x_wconf 74' lang='lat' dir='ltr'><strong>et</strong></span> 
     </span>
    </p>
   </div>
   <div class='ocr_carea' id='block_1_95' title="bbox 1975 4408 3580 4483">
    <p class='ocr_par' dir='ltr' id='par_1_95' title="bbox 1975 4408 3580 4483">
     <span class='ocr_line' id='line_1_95' title="bbox 1975 4408 3580 4483; baseline -0.001 -17"><span class='ocrx_word' id='word_1_731' title='bbox 1975 4420 2133 4483; x_wconf 90' lang='lat' dir='ltr'><strong>captu</strong></span> <span class='ocrx_word' id='word_1_732' title='bbox 2161 4410 2517 4466; x_wconf 86' lang='lat' dir='ltr'><strong>difficiliorem</strong></span> <span class='ocrx_word' id='word_1_733' title='bbox 2543 4408 2720 4464; x_wconf 89' lang='lat' dir='ltr'><strong>reddit</strong></span> <span class='ocrx_word' id='word_1_734' title='bbox 2748 4424 2764 4463; x_wconf 88' lang='lat'>:</span> <span class='ocrx_word' id='word_1_735' title='bbox 2794 4408 2873 4464; x_wconf 92' lang='lat' dir='ltr'><strong>sic</strong></span> <span class='ocrx_word' id='word_1_736' title='bbox 2906 4416 2963 4463; x_wconf 92' lang='lat' dir='ltr'><strong>et</strong></span> <span class='ocrx_word' id='word_1_737' title='bbox 2997 4409 3298 4463; x_wconf 89' lang='lat' dir='ltr'><strong>communis</strong></span> <span class='ocrx_word' id='word_1_738' title='bbox 3336 4410 3580 4464; x_wconf 89' lang='lat' dir='ltr'><strong>omnimn</strong></span> 
     </span>
    </p>
   </div>
   <div class='ocr_carea' id='block_1_96' title="bbox 1976 4500 3542 4571">
    <p class='ocr_par' dir='ltr' id='par_1_96' title="bbox 1976 4500 3542 4571">
     <span class='ocr_line' id='line_1_96' title="bbox 1976 4500 3542 4571; baseline -0.003 -13"><span class='ocrx_word' id='word_1_739' title='bbox 1976 4503 2224 4560; x_wconf 87' lang='lat' dir='ltr'><strong>inimicus</strong></span> <span class='ocrx_word' id='word_1_740' title='bbox 2253 4517 2376 4558; x_wconf 90' lang='lat' dir='ltr'><strong>cum</strong></span> <span class='ocrx_word' id='word_1_741' title='bbox 2401 4502 2565 4557; x_wconf 89' lang='lat' dir='ltr'><strong>altam</strong></span> <span class='ocrx_word' id='word_1_742' title='bbox 2596 4500 2840 4571; x_wconf 88' lang='lat' dir='ltr'><strong>inﬂigere</strong></span> <span class='ocrx_word' id='word_1_743' title='bbox 2880 4500 3091 4570; x_wconf 90' lang='lat' dir='ltr'><strong>plagam</strong></span> <span class='ocrx_word' id='word_1_744' title='bbox 3131 4509 3357 4555; x_wconf 88' lang='lat' dir='ltr'><strong>conatus</strong></span> <span class='ocrx_word' id='word_1_745' title='bbox 3394 4513 3542 4555; x_wconf 86' lang='lat' dir='ltr'><strong>esset</strong></span> 
     </span>
    </p>
   </div>
   <div class='ocr_carea' id='block_1_97' title="bbox 1977 4589 3578 4665">
    <p class='ocr_par' dir='ltr' id='par_1_97' title="bbox 1977 4589 3578 4665">
     <span class='ocr_line' id='line_1_97' title="bbox 1977 4589 3578 4665; baseline -0.002 -15"><span class='ocrx_word' id='word_1_746' title='bbox 1977 4610 2007 4650; x_wconf 93' lang='lat' dir='ltr'><strong>a</strong></span> <span class='ocrx_word' id='word_1_747' title='bbox 2034 4609 2199 4665; x_wconf 87' lang='lat' dir='ltr'><strong>scopo</strong></span> <span class='ocrx_word' id='word_1_748' title='bbox 2223 4593 2441 4664; x_wconf 89' lang='lat' dir='ltr'><strong>quidem</strong></span> <span class='ocrx_word' id='word_1_749' title='bbox 2468 4592 2776 4659; x_wconf 88' lang='lat' dir='ltr'><strong>aberravit,</strong></span> <span class='ocrx_word' id='word_1_750' title='bbox 2817 4589 2911 4645; x_wconf 92' lang='lat' dir='ltr'><strong>sed</strong></span> <span class='ocrx_word' id='word_1_751' title='bbox 2936 4590 3006 4645; x_wconf 90' lang='lat' dir='ltr'><strong>ad</strong></span> <span class='ocrx_word' id='word_1_752' title='bbox 3033 4590 3240 4661; x_wconf 86' lang='lat' dir='ltr'><strong>vigilias</strong></span> <span class='ocrx_word' id='word_1_753' title='bbox 3279 4599 3336 4646; x_wconf 90' lang='lat' dir='ltr'><strong>et</strong></span> <span class='ocrx_word' id='word_1_754' title='bbox 3378 4590 3578 4662; x_wconf 70' lang='lat' dir='ltr'><strong>jejunis</strong></span> 
     </span>
    </p>
   </div>
   <div class='ocr_carea' id='block_1_98' title="bbox 1979 4684 2645 4759">
    <p class='ocr_par' dir='ltr' id='par_1_98' title="bbox 1979 4684 2645 4759">
     <span class='ocr_line' id='line_1_98' title="bbox 1979 4684 2645 4759; baseline -0.006 -17"><span class='ocrx_word' id='word_1_755' title='bbox 1979 4687 2365 4759; x_wconf 81' lang='lat' dir='ltr'><strong>promptiorem</strong></span> <span class='ocrx_word' id='word_1_756' title='bbox 2393 4684 2645 4740; x_wconf 88' lang='lat' dir='ltr'><strong>reddidit.</strong></span> 
     </span>
    </p>
   </div>
   <div class='ocr_carea' id='block_1_99' title="bbox 2047 4776 3579 4841">
    <p class='ocr_par' dir='ltr' id='par_1_99' title="bbox 2047 4776 3579 4841">
     <span class='ocr_line' id='line_1_99' title="bbox 2047 4776 3579 4841; baseline -0.001 -8"><span class='ocrx_word' id='word_1_757' title='bbox 2047 4778 2103 4833; x_wconf 74' lang='lat'><strong>2.</strong></span> <span class='ocrx_word' id='word_1_758' title='bbox 2146 4779 2368 4833; x_wconf 77' lang='lat' dir='ltr'><strong>Lubrica</strong></span> <span class='ocrx_word' id='word_1_759' title='bbox 2409 4786 2480 4832; x_wconf 80' lang='lat' dir='ltr'><strong>est</strong></span> <span class='ocrx_word' id='word_1_760' title='bbox 2521 4779 2743 4831; x_wconf 78' lang='lat' dir='ltr'><strong>humana</strong></span> <span class='ocrx_word' id='word_1_761' title='bbox 2784 4785 3006 4841; x_wconf 80' lang='lat' dir='ltr'><strong>natura,</strong></span> <span class='ocrx_word' id='word_1_762' title='bbox 3039 4776 3137 4830; x_wconf 78' lang='lat' dir='ltr'><strong>cito</strong></span> <span class='ocrx_word' id='word_1_763' title='bbox 3176 4777 3351 4841; x_wconf 85' lang='lat' dir='ltr'><strong>cadit,</strong></span> <span class='ocrx_word' id='word_1_764' title='bbox 3381 4777 3479 4832; x_wconf 79' lang='lat' dir='ltr'><strong>cito</strong></span> <span class='ocrx_word' id='word_1_765' title='bbox 3504 4792 3579 4832; x_wconf 62' lang='lat' dir='ltr'><strong>re:</strong></span> 
     </span>
    </p>
   </div>
   <div class='ocr_carea' id='block_1_100' title="bbox 1978 4860 3584 4941">
    <p class='ocr_par' dir='ltr' id='par_1_100' title="bbox 1978 4860 3584 4941">
     <span class='ocr_line' id='line_1_100' title="bbox 1978 4860 3584 4941; baseline -0.001 -16"><span class='ocrx_word' id='word_1_766' title='bbox 1978 4870 2160 4941; x_wconf 73' lang='lat' dir='ltr'><strong>surgit.</strong></span> <span class='ocrx_word' id='word_1_767' title='bbox 2187 4900 2260 4911; x_wconf 94' lang='lat'><strong>-—</strong></span> <span class='ocrx_word' id='word_1_768' title='bbox 2284 4869 2511 4925; x_wconf 88' lang='lat' dir='ltr'><strong>Lubrica</strong></span> <span class='ocrx_word' id='word_1_769' title='bbox 2557 4879 2640 4924; x_wconf 72' lang='lat' dir='ltr'><strong>cst</strong></span> <span class='ocrx_word' id='word_1_770' title='bbox 2682 4868 2914 4923; x_wconf 91' lang='lat' dir='ltr'><strong>humana</strong></span> <span class='ocrx_word' id='word_1_771' title='bbox 2958 4878 3145 4922; x_wconf 88' lang='lat' dir='ltr'><strong>natura</strong></span> <span class='ocrx_word' id='word_1_772' title='bbox 3169 4909 3186 4933; x_wconf 93' lang='lat'><strong>,</strong></span> <span class='ocrx_word' id='word_1_773' title='bbox 3210 4860 3335 4924; x_wconf 26' lang='lat' dir='ltr'><strong>&#39;cito</strong></span> <span class='ocrx_word' id='word_1_774' title='bbox 3375 4868 3584 4940; x_wconf 61' lang='lat' dir='ltr'><strong>decipi-</strong></span> 
     </span>
    </p>
   </div>
   <div class='ocr_carea' id='block_1_101' title="bbox 1982 4958 3587 5028">
    <p class='ocr_par' dir='ltr' id='par_1_101' title="bbox 1982 4958 3587 5028">
     <span class='ocr_line' id='line_1_101' title="bbox 1982 4958 3587 5028; baseline 0.001 -12"><span class='ocrx_word' id='word_1_775' title='bbox 1982 4971 2067 5016; x_wconf 87' lang='lat' dir='ltr'><strong>tur</strong></span> <span class='ocrx_word' id='word_1_776' title='bbox 2094 5002 2109 5027; x_wconf 91' lang='lat'><strong>,</strong></span> <span class='ocrx_word' id='word_1_777' title='bbox 2152 4960 2247 5015; x_wconf 91' lang='lat' dir='ltr'><strong>sed</strong></span> <span class='ocrx_word' id='word_1_778' title='bbox 2294 4960 2403 5015; x_wconf 91' lang='lat' dir='ltr'><strong>cito</strong></span> <span class='ocrx_word' id='word_1_779' title='bbox 2436 4975 2466 5014; x_wconf 92' lang='lat' dir='ltr'><strong>a</strong></span> <span class='ocrx_word' id='word_1_780' title='bbox 2513 4958 2699 5015; x_wconf 87' lang='lat' dir='ltr'><strong>fraude</strong></span> <span class='ocrx_word' id='word_1_781' title='bbox 2740 4974 2799 5016; x_wconf 90' lang='lat' dir='ltr'><strong>sc</strong></span> <span class='ocrx_word' id='word_1_782' title='bbox 2834 4959 3087 5028; x_wconf 87' lang='lat' dir='ltr'><strong>expedit;</strong></span> <span class='ocrx_word' id='word_1_783' title='bbox 3128 4968 3183 5013; x_wconf 92' lang='lat' dir='ltr'><strong>et</strong></span> <span class='ocrx_word' id='word_1_784' title='bbox 3222 4960 3361 5015; x_wconf 91' lang='lat' dir='ltr'><strong>sicut</strong></span> <span class='ocrx_word' id='word_1_785' title='bbox 3400 4960 3587 5017; x_wconf 86' lang='lat' dir='ltr'><strong>confe-</strong></span> 
     </span>
    </p>
   </div>
   <div class='ocr_carea' id='block_1_102' title="bbox 1979 5050 3585 5122">
    <p class='ocr_par' dir='ltr' id='par_1_102' title="bbox 1979 5050 3585 5122">
     <span class='ocr_line' id='line_1_102' title="bbox 1979 5050 3585 5122; baseline 0 -13"><span class='ocrx_word' id='word_1_786' title='bbox 1979 5054 2103 5109; x_wconf 80' lang='lat' dir='ltr'><strong>stim</strong></span> <span class='ocrx_word' id='word_1_787' title='bbox 2130 5052 2312 5120; x_wconf 89' lang='lat' dir='ltr'><strong>cadit,</strong></span> <span class='ocrx_word' id='word_1_788' title='bbox 2355 5053 2427 5108; x_wconf 87' lang='lat' dir='ltr'><strong>ita</strong></span> <span class='ocrx_word' id='word_1_789' title='bbox 2471 5052 2752 5107; x_wconf 85' lang='lat' dir='ltr'><strong>confestim</strong></span> <span class='ocrx_word' id='word_1_790' title='bbox 2794 5050 3037 5122; x_wconf 83' lang='lat' dir='ltr'><strong>erigilur.</strong></span> <span class='ocrx_word' id='word_1_791' title='bbox 3076 5050 3351 5122; x_wconf 86' lang='lat' dir='ltr'><strong>Siquidem</strong></span> <span class='ocrx_word' id='word_1_792' title='bbox 3396 5055 3585 5114; x_wconf 79' lang='lat' dir='ltr'><strong>beatus</strong></span> 
     </span>
    </p>
   </div>
   <div class='ocr_carea' id='block_1_103' title="bbox 1981 5144 3584 5219">
    <p class='ocr_par' dir='ltr' id='par_1_103' title="bbox 1981 5144 3584 5219">
     <span class='ocr_line' id='line_1_103' title="bbox 1981 5144 3584 5219; baseline 0.002 -20"><span class='ocrx_word' id='word_1_793' title='bbox 1981 5146 2072 5201; x_wconf 71' lang='lat' dir='ltr'><strong>ille</strong></span> <span class='ocrx_word' id='word_1_794' title='bbox 2112 5146 2233 5209; x_wconf 93' lang='lat' dir='ltr'><strong>vir,</strong></span> <span class='ocrx_word' id='word_1_795' title='bbox 2283 5144 2537 5200; x_wconf 89' lang='lat' dir='ltr'><strong>Davidem</strong></span> <span class='ocrx_word' id='word_1_796' title='bbox 2579 5144 2741 5207; x_wconf 89' lang='lat' dir='ltr'><strong>dico,</strong></span> <span class='ocrx_word' id='word_1_797' title='bbox 2783 5145 2874 5214; x_wconf 90' lang='lat' dir='ltr'><strong>qui</strong></span> <span class='ocrx_word' id='word_1_798' title='bbox 2915 5144 3122 5201; x_wconf 80' lang='lat' dir='ltr'><strong>eleCtus</strong></span> <span class='ocrx_word' id='word_1_799' title='bbox 3166 5144 3263 5200; x_wconf 88' lang='lat' dir='ltr'><strong>fuit</strong></span> <span class='ocrx_word' id='word_1_800' title='bbox 3302 5147 3355 5201; x_wconf 91' lang='lat' dir='ltr'><strong>in</strong></span> <span class='ocrx_word' id='word_1_801' title='bbox 3400 5163 3584 5219; x_wconf 88' lang='lat' dir='ltr'><strong>regem</strong></span> 
     </span>
    </p>
   </div>
   <div class='ocr_carea' id='block_1_104' title="bbox 1981 5238 3587 5309">
    <p class='ocr_par' dir='ltr' id='par_1_104' title="bbox 1981 5238 3587 5309">
     <span class='ocr_line' id='line_1_104' title="bbox 1981 5238 3587 5309; baseline -0.001 -14"><span class='ocrx_word' id='word_1_802' title='bbox 1981 5248 2038 5295; x_wconf 90' lang='lat' dir='ltr'><strong>et</strong></span> <span class='ocrx_word' id='word_1_803' title='bbox 2086 5238 2442 5309; x_wconf 85' lang='lat' dir='ltr'><strong>prophetam,</strong></span> <span class='ocrx_word' id='word_1_804' title='bbox 2488 5254 2610 5294; x_wconf 92' lang='lat' dir='ltr'><strong>cum</strong></span> <span class='ocrx_word' id='word_1_805' title='bbox 2658 5238 2826 5293; x_wconf 90' lang='lat' dir='ltr'><strong>multa</strong></span> <span class='ocrx_word' id='word_1_806' title='bbox 2874 5238 3133 5309; x_wconf 63' lang='lat' dir='ltr'><strong>praeclare</strong></span> <span class='ocrx_word' id='word_1_807' title='bbox 3176 5238 3432 5305; x_wconf 91' lang='lat' dir='ltr'><strong>fecisset,</strong></span> <span class='ocrx_word' id='word_1_808' title='bbox 3488 5243 3587 5295; x_wconf 87' lang='lat' dir='ltr'><strong>ho-</strong></span> 
     </span>
    </p>
   </div>
   <div class='ocr_carea' id='block_1_105' title="bbox 1979 5329 3588 5394">
    <p class='ocr_par' dir='ltr' id='par_1_105' title="bbox 1979 5329 3588 5394">
     <span class='ocr_line' id='line_1_105' title="bbox 1979 5329 3588 5394; baseline 0.001 -10"><span class='ocrx_word' id='word_1_809' title='bbox 1979 5332 2183 5386; x_wconf 88' lang='lat' dir='ltr'><strong>minem</strong></span> <span class='ocrx_word' id='word_1_810' title='bbox 2211 5346 2270 5385; x_wconf 90' lang='lat' dir='ltr'><strong>se</strong></span> <span class='ocrx_word' id='word_1_811' title='bbox 2308 5345 2429 5385; x_wconf 89' lang='lat' dir='ltr'><strong>esse</strong></span> <span class='ocrx_word' id='word_1_812' title='bbox 2468 5329 2825 5394; x_wconf 87' lang='lat' dir='ltr'><strong>monstravit,</strong></span> <span class='ocrx_word' id='word_1_813' title='bbox 2860 5336 2916 5384; x_wconf 93' lang='lat' dir='ltr'><strong>et</strong></span> <span class='ocrx_word' id='word_1_814' title='bbox 2952 5330 3144 5384; x_wconf 79' lang='lat' dir='ltr'><strong>alienze</strong></span> <span class='ocrx_word' id='word_1_815' title='bbox 3179 5330 3364 5384; x_wconf 81' lang='lat' dir='ltr'><strong>uxoris</strong></span> <span class='ocrx_word' id='word_1_816' title='bbox 3399 5346 3588 5385; x_wconf 86' lang='lat' dir='ltr'><strong>amore</strong></span> 
     </span>
    </p>
   </div>
   <div class='ocr_carea' id='block_1_106' title="bbox 1984 5421 3587 5498">
    <p class='ocr_par' dir='ltr' id='par_1_106' title="bbox 1984 5421 3587 5498">
     <span class='ocr_line' id='line_1_106' title="bbox 1984 5421 3587 5498; baseline -0.001 -22"><span class='ocrx_word' id='word_1_817' title='bbox 1984 5431 2174 5491; x_wconf 89' lang='lat' dir='ltr'><strong>captus</strong></span> <span class='ocrx_word' id='word_1_818' title='bbox 2219 5430 2302 5477; x_wconf 93' lang='lat' dir='ltr'><strong>cst</strong></span> <span class='ocrx_word' id='word_1_819' title='bbox 2352 5439 2365 5474; x_wconf 91' lang='lat'><strong>:</strong></span> <span class='ocrx_word' id='word_1_820' title='bbox 2418 5435 2519 5498; x_wconf 74' lang='lat' dir='ltr'><strong>nec</strong></span> <span class='ocrx_word' id='word_1_821' title='bbox 2567 5421 2637 5475; x_wconf 91' lang='lat' dir='ltr'><strong>ibi</strong></span> <span class='ocrx_word' id='word_1_822' title='bbox 2684 5421 2860 5475; x_wconf 89' lang='lat' dir='ltr'><strong>solum</strong></span> <span class='ocrx_word' id='word_1_823' title='bbox 2902 5421 3180 5485; x_wconf 88' lang='lat' dir='ltr'><strong>constitit,</strong></span> <span class='ocrx_word' id='word_1_824' title='bbox 3228 5421 3322 5475; x_wconf 90' lang='lat' dir='ltr'><strong>sed</strong></span> <span class='ocrx_word' id='word_1_825' title='bbox 3365 5432 3587 5491; x_wconf 86' lang='lat' dir='ltr'><strong>propter</strong></span> 
     </span>
    </p>
   </div>
   <div class='ocr_carea' id='block_1_107' title="bbox 1985 5512 3583 5583">
    <p class='ocr_par' dir='ltr' id='par_1_107' title="bbox 1985 5512 3583 5583">
     <span class='ocr_line' id='line_1_107' title="bbox 1985 5512 3583 5583; baseline -0.002 -14"><span class='ocrx_word' id='word_1_826' title='bbox 1985 5514 2479 5583; x_wconf 86' lang='lat' dir='ltr'><strong>concupiscentiam</strong></span> <span class='ocrx_word' id='word_1_827' title='bbox 2506 5513 2827 5568; x_wconf 87' lang='lat' dir='ltr'><strong>adulterium</strong></span> <span class='ocrx_word' id='word_1_828' title='bbox 2844 5556 2857 5579; x_wconf 87' lang='lat'><strong>,</strong></span> <span class='ocrx_word' id='word_1_829' title='bbox 2892 5524 3111 5583; x_wconf 89' lang='lat' dir='ltr'><strong>propter</strong></span> <span class='ocrx_word' id='word_1_830' title='bbox 3135 5512 3458 5568; x_wconf 89' lang='lat' dir='ltr'><strong>adulterium</strong></span> <span class='ocrx_word' id='word_1_831' title='bbox 3485 5515 3583 5566; x_wconf 78' lang='lat' dir='ltr'><strong>ho-</strong></span> 
     </span>
    </p>
   </div>
   <div class='ocr_carea' id='block_1_108' title="bbox 1988 5605 3588 5676">
    <p class='ocr_par' dir='ltr' id='par_1_108' title="bbox 1988 5605 3588 5676">
     <span class='ocr_line' id='line_1_108' title="bbox 1988 5605 3588 5676; baseline 0.001 -17"><span class='ocrx_word' id='word_1_832' title='bbox 1988 5605 2259 5660; x_wconf 89' lang='lat' dir='ltr'><strong>micidium</strong></span> <span class='ocrx_word' id='word_1_833' title='bbox 2288 5607 2550 5675; x_wconf 88' lang='lat' dir='ltr'><strong>patravit:</strong></span> <span class='ocrx_word' id='word_1_834' title='bbox 2582 5605 2676 5660; x_wconf 89' lang='lat' dir='ltr'><strong>sed</strong></span> <span class='ocrx_word' id='word_1_835' title='bbox 2707 5607 2830 5676; x_wconf 88' lang='lat' dir='ltr'><strong>quia</strong></span> <span class='ocrx_word' id='word_1_836' title='bbox 2871 5605 2977 5659; x_wconf 93' lang='lat' dir='ltr'><strong>duo</strong></span> <span class='ocrx_word' id='word_1_837' title='bbox 3006 5614 3149 5659; x_wconf 90' lang='lat' dir='ltr'><strong>tanta</strong></span> <span class='ocrx_word' id='word_1_838' title='bbox 3179 5605 3393 5660; x_wconf 85' lang='lat' dir='ltr'><strong>vulnera</strong></span> <span class='ocrx_word' id='word_1_839' title='bbox 3435 5621 3588 5660; x_wconf 82' lang='lat' dir='ltr'><strong>acre-</strong></span> 
     </span>
    </p>
   </div>
   <div class='ocr_carea' id='block_1_109' title="bbox 1988 5691 3582 5771">
    <p class='ocr_par' dir='ltr' id='par_1_109' title="bbox 1988 5691 3582 5771">
     <span class='ocr_line' id='line_1_109' title="bbox 1988 5691 3582 5771; baseline -0.003 -15"><span class='ocrx_word' id='word_1_840' title='bbox 1988 5708 2174 5771; x_wconf 80' lang='lat' dir='ltr'><strong>perat,</strong></span> <span class='ocrx_word' id='word_1_841' title='bbox 2201 5716 2306 5754; x_wconf 93' lang='lat' dir='ltr'><strong>non</strong></span> <span class='ocrx_word' id='word_1_842' title='bbox 2334 5700 2455 5756; x_wconf 88' lang='lat' dir='ltr'><strong>ideo</strong></span> <span class='ocrx_word' id='word_1_843' title='bbox 2482 5701 2698 5755; x_wconf 90' lang='lat' dir='ltr'><strong>tertium</strong></span> <span class='ocrx_word' id='word_1_844' title='bbox 2725 5700 2955 5764; x_wconf 85' lang='lat' dir='ltr'><strong>addidit;</strong></span> <span class='ocrx_word' id='word_1_845' title='bbox 2987 5699 3081 5755; x_wconf 90' lang='lat' dir='ltr'><strong>sed</strong></span> <span class='ocrx_word' id='word_1_846' title='bbox 3113 5700 3292 5753; x_wconf 86' lang='lat' dir='ltr'><strong>statim</strong></span> <span class='ocrx_word' id='word_1_847' title='bbox 3321 5691 3582 5754; x_wconf 31' lang='lat' dir='ltr'><strong>ad‘mcdi-</strong></span> 
     </span>
    </p>
   </div>
   <div class='ocr_carea' id='block_1_110' title="bbox 2056 5820 3333 5877">
    <p class='ocr_par' dir='ltr' id='par_1_110' title="bbox 2056 5820 3333 5877">
     <span class='ocr_line' id='line_1_110' title="bbox 2056 5820 3333 5877; baseline -0.005 -5"><span class='ocrx_word' id='word_1_848' title='bbox 2056 5826 2071 5855; x_wconf 75' lang='grc' dir='ltr'>ί</span> <span class='ocrx_word' id='word_1_849' title='bbox 2108 5824 2360 5874; x_wconf 76' lang='lat' dir='ltr'><strong>Sicomncs</strong></span> <span class='ocrx_word' id='word_1_850' title='bbox 2384 5830 2485 5871; x_wconf 72' lang='lat' dir='ltr'><strong>\tss,</strong></span> <span class='ocrx_word' id='word_1_851' title='bbox 2509 5828 2556 5872; x_wconf 85' lang='lat' dir='ltr'><strong>et</strong></span> <span class='ocrx_word' id='word_1_852' title='bbox 2584 5820 2717 5872; x_wconf 26' lang='lat' dir='ltr'><strong>savii.</strong></span> <span class='ocrx_word' id='word_1_853' title='bbox 2747 5821 2906 5872; x_wconf 61' lang='grc' dir='ltr'><strong>κίοι-«ιι.</strong></span> <span class='ocrx_word' id='word_1_854' title='bbox 2926 5821 3333 5877; x_wconf 62' lang='lat' dir='ltr'><strong>vero,du.rnrrmt</strong></span> 
     </span>
    </p>
   </div>
  </div>
