  <div class='ocr_page' id='page_1' title='image "/cluster/home/n/w/nwhite01/storage/ocr_20150623/47/pst.000005712441/271.png"; bbox 0 0 4276 6316; ppageno 0'>
   <div class='ocr_carea' id='block_1_1' title="bbox 590 349 689 405">
    <p class='ocr_par' dir='ltr' id='par_1_1' title="bbox 590 349 689 405">
     <span class='ocr_line' id='line_1_1' title="bbox 590 349 689 405; baseline 0.02 -3"><span class='ocrx_word' id='word_1_1' title='bbox 590 349 689 405; x_wconf 63' lang='grc' dir='ltr'>δη</span> 
     </span>
    </p>
   </div>
   <div class='ocr_carea' id='block_1_2' title="bbox 593 446 2180 529">
    <p class='ocr_par' dir='ltr' id='par_1_2' title="bbox 593 446 2180 529">
     <span class='ocr_line' id='line_1_2' title="bbox 593 446 2180 529; baseline -0.001 -14"><span class='ocrx_word' id='word_1_2' title='bbox 593 446 715 516; x_wconf 81' lang='lat' dir='ltr'><strong>rum</strong></span> <span class='ocrx_word' id='word_1_3' title='bbox 760 462 1022 522; x_wconf 84' lang='lat' dir='ltr'><strong>accurrit,</strong></span> <span class='ocrx_word' id='word_1_4' title='bbox 1067 468 1118 513; x_wconf 82' lang='lat' dir='ltr'><strong>et</strong></span> <span class='ocrx_word' id='word_1_5' title='bbox 1159 461 1509 514; x_wconf 68' lang='lat' dir='ltr'><strong>medimnuina</strong></span> <span class='ocrx_word' id='word_1_6' title='bbox 1551 460 1832 529; x_wconf 82' lang='lat' dir='ltr'><strong>apposuit,</strong></span> <span class='ocrx_word' id='word_1_7' title='bbox 1879 458 2139 529; x_wconf 84' lang='lat' dir='ltr'><strong>jejunium</strong></span> <span class='ocrx_word' id='word_1_8' title='bbox 2166 502 2180 526; x_wconf 96' lang='lat'><strong>,</strong></span> 
     </span>
    </p>
   </div>
   <div class='ocr_carea' id='block_1_3' title="bbox 598 551 2184 625">
    <p class='ocr_par' dir='ltr' id='par_1_3' title="bbox 598 551 2184 625">
     <span class='ocr_line' id='line_1_3' title="bbox 598 551 2184 625; baseline -0.003 -17"><span class='ocrx_word' id='word_1_9' title='bbox 598 558 887 625; x_wconf 77' lang='lat' dir='ltr'><strong>latrytnas,</strong></span> <span class='ocrx_word' id='word_1_10' title='bbox 920 553 1075 606; x_wconf 79' lang='lat' dir='ltr'><strong>fletus</strong></span> <span class='ocrx_word' id='word_1_11' title='bbox 1096 593 1109 620; x_wconf 86' lang='lat'><strong>,</strong></span> <span class='ocrx_word' id='word_1_12' title='bbox 1144 552 1414 605; x_wconf 84' lang='lat' dir='ltr'><strong>orationes</strong></span> <span class='ocrx_word' id='word_1_13' title='bbox 1443 551 1779 620; x_wconf 85' lang='lat' dir='ltr'><strong>frequentes,</strong></span> <span class='ocrx_word' id='word_1_14' title='bbox 1812 552 2006 620; x_wconf 70' lang='lat' dir='ltr'><strong>srcpius</strong></span> <span class='ocrx_word' id='word_1_15' title='bbox 2027 551 2184 604; x_wconf 90' lang='lat' dir='ltr'><strong>adhi-</strong></span> 
     </span>
    </p>
   </div>
   <div class='ocr_carea' id='block_1_4' title="bbox 598 642 2187 712">
    <p class='ocr_par' dir='ltr' id='par_1_4' title="bbox 598 642 2187 712">
     <span class='ocr_line' id='line_1_4' title="bbox 598 642 2187 712; baseline -0.003 -14"><span class='ocrx_word' id='word_1_16' title='bbox 598 645 759 698; x_wconf 71' lang='lat' dir='ltr'><strong>bitam</strong></span> <span class='ocrx_word' id='word_1_17' title='bbox 791 644 992 712; x_wconf 90' lang='lat' dir='ltr'><strong>peccati</strong></span> <span class='ocrx_word' id='word_1_18' title='bbox 1022 642 1448 708; x_wconf 85' lang='lat' dir='ltr'><strong>confessionem;</strong></span> <span class='ocrx_word' id='word_1_19' title='bbox 1483 643 1653 712; x_wconf 87' lang='lat' dir='ltr'><strong>iisque</strong></span> <span class='ocrx_word' id='word_1_20' title='bbox 1683 643 1855 696; x_wconf 90' lang='lat' dir='ltr'><strong>modis</strong></span> <span class='ocrx_word' id='word_1_21' title='bbox 1885 642 2050 696; x_wconf 89' lang='lat' dir='ltr'><strong>Deum</strong></span> <span class='ocrx_word' id='word_1_22' title='bbox 2076 642 2187 710; x_wconf 86' lang='lat' dir='ltr'><strong>pla-</strong></span> 
     </span>
    </p>
   </div>
   <div class='ocr_carea' id='block_1_5' title="bbox 597 731 2187 802">
    <p class='ocr_par' dir='ltr' id='par_1_5' title="bbox 597 731 2187 802">
     <span class='ocr_line' id='line_1_5' title="bbox 597 731 2187 802; baseline -0.001 -15"><span class='ocrx_word' id='word_1_23' title='bbox 597 735 757 799; x_wconf 85' lang='lat' dir='ltr'><strong>cavit,</strong></span> <span class='ocrx_word' id='word_1_24' title='bbox 792 736 860 788; x_wconf 87' lang='lat' dir='ltr'><strong>ita</strong></span> <span class='ocrx_word' id='word_1_25' title='bbox 890 744 946 788; x_wconf 89' lang='lat' dir='ltr'><strong>ut</strong></span> <span class='ocrx_word' id='word_1_26' title='bbox 975 733 1039 787; x_wconf 88' lang='lat' dir='ltr'><strong>ad</strong></span> <span class='ocrx_word' id='word_1_27' title='bbox 1068 736 1344 802; x_wconf 75' lang='lat' dir='ltr'><strong>pristinam</strong></span> <span class='ocrx_word' id='word_1_28' title='bbox 1372 733 1686 801; x_wconf 85' lang='lat' dir='ltr'><strong>dignitatem</strong></span> <span class='ocrx_word' id='word_1_29' title='bbox 1712 731 1941 797; x_wconf 94' lang='lat' dir='ltr'><strong>rediret,</strong></span> <span class='ocrx_word' id='word_1_30' title='bbox 1971 731 2105 787; x_wconf 89' lang='lat' dir='ltr'><strong>adeo</strong></span> <span class='ocrx_word' id='word_1_31' title='bbox 2131 741 2187 785; x_wconf 92' lang='lat' dir='ltr'><strong>ut</strong></span> 
     </span>
    </p>
   </div>
   <div class='ocr_carea' id='block_1_6' title="bbox 597 824 2186 897">
    <p class='ocr_par' dir='ltr' id='par_1_6' title="bbox 597 824 2186 897">
     <span class='ocr_line' id='line_1_6' title="bbox 597 824 2186 897; baseline -0.001 -16"><span class='ocrx_word' id='word_1_32' title='bbox 597 828 756 882; x_wconf 87' lang='lat' dir='ltr'><strong>etiam</strong></span> <span class='ocrx_word' id='word_1_33' title='bbox 787 836 907 897; x_wconf 90' lang='lat' dir='ltr'><strong>post</strong></span> <span class='ocrx_word' id='word_1_34' title='bbox 932 825 1247 881; x_wconf 83' lang='lat' dir='ltr'><strong>adulterium</strong></span> <span class='ocrx_word' id='word_1_35' title='bbox 1271 837 1324 880; x_wconf 91' lang='lat' dir='ltr'><strong>et</strong></span> <span class='ocrx_word' id='word_1_36' title='bbox 1343 825 1545 880; x_wconf 79' lang='lat' dir='ltr'><strong>caedem</strong></span> <span class='ocrx_word' id='word_1_37' title='bbox 1566 865 1581 889; x_wconf 95' lang='lat'><strong>,</strong></span> <span class='ocrx_word' id='word_1_38' title='bbox 1619 825 1785 897; x_wconf 90' lang='lat' dir='ltr'><strong>patris</strong></span> <span class='ocrx_word' id='word_1_39' title='bbox 1808 826 2061 880; x_wconf 82' lang='lat' dir='ltr'><strong>memoria</strong></span> <span class='ocrx_word' id='word_1_40' title='bbox 2092 824 2186 879; x_wconf 81' lang='lat' dir='ltr'><strong>lilii</strong></span> 
     </span>
    </p>
   </div>
   <div class='ocr_carea' id='block_1_7' title="bbox 595 912 2186 987">
    <p class='ocr_par' dir='ltr' id='par_1_7' title="bbox 595 912 2186 987">
     <span class='ocr_line' id='line_1_7' title="bbox 595 912 2186 987; baseline 0 -17"><span class='ocrx_word' id='word_1_41' title='bbox 595 912 946 971; x_wconf 83' lang='lat' dir='ltr'><strong>idololatriam</strong></span> <span class='ocrx_word' id='word_1_42' title='bbox 966 926 1144 985; x_wconf 86' lang='lat' dir='ltr'><strong>posset</strong></span> <span class='ocrx_word' id='word_1_43' title='bbox 1158 914 1601 986; x_wconf 56' lang='lat' dir='ltr'><strong>ohtegercfilius</strong></span> <span class='ocrx_word' id='word_1_44' title='bbox 1622 916 1817 987; x_wconf 83' lang='lat' dir='ltr'><strong>quippe</strong></span> <span class='ocrx_word' id='word_1_45' title='bbox 1834 915 1951 985; x_wconf 83' lang='lat' dir='ltr'><strong>ejus</strong></span> <span class='ocrx_word' id='word_1_46' title='bbox 1972 915 2186 970; x_wconf 80' lang='lat' dir='ltr'><strong>nomine</strong></span> 
     </span>
    </p>
   </div>
   <div class='ocr_carea' id='block_1_8' title="bbox 593 1008 2182 1078">
    <p class='ocr_par' dir='ltr' id='par_1_8' title="bbox 593 1008 2182 1078">
     <span class='ocr_line' id='line_1_8' title="bbox 593 1008 2182 1078; baseline -0.003 -13"><span class='ocrx_word' id='word_1_47' title='bbox 593 1010 842 1065; x_wconf 79' lang='lat' dir='ltr'><strong>Salomon</strong></span> <span class='ocrx_word' id='word_1_48' title='bbox 873 1008 1097 1074; x_wconf 89' lang='lat' dir='ltr'><strong>eodem,</strong></span> <span class='ocrx_word' id='word_1_49' title='bbox 1120 1024 1224 1078; x_wconf 90' lang='lat' dir='ltr'><strong>quo</strong></span> <span class='ocrx_word' id='word_1_50' title='bbox 1253 1017 1401 1077; x_wconf 85' lang='lat' dir='ltr'><strong>pater</strong></span> <span class='ocrx_word' id='word_1_51' title='bbox 1421 1049 1435 1072; x_wconf 95' lang='lat'><strong>,</strong></span> <span class='ocrx_word' id='word_1_52' title='bbox 1466 1009 1655 1078; x_wconf 82' lang='lat' dir='ltr'><strong>laqueo</strong></span> <span class='ocrx_word' id='word_1_53' title='bbox 1688 1018 1875 1077; x_wconf 89' lang='lat' dir='ltr'><strong>captus</strong></span> <span class='ocrx_word' id='word_1_54' title='bbox 1900 1018 1981 1063; x_wconf 89' lang='lat' dir='ltr'><strong>est</strong></span> <span class='ocrx_word' id='word_1_55' title='bbox 2000 1048 2015 1073; x_wconf 96' lang='lat'><strong>,</strong></span> <span class='ocrx_word' id='word_1_56' title='bbox 2043 1018 2097 1062; x_wconf 88' lang='lat' dir='ltr'><strong>et</strong></span> <span class='ocrx_word' id='word_1_57' title='bbox 2128 1009 2182 1061; x_wconf 93' lang='lat' dir='ltr'><strong>in</strong></span> 
     </span>
    </p>
   </div>
   <div class='ocr_carea' id='block_1_9' title="bbox 595 1100 2185 1170">
    <p class='ocr_par' dir='ltr' id='par_1_9' title="bbox 595 1100 2185 1170">
     <span class='ocr_line' id='line_1_9' title="bbox 595 1100 2185 1170; baseline 0 -16"><span class='ocrx_word' id='word_1_58' title='bbox 595 1101 877 1156; x_wconf 77' lang='lat' dir='ltr'><strong>mulierum</strong></span> <span class='ocrx_word' id='word_1_59' title='bbox 932 1100 1157 1170; x_wconf 76' lang='lat' dir='ltr'><strong>gratiam</strong></span> <span class='ocrx_word' id='word_1_60' title='bbox 1211 1115 1240 1154; x_wconf 92' lang='lat' dir='ltr'><strong>a</strong></span> <span class='ocrx_word' id='word_1_61' title='bbox 1286 1109 1510 1170; x_wconf 87' lang='lat' dir='ltr'><strong>paterno</strong></span> <span class='ocrx_word' id='word_1_62' title='bbox 1560 1100 1669 1155; x_wconf 90' lang='lat' dir='ltr'><strong>Deo</strong></span> <span class='ocrx_word' id='word_1_63' title='bbox 1724 1101 1967 1155; x_wconf 87' lang='lat' dir='ltr'><strong>recessit.</strong></span> <span class='ocrx_word' id='word_1_64' title='bbox 2023 1100 2185 1154; x_wconf 78' lang='lat' dir='ltr'><strong>Vides</strong></span> 
     </span>
    </p>
   </div>
   <div class='ocr_carea' id='block_1_10' title="bbox 595 1191 2185 1262">
    <p class='ocr_par' dir='ltr' id='par_1_10' title="bbox 595 1191 2185 1262">
     <span class='ocr_line' id='line_1_10' title="bbox 595 1191 2185 1262; baseline 0 -19"><span class='ocrx_word' id='word_1_65' title='bbox 595 1202 852 1262; x_wconf 86' lang='lat' dir='ltr'><strong>quantum</strong></span> <span class='ocrx_word' id='word_1_66' title='bbox 880 1192 1075 1245; x_wconf 87' lang='lat' dir='ltr'><strong>malum</strong></span> <span class='ocrx_word' id='word_1_67' title='bbox 1101 1192 1172 1246; x_wconf 86' lang='lat' dir='ltr'><strong>sit</strong></span> <span class='ocrx_word' id='word_1_68' title='bbox 1200 1192 1524 1261; x_wconf 85' lang='lat' dir='ltr'><strong>voluptatem</strong></span> <span class='ocrx_word' id='word_1_69' title='bbox 1557 1206 1662 1245; x_wconf 93' lang='lat' dir='ltr'><strong>non</strong></span> <span class='ocrx_word' id='word_1_70' title='bbox 1688 1191 1941 1247; x_wconf 89' lang='lat' dir='ltr'><strong>cohibere</strong></span> <span class='ocrx_word' id='word_1_71' title='bbox 1962 1233 1977 1259; x_wconf 93' lang='lat'><strong>,</strong></span> <span class='ocrx_word' id='word_1_72' title='bbox 2009 1200 2063 1247; x_wconf 87' lang='lat' dir='ltr'><strong>et</strong></span> <span class='ocrx_word' id='word_1_73' title='bbox 2091 1205 2185 1245; x_wconf 90' lang='lat' dir='ltr'><strong>na-</strong></span> 
     </span>
    </p>
   </div>
   <div class='ocr_carea' id='block_1_11' title="bbox 594 1282 2184 1355">
    <p class='ocr_par' dir='ltr' id='par_1_11' title="bbox 594 1282 2184 1355">
     <span class='ocr_line' id='line_1_11' title="bbox 594 1282 2184 1355; baseline -0.001 -16"><span class='ocrx_word' id='word_1_74' title='bbox 594 1297 727 1341; x_wconf 66' lang='lat' dir='ltr'><strong>tura:</strong></span> <span class='ocrx_word' id='word_1_75' title='bbox 754 1284 1107 1355; x_wconf 83' lang='lat' dir='ltr'><strong>principatum</strong></span> <span class='ocrx_word' id='word_1_76' title='bbox 1137 1294 1465 1355; x_wconf 83' lang='lat' dir='ltr'><strong>pervertere,</strong></span> <span class='ocrx_word' id='word_1_77' title='bbox 1490 1285 1560 1340; x_wconf 89' lang='lat' dir='ltr'><strong>ita</strong></span> <span class='ocrx_word' id='word_1_78' title='bbox 1587 1297 1642 1340; x_wconf 90' lang='lat' dir='ltr'><strong>ut</strong></span> <span class='ocrx_word' id='word_1_79' title='bbox 1668 1284 1749 1340; x_wconf 84' lang='lat' dir='ltr'><strong>vir</strong></span> <span class='ocrx_word' id='word_1_80' title='bbox 1768 1285 1837 1338; x_wconf 90' lang='lat' dir='ltr'><strong>sit</strong></span> <span class='ocrx_word' id='word_1_81' title='bbox 1860 1284 1875 1315; x_wconf 82' lang='lat'>&#39;</span> <span class='ocrx_word' id='word_1_82' title='bbox 1901 1282 2184 1339; x_wconf 88' lang='lat' dir='ltr'><strong>mulierum</strong></span> 
     </span>
    </p>
   </div>
   <div class='ocr_carea' id='block_1_12' title="bbox 596 1377 2185 1451">
    <p class='ocr_par' dir='ltr' id='par_1_12' title="bbox 596 1377 2185 1451">
     <span class='ocr_line' id='line_1_12' title="bbox 596 1377 2185 1451; baseline 0.001 -21"><span class='ocrx_word' id='word_1_83' title='bbox 596 1394 801 1434; x_wconf 84' lang='lat' dir='ltr'><strong>servos.</strong></span> <span class='ocrx_word' id='word_1_84' title='bbox 834 1381 985 1436; x_wconf 89' lang='lat' dir='ltr'><strong>llunc</strong></span> <span class='ocrx_word' id='word_1_85' title='bbox 1015 1382 1192 1451; x_wconf 82' lang='lat' dir='ltr'><strong>itaque</strong></span> <span class='ocrx_word' id='word_1_86' title='bbox 1218 1379 1560 1434; x_wconf 82' lang='lat' dir='ltr'><strong>Salomonem</strong></span> <span class='ocrx_word' id='word_1_87' title='bbox 1586 1420 1599 1443; x_wconf 94' lang='lat'><strong>,</strong></span> <span class='ocrx_word' id='word_1_88' title='bbox 1630 1380 1718 1449; x_wconf 87' lang='lat' dir='ltr'><strong>qui</strong></span> <span class='ocrx_word' id='word_1_89' title='bbox 1755 1378 1906 1449; x_wconf 90' lang='lat' dir='ltr'><strong>prius</strong></span> <span class='ocrx_word' id='word_1_90' title='bbox 1929 1377 2103 1446; x_wconf 87' lang='lat' dir='ltr'><strong>justus</strong></span> <span class='ocrx_word' id='word_1_91' title='bbox 2130 1385 2185 1431; x_wconf 89' lang='lat' dir='ltr'><strong>et</strong></span> 
     </span>
    </p>
   </div>
   <div class='ocr_carea' id='block_1_13' title="bbox 592 1466 2182 1541">
    <p class='ocr_par' dir='ltr' id='par_1_13' title="bbox 592 1466 2182 1541">
     <span class='ocr_line' id='line_1_13' title="bbox 592 1466 2182 1541; baseline -0.001 -21"><span class='ocrx_word' id='word_1_92' title='bbox 592 1473 804 1541; x_wconf 78' lang='lat' dir='ltr'><strong>sapiens</strong></span> <span class='ocrx_word' id='word_1_93' title='bbox 830 1473 999 1527; x_wconf 81' lang='lat' dir='ltr'><strong>fuerat</strong></span> <span class='ocrx_word' id='word_1_94' title='bbox 1023 1487 1037 1537; x_wconf 88' lang='lat'><strong>;</strong></span> <span class='ocrx_word' id='word_1_95' title='bbox 1059 1487 1181 1525; x_wconf 90' lang='lat' dir='ltr'><strong>cum</strong></span> <span class='ocrx_word' id='word_1_96' title='bbox 1204 1469 1497 1540; x_wconf 90' lang='lat' dir='ltr'><strong>periculum</strong></span> <span class='ocrx_word' id='word_1_97' title='bbox 1520 1478 1683 1535; x_wconf 87' lang='lat' dir='ltr'><strong>esset,</strong></span> <span class='ocrx_word' id='word_1_98' title='bbox 1708 1484 1773 1523; x_wconf 92' lang='lat' dir='ltr'><strong>ne</strong></span> <span class='ocrx_word' id='word_1_99' title='bbox 1803 1466 2004 1538; x_wconf 81' lang='lat' dir='ltr'><strong>peccati</strong></span> <span class='ocrx_word' id='word_1_100' title='bbox 2024 1482 2182 1522; x_wconf 83' lang='lat' dir='ltr'><strong>causa</strong></span> 
     </span>
    </p>
   </div>
   <div class='ocr_carea' id='block_1_14' title="bbox 595 1558 2183 1631">
    <p class='ocr_par' dir='ltr' id='par_1_14' title="bbox 595 1558 2183 1631">
     <span class='ocr_line' id='line_1_14' title="bbox 595 1558 2183 1631; baseline -0.003 -18"><span class='ocrx_word' id='word_1_101' title='bbox 595 1576 813 1631; x_wconf 78' lang='lat' dir='ltr'><strong>regnum</strong></span> <span class='ocrx_word' id='word_1_102' title='bbox 838 1571 1006 1615; x_wconf 91' lang='lat' dir='ltr'><strong>totum</strong></span> <span class='ocrx_word' id='word_1_103' title='bbox 1035 1562 1338 1623; x_wconf 89' lang='lat' dir='ltr'><strong>amitteret,</strong></span> <span class='ocrx_word' id='word_1_104' title='bbox 1359 1560 1427 1614; x_wconf 89' lang='lat' dir='ltr'><strong>ob</strong></span> <span class='ocrx_word' id='word_1_105' title='bbox 1455 1568 1733 1627; x_wconf 88' lang='lat' dir='ltr'><strong>paternum</strong></span> <span class='ocrx_word' id='word_1_106' title='bbox 1764 1559 2012 1613; x_wconf 91' lang='lat' dir='ltr'><strong>meritum</strong></span> <span class='ocrx_word' id='word_1_107' title='bbox 2042 1558 2183 1611; x_wconf 89' lang='lat' dir='ltr'><strong>Deus</strong></span> 
     </span>
    </p>
   </div>
   <div class='ocr_carea' id='block_1_15' title="bbox 592 1647 2183 1721">
    <p class='ocr_par' dir='ltr' id='par_1_15' title="bbox 592 1647 2183 1721">
     <span class='ocr_line' id='line_1_15' title="bbox 592 1647 2183 1721; baseline -0.001 -18"><span class='ocrx_word' id='word_1_108' title='bbox 592 1660 795 1705; x_wconf 74' lang='lat' dir='ltr'><strong>sextam</strong></span> <span class='ocrx_word' id='word_1_109' title='bbox 828 1652 980 1721; x_wconf 61' lang='grc' dir='ltr'><strong>πθςηὶ</strong></span> <span class='ocrx_word' id='word_1_110' title='bbox 1009 1653 1305 1720; x_wconf 89' lang='lat' dir='ltr'><strong>portionem</strong></span> <span class='ocrx_word' id='word_1_111' title='bbox 1331 1650 1528 1704; x_wconf 89' lang='lat' dir='ltr'><strong>habere</strong></span> <span class='ocrx_word' id='word_1_112' title='bbox 1550 1650 1813 1719; x_wconf 89' lang='lat' dir='ltr'><strong>permisit.</strong></span> <span class='ocrx_word' id='word_1_113' title='bbox 1844 1647 1902 1703; x_wconf 97' lang='lat' dir='ltr'><strong>Si</strong></span> <span class='ocrx_word' id='word_1_114' title='bbox 1924 1648 2019 1702; x_wconf 89' lang='lat' dir='ltr'><strong>tibi</strong></span> <span class='ocrx_word' id='word_1_115' title='bbox 2039 1660 2183 1702; x_wconf 73' lang='lat' dir='ltr'><strong>cura:</strong></span> 
     </span>
    </p>
   </div>
   <div class='ocr_carea' id='block_1_16' title="bbox 596 1739 2180 1818">
    <p class='ocr_par' dir='ltr' id='par_1_16' title="bbox 596 1739 2180 1818">
     <span class='ocr_line' id='line_1_16' title="bbox 596 1739 2180 1818; baseline 0.001 -26"><span class='ocrx_word' id='word_1_116' title='bbox 596 1740 780 1795; x_wconf 84' lang='lat' dir='ltr'><strong>fuisset</strong></span> <span class='ocrx_word' id='word_1_117' title='bbox 810 1752 1028 1818; x_wconf 80' lang='lat' dir='ltr'><strong>externa</strong></span> <span class='ocrx_word' id='word_1_118' title='bbox 1070 1743 1156 1795; x_wconf 90' lang='lat' dir='ltr'><strong>illa</strong></span> <span class='ocrx_word' id='word_1_119' title='bbox 1200 1742 1534 1811; x_wconf 85' lang='lat' dir='ltr'><strong>eloquentia,</strong></span> <span class='ocrx_word' id='word_1_120' title='bbox 1565 1757 1791 1811; x_wconf 89' lang='lat' dir='ltr'><strong>eamque</strong></span> <span class='ocrx_word' id='word_1_121' title='bbox 1852 1750 2035 1810; x_wconf 89' lang='lat' dir='ltr'><strong>postea</strong></span> <span class='ocrx_word' id='word_1_122' title='bbox 2083 1739 2180 1794; x_wconf 89' lang='lat' dir='ltr'><strong>ad-</strong></span> 
     </span>
    </p>
   </div>
   <div class='ocr_carea' id='block_1_17' title="bbox 597 1832 2181 1903">
    <p class='ocr_par' dir='ltr' id='par_1_17' title="bbox 597 1832 2181 1903">
     <span class='ocr_line' id='line_1_17' title="bbox 597 1832 2181 1903; baseline 0.003 -20"><span class='ocrx_word' id='word_1_123' title='bbox 597 1833 811 1886; x_wconf 84' lang='lat' dir='ltr'><strong>modum</strong></span> <span class='ocrx_word' id='word_1_124' title='bbox 846 1834 1143 1903; x_wconf 80' lang='lat' dir='ltr'><strong>negligcres</strong></span> <span class='ocrx_word' id='word_1_125' title='bbox 1163 1876 1177 1899; x_wconf 97' lang='lat'><strong>,</strong></span> <span class='ocrx_word' id='word_1_126' title='bbox 1208 1848 1307 1903; x_wconf 78' lang='lat' dir='ltr'><strong>ego</strong></span> <span class='ocrx_word' id='word_1_127' title='bbox 1335 1848 1463 1888; x_wconf 86' lang='lat' dir='ltr'><strong>sane</strong></span> <span class='ocrx_word' id='word_1_128' title='bbox 1501 1842 1747 1888; x_wconf 87' lang='lat' dir='ltr'><strong>revocata</strong></span> <span class='ocrx_word' id='word_1_129' title='bbox 1778 1832 1871 1887; x_wconf 91' lang='lat' dir='ltr'><strong>tibi</strong></span> <span class='ocrx_word' id='word_1_130' title='bbox 1912 1833 2011 1887; x_wconf 78' lang='lat' dir='ltr'><strong>fori</strong></span> <span class='ocrx_word' id='word_1_131' title='bbox 2032 1874 2047 1897; x_wconf 96' lang='lat'><strong>,</strong></span> <span class='ocrx_word' id='word_1_132' title='bbox 2084 1835 2181 1887; x_wconf 86' lang='lat' dir='ltr'><strong>tri-</strong></span> 
     </span>
    </p>
   </div>
   <div class='ocr_carea' id='block_1_18' title="bbox 594 1924 2180 1993">
    <p class='ocr_par' dir='ltr' id='par_1_18' title="bbox 594 1924 2180 1993">
     <span class='ocr_line' id='line_1_18' title="bbox 594 1924 2180 1993; baseline 0.001 -15"><span class='ocrx_word' id='word_1_133' title='bbox 594 1924 823 1988; x_wconf 88' lang='lat' dir='ltr'><strong>hunalis,</strong></span> <span class='ocrx_word' id='word_1_134' title='bbox 850 1940 1169 1981; x_wconf 89' lang='lat' dir='ltr'><strong>coronarum</strong></span> <span class='ocrx_word' id='word_1_135' title='bbox 1202 1925 1323 1980; x_wconf 90' lang='lat' dir='ltr'><strong>inde</strong></span> <span class='ocrx_word' id='word_1_136' title='bbox 1352 1926 1814 1993; x_wconf 88' lang='lat' dir='ltr'><strong>consequentium,</strong></span> <span class='ocrx_word' id='word_1_137' title='bbox 1847 1926 1909 1978; x_wconf 83' lang='lat' dir='ltr'><strong>a‘c</strong></span> <span class='ocrx_word' id='word_1_138' title='bbox 1941 1924 2180 1993; x_wconf 59' lang='lat' dir='ltr'><strong>pristinae</strong></span> 
     </span>
    </p>
   </div>
   <div class='ocr_carea' id='block_1_19' title="bbox 596 2014 2180 2085">
    <p class='ocr_par' dir='ltr' id='par_1_19' title="bbox 596 2014 2180 2085">
     <span class='ocr_line' id='line_1_19' title="bbox 596 2014 2180 2085; baseline 0.003 -19"><span class='ocrx_word' id='word_1_139' title='bbox 596 2016 646 2067; x_wconf 89' lang='lat' dir='ltr'><strong>in</strong></span> <span class='ocrx_word' id='word_1_140' title='bbox 679 2014 940 2085; x_wconf 86' lang='lat' dir='ltr'><strong>loquendo</strong></span> <span class='ocrx_word' id='word_1_141' title='bbox 999 2016 1206 2071; x_wconf 75' lang='lat' dir='ltr'><strong>ﬁducia:</strong></span> <span class='ocrx_word' id='word_1_142' title='bbox 1261 2017 1517 2071; x_wconf 87' lang='lat' dir='ltr'><strong>memoria</strong></span> <span class='ocrx_word' id='word_1_143' title='bbox 1539 2057 1552 2080; x_wconf 96' lang='lat'><strong>,</strong></span> <span class='ocrx_word' id='word_1_144' title='bbox 1600 2024 1788 2070; x_wconf 83' lang='lat' dir='ltr'><strong>auctor</strong></span> <span class='ocrx_word' id='word_1_145' title='bbox 1821 2030 1995 2071; x_wconf 87' lang='lat' dir='ltr'><strong>essem</strong></span> <span class='ocrx_word' id='word_1_146' title='bbox 2026 2024 2086 2070; x_wconf 91' lang='lat' dir='ltr'><strong>ut</strong></span> <span class='ocrx_word' id='word_1_147' title='bbox 2113 2016 2180 2070; x_wconf 89' lang='lat' dir='ltr'><strong>ad</strong></span> 
     </span>
    </p>
   </div>
   <div class='ocr_carea' id='block_1_20' title="bbox 595 2106 2180 2178">
    <p class='ocr_par' dir='ltr' id='par_1_20' title="bbox 595 2106 2180 2178">
     <span class='ocr_line' id='line_1_20' title="bbox 595 2106 2180 2178; baseline 0.001 -17"><span class='ocrx_word' id='word_1_148' title='bbox 595 2111 893 2175; x_wconf 71' lang='lat' dir='ltr'><strong>prmtcritos</strong></span> <span class='ocrx_word' id='word_1_149' title='bbox 924 2110 1133 2163; x_wconf 87' lang='lat' dir='ltr'><strong>labores</strong></span> <span class='ocrx_word' id='word_1_150' title='bbox 1156 2107 1390 2163; x_wconf 89' lang='lat' dir='ltr'><strong>redires:</strong></span> <span class='ocrx_word' id='word_1_151' title='bbox 1423 2106 1853 2178; x_wconf 87' lang='lat' dir='ltr'><strong>quandoquidem</strong></span> <span class='ocrx_word' id='word_1_152' title='bbox 1884 2118 2063 2162; x_wconf 87' lang='lat' dir='ltr'><strong>autem</strong></span> <span class='ocrx_word' id='word_1_153' title='bbox 2084 2123 2180 2177; x_wconf 92' lang='lat' dir='ltr'><strong>pro</strong></span> 
     </span>
    </p>
   </div>
   <div class='ocr_carea' id='block_1_21' title="bbox 587 2200 2178 2266">
    <p class='ocr_par' dir='ltr' id='par_1_21' title="bbox 587 2200 2178 2266">
     <span class='ocr_line' id='line_1_21' title="bbox 587 2200 2178 2266; baseline 0.001 -15"><span class='ocrx_word' id='word_1_154' title='bbox 587 2200 894 2253; x_wconf 54' lang='lat' dir='ltr'><strong>caelestibus</strong></span> <span class='ocrx_word' id='word_1_155' title='bbox 929 2200 1225 2265; x_wconf 89' lang='lat' dir='ltr'><strong>currimus,</strong></span> <span class='ocrx_word' id='word_1_156' title='bbox 1275 2212 1715 2266; x_wconf 89' lang='lat' dir='ltr'><strong>terrenarumque</strong></span> <span class='ocrx_word' id='word_1_157' title='bbox 1759 2212 1938 2253; x_wconf 86' lang='lat' dir='ltr'><strong>rerum</strong></span> <span class='ocrx_word' id='word_1_158' title='bbox 1979 2200 2178 2253; x_wconf 89' lang='lat' dir='ltr'><strong>nullam</strong></span> 
     </span>
    </p>
   </div>
   <div class='ocr_carea' id='block_1_22' title="bbox 595 2288 2181 2357">
    <p class='ocr_par' dir='ltr' id='par_1_22' title="bbox 595 2288 2181 2357">
     <span class='ocr_line' id='line_1_22' title="bbox 595 2288 2181 2357; baseline 0.001 -16"><span class='ocrx_word' id='word_1_159' title='bbox 595 2291 857 2343; x_wconf 81' lang='lat' dir='ltr'><strong>rationem</strong></span> <span class='ocrx_word' id='word_1_160' title='bbox 890 2289 1147 2342; x_wconf 75' lang='lat' dir='ltr'><strong>habemus</strong></span> <span class='ocrx_word' id='word_1_161' title='bbox 1168 2329 1181 2352; x_wconf 92' lang='lat'><strong>,</strong></span> <span class='ocrx_word' id='word_1_162' title='bbox 1208 2289 1429 2342; x_wconf 85' lang='lat' dir='ltr'><strong>alterius</strong></span> <span class='ocrx_word' id='word_1_163' title='bbox 1469 2288 1561 2341; x_wconf 88' lang='lat' dir='ltr'><strong>tibi</strong></span> <span class='ocrx_word' id='word_1_164' title='bbox 1584 2288 1798 2357; x_wconf 84' lang='lat' dir='ltr'><strong>judicii,</strong></span> <span class='ocrx_word' id='word_1_165' title='bbox 1826 2288 2181 2357; x_wconf 88' lang='lat' dir='ltr'><strong>horrendique</strong></span> 
     </span>
    </p>
   </div>
   <div class='ocr_carea' id='block_1_23' title="bbox 596 2376 2180 2448">
    <p class='ocr_par' dir='ltr' id='par_1_23' title="bbox 596 2376 2180 2448">
     <span class='ocr_line' id='line_1_23' title="bbox 596 2376 2180 2448; baseline 0.001 -17"><span class='ocrx_word' id='word_1_166' title='bbox 596 2378 872 2432; x_wconf 86' lang='lat' dir='ltr'><strong>tribunalis</strong></span> <span class='ocrx_word' id='word_1_167' title='bbox 898 2378 1221 2433; x_wconf 89' lang='lat' dir='ltr'><strong>mentionem</strong></span> <span class='ocrx_word' id='word_1_168' title='bbox 1252 2376 1389 2433; x_wconf 77' lang='lat' dir='ltr'><strong>facio</strong></span> <span class='ocrx_word' id='word_1_169' title='bbox 1419 2395 1429 2430; x_wconf 92' lang='lat'><strong>:</strong></span> <span class='ocrx_word' id='word_1_170' title='bbox 1466 2377 1575 2432; x_wconf 86' lang='lat' dir='ltr'><strong>Nos</strong></span> <span class='ocrx_word' id='word_1_171' title='bbox 1602 2378 1788 2448; x_wconf 80' lang='lat' dir='ltr'><strong>quippe</strong></span> <span class='ocrx_word' id='word_1_172' title='bbox 1824 2394 1993 2431; x_wconf 89' lang='lat' dir='ltr'><strong>omnes</strong></span> <span class='ocrx_word' id='word_1_173' title='bbox 2013 2395 2180 2447; x_wconf 83' lang='lat' dir='ltr'><strong>appa-</strong></span> 
     </span>
    </p>
   </div>
   <div class='ocr_carea' id='block_1_24' title="bbox 592 2469 2177 2541">
    <p class='ocr_par' dir='ltr' id='par_1_24' title="bbox 592 2469 2177 2541">
     <span class='ocr_line' id='line_1_24' title="bbox 592 2469 2177 2541; baseline -0.001 -19"><span class='ocrx_word' id='word_1_174' title='bbox 592 2487 699 2524; x_wconf 83' lang='lat' dir='ltr'><strong>rere</strong></span> <span class='ocrx_word' id='word_1_175' title='bbox 748 2480 942 2539; x_wconf 74' lang='lat' dir='ltr'><strong>oportet</strong></span> <span class='ocrx_word' id='word_1_176' title='bbox 990 2481 1105 2523; x_wconf 88' lang='lat' dir='ltr'><strong>ante</strong></span> <span class='ocrx_word' id='word_1_177' title='bbox 1145 2471 1363 2523; x_wconf 86' lang='lat' dir='ltr'><strong>tribunal</strong></span> <span class='ocrx_word' id='word_1_178' title='bbox 1395 2470 1581 2523; x_wconf 75' lang='lat' dir='ltr'><strong>Christi</strong></span> <span class='ocrx_word' id='word_1_179' title='bbox 1619 2471 1638 2501; x_wconf 83' lang='lat'>&#39;</span> <span class='ocrx_word' id='word_1_180' title='bbox 1673 2470 1690 2541; x_wconf 95' lang='lat'>(</span> <span class='ocrx_word' id='word_1_181' title='bbox 1721 2470 1775 2523; x_wconf 75' lang='lat'><strong>2.</strong></span> <span class='ocrx_word' id='word_1_182' title='bbox 1807 2469 1923 2523; x_wconf 91' lang='lat' dir='ltr'><strong>Cor.</strong></span> <span class='ocrx_word' id='word_1_183' title='bbox 1954 2469 2004 2524; x_wconf 81' lang='lat'><strong>5.</strong></span> <span class='ocrx_word' id='word_1_184' title='bbox 2039 2469 2105 2524; x_wconf 79' lang='grc'><strong>10</strong></span> <span class='ocrx_word' id='word_1_185' title='bbox 2140 2473 2177 2537; x_wconf 91' lang='grc'><strong>).</strong></span> 
     </span>
    </p>
   </div>
   <div class='ocr_carea' id='block_1_25' title="bbox 596 2559 2174 2629">
    <p class='ocr_par' dir='ltr' id='par_1_25' title="bbox 596 2559 2174 2629">
     <span class='ocr_line' id='line_1_25' title="bbox 596 2559 2174 2629; baseline -0.001 -17"><span class='ocrx_word' id='word_1_186' title='bbox 596 2561 685 2615; x_wconf 87' lang='lat' dir='ltr'><strong>Ille</strong></span> <span class='ocrx_word' id='word_1_187' title='bbox 711 2577 835 2615; x_wconf 88' lang='lat' dir='ltr'><strong>vero</strong></span> <span class='ocrx_word' id='word_1_188' title='bbox 863 2571 983 2614; x_wconf 90' lang='lat' dir='ltr'><strong>tunc</strong></span> <span class='ocrx_word' id='word_1_189' title='bbox 1009 2560 1171 2629; x_wconf 78' lang='lat' dir='ltr'><strong>judcx</strong></span> <span class='ocrx_word' id='word_1_190' title='bbox 1198 2560 1421 2625; x_wconf 86' lang='lat' dir='ltr'><strong>sedebit,</strong></span> <span class='ocrx_word' id='word_1_191' title='bbox 1452 2561 1539 2629; x_wconf 91' lang='lat' dir='ltr'><strong>qui</strong></span> <span class='ocrx_word' id='word_1_192' title='bbox 1570 2575 1709 2613; x_wconf 90' lang='lat' dir='ltr'><strong>nunc</strong></span> <span class='ocrx_word' id='word_1_193' title='bbox 1734 2575 1763 2612; x_wconf 91' lang='lat' dir='ltr'><strong>a</strong></span> <span class='ocrx_word' id='word_1_194' title='bbox 1790 2569 1840 2613; x_wconf 90' lang='lat' dir='ltr'><strong>te</strong></span> <span class='ocrx_word' id='word_1_195' title='bbox 1862 2559 2174 2627; x_wconf 88' lang='lat' dir='ltr'><strong>despicitur.</strong></span> 
     </span>
    </p>
   </div>
   <div class='ocr_carea' id='block_1_26' title="bbox 591 2650 2177 2721">
    <p class='ocr_par' dir='ltr' id='par_1_26' title="bbox 591 2650 2177 2721">
     <span class='ocr_line' id='line_1_26' title="bbox 591 2650 2177 2721; baseline 0.001 -21"><span class='ocrx_word' id='word_1_196' title='bbox 591 2653 726 2719; x_wconf 77' lang='lat' dir='ltr'><strong>Quid</strong></span> <span class='ocrx_word' id='word_1_197' title='bbox 756 2667 884 2721; x_wconf 71' lang='lat' dir='ltr'><strong>ergo</strong></span> <span class='ocrx_word' id='word_1_198' title='bbox 915 2662 1036 2703; x_wconf 90' lang='lat' dir='ltr'><strong>tunc</strong></span> <span class='ocrx_word' id='word_1_199' title='bbox 1066 2652 1303 2703; x_wconf 73' lang='lat' dir='ltr'><strong>dict-mus</strong></span> <span class='ocrx_word' id='word_1_200' title='bbox 1325 2691 1338 2715; x_wconf 92' lang='lat'><strong>,</strong></span> <span class='ocrx_word' id='word_1_201' title='bbox 1368 2650 1453 2703; x_wconf 91' lang='lat' dir='ltr'><strong>dic</strong></span> <span class='ocrx_word' id='word_1_202' title='bbox 1481 2650 1606 2702; x_wconf 89' lang='lat' dir='ltr'><strong>mihi</strong></span> <span class='ocrx_word' id='word_1_203' title='bbox 1632 2690 1644 2707; x_wconf 89' lang='lat'><strong>.</strong></span> <span class='ocrx_word' id='word_1_204' title='bbox 1670 2665 1827 2719; x_wconf 91' lang='lat' dir='ltr'><strong>quam</strong></span> <span class='ocrx_word' id='word_1_205' title='bbox 1871 2650 2177 2703; x_wconf 81' lang='lat' dir='ltr'><strong>excusatio-</strong></span> 
     </span>
    </p>
   </div>
   <div class='ocr_carea' id='block_1_27' title="bbox 589 2741 2175 2811">
    <p class='ocr_par' dir='ltr' id='par_1_27' title="bbox 589 2741 2175 2811">
     <span class='ocr_line' id='line_1_27' title="bbox 589 2741 2175 2811; baseline -0.001 -16"><span class='ocrx_word' id='word_1_206' title='bbox 589 2758 708 2795; x_wconf 86' lang='lat' dir='ltr'><strong>nem</strong></span> <span class='ocrx_word' id='word_1_207' title='bbox 742 2742 1022 2795; x_wconf 82' lang='lat' dir='ltr'><strong>alTeremus</strong></span> <span class='ocrx_word' id='word_1_208' title='bbox 1045 2783 1057 2804; x_wconf 94' lang='lat'><strong>,</strong></span> <span class='ocrx_word' id='word_1_209' title='bbox 1090 2743 1131 2794; x_wconf 88' lang='lat' dir='ltr'><strong>si</strong></span> <span class='ocrx_word' id='word_1_210' title='bbox 1164 2743 1214 2794; x_wconf 91' lang='lat' dir='ltr'><strong>in</strong></span> <span class='ocrx_word' id='word_1_211' title='bbox 1259 2742 1343 2795; x_wconf 90' lang='lat' dir='ltr'><strong>tali</strong></span> <span class='ocrx_word' id='word_1_212' title='bbox 1376 2741 1812 2811; x_wconf 71' lang='lat' dir='ltr'><strong>prrevaricationc</strong></span> <span class='ocrx_word' id='word_1_213' title='bbox 1859 2756 2175 2810; x_wconf 86' lang='lat' dir='ltr'><strong>persevere-</strong></span> 
     </span>
    </p>
   </div>
   <div class='ocr_carea' id='block_1_28' title="bbox 593 2834 2179 2904">
    <p class='ocr_par' dir='ltr' id='par_1_28' title="bbox 593 2834 2179 2904">
     <span class='ocr_line' id='line_1_28' title="bbox 593 2834 2179 2904; baseline 0.001 -18"><span class='ocrx_word' id='word_1_214' title='bbox 593 2836 747 2888; x_wconf 81' lang='lat' dir='ltr'><strong>mus?</strong></span> <span class='ocrx_word' id='word_1_215' title='bbox 778 2835 920 2903; x_wconf 87' lang='lat' dir='ltr'><strong>quid,</strong></span> <span class='ocrx_word' id='word_1_216' title='bbox 955 2848 1156 2903; x_wconf 69' lang='lat' dir='ltr'><strong>qnmso,</strong></span> <span class='ocrx_word' id='word_1_217' title='bbox 1181 2834 1458 2888; x_wconf 80' lang='lat' dir='ltr'><strong>dicemus?</strong></span> <span class='ocrx_word' id='word_1_218' title='bbox 1491 2834 1895 2904; x_wconf 80' lang='lat' dir='ltr'><strong>negotiorumne</strong></span> <span class='ocrx_word' id='word_1_219' title='bbox 1922 2834 2179 2889; x_wconf 86' lang='lat' dir='ltr'><strong>sollicitu-</strong></span> 
     </span>
    </p>
   </div>
   <div class='ocr_carea' id='block_1_29' title="bbox 588 2924 2173 2996">
    <p class='ocr_par' dir='ltr' id='par_1_29' title="bbox 588 2924 2173 2996">
     <span class='ocr_line' id='line_1_29' title="bbox 588 2924 2173 2996; baseline 0.002 -16"><span class='ocrx_word' id='word_1_220' title='bbox 588 2927 767 2981; x_wconf 80' lang='lat' dir='ltr'><strong>dinem</strong></span> <span class='ocrx_word' id='word_1_221' title='bbox 796 2928 1222 2995; x_wconf 74' lang='lat' dir='ltr'><strong>przetendcmus?</strong></span> <span class='ocrx_word' id='word_1_222' title='bbox 1254 2924 1359 2980; x_wconf 83' lang='lat' dir='ltr'><strong>Sed</strong></span> <span class='ocrx_word' id='word_1_223' title='bbox 1384 2939 1481 2979; x_wconf 89' lang='lat' dir='ltr'><strong>nos</strong></span> <span class='ocrx_word' id='word_1_224' title='bbox 1511 2927 1623 2996; x_wconf 89' lang='lat' dir='ltr'><strong>ipse</strong></span> <span class='ocrx_word' id='word_1_225' title='bbox 1652 2925 1919 2993; x_wconf 72' lang='lat' dir='ltr'><strong>prmt&#39;ertit</strong></span> <span class='ocrx_word' id='word_1_226' title='bbox 1949 2926 2133 2980; x_wconf 86' lang='lat' dir='ltr'><strong>dicens</strong></span> <span class='ocrx_word' id='word_1_227' title='bbox 2159 2943 2173 2983; x_wconf 91' lang='lat'><strong>:</strong></span> 
     </span>
    </p>
   </div>
   <div class='ocr_carea' id='block_1_30' title="bbox 591 3016 2169 3087">
    <p class='ocr_par' dir='ltr' id='par_1_30' title="bbox 591 3016 2169 3087">
     <span class='ocr_line' id='line_1_30' title="bbox 591 3016 2169 3087; baseline 0 -17"><span class='ocrx_word' id='word_1_228' title='bbox 591 3018 726 3084; x_wconf 80' lang='lat' dir='ltr'><strong>Quid</strong></span> <span class='ocrx_word' id='word_1_229' title='bbox 766 3018 988 3087; x_wconf 80' lang='lat' dir='ltr'><strong>proderit</strong></span> <span class='ocrx_word' id='word_1_230' title='bbox 1027 3016 1217 3070; x_wconf 84' lang='lat' dir='ltr'><strong>homini</strong></span> <span class='ocrx_word' id='word_1_231' title='bbox 1240 3018 1283 3071; x_wconf 85' lang='lat' dir='ltr'><strong>si</strong></span> <span class='ocrx_word' id='word_1_232' title='bbox 1314 3018 1558 3070; x_wconf 84' lang='lat' dir='ltr'><strong>mundum</strong></span> <span class='ocrx_word' id='word_1_233' title='bbox 1594 3018 1879 3070; x_wconf 76' lang='lat' dir='ltr'><strong>universum</strong></span> <span class='ocrx_word' id='word_1_234' title='bbox 1920 3017 2169 3081; x_wconf 87' lang='lat' dir='ltr'><strong>lucretur,</strong></span> 
     </span>
    </p>
   </div>
   <div class='ocr_carea' id='block_1_31' title="bbox 587 3106 2175 3178">
    <p class='ocr_par' dir='ltr' id='par_1_31' title="bbox 587 3106 2175 3178">
     <span class='ocr_line' id='line_1_31' title="bbox 587 3106 2175 3178; baseline -0.002 -16"><span class='ocrx_word' id='word_1_235' title='bbox 587 3111 773 3163; x_wconf 65' lang='lat' dir='ltr'><strong>attinnt:</strong></span> <span class='ocrx_word' id='word_1_236' title='bbox 799 3126 913 3163; x_wconf 83' lang='lat' dir='ltr'><strong>vero</strong></span> <span class='ocrx_word' id='word_1_237' title='bbox 936 3126 1041 3162; x_wconf 71' lang='lat' dir='ltr'><strong>suae</strong></span> <span class='ocrx_word' id='word_1_238' title='bbox 1070 3111 1420 3163; x_wconf 74' lang='lat' dir='ltr'><strong>detrimentum</strong></span> <span class='ocrx_word' id='word_1_239' title='bbox 1445 3110 1668 3177; x_wconf 85' lang='lat' dir='ltr'><strong>patiatur</strong></span> <span class='ocrx_word' id='word_1_240' title='bbox 1697 3106 1910 3177; x_wconf 80' lang='lat' dir='ltr'><strong>(Matth.</strong></span> <span class='ocrx_word' id='word_1_241' title='bbox 1936 3107 2020 3161; x_wconf 77' lang='grc'><strong>16.</strong></span> <span class='ocrx_word' id='word_1_242' title='bbox 2046 3107 2175 3178; x_wconf 68' lang='lat'><strong>26)?</strong></span> 
     </span>
    </p>
   </div>
   <div class='ocr_carea' id='block_1_32' title="bbox 587 3198 2172 3255">
    <p class='ocr_par' dir='ltr' id='par_1_32' title="bbox 587 3198 2172 3255">
     <span class='ocr_line' id='line_1_32' title="bbox 587 3198 2172 3255; baseline -0.002 0"><span class='ocrx_word' id='word_1_243' title='bbox 587 3204 666 3255; x_wconf 79' lang='lat' dir='ltr'><strong>An</strong></span> <span class='ocrx_word' id='word_1_244' title='bbox 703 3201 942 3254; x_wconf 87' lang='lat' dir='ltr'><strong>dicemus</strong></span> <span class='ocrx_word' id='word_1_245' title='bbox 983 3214 1081 3254; x_wconf 93' lang='lat' dir='ltr'><strong>nos</strong></span> <span class='ocrx_word' id='word_1_246' title='bbox 1110 3201 1177 3254; x_wconf 91' lang='lat' dir='ltr'><strong>ab</strong></span> <span class='ocrx_word' id='word_1_247' title='bbox 1220 3200 1338 3254; x_wconf 87' lang='lat' dir='ltr'><strong>aliis</strong></span> <span class='ocrx_word' id='word_1_248' title='bbox 1379 3200 1626 3254; x_wconf 88' lang='lat' dir='ltr'><strong>seductos</strong></span> <span class='ocrx_word' id='word_1_249' title='bbox 1683 3198 1881 3253; x_wconf 84' lang='lat' dir='ltr'><strong>fuisse?</strong></span> <span class='ocrx_word' id='word_1_250' title='bbox 1930 3200 1996 3253; x_wconf 78' lang='lat' dir='ltr'><strong>At</strong></span> <span class='ocrx_word' id='word_1_251' title='bbox 2039 3198 2172 3252; x_wconf 92' lang='lat' dir='ltr'><strong>nihil</strong></span> 
     </span>
    </p>
   </div>
   <div class='ocr_carea' id='block_1_33' title="bbox 586 3289 2172 3361">
    <p class='ocr_par' dir='ltr' id='par_1_33' title="bbox 586 3289 2172 3361">
     <span class='ocr_line' id='line_1_33' title="bbox 586 3289 2172 3361; baseline -0.003 -14"><span class='ocrx_word' id='word_1_252' title='bbox 586 3293 791 3347; x_wconf 84' lang='lat' dir='ltr'><strong>Adamo</strong></span> <span class='ocrx_word' id='word_1_253' title='bbox 824 3293 875 3345; x_wconf 91' lang='lat' dir='ltr'><strong>in</strong></span> <span class='ocrx_word' id='word_1_254' title='bbox 916 3290 1286 3347; x_wconf 78' lang='lat' dir='ltr'><strong>defensionem</strong></span> <span class='ocrx_word' id='word_1_255' title='bbox 1314 3290 1546 3361; x_wconf 79' lang='lat' dir='ltr'><strong>profuit,</strong></span> <span class='ocrx_word' id='word_1_256' title='bbox 1589 3290 1730 3359; x_wconf 91' lang='lat' dir='ltr'><strong>quod</strong></span> <span class='ocrx_word' id='word_1_257' title='bbox 1762 3305 1979 3345; x_wconf 83' lang='lat' dir='ltr'><strong>uxorem</strong></span> <span class='ocrx_word' id='word_1_258' title='bbox 2021 3289 2172 3345; x_wconf 87' lang='lat' dir='ltr'><strong>incu-</strong></span> 
     </span>
    </p>
   </div>
   <div class='ocr_carea' id='block_1_34' title="bbox 582 3380 2173 3451">
    <p class='ocr_par' dir='ltr' id='par_1_34' title="bbox 582 3380 2173 3451">
     <span class='ocr_line' id='line_1_34' title="bbox 582 3380 2173 3451; baseline -0.001 -14"><span class='ocrx_word' id='word_1_259' title='bbox 582 3394 727 3437; x_wconf 78' lang='lat' dir='ltr'><strong>saret</strong></span> <span class='ocrx_word' id='word_1_260' title='bbox 753 3384 937 3437; x_wconf 88' lang='lat' dir='ltr'><strong>dicens</strong></span> <span class='ocrx_word' id='word_1_261' title='bbox 964 3401 977 3437; x_wconf 92' lang='lat'>:</span> <span class='ocrx_word' id='word_1_262' title='bbox 1011 3380 1234 3448; x_wconf 85' lang='lat' dir='ltr'><strong>Mulier,</strong></span> <span class='ocrx_word' id='word_1_263' title='bbox 1267 3398 1419 3451; x_wconf 88' lang='lat' dir='ltr'><strong>quam</strong></span> <span class='ocrx_word' id='word_1_264' title='bbox 1457 3382 1640 3434; x_wconf 80' lang='lat' dir='ltr'><strong>dedisti</strong></span> <span class='ocrx_word' id='word_1_265' title='bbox 1687 3399 1879 3435; x_wconf 88' lang='lat' dir='ltr'><strong>mecum</strong></span> <span class='ocrx_word' id='word_1_266' title='bbox 1905 3422 1919 3447; x_wconf 93' lang='lat'><strong>,</strong></span> <span class='ocrx_word' id='word_1_267' title='bbox 1952 3383 2063 3451; x_wconf 77' lang='lat' dir='ltr'><strong>ipsa</strong></span> <span class='ocrx_word' id='word_1_268' title='bbox 2096 3399 2173 3437; x_wconf 75' lang='lat' dir='ltr'><strong>me</strong></span> 
     </span>
    </p>
   </div>
   <div class='ocr_carea' id='block_1_35' title="bbox 583 3472 2168 3545">
    <p class='ocr_par' dir='ltr' id='par_1_35' title="bbox 583 3472 2168 3545">
     <span class='ocr_line' id='line_1_35' title="bbox 583 3472 2168 3545; baseline -0.001 -17"><span class='ocrx_word' id='word_1_269' title='bbox 583 3477 777 3545; x_wconf 81' lang='lat' dir='ltr'><strong>decepit</strong></span> <span class='ocrx_word' id='word_1_270' title='bbox 809 3473 961 3545; x_wconf 75' lang='lat' dir='ltr'><strong>(Gen.</strong></span> <span class='ocrx_word' id='word_1_271' title='bbox 985 3475 1042 3527; x_wconf 75' lang='lat'><strong>3.</strong></span> <span class='ocrx_word' id='word_1_272' title='bbox 1078 3472 1145 3526; x_wconf 67' lang='lat'><strong>12</strong></span> <span class='ocrx_word' id='word_1_273' title='bbox 1175 3474 1194 3543; x_wconf 95' lang='lat'>)</span> <span class='ocrx_word' id='word_1_274' title='bbox 1223 3489 1235 3525; x_wconf 87' lang='lat'><strong>:</strong></span> <span class='ocrx_word' id='word_1_275' title='bbox 1272 3474 1408 3526; x_wconf 86' lang='lat' dir='ltr'><strong>sicut</strong></span> <span class='ocrx_word' id='word_1_276' title='bbox 1430 3486 1528 3527; x_wconf 91' lang='lat' dir='ltr'><strong>nec</strong></span> <span class='ocrx_word' id='word_1_277' title='bbox 1553 3473 1760 3525; x_wconf 88' lang='lat' dir='ltr'><strong>mulieri</strong></span> <span class='ocrx_word' id='word_1_278' title='bbox 1782 3473 1923 3543; x_wconf 90' lang='lat' dir='ltr'><strong>quod</strong></span> <span class='ocrx_word' id='word_1_279' title='bbox 1946 3488 2168 3541; x_wconf 79' lang='lat' dir='ltr'><strong>serpen-</strong></span> 
     </span>
    </p>
   </div>
   <div class='ocr_carea' id='block_1_36' title="bbox 586 3563 2169 3629">
    <p class='ocr_par' dir='ltr' id='par_1_36' title="bbox 586 3563 2169 3629">
     <span class='ocr_line' id='line_1_36' title="bbox 586 3563 2169 3629; baseline 0 -10"><span class='ocrx_word' id='word_1_280' title='bbox 586 3580 691 3620; x_wconf 88' lang='lat' dir='ltr'><strong>tem</strong></span> <span class='ocrx_word' id='word_1_281' title='bbox 723 3576 993 3620; x_wconf 86' lang='lat' dir='ltr'><strong>auctorem</strong></span> <span class='ocrx_word' id='word_1_282' title='bbox 1025 3564 1246 3617; x_wconf 85' lang='lat' dir='ltr'><strong>diceret.</strong></span> <span class='ocrx_word' id='word_1_283' title='bbox 1278 3563 1611 3617; x_wconf 89' lang='lat' dir='ltr'><strong>llorrcndum</strong></span> <span class='ocrx_word' id='word_1_284' title='bbox 1637 3578 1765 3618; x_wconf 83' lang='lat' dir='ltr'><strong>sane</strong></span> <span class='ocrx_word' id='word_1_285' title='bbox 1792 3573 1892 3629; x_wconf 90' lang='lat' dir='ltr'><strong>est,</strong></span> <span class='ocrx_word' id='word_1_286' title='bbox 1922 3580 1954 3617; x_wconf 95' lang='lat' dir='ltr'><strong>o</strong></span> <span class='ocrx_word' id='word_1_287' title='bbox 1975 3564 2169 3619; x_wconf 88' lang='lat' dir='ltr'><strong>dilecte</strong></span> 
     </span>
    </p>
   </div>
   <div class='ocr_carea' id='block_1_37' title="bbox 584 3656 2170 3724">
    <p class='ocr_par' dir='ltr' id='par_1_37' title="bbox 584 3656 2170 3724">
     <span class='ocr_line' id='line_1_37' title="bbox 584 3656 2170 3724; baseline -0.003 -10"><span class='ocrx_word' id='word_1_288' title='bbox 584 3659 899 3721; x_wconf 78' lang='lat' dir='ltr'><strong>Theodore,</strong></span> <span class='ocrx_word' id='word_1_289' title='bbox 947 3656 1177 3711; x_wconf 84' lang='lat' dir='ltr'><strong>tribunal</strong></span> <span class='ocrx_word' id='word_1_290' title='bbox 1224 3657 1384 3717; x_wconf 89' lang='lat' dir='ltr'><strong>illud,</strong></span> <span class='ocrx_word' id='word_1_291' title='bbox 1431 3656 1570 3724; x_wconf 88' lang='lat' dir='ltr'><strong>quod</strong></span> <span class='ocrx_word' id='word_1_292' title='bbox 1618 3671 1716 3709; x_wconf 85' lang='lat' dir='ltr'><strong>nec</strong></span> <span class='ocrx_word' id='word_1_293' title='bbox 1770 3657 2170 3710; x_wconf 78' lang='lat' dir='ltr'><strong>accusatoribus</strong></span> 
     </span>
    </p>
   </div>
   <div class='ocr_carea' id='block_1_38' title="bbox 581 3746 2169 3821">
    <p class='ocr_par' dir='ltr' id='par_1_38' title="bbox 581 3746 2169 3821">
     <span class='ocr_line' id='line_1_38' title="bbox 581 3746 2169 3821; baseline -0.003 -15"><span class='ocrx_word' id='word_1_294' title='bbox 581 3763 757 3821; x_wconf 71' lang='lat' dir='ltr'><strong>egeat,</strong></span> <span class='ocrx_word' id='word_1_295' title='bbox 789 3767 887 3805; x_wconf 91' lang='lat' dir='ltr'><strong>nec</strong></span> <span class='ocrx_word' id='word_1_296' title='bbox 910 3758 1073 3805; x_wconf 79' lang='lat' dir='ltr'><strong>testes</strong></span> <span class='ocrx_word' id='word_1_297' title='bbox 1093 3755 1365 3818; x_wconf 70' lang='lat' dir='ltr'><strong>exspectet</strong></span> <span class='ocrx_word' id='word_1_298' title='bbox 1393 3765 1405 3801; x_wconf 92' lang='lat'>:</span> <span class='ocrx_word' id='word_1_299' title='bbox 1435 3746 1693 3816; x_wconf 81' lang='lat' dir='ltr'><strong>judicanti</strong></span> <span class='ocrx_word' id='word_1_300' title='bbox 1718 3748 1858 3801; x_wconf 89' lang='lat' dir='ltr'><strong>enim</strong></span> <span class='ocrx_word' id='word_1_301' title='bbox 1890 3748 1963 3800; x_wconf 92' lang='lat' dir='ltr'><strong>illi</strong></span> <span class='ocrx_word' id='word_1_302' title='bbox 1992 3748 2169 3801; x_wconf 85' lang='lat' dir='ltr'><strong>omnia</strong></span> 
     </span>
    </p>
   </div>
   <div class='ocr_carea' id='block_1_39' title="bbox 585 3840 2165 3913">
    <p class='ocr_par' dir='ltr' id='par_1_39' title="bbox 585 3840 2165 3913">
     <span class='ocr_line' id='line_1_39' title="bbox 585 3840 2165 3913; baseline -0.002 -15"><span class='ocrx_word' id='word_1_303' title='bbox 585 3846 722 3899; x_wconf 83' lang='lat' dir='ltr'><strong>nuda</strong></span> <span class='ocrx_word' id='word_1_304' title='bbox 754 3855 804 3897; x_wconf 84' lang='lat' dir='ltr'><strong>et</strong></span> <span class='ocrx_word' id='word_1_305' title='bbox 833 3853 1013 3913; x_wconf 82' lang='lat' dir='ltr'><strong>aperta</strong></span> <span class='ocrx_word' id='word_1_306' title='bbox 1044 3850 1186 3906; x_wconf 87' lang='lat' dir='ltr'><strong>sunt,</strong></span> <span class='ocrx_word' id='word_1_307' title='bbox 1217 3856 1316 3895; x_wconf 90' lang='lat' dir='ltr'><strong>nec</strong></span> <span class='ocrx_word' id='word_1_308' title='bbox 1341 3843 1597 3894; x_wconf 88' lang='lat' dir='ltr'><strong>factorum</strong></span> <span class='ocrx_word' id='word_1_309' title='bbox 1624 3849 1850 3904; x_wconf 87' lang='lat' dir='ltr'><strong>tantum,</strong></span> <span class='ocrx_word' id='word_1_310' title='bbox 1878 3840 1974 3894; x_wconf 91' lang='lat' dir='ltr'><strong>sed</strong></span> <span class='ocrx_word' id='word_1_311' title='bbox 2002 3843 2165 3895; x_wconf 88' lang='lat' dir='ltr'><strong>etiam</strong></span> 
     </span>
    </p>
   </div>
   <div class='ocr_carea' id='block_1_40' title="bbox 582 3934 2166 4008">
    <p class='ocr_par' dir='ltr' id='par_1_40' title="bbox 582 3934 2166 4008">
     <span class='ocr_line' id='line_1_40' title="bbox 582 3934 2166 4008; baseline -0.004 -14"><span class='ocrx_word' id='word_1_312' title='bbox 582 3940 962 4008; x_wconf 74' lang='lat' dir='ltr'><strong>Cogitationum</strong></span> <span class='ocrx_word' id='word_1_313' title='bbox 996 3950 1180 4005; x_wconf 66' lang='lat' dir='ltr'><strong>poenas</strong></span> <span class='ocrx_word' id='word_1_314' title='bbox 1204 3935 1481 3989; x_wconf 87' lang='lat' dir='ltr'><strong>dabimus:</strong></span> <span class='ocrx_word' id='word_1_315' title='bbox 1514 3950 1633 3987; x_wconf 90' lang='lat' dir='ltr'><strong>nam</strong></span> <span class='ocrx_word' id='word_1_316' title='bbox 1657 3934 1816 4002; x_wconf 81' lang='lat' dir='ltr'><strong>judex</strong></span> <span class='ocrx_word' id='word_1_317' title='bbox 1850 3934 1936 3987; x_wconf 90' lang='lat' dir='ltr'><strong>ille</strong></span> <span class='ocrx_word' id='word_1_318' title='bbox 1961 3942 2166 3989; x_wconf 87' lang='lat' dir='ltr'><strong>scruta-</strong></span> 
     </span>
    </p>
   </div>
   <div class='ocr_carea' id='block_1_41' title="bbox 583 4027 2169 4100">
    <p class='ocr_par' dir='ltr' id='par_1_41' title="bbox 583 4027 2169 4100">
     <span class='ocr_line' id='line_1_41' title="bbox 583 4027 2169 4100; baseline -0.004 -13"><span class='ocrx_word' id='word_1_319' title='bbox 583 4044 666 4087; x_wconf 88' lang='lat' dir='ltr'><strong>tor</strong></span> <span class='ocrx_word' id='word_1_320' title='bbox 708 4030 1090 4100; x_wconf 76' lang='lat' dir='ltr'><strong>cogitationum</strong></span> <span class='ocrx_word' id='word_1_321' title='bbox 1128 4039 1180 4081; x_wconf 90' lang='lat' dir='ltr'><strong>et</strong></span> <span class='ocrx_word' id='word_1_322' title='bbox 1234 4028 1576 4082; x_wconf 85' lang='lat' dir='ltr'><strong>consiliorum</strong></span> <span class='ocrx_word' id='word_1_323' title='bbox 1617 4027 1792 4082; x_wconf 89' lang='lat' dir='ltr'><strong>cordis</strong></span> <span class='ocrx_word' id='word_1_324' title='bbox 1827 4036 1929 4081; x_wconf 87' lang='lat' dir='ltr'><strong>est.</strong></span> <span class='ocrx_word' id='word_1_325' title='bbox 1961 4031 2029 4081; x_wconf 85' lang='lat' dir='ltr'><strong>At</strong></span> <span class='ocrx_word' id='word_1_326' title='bbox 2060 4027 2169 4081; x_wconf 87' lang='lat' dir='ltr'><strong>for-</strong></span> 
     </span>
    </p>
   </div>
   <div class='ocr_carea' id='block_1_42' title="bbox 578 4121 2167 4191">
    <p class='ocr_par' dir='ltr' id='par_1_42' title="bbox 578 4121 2167 4191">
     <span class='ocr_line' id='line_1_42' title="bbox 578 4121 2167 4191; baseline -0.004 -12"><span class='ocrx_word' id='word_1_327' title='bbox 578 4136 724 4180; x_wconf 83' lang='lat' dir='ltr'><strong>tasse</strong></span> <span class='ocrx_word' id='word_1_328' title='bbox 755 4136 957 4178; x_wconf 66' lang='lat' dir='ltr'><strong>natura:</strong></span> <span class='ocrx_word' id='word_1_329' title='bbox 990 4124 1352 4177; x_wconf 76' lang='lat' dir='ltr'><strong>inﬁrmitatem</strong></span> <span class='ocrx_word' id='word_1_330' title='bbox 1385 4121 1644 4175; x_wconf 87' lang='lat' dir='ltr'><strong>obtendes</strong></span> <span class='ocrx_word' id='word_1_331' title='bbox 1666 4163 1679 4187; x_wconf 92' lang='lat'><strong>,</strong></span> <span class='ocrx_word' id='word_1_332' title='bbox 1713 4121 1965 4191; x_wconf 89' lang='lat' dir='ltr'><strong>dicesque</strong></span> <span class='ocrx_word' id='word_1_333' title='bbox 2006 4131 2055 4176; x_wconf 89' lang='lat' dir='ltr'><strong>te</strong></span> <span class='ocrx_word' id='word_1_334' title='bbox 2081 4122 2167 4191; x_wconf 83' lang='lat' dir='ltr'><strong>ju-</strong></span> 
     </span>
    </p>
   </div>
   <div class='ocr_carea' id='block_1_43' title="bbox 581 4212 2168 4286">
    <p class='ocr_par' dir='ltr' id='par_1_43' title="bbox 581 4212 2168 4286">
     <span class='ocr_line' id='line_1_43' title="bbox 581 4212 2168 4286; baseline -0.002 -17"><span class='ocrx_word' id='word_1_335' title='bbox 581 4232 705 4286; x_wconf 78' lang='lat' dir='ltr'><strong>gum</strong></span> <span class='ocrx_word' id='word_1_336' title='bbox 774 4215 914 4269; x_wconf 87' lang='lat' dir='ltr'><strong>ferre</strong></span> <span class='ocrx_word' id='word_1_337' title='bbox 976 4229 1080 4268; x_wconf 92' lang='lat' dir='ltr'><strong>non</strong></span> <span class='ocrx_word' id='word_1_338' title='bbox 1128 4228 1303 4282; x_wconf 84' lang='lat' dir='ltr'><strong>posse.</strong></span> <span class='ocrx_word' id='word_1_339' title='bbox 1350 4212 1453 4267; x_wconf 86' lang='lat' dir='ltr'><strong>Sed</strong></span> <span class='ocrx_word' id='word_1_340' title='bbox 1517 4227 1761 4281; x_wconf 67' lang='lat' dir='ltr'><strong>quaenam</strong></span> <span class='ocrx_word' id='word_1_341' title='bbox 1813 4212 1928 4267; x_wconf 64' lang='lat' dir='ltr'><strong>haec</strong></span> <span class='ocrx_word' id='word_1_342' title='bbox 1977 4212 2168 4267; x_wconf 88' lang='lat' dir='ltr'><strong>defen-</strong></span> 
     </span>
    </p>
   </div>
   <div class='ocr_carea' id='block_1_44' title="bbox 581 4302 2168 4373">
    <p class='ocr_par' dir='ltr' id='par_1_44' title="bbox 581 4302 2168 4373">
     <span class='ocr_line' id='line_1_44' title="bbox 581 4302 2168 4373; baseline -0.001 -12"><span class='ocrx_word' id='word_1_343' title='bbox 581 4310 700 4371; x_wconf 85' lang='lat' dir='ltr'><strong>sio,</strong></span> <span class='ocrx_word' id='word_1_344' title='bbox 751 4322 911 4361; x_wconf 82' lang='lat' dir='ltr'><strong>suave</strong></span> <span class='ocrx_word' id='word_1_345' title='bbox 954 4306 1079 4359; x_wconf 85' lang='lat' dir='ltr'><strong>illud</strong></span> <span class='ocrx_word' id='word_1_346' title='bbox 1130 4306 1314 4373; x_wconf 82' lang='lat' dir='ltr'><strong>jugum</strong></span> <span class='ocrx_word' id='word_1_347' title='bbox 1366 4302 1489 4358; x_wconf 81' lang='lat' dir='ltr'><strong>l’crri</strong></span> <span class='ocrx_word' id='word_1_348' title='bbox 1533 4318 1638 4356; x_wconf 91' lang='lat' dir='ltr'><strong>non</strong></span> <span class='ocrx_word' id='word_1_349' title='bbox 1684 4318 1861 4372; x_wconf 83' lang='lat' dir='ltr'><strong>posse,</strong></span> <span class='ocrx_word' id='word_1_350' title='bbox 1893 4319 1991 4359; x_wconf 91' lang='lat' dir='ltr'><strong>nec</strong></span> <span class='ocrx_word' id='word_1_351' title='bbox 2031 4320 2168 4360; x_wconf 89' lang='lat' dir='ltr'><strong>onus</strong></span> 
     </span>
    </p>
   </div>
   <div class='ocr_carea' id='block_1_45' title="bbox 582 4395 2163 4473">
    <p class='ocr_par' dir='ltr' id='par_1_45' title="bbox 582 4395 2163 4473">
     <span class='ocr_line' id='line_1_45' title="bbox 582 4395 2163 4473; baseline -0.001 -20"><span class='ocrx_word' id='word_1_352' title='bbox 582 4401 697 4453; x_wconf 87' lang='lat' dir='ltr'><strong>leve</strong></span> <span class='ocrx_word' id='word_1_353' title='bbox 768 4397 1009 4469; x_wconf 85' lang='lat' dir='ltr'><strong>portari?</strong></span> <span class='ocrx_word' id='word_1_354' title='bbox 1062 4412 1129 4450; x_wconf 89' lang='lat' dir='ltr'><strong>an</strong></span> <span class='ocrx_word' id='word_1_355' title='bbox 1208 4395 1382 4465; x_wconf 79' lang='lat' dir='ltr'><strong>gravis</strong></span> <span class='ocrx_word' id='word_1_356' title='bbox 1439 4408 1771 4463; x_wconf 81' lang='lat' dir='ltr'><strong>onerosaque</strong></span> <span class='ocrx_word' id='word_1_357' title='bbox 1824 4406 2033 4473; x_wconf 15' lang='lat' dir='ltr'><strong>res’est</strong></span> <span class='ocrx_word' id='word_1_358' title='bbox 2082 4412 2163 4451; x_wconf 75' lang='lat' dir='ltr'><strong>re-</strong></span> 
     </span>
    </p>
   </div>
   <div class='ocr_carea' id='block_1_46' title="bbox 577 4488 2162 4558">
    <p class='ocr_par' dir='ltr' id='par_1_46' title="bbox 577 4488 2162 4558">
     <span class='ocr_line' id='line_1_46' title="bbox 577 4488 2162 4558; baseline -0.001 -12"><span class='ocrx_word' id='word_1_359' title='bbox 577 4495 776 4548; x_wconf 83' lang='lat' dir='ltr'><strong>creatio</strong></span> <span class='ocrx_word' id='word_1_360' title='bbox 807 4508 833 4544; x_wconf 90' lang='lat' dir='ltr'><strong>a</strong></span> <span class='ocrx_word' id='word_1_361' title='bbox 874 4489 1175 4545; x_wconf 88' lang='lat' dir='ltr'><strong>laboribus?</strong></span> <span class='ocrx_word' id='word_1_362' title='bbox 1198 4488 1277 4543; x_wconf 82' lang='lat' dir='ltr'><strong>Ad</strong></span> <span class='ocrx_word' id='word_1_363' title='bbox 1325 4489 1438 4543; x_wconf 69' lang='lat' dir='ltr'><strong>haec</strong></span> <span class='ocrx_word' id='word_1_364' title='bbox 1472 4489 1666 4558; x_wconf 86' lang='lat' dir='ltr'><strong>quippe</strong></span> <span class='ocrx_word' id='word_1_365' title='bbox 1688 4503 1784 4541; x_wconf 90' lang='lat' dir='ltr'><strong>nos</strong></span> <span class='ocrx_word' id='word_1_366' title='bbox 1804 4498 1958 4543; x_wconf 86' lang='lat' dir='ltr'><strong>vocat</strong></span> <span class='ocrx_word' id='word_1_367' title='bbox 1982 4489 2162 4545; x_wconf 91' lang='lat' dir='ltr'><strong>Chris-</strong></span> 
     </span>
    </p>
   </div>
   <div class='ocr_carea' id='block_1_47' title="bbox 579 4580 2165 4649">
    <p class='ocr_par' dir='ltr' id='par_1_47' title="bbox 579 4580 2165 4649">
     <span class='ocr_line' id='line_1_47' title="bbox 579 4580 2165 4649; baseline -0.003 -10"><span class='ocrx_word' id='word_1_368' title='bbox 579 4596 664 4639; x_wconf 85' lang='lat' dir='ltr'><strong>tus</strong></span> <span class='ocrx_word' id='word_1_369' title='bbox 690 4585 873 4639; x_wconf 85' lang='lat' dir='ltr'><strong>dicens</strong></span> <span class='ocrx_word' id='word_1_370' title='bbox 900 4602 911 4637; x_wconf 87' lang='lat'>:</span> <span class='ocrx_word' id='word_1_371' title='bbox 954 4582 1127 4635; x_wconf 81' lang='lat' dir='ltr'><strong>Venite</strong></span> <span class='ocrx_word' id='word_1_372' title='bbox 1146 4582 1213 4634; x_wconf 90' lang='lat' dir='ltr'><strong>ad</strong></span> <span class='ocrx_word' id='word_1_373' title='bbox 1234 4598 1310 4635; x_wconf 89' lang='lat' dir='ltr'><strong>me</strong></span> <span class='ocrx_word' id='word_1_374' title='bbox 1335 4597 1504 4635; x_wconf 88' lang='lat' dir='ltr'><strong>omnes</strong></span> <span class='ocrx_word' id='word_1_375' title='bbox 1528 4580 1611 4649; x_wconf 83' lang='lat' dir='ltr'><strong>qui</strong></span> <span class='ocrx_word' id='word_1_376' title='bbox 1635 4580 1875 4634; x_wconf 80' lang='lat' dir='ltr'><strong>laboratis</strong></span> <span class='ocrx_word' id='word_1_377' title='bbox 1902 4592 1947 4635; x_wconf 84' lang='lat' dir='ltr'><strong>et</strong></span> <span class='ocrx_word' id='word_1_378' title='bbox 1972 4586 2165 4636; x_wconf 82' lang='lat' dir='ltr'><strong>onerati</strong></span> 
     </span>
    </p>
   </div>
   <div class='ocr_carea' id='block_1_48' title="bbox 579 4674 2166 4746">
    <p class='ocr_par' dir='ltr' id='par_1_48' title="bbox 579 4674 2166 4746">
     <span class='ocr_line' id='line_1_48' title="bbox 579 4674 2166 4746; baseline -0.002 -15"><span class='ocrx_word' id='word_1_379' title='bbox 579 4681 717 4743; x_wconf 78' lang='lat' dir='ltr'><strong>estis,</strong></span> <span class='ocrx_word' id='word_1_380' title='bbox 746 4689 791 4730; x_wconf 86' lang='lat' dir='ltr'><strong>et</strong></span> <span class='ocrx_word' id='word_1_381' title='bbox 832 4694 922 4746; x_wconf 82' lang='lat' dir='ltr'><strong>ego</strong></span> <span class='ocrx_word' id='word_1_382' title='bbox 972 4677 1195 4742; x_wconf 75' lang='lat' dir='ltr'><strong>reﬁciam</strong></span> <span class='ocrx_word' id='word_1_383' title='bbox 1242 4691 1326 4727; x_wconf 71' lang='lat' dir='ltr'><strong>eos</strong></span> <span class='ocrx_word' id='word_1_384' title='bbox 1358 4674 1553 4727; x_wconf 87' lang='lat' dir='ltr'><strong>:tollite</strong></span> <span class='ocrx_word' id='word_1_385' title='bbox 1580 4675 1768 4743; x_wconf 86' lang='lat' dir='ltr'><strong>jugum</strong></span> <span class='ocrx_word' id='word_1_386' title='bbox 1814 4691 1979 4727; x_wconf 84' lang='lat' dir='ltr'><strong>meum</strong></span> <span class='ocrx_word' id='word_1_387' title='bbox 2019 4693 2166 4745; x_wconf 79' lang='lat' dir='ltr'><strong>super</strong></span> 
     </span>
    </p>
   </div>
   <div class='ocr_carea' id='block_1_49' title="bbox 510 4766 2163 4837">
    <p class='ocr_par' dir='ltr' id='par_1_49' title="bbox 510 4766 2163 4837">
     <span class='ocr_line' id='line_1_49' title="bbox 510 4766 2163 4837; baseline -0.007 -8"><span class='ocrx_word' id='word_1_388' title='bbox 510 4784 515 4789; x_wconf 82' lang='grc'><strong>’</strong></span> <span class='ocrx_word' id='word_1_389' title='bbox 578 4790 683 4837; x_wconf 72' lang='lat' dir='ltr'><strong>vos,</strong></span> <span class='ocrx_word' id='word_1_390' title='bbox 714 4782 758 4824; x_wconf 85' lang='lat' dir='ltr'><strong>et</strong></span> <span class='ocrx_word' id='word_1_391' title='bbox 786 4769 960 4823; x_wconf 82' lang='lat' dir='ltr'><strong>discite</strong></span> <span class='ocrx_word' id='word_1_392' title='bbox 989 4786 1017 4819; x_wconf 76' lang='grc' dir='ltr'><strong>ιι</strong></span> <span class='ocrx_word' id='word_1_393' title='bbox 1049 4785 1126 4821; x_wconf 87' lang='lat' dir='ltr'><strong>me</strong></span> <span class='ocrx_word' id='word_1_394' title='bbox 1149 4768 1267 4837; x_wconf 84' lang='lat' dir='ltr'><strong>quia</strong></span> <span class='ocrx_word' id='word_1_395' title='bbox 1294 4767 1427 4819; x_wconf 80' lang='lat' dir='ltr'><strong>mitis</strong></span> <span class='ocrx_word' id='word_1_396' title='bbox 1454 4782 1564 4818; x_wconf 91' lang='lat' dir='ltr'><strong>sum</strong></span> <span class='ocrx_word' id='word_1_397' title='bbox 1585 4775 1630 4817; x_wconf 86' lang='lat' dir='ltr'><strong>et</strong></span> <span class='ocrx_word' id='word_1_398' title='bbox 1652 4766 1856 4819; x_wconf 78' lang='lat' dir='ltr'><strong>Immitis</strong></span> <span class='ocrx_word' id='word_1_399' title='bbox 1874 4766 2025 4819; x_wconf 86' lang='lat' dir='ltr'><strong>corde</strong></span> <span class='ocrx_word' id='word_1_400' title='bbox 2049 4768 2163 4836; x_wconf 85' lang='lat' dir='ltr'><strong>:ju-</strong></span> 
     </span>
    </p>
   </div>
   <div class='ocr_carea' id='block_1_50' title="bbox 578 4857 2159 4935">
    <p class='ocr_par' dir='ltr' id='par_1_50' title="bbox 578 4857 2159 4935">
     <span class='ocr_line' id='line_1_50' title="bbox 578 4857 2159 4935; baseline -0.003 -20"><span class='ocrx_word' id='word_1_401' title='bbox 578 4881 697 4935; x_wconf 79' lang='lat' dir='ltr'><strong>gum</strong></span> <span class='ocrx_word' id='word_1_402' title='bbox 728 4864 857 4915; x_wconf 87' lang='lat' dir='ltr'><strong>enim</strong></span> <span class='ocrx_word' id='word_1_403' title='bbox 886 4876 1050 4912; x_wconf 75' lang='lat' dir='ltr'><strong>meum</strong></span> <span class='ocrx_word' id='word_1_404' title='bbox 1076 4875 1226 4911; x_wconf 82' lang='lat' dir='ltr'><strong>suave</strong></span> <span class='ocrx_word' id='word_1_405' title='bbox 1256 4867 1348 4919; x_wconf 83' lang='lat' dir='ltr'><strong>est,</strong></span> <span class='ocrx_word' id='word_1_406' title='bbox 1377 4867 1422 4910; x_wconf 84' lang='lat' dir='ltr'><strong>et</strong></span> <span class='ocrx_word' id='word_1_407' title='bbox 1451 4874 1578 4910; x_wconf 85' lang='lat' dir='ltr'><strong>onus</strong></span> <span class='ocrx_word' id='word_1_408' title='bbox 1608 4874 1770 4909; x_wconf 87' lang='lat' dir='ltr'><strong>meum</strong></span> <span class='ocrx_word' id='word_1_409' title='bbox 1799 4858 1901 4910; x_wconf 85' lang='lat' dir='ltr'><strong>leve</strong></span> <span class='ocrx_word' id='word_1_410' title='bbox 1932 4858 1950 4927; x_wconf 89' lang='lat'><strong>(</strong></span> <span class='ocrx_word' id='word_1_411' title='bbox 1974 4857 2159 4915; x_wconf 79' lang='lat' dir='ltr'><strong>Matth,</strong></span> 
     </span>
    </p>
   </div>
   <div class='ocr_carea' id='block_1_51' title="bbox 578 4948 2160 5022">
    <p class='ocr_par' dir='ltr' id='par_1_51' title="bbox 578 4948 2160 5022">
     <span class='ocr_line' id='line_1_51' title="bbox 578 4948 2160 5022; baseline -0.006 -10"><span class='ocrx_word' id='word_1_412' title='bbox 578 4960 666 5012; x_wconf 79' lang='lat' dir='ltr'><strong>ll.</strong></span> <span class='ocrx_word' id='word_1_413' title='bbox 699 4955 770 5009; x_wconf 75' lang='lat'><strong>28</strong></span> <span class='ocrx_word' id='word_1_414' title='bbox 810 4954 852 5022; x_wconf 88' lang='lat'><strong>).</strong></span> <span class='ocrx_word' id='word_1_415' title='bbox 884 4951 1018 5017; x_wconf 79' lang='lat' dir='ltr'><strong>Quid</strong></span> <span class='ocrx_word' id='word_1_416' title='bbox 1050 4951 1190 5006; x_wconf 89' lang='lat' dir='ltr'><strong>cnim</strong></span> <span class='ocrx_word' id='word_1_417' title='bbox 1224 4951 1396 5003; x_wconf 85' lang='lat' dir='ltr'><strong>levius</strong></span> <span class='ocrx_word' id='word_1_418' title='bbox 1418 4991 1431 5011; x_wconf 92' lang='lat'><strong>,</strong></span> <span class='ocrx_word' id='word_1_419' title='bbox 1461 4948 1549 5003; x_wconf 89' lang='lat' dir='ltr'><strong>dic</strong></span> <span class='ocrx_word' id='word_1_420' title='bbox 1578 4948 1743 5014; x_wconf 90' lang='lat' dir='ltr'><strong>mihi,</strong></span> <span class='ocrx_word' id='word_1_421' title='bbox 1787 4965 1944 5019; x_wconf 87' lang='lat' dir='ltr'><strong>quam</strong></span> <span class='ocrx_word' id='word_1_422' title='bbox 1981 4951 2124 5004; x_wconf 86' lang='lat' dir='ltr'><strong>curis</strong></span> <span class='ocrx_word' id='word_1_423' title='bbox 2146 4993 2160 5017; x_wconf 92' lang='lat'><strong>,</strong></span> 
     </span>
    </p>
   </div>
   <div class='ocr_carea' id='block_1_52' title="bbox 578 5041 2162 5119">
    <p class='ocr_par' dir='ltr' id='par_1_52' title="bbox 578 5041 2162 5119">
     <span class='ocr_line' id='line_1_52' title="bbox 578 5041 2162 5119; baseline -0.003 -16"><span class='ocrx_word' id='word_1_424' title='bbox 578 5048 803 5119; x_wconf 81' lang='lat' dir='ltr'><strong>negotiis</strong></span> <span class='ocrx_word' id='word_1_425' title='bbox 824 5089 839 5113; x_wconf 92' lang='lat'><strong>,</strong></span> <span class='ocrx_word' id='word_1_426' title='bbox 872 5044 1154 5100; x_wconf 89' lang='lat' dir='ltr'><strong>timoribus</strong></span> <span class='ocrx_word' id='word_1_427' title='bbox 1192 5050 1352 5113; x_wconf 85' lang='lat' dir='ltr'><strong>atque</strong></span> <span class='ocrx_word' id='word_1_428' title='bbox 1397 5041 1667 5096; x_wconf 90' lang='lat' dir='ltr'><strong>laboribus</strong></span> <span class='ocrx_word' id='word_1_429' title='bbox 1696 5043 1874 5106; x_wconf 82' lang='lat' dir='ltr'><strong>eximi,</strong></span> <span class='ocrx_word' id='word_1_430' title='bbox 1906 5044 1971 5097; x_wconf 93' lang='lat' dir='ltr'><strong>ab</strong></span> <span class='ocrx_word' id='word_1_431' title='bbox 2004 5043 2162 5113; x_wconf 89' lang='lat' dir='ltr'><strong>hujus</strong></span> 
     </span>
    </p>
   </div>
   <div class='ocr_carea' id='block_1_53' title="bbox 577 5134 2160 5206">
    <p class='ocr_par' dir='ltr' id='par_1_53' title="bbox 577 5134 2160 5206">
     <span class='ocr_line' id='line_1_53' title="bbox 577 5134 2160 5206; baseline -0.004 -11"><span class='ocrx_word' id='word_1_432' title='bbox 577 5144 703 5196; x_wconf 82' lang='lat' dir='ltr'><strong>vitae</strong></span> <span class='ocrx_word' id='word_1_433' title='bbox 720 5139 969 5195; x_wconf 84' lang='lat' dir='ltr'><strong>ﬂuctibus</strong></span> <span class='ocrx_word' id='word_1_434' title='bbox 990 5136 1281 5206; x_wconf 81' lang='lat' dir='ltr'><strong>segregari,</strong></span> <span class='ocrx_word' id='word_1_435' title='bbox 1296 5144 1350 5189; x_wconf 90' lang='lat' dir='ltr'><strong>et</strong></span> <span class='ocrx_word' id='word_1_436' title='bbox 1372 5136 1423 5187; x_wconf 92' lang='lat' dir='ltr'><strong>in</strong></span> <span class='ocrx_word' id='word_1_437' title='bbox 1446 5134 1730 5203; x_wconf 89' lang='lat' dir='ltr'><strong>tranquillo</strong></span> <span class='ocrx_word' id='word_1_438' title='bbox 1755 5146 1908 5203; x_wconf 87' lang='lat' dir='ltr'><strong>portu</strong></span> <span class='ocrx_word' id='word_1_439' title='bbox 1928 5136 2160 5205; x_wconf 75' lang='lat' dir='ltr'><strong>degere?</strong></span> 
     </span>
    </p>
   </div>
   <div class='ocr_carea' id='block_1_54' title="bbox 643 5224 2159 5297">
    <p class='ocr_par' dir='ltr' id='par_1_54' title="bbox 643 5224 2159 5297">
     <span class='ocr_line' id='line_1_54' title="bbox 643 5224 2159 5297; baseline -0.002 -13"><span class='ocrx_word' id='word_1_440' title='bbox 643 5236 698 5290; x_wconf 78' lang='lat'><strong>3.</strong></span> <span class='ocrx_word' id='word_1_441' title='bbox 732 5231 870 5297; x_wconf 77' lang='lat' dir='ltr'><strong>Quid</strong></span> <span class='ocrx_word' id='word_1_442' title='bbox 885 5231 938 5283; x_wconf 87' lang='lat' dir='ltr'><strong>in</strong></span> <span class='ocrx_word' id='word_1_443' title='bbox 959 5230 1053 5282; x_wconf 81' lang='lat' dir='ltr'><strong>hac</strong></span> <span class='ocrx_word' id='word_1_444' title='bbox 1072 5230 1172 5281; x_wconf 77' lang='lat' dir='ltr'><strong>vita</strong></span> <span class='ocrx_word' id='word_1_445' title='bbox 1192 5228 1255 5281; x_wconf 81' lang='lat' dir='ltr'><strong>sit</strong></span> <span class='ocrx_word' id='word_1_446' title='bbox 1279 5224 1730 5295; x_wconf 84' lang='lat' dir='ltr'><strong>aptabile.——Quid</strong></span> <span class='ocrx_word' id='word_1_447' title='bbox 1756 5227 1806 5279; x_wconf 92' lang='lat' dir='ltr'><strong>in</strong></span> <span class='ocrx_word' id='word_1_448' title='bbox 1836 5227 1935 5281; x_wconf 86' lang='lat' dir='ltr'><strong>hoc</strong></span> <span class='ocrx_word' id='word_1_449' title='bbox 1959 5227 2159 5282; x_wconf 89' lang='lat' dir='ltr'><strong>mundo</strong></span> 
     </span>
    </p>
   </div>
   <div class='ocr_carea' id='block_1_55' title="bbox 573 5317 2155 5387">
    <p class='ocr_par' dir='ltr' id='par_1_55' title="bbox 573 5317 2155 5387">
     <span class='ocr_line' id='line_1_55' title="bbox 573 5317 2155 5387; baseline -0.004 -7"><span class='ocrx_word' id='word_1_450' title='bbox 573 5327 779 5381; x_wconf 78' lang='lat' dir='ltr'><strong>telicins</strong></span> <span class='ocrx_word' id='word_1_451' title='bbox 810 5322 904 5377; x_wconf 90' lang='lat' dir='ltr'><strong>tibi</strong></span> <span class='ocrx_word' id='word_1_452' title='bbox 940 5321 1149 5375; x_wconf 88' lang='lat' dir='ltr'><strong>videtur</strong></span> <span class='ocrx_word' id='word_1_453' title='bbox 1178 5327 1233 5374; x_wconf 86' lang='lat' dir='ltr'><strong>et</strong></span> <span class='ocrx_word' id='word_1_454' title='bbox 1267 5317 1592 5387; x_wconf 86' lang='lat' dir='ltr'><strong>optabilius?</strong></span> <span class='ocrx_word' id='word_1_455' title='bbox 1621 5317 1983 5386; x_wconf 85' lang='lat' dir='ltr'><strong>Principatum</strong></span> <span class='ocrx_word' id='word_1_456' title='bbox 2015 5318 2155 5373; x_wconf 86' lang='lat' dir='ltr'><strong>haud</strong></span> 
     </span>
    </p>
   </div>
   <div class='ocr_carea' id='block_1_56' title="bbox 580 5409 2159 5478">
    <p class='ocr_par' dir='ltr' id='par_1_56' title="bbox 580 5409 2159 5478">
     <span class='ocr_line' id='line_1_56' title="bbox 580 5409 2159 5478; baseline -0.005 -6"><span class='ocrx_word' id='word_1_457' title='bbox 580 5417 740 5471; x_wconf 89' lang='lat' dir='ltr'><strong>dubie</strong></span> <span class='ocrx_word' id='word_1_458' title='bbox 766 5414 914 5469; x_wconf 90' lang='lat' dir='ltr'><strong>dices</strong></span> <span class='ocrx_word' id='word_1_459' title='bbox 956 5422 1009 5468; x_wconf 90' lang='lat' dir='ltr'><strong>et</strong></span> <span class='ocrx_word' id='word_1_460' title='bbox 1053 5410 1265 5465; x_wconf 87' lang='lat' dir='ltr'><strong>divitias</strong></span> <span class='ocrx_word' id='word_1_461' title='bbox 1297 5409 1595 5478; x_wconf 86' lang='lat' dir='ltr'><strong>bonamque</strong></span> <span class='ocrx_word' id='word_1_462' title='bbox 1623 5409 1763 5477; x_wconf 90' lang='lat' dir='ltr'><strong>apud</strong></span> <span class='ocrx_word' id='word_1_463' title='bbox 1796 5410 2039 5469; x_wconf 82' lang='lat' dir='ltr'><strong>homines</strong></span> <span class='ocrx_word' id='word_1_464' title='bbox 2079 5410 2159 5465; x_wconf 88' lang='lat' dir='ltr'><strong>fa-</strong></span> 
     </span>
    </p>
   </div>
   <div class='ocr_carea' id='block_1_57' title="bbox 639 5607 2159 5681">
    <p class='ocr_par' dir='ltr' id='par_1_57' title="bbox 639 5607 2159 5681">
     <span class='ocr_line' id='line_1_57' title="bbox 639 5607 2159 5681; baseline 0.001 -17"><span class='ocrx_word' id='word_1_465' title='bbox 639 5619 654 5681; x_wconf 57' lang='lat'>!</span> <span class='ocrx_word' id='word_1_466' title='bbox 691 5615 878 5665; x_wconf 75' lang='lat' dir='ltr'><strong>Habent</strong></span> <span class='ocrx_word' id='word_1_467' title='bbox 908 5614 1004 5681; x_wconf 81' lang='lat' dir='ltr'><strong>duo</strong></span> <span class='ocrx_word' id='word_1_468' title='bbox 1036 5616 1242 5681; x_wconf 34' lang='lat' dir='ltr'><strong>Mss.,.nt</strong></span> <span class='ocrx_word' id='word_1_469' title='bbox 1263 5609 1335 5659; x_wconf 72' lang='lat' dir='ltr'><strong>vir</strong></span> <span class='ocrx_word' id='word_1_470' title='bbox 1372 5607 1577 5671; x_wconf 77' lang='lat' dir='ltr'><strong>sapiens,</strong></span> <span class='ocrx_word' id='word_1_471' title='bbox 1601 5618 1695 5659; x_wconf 90' lang='lat' dir='ltr'><strong>etc.</strong></span> <span class='ocrx_word' id='word_1_472' title='bbox 1721 5611 1843 5662; x_wconf 79' lang='lat' dir='ltr'><strong>Infra</strong></span> <span class='ocrx_word' id='word_1_473' title='bbox 1867 5625 2037 5667; x_wconf 89' lang='lat' dir='ltr'><strong>omnes</strong></span> <span class='ocrx_word' id='word_1_474' title='bbox 2059 5616 2159 5678; x_wconf 88' lang='lat' dir='ltr'><strong>alii,</strong></span> 
     </span>
    </p>
   </div>
   <div class='ocr_carea' id='block_1_58' title="bbox 575 5675 1539 5743">
    <p class='ocr_par' dir='ltr' id='par_1_58' title="bbox 575 5675 1539 5743">
     <span class='ocr_line' id='line_1_58' title="bbox 575 5675 1539 5743; baseline -0.017 -14"><span class='ocrx_word' id='word_1_475' title='bbox 575 5679 649 5743; x_wconf 72' lang='lat' dir='ltr'><strong>qui</strong></span> <span class='ocrx_word' id='word_1_476' title='bbox 666 5675 1309 5743; x_wconf 49' lang='lat' dir='ltr'><strong>justus,otnisso,_prins.n</strong></span> <span class='ocrx_word' id='word_1_477' title='bbox 1423 5739 1433 5743; x_wconf 77' lang='lat'><em>_</em></span> <span class='ocrx_word' id='word_1_478' title='bbox 1529 5731 1539 5740; x_wconf 28' lang='grc' dir='ltr'><strong>ν</strong></span> 
     </span>
    </p>
   </div>
   <div class='ocr_carea' id='block_1_59' title="bbox 634 5733 2159 5800">
    <p class='ocr_par' dir='ltr' id='par_1_59' title="bbox 634 5733 2159 5800">
     <span class='ocr_line' id='line_1_59' title="bbox 634 5733 2159 5800; baseline 0.005 -19"><span class='ocrx_word' id='word_1_479' title='bbox 634 5733 852 5800; x_wconf 72' lang='lat' dir='ltr'><strong>I&#39;pergit</strong></span> <span class='ocrx_word' id='word_1_480' title='bbox 876 5740 924 5784; x_wconf 88' lang='lat' dir='ltr'><strong>in</strong></span> <span class='ocrx_word' id='word_1_481' title='bbox 948 5733 1168 5796; x_wconf 78' lang='lat' dir='ltr'><strong>margine</strong></span> <span class='ocrx_word' id='word_1_482' title='bbox 1192 5733 1353 5788; x_wconf 61' lang='lat' dir='ltr'><strong>savil.,</strong></span> <span class='ocrx_word' id='word_1_483' title='bbox 1383 5739 1433 5799; x_wconf 77' lang='lat' dir='ltr'><strong>ut</strong></span> <span class='ocrx_word' id='word_1_484' title='bbox 1458 5733 1656 5800; x_wconf 73' lang='lat' dir='ltr'><strong>quisque</strong></span> <span class='ocrx_word' id='word_1_485' title='bbox 1681 5734 1848 5800; x_wconf 63' lang='lat' dir='ltr'><strong>(ureret</strong></span> <span class='ocrx_word' id='word_1_486' title='bbox 1870 5749 1981 5800; x_wconf 61' lang='lat' dir='ltr'><strong>qm:</strong></span> <span class='ocrx_word' id='word_1_487' title='bbox 2002 5774 2015 5796; x_wconf 91' lang='lat'><strong>,</strong></span> <span class='ocrx_word' id='word_1_488' title='bbox 2045 5740 2159 5791; x_wconf 77' lang='lat' dir='ltr'><strong>dum</strong></span> 
     </span>
    </p>
   </div>
   <div class='ocr_carea' id='block_1_60' title="bbox 571 5798 1977 5865">
    <p class='ocr_par' dir='ltr' id='par_1_60' title="bbox 571 5798 1977 5865">
     <span class='ocr_line' id='line_1_60' title="bbox 571 5798 1977 5865; baseline -0.003 -16"><span class='ocrx_word' id='word_1_489' title='bbox 571 5803 619 5853; x_wconf 81' lang='lat' dir='ltr'><strong>in</strong></span> <span class='ocrx_word' id='word_1_490' title='bbox 645 5798 840 5865; x_wconf 62' lang='lat' dir='ltr'><strong>(crpore</strong></span> <span class='ocrx_word' id='word_1_491' title='bbox 864 5804 1005 5858; x_wconf 68' lang='lat' dir='ltr'><strong>esset,</strong></span> <span class='ocrx_word' id='word_1_492' title='bbox 1028 5802 1246 5860; x_wconf 74' lang='lat' dir='ltr'><strong>operatus</strong></span> <span class='ocrx_word' id='word_1_493' title='bbox 1265 5802 1331 5845; x_wconf 76' lang='lat' dir='ltr'><strong>est</strong></span> <span class='ocrx_word' id='word_1_494' title='bbox 1353 5798 1447 5843; x_wconf 73' lang='lat' dir='ltr'><strong>sive</strong></span> <span class='ocrx_word' id='word_1_495' title='bbox 1468 5798 1651 5858; x_wconf 73' lang='lat' dir='ltr'><strong>bonum,</strong></span> <span class='ocrx_word' id='word_1_496' title='bbox 1674 5798 1764 5847; x_wconf 69' lang='lat' dir='ltr'><strong>sive</strong></span> <span class='ocrx_word' id='word_1_497' title='bbox 1780 5798 1977 5847; x_wconf 80' lang='lat' dir='ltr'><strong>malum.</strong></span> 
     </span>
    </p>
   </div>
   <div class='ocr_carea' id='block_1_61' title="bbox 3786 362 3894 395">
    <p class='ocr_par' dir='ltr' id='par_1_61' title="bbox 3786 362 3894 395">
     <span class='ocr_line' id='line_1_61' title="bbox 3786 362 3894 395; baseline 0 -1"><span class='ocrx_word' id='word_1_498' title='bbox 3786 362 3894 395; x_wconf 59' lang='grc' dir='ltr'><strong>ξιδ)</strong></span> 
     </span>
    </p>
   </div>
   <div class='ocr_carea' id='block_1_62' title="bbox 1306 335 2163 414">
    <p class='ocr_par' dir='ltr' id='par_1_62' title="bbox 1306 347 2163 406">
     <span class='ocr_line' id='line_1_62' title="bbox 1306 347 2163 406; baseline 0.001 -4"><span class='ocrx_word' id='word_1_499' title='bbox 1306 348 1362 402; x_wconf 86' lang='lat' dir='ltr'><strong>S.</strong></span> <span class='ocrx_word' id='word_1_500' title='bbox 1404 348 1683 405; x_wconf 58' lang='lat' dir='ltr'><strong>10“le</strong></span> <span class='ocrx_word' id='word_1_501' title='bbox 1723 347 2163 406; x_wconf 67' lang='lat' dir='ltr'><strong>(JHRYSOSTOM</strong></span> 
     </span>
    </p>
   </div>
   <div class='ocr_carea' id='block_1_63' title="bbox 2178 335 3890 414">
    <p class='ocr_par' dir='ltr' id='par_1_63' title="bbox 2178 335 3890 414">
     <span class='ocr_line' id='line_1_63' title="bbox 2178 335 3890 414; baseline 0.005 -10"><span class='ocrx_word' id='word_1_502' title='bbox 2178 349 2192 404; x_wconf 90' lang='grc' dir='ltr'>ι</span> <span class='ocrx_word' id='word_1_503' title='bbox 2229 335 2545 407; x_wconf 66' lang='lat' dir='ltr'><strong>metune.</strong></span> <span class='ocrx_word' id='word_1_504' title='bbox 2586 354 3127 412; x_wconf 28' lang='lat' dir='ltr'><strong>,CONSTANTINOP.</strong></span> <span class='ocrx_word' id='word_1_505' title='bbox 3785 362 3890 414; x_wconf 67' lang='lat' dir='ltr'><strong>see</strong></span> 
     </span>
    </p>
   </div>
   <div class='ocr_carea' id='block_1_64' title="bbox 2296 464 3890 537">
    <p class='ocr_par' dir='ltr' id='par_1_64' title="bbox 2296 464 3890 537">
     <span class='ocr_line' id='line_1_64' title="bbox 2296 464 3890 537; baseline 0.009 -21"><span class='ocrx_word' id='word_1_506' title='bbox 2296 478 2455 517; x_wconf 89' lang='lat' dir='ltr'><strong>mam.</strong></span> <span class='ocrx_word' id='word_1_507' title='bbox 2472 464 2574 520; x_wconf 89' lang='lat' dir='ltr'><strong>Sed</strong></span> <span class='ocrx_word' id='word_1_508' title='bbox 2592 470 2713 537; x_wconf 90' lang='lat' dir='ltr'><strong>quid</strong></span> <span class='ocrx_word' id='word_1_509' title='bbox 2733 470 2812 525; x_wconf 87' lang='lat' dir='ltr'><strong>his</strong></span> <span class='ocrx_word' id='word_1_510' title='bbox 2830 471 3182 527; x_wconf 87' lang='lat' dir='ltr'><strong>miserabilius</strong></span> <span class='ocrx_word' id='word_1_511' title='bbox 3196 470 3355 537; x_wconf 82' lang='lat' dir='ltr'><strong>est,si</strong></span> <span class='ocrx_word' id='word_1_512' title='bbox 3372 470 3789 531; x_wconf 84' lang='lat' dir='ltr'><strong>Christianorum</strong></span> <span class='ocrx_word' id='word_1_513' title='bbox 3825 481 3890 531; x_wconf 80' lang='lat' dir='ltr'><strong>it-</strong></span> 
     </span>
    </p>
   </div>
   <div class='ocr_carea' id='block_1_65' title="bbox 2296 552 3889 644">
    <p class='ocr_par' dir='ltr' id='par_1_65' title="bbox 2296 552 3889 644">
     <span class='ocr_line' id='line_1_65' title="bbox 2296 552 3889 644; baseline 0.016 -38"><span class='ocrx_word' id='word_1_514' title='bbox 2296 552 2481 609; x_wconf 82' lang='lat' dir='ltr'><strong>bertati</strong></span> <span class='ocrx_word' id='word_1_515' title='bbox 2504 564 2918 628; x_wconf 82' lang='lat' dir='ltr'><strong>comparentur?</strong></span> <span class='ocrx_word' id='word_1_516' title='bbox 2943 563 3073 619; x_wconf 85' lang='lat' dir='ltr'><strong>Nam</strong></span> <span class='ocrx_word' id='word_1_517' title='bbox 3104 567 3350 639; x_wconf 78' lang='lat' dir='ltr'><strong>princeps</strong></span> <span class='ocrx_word' id='word_1_518' title='bbox 3379 570 3543 627; x_wconf 80' lang='lat' dir='ltr'><strong>furori</strong></span> <span class='ocrx_word' id='word_1_519' title='bbox 3569 576 3889 644; x_wconf 72' lang='lat' dir='ltr'><strong>pnpttlurutn</strong></span> 
     </span>
    </p>
   </div>
   <div class='ocr_carea' id='block_1_66' title="bbox 2295 645 3889 737">
    <p class='ocr_par' dir='ltr' id='par_1_66' title="bbox 2295 645 3889 737">
     <span class='ocr_line' id='line_1_66' title="bbox 2295 645 3889 737; baseline 0.016 -40"><span class='ocrx_word' id='word_1_520' title='bbox 2295 645 2532 737; x_wconf 83' lang='lat' dir='ltr'><strong>subjacet</strong></span> <span class='ocrx_word' id='word_1_521' title='bbox 2580 649 2843 721; x_wconf 88' lang='lat' dir='ltr'><strong>brutoque</strong></span> <span class='ocrx_word' id='word_1_522' title='bbox 2892 655 3245 712; x_wconf 87' lang='lat' dir='ltr'><strong>multitudinis</strong></span> <span class='ocrx_word' id='word_1_523' title='bbox 3292 661 3507 732; x_wconf 86' lang='lat' dir='ltr'><strong>impetui</strong></span> <span class='ocrx_word' id='word_1_524' title='bbox 3548 707 3563 729; x_wconf 95' lang='lat'><strong>,</strong></span> <span class='ocrx_word' id='word_1_525' title='bbox 3624 668 3889 737; x_wconf 63' lang='lat' dir='ltr'><strong>majorum</strong></span> 
     </span>
    </p>
   </div>
   <div class='ocr_carea' id='block_1_67' title="bbox 2296 733 3887 831">
    <p class='ocr_par' dir='ltr' id='par_1_67' title="bbox 2296 733 3887 831">
     <span class='ocr_line' id='line_1_67' title="bbox 2296 733 3887 831; baseline 0.018 -45"><span class='ocrx_word' id='word_1_526' title='bbox 2296 733 2593 831; x_wconf 84' lang='lat' dir='ltr'><strong>principum</strong></span> <span class='ocrx_word' id='word_1_527' title='bbox 2624 741 2822 809; x_wconf 86' lang='lat' dir='ltr'><strong>timori,</strong></span> <span class='ocrx_word' id='word_1_528' title='bbox 2851 745 3198 803; x_wconf 84' lang='lat' dir='ltr'><strong>sollicitudini</strong></span> <span class='ocrx_word' id='word_1_529' title='bbox 3231 766 3355 821; x_wconf 70' lang='lat' dir='ltr'><strong>erga</strong></span> <span class='ocrx_word' id='word_1_530' title='bbox 3393 754 3637 811; x_wconf 87' lang='lat' dir='ltr'><strong>subditos</strong></span> <span class='ocrx_word' id='word_1_531' title='bbox 3663 776 3675 812; x_wconf 97' lang='lat'>:</span> <span class='ocrx_word' id='word_1_532' title='bbox 3706 733 3767 817; x_wconf 77' lang='lat' dir='ltr'><strong>at:</strong></span> <span class='ocrx_word' id='word_1_533' title='bbox 3796 767 3887 831; x_wconf 80' lang='lat' dir='ltr'><strong>qui</strong></span> 
     </span>
    </p>
   </div>
   <div class='ocr_carea' id='block_1_68' title="bbox 2296 822 3891 922">
    <p class='ocr_par' dir='ltr' id='par_1_68' title="bbox 2296 822 3891 922">
     <span class='ocr_line' id='line_1_68' title="bbox 2296 822 3891 922; baseline 0.017 -45"><span class='ocrx_word' id='word_1_534' title='bbox 2296 822 2407 922; x_wconf 77' lang='lat' dir='ltr'><strong>heri</strong></span> <span class='ocrx_word' id='word_1_535' title='bbox 2426 828 2674 899; x_wconf 88' lang='lat' dir='ltr'><strong>princeps</strong></span> <span class='ocrx_word' id='word_1_536' title='bbox 2686 836 2825 901; x_wconf 85' lang='lat' dir='ltr'><strong>erat,</strong></span> <span class='ocrx_word' id='word_1_537' title='bbox 2845 835 3003 892; x_wconf 86' lang='lat' dir='ltr'><strong>hodie</strong></span> <span class='ocrx_word' id='word_1_538' title='bbox 3022 842 3257 907; x_wconf 90' lang='lat' dir='ltr'><strong>privatus</strong></span> <span class='ocrx_word' id='word_1_539' title='bbox 3273 842 3532 902; x_wconf 78' lang='lat' dir='ltr'><strong>efﬁcitur:</strong></span> <span class='ocrx_word' id='word_1_540' title='bbox 3559 848 3671 905; x_wconf 64' lang='lat' dir='ltr'><strong>hate</strong></span> <span class='ocrx_word' id='word_1_541' title='bbox 3691 822 3891 922; x_wconf 66' lang='lat' dir='ltr'><strong>quippe</strong></span> 
     </span>
    </p>
   </div>
   <div class='ocr_carea' id='block_1_69' title="bbox 2293 916 3886 1010">
    <p class='ocr_par' dir='ltr' id='par_1_69' title="bbox 2293 916 3886 1010">
     <span class='ocr_line' id='line_1_69' title="bbox 2293 916 3886 1010; baseline 0.018 -43"><span class='ocrx_word' id='word_1_542' title='bbox 2293 916 2397 970; x_wconf 72' lang='lat' dir='ltr'><strong>vita</strong></span> <span class='ocrx_word' id='word_1_543' title='bbox 2425 918 2555 972; x_wconf 91' lang='lat' dir='ltr'><strong>nihil</strong></span> <span class='ocrx_word' id='word_1_544' title='bbox 2586 936 2615 975; x_wconf 86' lang='lat' dir='ltr'><strong>a</strong></span> <span class='ocrx_word' id='word_1_545' title='bbox 2648 937 2806 979; x_wconf 87' lang='lat' dir='ltr'><strong>scena</strong></span> <span class='ocrx_word' id='word_1_546' title='bbox 2839 926 3032 984; x_wconf 79' lang='lat' dir='ltr'><strong>differt.</strong></span> <span class='ocrx_word' id='word_1_547' title='bbox 3059 930 3191 986; x_wconf 78' lang='lat' dir='ltr'><strong>Nam</strong></span> <span class='ocrx_word' id='word_1_548' title='bbox 3217 944 3270 986; x_wconf 92' lang='lat' dir='ltr'><strong>ut</strong></span> <span class='ocrx_word' id='word_1_549' title='bbox 3303 936 3372 988; x_wconf 88' lang='lat' dir='ltr'><strong>ibi</strong></span> <span class='ocrx_word' id='word_1_550' title='bbox 3404 936 3489 991; x_wconf 89' lang='lat' dir='ltr'><strong>hic</strong></span> <span class='ocrx_word' id='word_1_551' title='bbox 3517 916 3886 1010; x_wconf 73' lang='lat' dir='ltr'><strong>iittper:itoris,</strong></span> 
     </span>
    </p>
   </div>
   <div class='ocr_carea' id='block_1_70' title="bbox 2294 1006 3888 1101">
    <p class='ocr_par' dir='ltr' id='par_1_70' title="bbox 2294 1006 3888 1101">
     <span class='ocr_line' id='line_1_70' title="bbox 2294 1006 3888 1101; baseline 0.019 -41"><span class='ocrx_word' id='word_1_552' title='bbox 2294 1006 2383 1063; x_wconf 92' lang='lat' dir='ltr'><strong>ille</strong></span> <span class='ocrx_word' id='word_1_553' title='bbox 2413 1009 2584 1076; x_wconf 88' lang='lat' dir='ltr'><strong>ducis,</strong></span> <span class='ocrx_word' id='word_1_554' title='bbox 2604 1015 2739 1070; x_wconf 82' lang='lat' dir='ltr'><strong>alter</strong></span> <span class='ocrx_word' id='word_1_555' title='bbox 2766 1019 2952 1074; x_wconf 92' lang='lat' dir='ltr'><strong>militis</strong></span> <span class='ocrx_word' id='word_1_556' title='bbox 2981 1022 3165 1093; x_wconf 86' lang='lat' dir='ltr'><strong>implet</strong></span> <span class='ocrx_word' id='word_1_557' title='bbox 3186 1024 3420 1082; x_wconf 84' lang='lat' dir='ltr'><strong>officium</strong></span> <span class='ocrx_word' id='word_1_558' title='bbox 3442 1048 3451 1081; x_wconf 94' lang='lat'>:</span> <span class='ocrx_word' id='word_1_559' title='bbox 3475 1006 3680 1101; x_wconf 81' lang='lat' dir='ltr'><strong>vesperi</strong></span> <span class='ocrx_word' id='word_1_560' title='bbox 3708 1046 3888 1090; x_wconf 84' lang='lat' dir='ltr'><strong>autem</strong></span> 
     </span>
    </p>
   </div>
   <div class='ocr_carea' id='block_1_71' title="bbox 2293 1104 3883 1195">
    <p class='ocr_par' dir='ltr' id='par_1_71' title="bbox 2293 1104 3883 1195">
     <span class='ocr_line' id='line_1_71' title="bbox 2293 1104 3883 1195; baseline 0.019 -42"><span class='ocrx_word' id='word_1_561' title='bbox 2293 1115 2392 1155; x_wconf 90' lang='lat' dir='ltr'><strong>nec</strong></span> <span class='ocrx_word' id='word_1_562' title='bbox 2419 1104 2733 1174; x_wconf 87' lang='lat' dir='ltr'><strong>imperator,</strong></span> <span class='ocrx_word' id='word_1_563' title='bbox 2767 1113 2854 1180; x_wconf 90' lang='lat' dir='ltr'><strong>qui</strong></span> <span class='ocrx_word' id='word_1_564' title='bbox 2882 1113 3173 1183; x_wconf 90' lang='lat' dir='ltr'><strong>imperator</strong></span> <span class='ocrx_word' id='word_1_565' title='bbox 3200 1131 3337 1180; x_wconf 85' lang='lat' dir='ltr'><strong>erat,</strong></span> <span class='ocrx_word' id='word_1_566' title='bbox 3370 1137 3468 1177; x_wconf 89' lang='lat' dir='ltr'><strong>nec</strong></span> <span class='ocrx_word' id='word_1_567' title='bbox 3492 1124 3600 1179; x_wconf 82' lang='lat' dir='ltr'><strong>dux</strong></span> <span class='ocrx_word' id='word_1_568' title='bbox 3631 1128 3719 1195; x_wconf 90' lang='lat' dir='ltr'><strong>qui</strong></span> <span class='ocrx_word' id='word_1_569' title='bbox 3747 1129 3883 1193; x_wconf 75' lang='lat' dir='ltr'><strong>dux,</strong></span> 
     </span>
    </p>
   </div>
   <div class='ocr_carea' id='block_1_72' title="bbox 2291 1198 3883 1284">
    <p class='ocr_par' dir='ltr' id='par_1_72' title="bbox 2291 1198 3883 1284">
     <span class='ocr_line' id='line_1_72' title="bbox 2291 1198 3883 1284; baseline 0.018 -37"><span class='ocrx_word' id='word_1_570' title='bbox 2291 1209 2392 1250; x_wconf 90' lang='lat' dir='ltr'><strong>nec</strong></span> <span class='ocrx_word' id='word_1_571' title='bbox 2421 1198 2574 1254; x_wconf 89' lang='lat' dir='ltr'><strong>miles</strong></span> <span class='ocrx_word' id='word_1_572' title='bbox 2605 1202 2691 1272; x_wconf 92' lang='lat' dir='ltr'><strong>qui</strong></span> <span class='ocrx_word' id='word_1_573' title='bbox 2724 1206 2877 1260; x_wconf 83' lang='lat' dir='ltr'><strong>miles</strong></span> <span class='ocrx_word' id='word_1_574' title='bbox 2902 1217 3053 1274; x_wconf 88' lang='lat' dir='ltr'><strong>erat,</strong></span> <span class='ocrx_word' id='word_1_575' title='bbox 3086 1222 3327 1268; x_wconf 87' lang='lat' dir='ltr'><strong>remanet</strong></span> <span class='ocrx_word' id='word_1_576' title='bbox 3352 1232 3365 1266; x_wconf 88' lang='lat'><strong>:</strong></span> <span class='ocrx_word' id='word_1_577' title='bbox 3394 1216 3470 1271; x_wconf 86' lang='lat' dir='ltr'><strong>sic</strong></span> <span class='ocrx_word' id='word_1_578' title='bbox 3497 1226 3551 1271; x_wconf 89' lang='lat' dir='ltr'><strong>et</strong></span> <span class='ocrx_word' id='word_1_579' title='bbox 3580 1218 3634 1272; x_wconf 91' lang='lat' dir='ltr'><strong>in</strong></span> <span class='ocrx_word' id='word_1_580' title='bbox 3657 1218 3746 1275; x_wconf 87' lang='lat' dir='ltr'><strong>die</strong></span> <span class='ocrx_word' id='word_1_581' title='bbox 3770 1220 3883 1284; x_wconf 89' lang='lat' dir='ltr'><strong>illa,</strong></span> 
     </span>
    </p>
   </div>
   <div class='ocr_carea' id='block_1_73' title="bbox 2291 1297 3883 1380">
    <p class='ocr_par' dir='ltr' id='par_1_73' title="bbox 2291 1297 3883 1380">
     <span class='ocr_line' id='line_1_73' title="bbox 2291 1297 3883 1380; baseline 0.018 -41"><span class='ocrx_word' id='word_1_582' title='bbox 2291 1300 2396 1341; x_wconf 92' lang='lat' dir='ltr'><strong>non</strong></span> <span class='ocrx_word' id='word_1_583' title='bbox 2428 1304 2455 1341; x_wconf 90' lang='lat' dir='ltr'><strong>a</strong></span> <span class='ocrx_word' id='word_1_584' title='bbox 2481 1306 2729 1360; x_wconf 88' lang='lat' dir='ltr'><strong>persona.</strong></span> <span class='ocrx_word' id='word_1_585' title='bbox 2762 1297 2857 1352; x_wconf 85' lang='lat' dir='ltr'><strong>sed</strong></span> <span class='ocrx_word' id='word_1_586' title='bbox 2889 1299 2956 1354; x_wconf 89' lang='lat' dir='ltr'><strong>ab</strong></span> <span class='ocrx_word' id='word_1_587' title='bbox 2985 1302 3237 1370; x_wconf 90' lang='lat' dir='ltr'><strong>operibus</strong></span> <span class='ocrx_word' id='word_1_588' title='bbox 3254 1304 3464 1375; x_wconf 77' lang='lat' dir='ltr'><strong>dignam</strong></span> <span class='ocrx_word' id='word_1_589' title='bbox 3483 1312 3713 1380; x_wconf 88' lang='lat' dir='ltr'><strong>quisque</strong></span> <span class='ocrx_word' id='word_1_590' title='bbox 3739 1327 3883 1368; x_wconf 87' lang='lat' dir='ltr'><strong>mer-</strong></span> 
     </span>
    </p>
   </div>
   <div class='ocr_carea' id='block_1_74' title="bbox 2290 1380 3881 1469">
    <p class='ocr_par' dir='ltr' id='par_1_74' title="bbox 2290 1380 3881 1469">
     <span class='ocr_line' id='line_1_74' title="bbox 2290 1380 3881 1469; baseline 0.016 -36"><span class='ocrx_word' id='word_1_591' title='bbox 2290 1380 2474 1436; x_wconf 90' lang='lat' dir='ltr'><strong>cedem</strong></span> <span class='ocrx_word' id='word_1_592' title='bbox 2507 1386 2750 1455; x_wconf 87' lang='lat' dir='ltr'><strong>accipiet.</strong></span> <span class='ocrx_word' id='word_1_593' title='bbox 2783 1390 2851 1444; x_wconf 83' lang='lat' dir='ltr'><strong>At</strong></span> <span class='ocrx_word' id='word_1_594' title='bbox 2874 1392 3040 1461; x_wconf 81' lang='lat' dir='ltr'><strong>gloria</strong></span> <span class='ocrx_word' id='word_1_595' title='bbox 3066 1394 3313 1451; x_wconf 83' lang='lat' dir='ltr'><strong>fortassis</strong></span> <span class='ocrx_word' id='word_1_596' title='bbox 3334 1399 3385 1452; x_wconf 90' lang='lat' dir='ltr'><strong>in</strong></span> <span class='ocrx_word' id='word_1_597' title='bbox 3411 1403 3584 1468; x_wconf 89' lang='lat' dir='ltr'><strong>pretio</strong></span> <span class='ocrx_word' id='word_1_598' title='bbox 3610 1403 3881 1469; x_wconf 84' lang='lat' dir='ltr'><strong>habenda,</strong></span> 
     </span>
    </p>
   </div>
   <div class='ocr_carea' id='block_1_75' title="bbox 2289 1474 3881 1563">
    <p class='ocr_par' dir='ltr' id='par_1_75' title="bbox 2289 1474 3881 1563">
     <span class='ocr_line' id='line_1_75' title="bbox 2289 1474 3881 1563; baseline 0.017 -40"><span class='ocrx_word' id='word_1_599' title='bbox 2289 1486 2407 1541; x_wconf 69' lang='lat' dir='ltr'><strong>qua:</strong></span> <span class='ocrx_word' id='word_1_600' title='bbox 2434 1474 2573 1529; x_wconf 85' lang='lat' dir='ltr'><strong>cadit</strong></span> <span class='ocrx_word' id='word_1_601' title='bbox 2605 1488 2872 1548; x_wconf 84' lang='lat' dir='ltr'><strong>tamquam</strong></span> <span class='ocrx_word' id='word_1_602' title='bbox 2925 1482 3023 1537; x_wconf 86' lang='lat' dir='ltr'><strong>llos</strong></span> <span class='ocrx_word' id='word_1_603' title='bbox 3074 1484 3226 1541; x_wconf 82' lang='lat' dir='ltr'><strong>feni?</strong></span> <span class='ocrx_word' id='word_1_604' title='bbox 3268 1490 3335 1542; x_wconf 85' lang='lat' dir='ltr'><strong>At</strong></span> <span class='ocrx_word' id='word_1_605' title='bbox 3363 1488 3562 1545; x_wconf 72' lang='lat' dir='ltr'><strong>divitia:</strong></span> <span class='ocrx_word' id='word_1_606' title='bbox 3590 1534 3602 1556; x_wconf 96' lang='lat'><strong>,</strong></span> <span class='ocrx_word' id='word_1_607' title='bbox 3631 1509 3762 1563; x_wconf 90' lang='lat' dir='ltr'><strong>quas</strong></span> <span class='ocrx_word' id='word_1_608' title='bbox 3790 1498 3881 1563; x_wconf 85' lang='lat' dir='ltr'><strong>qui</strong></span> 
     </span>
    </p>
   </div>
   <div class='ocr_carea' id='block_1_76' title="bbox 2292 1564 3885 1652">
    <p class='ocr_par' dir='ltr' id='par_1_76' title="bbox 2292 1564 3885 1652">
     <span class='ocr_line' id='line_1_76' title="bbox 2292 1564 3885 1652; baseline 0.017 -38"><span class='ocrx_word' id='word_1_609' title='bbox 2292 1564 2565 1630; x_wconf 82' lang='lat' dir='ltr'><strong>possident</strong></span> <span class='ocrx_word' id='word_1_610' title='bbox 2611 1571 2796 1625; x_wconf 89' lang='lat' dir='ltr'><strong>miseri</strong></span> <span class='ocrx_word' id='word_1_611' title='bbox 2828 1574 3222 1642; x_wconf 73' lang='lat' dir='ltr'><strong>prccdicantur?</strong></span> <span class='ocrx_word' id='word_1_612' title='bbox 3255 1578 3361 1646; x_wconf 75' lang='lat' dir='ltr'><strong>Vw,</strong></span> <span class='ocrx_word' id='word_1_613' title='bbox 3400 1581 3588 1652; x_wconf 88' lang='lat' dir='ltr'><strong>inquit.</strong></span> <span class='ocrx_word' id='word_1_614' title='bbox 3622 1585 3885 1649; x_wconf 83' lang='lat' dir='ltr'><strong>divitibus;</strong></span> 
     </span>
    </p>
   </div>
   <div class='ocr_carea' id='block_1_77' title="bbox 2287 1658 3883 1738">
    <p class='ocr_par' dir='ltr' id='par_1_77' title="bbox 2287 1658 3883 1738">
     <span class='ocr_line' id='line_1_77' title="bbox 2287 1658 3883 1738; baseline 0.017 -30"><span class='ocrx_word' id='word_1_615' title='bbox 2287 1664 2341 1709; x_wconf 90' lang='lat' dir='ltr'><strong>et</strong></span> <span class='ocrx_word' id='word_1_616' title='bbox 2369 1658 2577 1724; x_wconf 88' lang='lat' dir='ltr'><strong>iterum,</strong></span> <span class='ocrx_word' id='word_1_617' title='bbox 2617 1661 2705 1717; x_wconf 74' lang='lat' dir='ltr'><strong>Vw</strong></span> <span class='ocrx_word' id='word_1_618' title='bbox 2724 1666 2809 1734; x_wconf 89' lang='lat' dir='ltr'><strong>qui</strong></span> <span class='ocrx_word' id='word_1_619' title='bbox 2843 1669 3106 1735; x_wconf 82' lang='lat' dir='ltr'><strong>conﬁdunt</strong></span> <span class='ocrx_word' id='word_1_620' title='bbox 3138 1673 3189 1724; x_wconf 86' lang='lat' dir='ltr'><strong>in</strong></span> <span class='ocrx_word' id='word_1_621' title='bbox 3219 1674 3397 1728; x_wconf 72' lang='lat' dir='ltr'><strong>virtute</strong></span> <span class='ocrx_word' id='word_1_622' title='bbox 3415 1693 3528 1738; x_wconf 84' lang='lat' dir='ltr'><strong>sua,</strong></span> <span class='ocrx_word' id='word_1_623' title='bbox 3562 1686 3606 1729; x_wconf 88' lang='lat' dir='ltr'><strong>et</strong></span> <span class='ocrx_word' id='word_1_624' title='bbox 3635 1679 3686 1732; x_wconf 88' lang='lat' dir='ltr'><strong>in</strong></span> <span class='ocrx_word' id='word_1_625' title='bbox 3709 1682 3883 1734; x_wconf 81' lang='lat' dir='ltr'><strong>multi-</strong></span> 
     </span>
    </p>
   </div>
   <div class='ocr_carea' id='block_1_78' title="bbox 2286 1748 3879 1834">
    <p class='ocr_par' dir='ltr' id='par_1_78' title="bbox 2286 1748 3879 1834">
     <span class='ocr_line' id='line_1_78' title="bbox 2286 1748 3879 1834; baseline 0.017 -35"><span class='ocrx_word' id='word_1_626' title='bbox 2286 1748 2460 1802; x_wconf 84' lang='lat' dir='ltr'><strong>tudine</strong></span> <span class='ocrx_word' id='word_1_627' title='bbox 2481 1752 2753 1808; x_wconf 82' lang='lat' dir='ltr'><strong>divitiarun</strong></span> <span class='ocrx_word' id='word_1_628' title='bbox 2774 1773 2981 1810; x_wconf 87' lang='lat' dir='ltr'><strong>suarum</strong></span> <span class='ocrx_word' id='word_1_629' title='bbox 3004 1760 3287 1829; x_wconf 85' lang='lat' dir='ltr'><strong>gloriantur</strong></span> <span class='ocrx_word' id='word_1_630' title='bbox 3308 1762 3455 1834; x_wconf 88' lang='lat' dir='ltr'><strong>(Luc.</strong></span> <span class='ocrx_word' id='word_1_631' title='bbox 3476 1766 3879 1826; x_wconf 60' lang='lat' dir='ltr'><strong>6.25.Psnl.48.</strong></span> 
     </span>
    </p>
   </div>
   <div class='ocr_carea' id='block_1_79' title="bbox 2286 1843 3882 1929">
    <p class='ocr_par' dir='ltr' id='par_1_79' title="bbox 2286 1843 3882 1929">
     <span class='ocr_line' id='line_1_79' title="bbox 2286 1843 3882 1929; baseline 0.015 -35"><span class='ocrx_word' id='word_1_632' title='bbox 2286 1843 2381 1913; x_wconf 88' lang='lat'><strong>6).</strong></span> <span class='ocrx_word' id='word_1_633' title='bbox 2437 1844 2770 1903; x_wconf 90' lang='lat' dir='ltr'><strong>Christianus</strong></span> <span class='ocrx_word' id='word_1_634' title='bbox 2817 1866 3102 1921; x_wconf 89' lang='lat' dir='ltr'><strong>numquam</strong></span> <span class='ocrx_word' id='word_1_635' title='bbox 3129 1870 3193 1909; x_wconf 77' lang='lat' dir='ltr'><strong>ex</strong></span> <span class='ocrx_word' id='word_1_636' title='bbox 3239 1857 3477 1927; x_wconf 88' lang='lat' dir='ltr'><strong>principe</strong></span> <span class='ocrx_word' id='word_1_637' title='bbox 3504 1860 3738 1929; x_wconf 87' lang='lat' dir='ltr'><strong>privatus</strong></span> <span class='ocrx_word' id='word_1_638' title='bbox 3762 1863 3882 1918; x_wconf 81' lang='lat' dir='ltr'><strong>efli-</strong></span> 
     </span>
    </p>
   </div>
   <div class='ocr_carea' id='block_1_80' title="bbox 2284 1934 3875 2024">
    <p class='ocr_par' dir='ltr' id='par_1_80' title="bbox 2284 1934 3875 2024">
     <span class='ocr_line' id='line_1_80' title="bbox 2284 1934 3875 2024; baseline 0.016 -39"><span class='ocrx_word' id='word_1_639' title='bbox 2284 1934 2440 1995; x_wconf 85' lang='lat' dir='ltr'><strong>citur.</strong></span> <span class='ocrx_word' id='word_1_640' title='bbox 2473 1952 2570 1991; x_wconf 86' lang='lat' dir='ltr'><strong>nec</strong></span> <span class='ocrx_word' id='word_1_641' title='bbox 2596 1954 2798 2009; x_wconf 88' lang='lat' dir='ltr'><strong>pauper</strong></span> <span class='ocrx_word' id='word_1_642' title='bbox 2817 1959 2881 1997; x_wconf 83' lang='lat' dir='ltr'><strong>ex</strong></span> <span class='ocrx_word' id='word_1_643' title='bbox 2908 1942 3092 2008; x_wconf 89' lang='lat' dir='ltr'><strong>divite,</strong></span> <span class='ocrx_word' id='word_1_644' title='bbox 3118 1962 3216 2001; x_wconf 91' lang='lat' dir='ltr'><strong>nec</strong></span> <span class='ocrx_word' id='word_1_645' title='bbox 3245 1962 3309 2002; x_wconf 79' lang='lat' dir='ltr'><strong>ex</strong></span> <span class='ocrx_word' id='word_1_646' title='bbox 3339 1950 3875 2024; x_wconf 80' lang='lat' dir='ltr'><strong>gloriosoiuglorios;</strong></span> 
     </span>
    </p>
   </div>
   <div class='ocr_carea' id='block_1_81' title="bbox 2284 2026 3878 2116">
    <p class='ocr_par' dir='ltr' id='par_1_81' title="bbox 2284 2026 3878 2116">
     <span class='ocr_line' id='line_1_81' title="bbox 2284 2026 3878 2116; baseline 0.016 -39"><span class='ocrx_word' id='word_1_647' title='bbox 2284 2026 2378 2079; x_wconf 88' lang='lat' dir='ltr'><strong>sed</strong></span> <span class='ocrx_word' id='word_1_648' title='bbox 2426 2027 2477 2081; x_wconf 89' lang='lat' dir='ltr'><strong>in</strong></span> <span class='ocrx_word' id='word_1_649' title='bbox 2509 2029 2709 2086; x_wconf 89' lang='lat' dir='ltr'><strong>divitiis</strong></span> <span class='ocrx_word' id='word_1_650' title='bbox 2754 2044 2931 2089; x_wconf 88' lang='lat' dir='ltr'><strong>manet</strong></span> <span class='ocrx_word' id='word_1_651' title='bbox 2958 2036 3117 2091; x_wconf 84' lang='lat' dir='ltr'><strong>etiam</strong></span> <span class='ocrx_word' id='word_1_652' title='bbox 3150 2054 3272 2094; x_wconf 90' lang='lat' dir='ltr'><strong>cum</strong></span> <span class='ocrx_word' id='word_1_653' title='bbox 3313 2043 3600 2111; x_wconf 87' lang='lat' dir='ltr'><strong>mendicat,</strong></span> <span class='ocrx_word' id='word_1_654' title='bbox 3632 2057 3685 2101; x_wconf 91' lang='lat' dir='ltr'><strong>et</strong></span> <span class='ocrx_word' id='word_1_655' title='bbox 3714 2050 3878 2116; x_wconf 71' lang='lat' dir='ltr'><strong>erigi-</strong></span> 
     </span>
    </p>
   </div>
   <div class='ocr_carea' id='block_1_82' title="bbox 2287 2118 3875 2208">
    <p class='ocr_par' dir='ltr' id='par_1_82' title="bbox 2287 2118 3875 2208">
     <span class='ocr_line' id='line_1_82' title="bbox 2287 2118 3875 2208; baseline 0.017 -38"><span class='ocrx_word' id='word_1_656' title='bbox 2287 2126 2373 2170; x_wconf 93' lang='lat' dir='ltr'><strong>tur</strong></span> <span class='ocrx_word' id='word_1_657' title='bbox 2391 2134 2512 2173; x_wconf 89' lang='lat' dir='ltr'><strong>cmn</strong></span> <span class='ocrx_word' id='word_1_658' title='bbox 2542 2118 2663 2178; x_wconf 79' lang='lat' dir='ltr'><strong>sese</strong></span> <span class='ocrx_word' id='word_1_659' title='bbox 2689 2124 2994 2195; x_wconf 87' lang='lat' dir='ltr'><strong>deprimere</strong></span> <span class='ocrx_word' id='word_1_660' title='bbox 3021 2133 3235 2201; x_wconf 83' lang='lat' dir='ltr'><strong>satagit,</strong></span> <span class='ocrx_word' id='word_1_661' title='bbox 3266 2144 3318 2188; x_wconf 91' lang='lat' dir='ltr'><strong>et</strong></span> <span class='ocrx_word' id='word_1_662' title='bbox 3351 2150 3473 2190; x_wconf 88' lang='lat' dir='ltr'><strong>eum</strong></span> <span class='ocrx_word' id='word_1_663' title='bbox 3493 2179 3506 2197; x_wconf 86' lang='lat'><strong>,</strong></span> <span class='ocrx_word' id='word_1_664' title='bbox 3544 2155 3702 2208; x_wconf 87' lang='lat' dir='ltr'><strong>quem</strong></span> <span class='ocrx_word' id='word_1_665' title='bbox 3733 2142 3875 2196; x_wconf 62' lang='lat' dir='ltr'><strong>obtio</strong></span> 
     </span>
    </p>
   </div>
   <div class='ocr_carea' id='block_1_83' title="bbox 2285 2214 3875 2306">
    <p class='ocr_par' dir='ltr' id='par_1_83' title="bbox 2285 2214 3875 2306">
     <span class='ocr_line' id='line_1_83' title="bbox 2285 2214 3875 2306; baseline 0.018 -44"><span class='ocrx_word' id='word_1_666' title='bbox 2285 2214 2785 2284; x_wconf 89' lang='lat' dir='ltr'><strong>nct,principatum,</strong></span> <span class='ocrx_word' id='word_1_667' title='bbox 2811 2235 2914 2275; x_wconf 91' lang='lat' dir='ltr'><strong>non</strong></span> <span class='ocrx_word' id='word_1_668' title='bbox 2944 2222 3242 2293; x_wconf 91' lang='lat' dir='ltr'><strong>hominum,</strong></span> <span class='ocrx_word' id='word_1_669' title='bbox 3273 2229 3367 2283; x_wconf 89' lang='lat' dir='ltr'><strong>sed</strong></span> <span class='ocrx_word' id='word_1_670' title='bbox 3422 2234 3719 2302; x_wconf 87' lang='lat' dir='ltr'><strong>principum</strong></span> <span class='ocrx_word' id='word_1_671' title='bbox 3740 2277 3754 2299; x_wconf 91' lang='lat'><strong>,</strong></span> <span class='ocrx_word' id='word_1_672' title='bbox 3784 2239 3875 2306; x_wconf 86' lang='lat' dir='ltr'><strong>qui</strong></span> 
     </span>
    </p>
   </div>
   <div class='ocr_carea' id='block_1_84' title="bbox 2284 2306 3871 2396">
    <p class='ocr_par' dir='ltr' id='par_1_84' title="bbox 2284 2306 3871 2396">
     <span class='ocr_line' id='line_1_84' title="bbox 2284 2306 3871 2396; baseline 0.018 -40"><span class='ocrx_word' id='word_1_673' title='bbox 2284 2315 2409 2356; x_wconf 85' lang='lat' dir='ltr'><strong>sunt</strong></span> <span class='ocrx_word' id='word_1_674' title='bbox 2449 2306 2547 2360; x_wconf 90' lang='lat' dir='ltr'><strong>sub</strong></span> <span class='ocrx_word' id='word_1_675' title='bbox 2576 2319 2838 2375; x_wconf 87' lang='lat' dir='ltr'><strong>potestate</strong></span> <span class='ocrx_word' id='word_1_676' title='bbox 2883 2317 3107 2370; x_wconf 87' lang='lat' dir='ltr'><strong>rectoris</strong></span> <span class='ocrx_word' id='word_1_677' title='bbox 3151 2322 3525 2387; x_wconf 79' lang='lat' dir='ltr'><strong>tenebrarum,</strong></span> <span class='ocrx_word' id='word_1_678' title='bbox 3554 2326 3731 2382; x_wconf 91' lang='lat' dir='ltr'><strong>nullus</strong></span> <span class='ocrx_word' id='word_1_679' title='bbox 3772 2332 3871 2396; x_wconf 69' lang='lat' dir='ltr'><strong>ipsi</strong></span> 
     </span>
    </p>
   </div>
   <div class='ocr_carea' id='block_1_85' title="bbox 2286 2398 3875 2487">
    <p class='ocr_par' dir='ltr' id='par_1_85' title="bbox 2286 2398 3875 2487">
     <span class='ocr_line' id='line_1_85' title="bbox 2286 2398 3875 2487; baseline 0.019 -41"><span class='ocrx_word' id='word_1_680' title='bbox 2286 2405 2457 2462; x_wconf 87' lang='lat' dir='ltr'><strong>potest</strong></span> <span class='ocrx_word' id='word_1_681' title='bbox 2484 2398 2713 2454; x_wconf 86' lang='lat' dir='ltr'><strong>auferre.</strong></span> <span class='ocrx_word' id='word_1_682' title='bbox 2764 2402 3017 2473; x_wconf 82' lang='lat' dir='ltr'><strong>Legitima</strong></span> <span class='ocrx_word' id='word_1_683' title='bbox 3070 2426 3155 2464; x_wconf 90' lang='lat' dir='ltr'><strong>res</strong></span> <span class='ocrx_word' id='word_1_684' title='bbox 3194 2422 3277 2466; x_wconf 84' lang='lat' dir='ltr'><strong>est</strong></span> <span class='ocrx_word' id='word_1_685' title='bbox 3323 2416 3623 2485; x_wconf 77' lang='lat' dir='ltr'><strong>conjngium</strong></span> <span class='ocrx_word' id='word_1_686' title='bbox 3650 2461 3664 2485; x_wconf 97' lang='lat'><strong>,</strong></span> <span class='ocrx_word' id='word_1_687' title='bbox 3698 2421 3747 2474; x_wconf 91' lang='lat' dir='ltr'><strong>id</strong></span> <span class='ocrx_word' id='word_1_688' title='bbox 3776 2437 3875 2487; x_wconf 63' lang='lat' dir='ltr'><strong>ego</strong></span> 
     </span>
    </p>
   </div>
   <div class='ocr_carea' id='block_1_86' title="bbox 2282 2488 3873 2571">
    <p class='ocr_par' dir='ltr' id='par_1_86' title="bbox 2282 2488 3873 2571">
     <span class='ocr_line' id='line_1_86' title="bbox 2282 2488 3873 2571; baseline 0.017 -32"><span class='ocrx_word' id='word_1_689' title='bbox 2282 2488 2576 2553; x_wconf 81' lang='lat' dir='ltr'><strong>conﬁteor;</strong></span> <span class='ocrx_word' id='word_1_690' title='bbox 2612 2492 2924 2550; x_wconf 82' lang='lat' dir='ltr'><strong>Ilonorabile</strong></span> <span class='ocrx_word' id='word_1_691' title='bbox 2943 2500 3085 2553; x_wconf 86' lang='lat' dir='ltr'><strong>enim</strong></span> <span class='ocrx_word' id='word_1_692' title='bbox 3110 2512 3182 2554; x_wconf 82' lang='lat' dir='ltr'><strong>est</strong></span> <span class='ocrx_word' id='word_1_693' title='bbox 3200 2506 3527 2571; x_wconf 80' lang='lat' dir='ltr'><strong>ronnubimn,</strong></span> <span class='ocrx_word' id='word_1_694' title='bbox 3547 2520 3595 2562; x_wconf 89' lang='lat' dir='ltr'><strong>ct</strong></span> <span class='ocrx_word' id='word_1_695' title='bbox 3620 2520 3757 2564; x_wconf 83' lang='lat' dir='ltr'><strong>torus</strong></span> <span class='ocrx_word' id='word_1_696' title='bbox 3774 2514 3873 2564; x_wconf 86' lang='lat' dir='ltr'><strong>im-</strong></span> 
     </span>
    </p>
   </div>
   <div class='ocr_carea' id='block_1_87' title="bbox 2282 2581 3876 2671">
    <p class='ocr_par' dir='ltr' id='par_1_87' title="bbox 2282 2581 3876 2671">
     <span class='ocr_line' id='line_1_87' title="bbox 2282 2581 3876 2671; baseline 0.018 -41"><span class='ocrx_word' id='word_1_697' title='bbox 2282 2581 2565 2634; x_wconf 78' lang='lat' dir='ltr'><strong>maculatus</strong></span> <span class='ocrx_word' id='word_1_698' title='bbox 2594 2599 2613 2636; x_wconf 90' lang='lat'><strong><em>:</em></strong></span> <span class='ocrx_word' id='word_1_699' title='bbox 2641 2585 2970 2653; x_wconf 74' lang='lat' dir='ltr'><strong>fornicatores</strong></span> <span class='ocrx_word' id='word_1_700' title='bbox 3017 2603 3185 2647; x_wconf 78' lang='lat' dir='ltr'><strong>autem</strong></span> <span class='ocrx_word' id='word_1_701' title='bbox 3227 2606 3271 2649; x_wconf 87' lang='lat' dir='ltr'><strong>ct</strong></span> <span class='ocrx_word' id='word_1_702' title='bbox 3319 2599 3576 2654; x_wconf 79' lang='lat' dir='ltr'><strong>adulteros</strong></span> <span class='ocrx_word' id='word_1_703' title='bbox 3620 2602 3876 2671; x_wconf 76' lang='lat' dir='ltr'><strong>judicabit</strong></span> 
     </span>
    </p>
   </div>
   <div class='ocr_carea' id='block_1_88' title="bbox 2283 2671 3872 2766">
    <p class='ocr_par' dir='ltr' id='par_1_88' title="bbox 2283 2671 3872 2766">
     <span class='ocr_line' id='line_1_88' title="bbox 2283 2671 3872 2766; baseline 0.018 -43"><span class='ocrx_word' id='word_1_704' title='bbox 2283 2671 2421 2766; x_wconf 66' lang='lat' dir='ltr'><strong>Deus</strong></span> <span class='ocrx_word' id='word_1_705' title='bbox 2470 2677 2487 2742; x_wconf 91' lang='lat'>(</span> <span class='ocrx_word' id='word_1_706' title='bbox 2523 2675 2647 2728; x_wconf 78' lang='grc' dir='ltr'><strong>Ηιὸ.</strong></span> <span class='ocrx_word' id='word_1_707' title='bbox 2682 2679 2758 2733; x_wconf 72' lang='grc'><strong>15.</strong></span> <span class='ocrx_word' id='word_1_708' title='bbox 2793 2680 2866 2749; x_wconf 59' lang='grc' dir='ltr'><strong>4η).</strong></span> <span class='ocrx_word' id='word_1_709' title='bbox 2926 2682 3030 2738; x_wconf 82' lang='lat' dir='ltr'><strong>Sed</strong></span> <span class='ocrx_word' id='word_1_710' title='bbox 3065 2686 3156 2739; x_wconf 89' lang='lat' dir='ltr'><strong>tibi</strong></span> <span class='ocrx_word' id='word_1_711' title='bbox 3198 2686 3304 2755; x_wconf 81' lang='lat' dir='ltr'><strong>jam</strong></span> <span class='ocrx_word' id='word_1_712' title='bbox 3350 2700 3567 2746; x_wconf 76' lang='lat' dir='ltr'><strong>nonest</strong></span> <span class='ocrx_word' id='word_1_713' title='bbox 3612 2694 3872 2766; x_wconf 75' lang='lat' dir='ltr'><strong>integrum</strong></span> 
     </span>
    </p>
   </div>
   <div class='ocr_carea' id='block_1_89' title="bbox 2277 2762 3875 2853">
    <p class='ocr_par' dir='ltr' id='par_1_89' title="bbox 2277 2762 3875 2853">
     <span class='ocr_line' id='line_1_89' title="bbox 2277 2762 3875 2853; baseline 0.021 -41"><span class='ocrx_word' id='word_1_714' title='bbox 2277 2762 2395 2831; x_wconf 86' lang='lat' dir='ltr'><strong>jura</strong></span> <span class='ocrx_word' id='word_1_715' title='bbox 2440 2769 2688 2822; x_wconf 89' lang='lat' dir='ltr'><strong>connubii</strong></span> <span class='ocrx_word' id='word_1_716' title='bbox 2731 2786 2966 2829; x_wconf 88' lang='lat' dir='ltr'><strong>servare.</strong></span> <span class='ocrx_word' id='word_1_717' title='bbox 3024 2778 3157 2832; x_wconf 83' lang='lat' dir='ltr'><strong>Eum</strong></span> <span class='ocrx_word' id='word_1_718' title='bbox 3214 2782 3385 2846; x_wconf 88' lang='lat' dir='ltr'><strong>enim,</strong></span> <span class='ocrx_word' id='word_1_719' title='bbox 3419 2785 3510 2853; x_wconf 90' lang='lat' dir='ltr'><strong>qui</strong></span> <span class='ocrx_word' id='word_1_720' title='bbox 3555 2762 3875 2844; x_wconf 41' lang='lat' dir='ltr'><strong>semel&#39;crc-</strong></span> 
     </span>
    </p>
   </div>
   <div class='ocr_carea' id='block_1_90' title="bbox 2282 2854 3875 2935">
    <p class='ocr_par' dir='ltr' id='par_1_90' title="bbox 2282 2854 3875 2935">
     <span class='ocr_line' id='line_1_90' title="bbox 2282 2854 3875 2935; baseline 0.017 -27"><span class='ocrx_word' id='word_1_721' title='bbox 2282 2854 2402 2910; x_wconf 91' lang='lat' dir='ltr'><strong>lesti</strong></span> <span class='ocrx_word' id='word_1_722' title='bbox 2460 2873 2659 2928; x_wconf 80' lang='lat' dir='ltr'><strong>sponso</strong></span> <span class='ocrx_word' id='word_1_723' title='bbox 2703 2863 2921 2931; x_wconf 89' lang='lat' dir='ltr'><strong>junctus</strong></span> <span class='ocrx_word' id='word_1_724' title='bbox 2972 2878 3051 2920; x_wconf 83' lang='lat' dir='ltr'><strong>est</strong></span> <span class='ocrx_word' id='word_1_725' title='bbox 3083 2911 3097 2932; x_wconf 90' lang='lat'><strong>,</strong></span> <span class='ocrx_word' id='word_1_726' title='bbox 3151 2872 3194 2924; x_wconf 91' lang='lat' dir='ltr'><strong>si</strong></span> <span class='ocrx_word' id='word_1_727' title='bbox 3250 2872 3317 2926; x_wconf 89' lang='lat' dir='ltr'><strong>ab</strong></span> <span class='ocrx_word' id='word_1_728' title='bbox 3364 2888 3430 2928; x_wconf 89' lang='lat' dir='ltr'><strong>eo</strong></span> <span class='ocrx_word' id='word_1_729' title='bbox 3489 2875 3771 2934; x_wconf 89' lang='lat' dir='ltr'><strong>divellatur</strong></span> <span class='ocrx_word' id='word_1_730' title='bbox 3820 2893 3875 2935; x_wconf 83' lang='lat' dir='ltr'><strong>et</strong></span> 
     </span>
    </p>
   </div>
   <div class='ocr_carea' id='block_1_91' title="bbox 2279 2954 3873 3039">
    <p class='ocr_par' dir='ltr' id='par_1_91' title="bbox 2279 2954 3873 3039">
     <span class='ocr_line' id='line_1_91' title="bbox 2279 2954 3873 3039; baseline 0.016 -36"><span class='ocrx_word' id='word_1_731' title='bbox 2279 2965 2500 3005; x_wconf 79' lang='lat' dir='ltr'><strong>uxorem</strong></span> <span class='ocrx_word' id='word_1_732' title='bbox 2553 2954 2745 3021; x_wconf 86' lang='lat' dir='ltr'><strong>ducat,</strong></span> <span class='ocrx_word' id='word_1_733' title='bbox 2798 2958 3119 3015; x_wconf 75' lang='lat' dir='ltr'><strong>adulterium</strong></span> <span class='ocrx_word' id='word_1_734' title='bbox 3185 2967 3433 3022; x_wconf 87' lang='lat' dir='ltr'><strong>amittere</strong></span> <span class='ocrx_word' id='word_1_735' title='bbox 3490 2980 3695 3027; x_wconf 89' lang='lat' dir='ltr'><strong>certum</strong></span> <span class='ocrx_word' id='word_1_736' title='bbox 3750 2984 3873 3039; x_wconf 86' lang='lat' dir='ltr'><strong>est,</strong></span> 
     </span>
    </p>
   </div>
   <div class='ocr_carea' id='block_1_92' title="bbox 2280 3045 3877 3129">
    <p class='ocr_par' dir='ltr' id='par_1_92' title="bbox 2280 3045 3877 3129">
     <span class='ocr_line' id='line_1_92' title="bbox 2280 3045 3877 3129; baseline 0.015 -36"><span class='ocrx_word' id='word_1_737' title='bbox 2280 3045 2521 3111; x_wconf 87' lang='lat' dir='ltr'><strong>quamvis</strong></span> <span class='ocrx_word' id='word_1_738' title='bbox 2572 3048 2765 3102; x_wconf 91' lang='lat' dir='ltr'><strong>millies</strong></span> <span class='ocrx_word' id='word_1_739' title='bbox 2810 3049 2910 3104; x_wconf 88' lang='lat' dir='ltr'><strong>hoc</strong></span> <span class='ocrx_word' id='word_1_740' title='bbox 2977 3053 3150 3122; x_wconf 91' lang='lat' dir='ltr'><strong>ipsum</strong></span> <span class='ocrx_word' id='word_1_741' title='bbox 3207 3059 3416 3126; x_wconf 82' lang='lat' dir='ltr'><strong>nuptias</strong></span> <span class='ocrx_word' id='word_1_742' title='bbox 3477 3075 3691 3129; x_wconf 87' lang='lat' dir='ltr'><strong>voces;</strong></span> <span class='ocrx_word' id='word_1_743' title='bbox 3766 3066 3877 3117; x_wconf 88' lang='lat' dir='ltr'><strong>imo</strong></span> 
     </span>
    </p>
   </div>
   <div class='ocr_carea' id='block_1_93' title="bbox 2277 3132 3877 3221">
    <p class='ocr_par' dir='ltr' id='par_1_93' title="bbox 2277 3132 3877 3221">
     <span class='ocr_line' id='line_1_93' title="bbox 2277 3132 3877 3221; baseline 0.016 -34"><span class='ocrx_word' id='word_1_744' title='bbox 2277 3132 2330 3187; x_wconf 93' lang='lat' dir='ltr'><strong>id</strong></span> <span class='ocrx_word' id='word_1_745' title='bbox 2388 3144 2533 3191; x_wconf 91' lang='lat' dir='ltr'><strong>tanto</strong></span> <span class='ocrx_word' id='word_1_746' title='bbox 2575 3141 2787 3207; x_wconf 78' lang='lat' dir='ltr'><strong>gravius</strong></span> <span class='ocrx_word' id='word_1_747' title='bbox 2832 3142 3098 3199; x_wconf 88' lang='lat' dir='ltr'><strong>adulterio</strong></span> <span class='ocrx_word' id='word_1_748' title='bbox 3145 3156 3247 3213; x_wconf 89' lang='lat' dir='ltr'><strong>est,</strong></span> <span class='ocrx_word' id='word_1_749' title='bbox 3288 3160 3489 3218; x_wconf 90' lang='lat' dir='ltr'><strong>quanto</strong></span> <span class='ocrx_word' id='word_1_750' title='bbox 3534 3158 3877 3221; x_wconf 70' lang='lat' dir='ltr'><strong>praestantior</strong></span> 
     </span>
    </p>
   </div>
   <div class='ocr_carea' id='block_1_94' title="bbox 2280 3222 3873 3308">
    <p class='ocr_par' dir='ltr' id='par_1_94' title="bbox 2280 3222 3873 3308">
     <span class='ocr_line' id='line_1_94' title="bbox 2280 3222 3873 3308; baseline 0.015 -32"><span class='ocrx_word' id='word_1_751' title='bbox 2280 3222 2422 3279; x_wconf 86' lang='lat' dir='ltr'><strong>Deus</strong></span> <span class='ocrx_word' id='word_1_752' title='bbox 2463 3226 2700 3285; x_wconf 90' lang='lat' dir='ltr'><strong>homine.</strong></span> <span class='ocrx_word' id='word_1_753' title='bbox 2733 3230 2809 3285; x_wconf 75' lang='lat' dir='ltr'><strong>Ne</strong></span> <span class='ocrx_word' id='word_1_754' title='bbox 2840 3235 2958 3302; x_wconf 91' lang='lat' dir='ltr'><strong>quis</strong></span> <span class='ocrx_word' id='word_1_755' title='bbox 2992 3245 3041 3290; x_wconf 92' lang='lat' dir='ltr'><strong>tc</strong></span> <span class='ocrx_word' id='word_1_756' title='bbox 3065 3236 3295 3308; x_wconf 89' lang='lat' dir='ltr'><strong>decipiat</strong></span> <span class='ocrx_word' id='word_1_757' title='bbox 3326 3241 3513 3297; x_wconf 85' lang='lat' dir='ltr'><strong>dicens</strong></span> <span class='ocrx_word' id='word_1_758' title='bbox 3548 3263 3559 3298; x_wconf 92' lang='lat'><strong>:</strong></span> <span class='ocrx_word' id='word_1_759' title='bbox 3594 3261 3814 3303; x_wconf 78' lang='lat' dir='ltr'><strong>uxorem</strong></span> <span class='ocrx_word' id='word_1_760' title='bbox 3857 3251 3873 3281; x_wconf 77' lang='grc' dir='ltr'>ι</span> 
     </span>
    </p>
   </div>
   <div class='ocr_carea' id='block_1_95' title="bbox 2276 3314 3874 3403">
    <p class='ocr_par' dir='ltr' id='par_1_95' title="bbox 2276 3314 3874 3403">
     <span class='ocr_line' id='line_1_95' title="bbox 2276 3314 3874 3403; baseline 0.016 -34"><span class='ocrx_word' id='word_1_761' title='bbox 2276 3314 2474 3372; x_wconf 86' lang='lat' dir='ltr'><strong>ducere</strong></span> <span class='ocrx_word' id='word_1_762' title='bbox 2518 3334 2625 3373; x_wconf 90' lang='lat' dir='ltr'><strong>nou</strong></span> <span class='ocrx_word' id='word_1_763' title='bbox 2674 3332 2820 3376; x_wconf 85' lang='lat' dir='ltr'><strong>vetat</strong></span> <span class='ocrx_word' id='word_1_764' title='bbox 2869 3325 3025 3379; x_wconf 91' lang='lat' dir='ltr'><strong>Deus.</strong></span> <span class='ocrx_word' id='word_1_765' title='bbox 3073 3328 3126 3382; x_wconf 92' lang='lat' dir='ltr'><strong>ld</strong></span> <span class='ocrx_word' id='word_1_766' title='bbox 3173 3344 3272 3399; x_wconf 80' lang='lat' dir='ltr'><strong>ego</strong></span> <span class='ocrx_word' id='word_1_767' title='bbox 3318 3348 3529 3403; x_wconf 88' lang='lat' dir='ltr'><strong>quoque</strong></span> <span class='ocrx_word' id='word_1_768' title='bbox 3575 3340 3727 3403; x_wconf 90' lang='lat' dir='ltr'><strong>novi;</strong></span> <span class='ocrx_word' id='word_1_769' title='bbox 3776 3341 3874 3395; x_wconf 87' lang='lat' dir='ltr'><strong>scd</strong></span> 
     </span>
    </p>
   </div>
   <div class='ocr_carea' id='block_1_96' title="bbox 2276 3408 3875 3488">
    <p class='ocr_par' dir='ltr' id='par_1_96' title="bbox 2276 3408 3875 3488">
     <span class='ocr_line' id='line_1_96' title="bbox 2276 3408 3875 3488; baseline 0.018 -28"><span class='ocrx_word' id='word_1_770' title='bbox 2276 3408 2593 3465; x_wconf 86' lang='lat' dir='ltr'><strong>adulterium</strong></span> <span class='ocrx_word' id='word_1_771' title='bbox 2635 3415 2929 3482; x_wconf 90' lang='lat' dir='ltr'><strong>prohibuit,</strong></span> <span class='ocrx_word' id='word_1_772' title='bbox 2982 3419 3123 3488; x_wconf 91' lang='lat' dir='ltr'><strong>quod</strong></span> <span class='ocrx_word' id='word_1_773' title='bbox 3170 3430 3223 3475; x_wconf 93' lang='lat' dir='ltr'><strong>tu</strong></span> <span class='ocrx_word' id='word_1_774' title='bbox 3271 3424 3555 3482; x_wconf 89' lang='lat' dir='ltr'><strong>admittere</strong></span> <span class='ocrx_word' id='word_1_775' title='bbox 3604 3429 3875 3488; x_wconf 84' lang='lat' dir='ltr'><strong>volebas:</strong></span> 
     </span>
    </p>
   </div>
   <div class='ocr_carea' id='block_1_97' title="bbox 2274 3507 3873 3595">
    <p class='ocr_par' dir='ltr' id='par_1_97' title="bbox 2274 3507 3873 3595">
     <span class='ocr_line' id='line_1_97' title="bbox 2274 3507 3873 3595; baseline 0.014 -37"><span class='ocrx_word' id='word_1_776' title='bbox 2274 3507 2414 3575; x_wconf 90' lang='lat' dir='ltr'><strong>quod</strong></span> <span class='ocrx_word' id='word_1_777' title='bbox 2447 3508 2605 3574; x_wconf 83' lang='lat' dir='ltr'><strong>absit,</strong></span> <span class='ocrx_word' id='word_1_778' title='bbox 2637 3519 2692 3564; x_wconf 89' lang='lat' dir='ltr'><strong>ut</strong></span> <span class='ocrx_word' id='word_1_779' title='bbox 2736 3513 2984 3568; x_wconf 89' lang='lat' dir='ltr'><strong>nimirum</strong></span> <span class='ocrx_word' id='word_1_780' title='bbox 3015 3518 3282 3572; x_wconf 88' lang='lat' dir='ltr'><strong>connubio</strong></span> <span class='ocrx_word' id='word_1_781' title='bbox 3322 3520 3566 3591; x_wconf 81' lang='lat' dir='ltr'><strong>jungaris</strong></span> <span class='ocrx_word' id='word_1_782' title='bbox 3594 3540 3873 3595; x_wconf 88' lang='lat' dir='ltr'><strong>umquam.</strong></span> 
     </span>
    </p>
   </div>
   <div class='ocr_carea' id='block_1_98' title="bbox 2276 3597 3872 3685">
    <p class='ocr_par' dir='ltr' id='par_1_98' title="bbox 2276 3597 3872 3685">
     <span class='ocr_line' id='line_1_98' title="bbox 2276 3597 3872 3685; baseline 0.014 -35"><span class='ocrx_word' id='word_1_783' title='bbox 2276 3597 2477 3666; x_wconf 81' lang='lat' dir='ltr'><strong>Ecquid</strong></span> <span class='ocrx_word' id='word_1_784' title='bbox 2519 3601 2733 3657; x_wconf 87' lang='lat' dir='ltr'><strong>miraris</strong></span> <span class='ocrx_word' id='word_1_785' title='bbox 2759 3605 2801 3657; x_wconf 91' lang='lat' dir='ltr'><strong>si</strong></span> <span class='ocrx_word' id='word_1_786' title='bbox 2832 3607 3033 3675; x_wconf 77' lang='lat' dir='ltr'><strong>nuptia:</strong></span> <span class='ocrx_word' id='word_1_787' title='bbox 3083 3624 3177 3676; x_wconf 90' lang='lat' dir='ltr'><strong>pro</strong></span> <span class='ocrx_word' id='word_1_788' title='bbox 3206 3610 3467 3667; x_wconf 89' lang='lat' dir='ltr'><strong>adulterio</strong></span> <span class='ocrx_word' id='word_1_789' title='bbox 3516 3625 3831 3685; x_wconf 89' lang='lat' dir='ltr'><strong>reputantur</strong></span> <span class='ocrx_word' id='word_1_790' title='bbox 3852 3659 3872 3685; x_wconf 88' lang='lat'><strong>,</strong></span> 
     </span>
    </p>
   </div>
   <div class='ocr_carea' id='block_1_99' title="bbox 2273 3692 3872 3775">
    <p class='ocr_par' dir='ltr' id='par_1_99' title="bbox 2273 3692 3872 3775">
     <span class='ocr_line' id='line_1_99' title="bbox 2273 3692 3872 3775; baseline 0.014 -32"><span class='ocrx_word' id='word_1_791' title='bbox 2273 3692 2487 3760; x_wconf 90' lang='lat' dir='ltr'><strong>quando</strong></span> <span class='ocrx_word' id='word_1_792' title='bbox 2530 3698 2890 3751; x_wconf 90' lang='lat' dir='ltr'><strong>contemnitur</strong></span> <span class='ocrx_word' id='word_1_793' title='bbox 2935 3699 3113 3754; x_wconf 82' lang='lat' dir='ltr'><strong>Deus?</strong></span> <span class='ocrx_word' id='word_1_794' title='bbox 3139 3702 3325 3757; x_wconf 68' lang='lat' dir='ltr'><strong>Cmch</strong></span> <span class='ocrx_word' id='word_1_795' title='bbox 3372 3706 3437 3759; x_wconf 90' lang='lat' dir='ltr'><strong>ad</strong></span> <span class='ocrx_word' id='word_1_796' title='bbox 3475 3705 3732 3775; x_wconf 88' lang='lat' dir='ltr'><strong>justitiam</strong></span> <span class='ocrx_word' id='word_1_797' title='bbox 3780 3726 3872 3764; x_wconf 83' lang='lat' dir='ltr'><strong>re-</strong></span> 
     </span>
    </p>
   </div>
   <div class='ocr_carea' id='block_1_100' title="bbox 2274 3786 3871 3859">
    <p class='ocr_par' dir='ltr' id='par_1_100' title="bbox 2274 3786 3871 3859">
     <span class='ocr_line' id='line_1_100' title="bbox 2274 3786 3871 3859; baseline 0.015 -26"><span class='ocrx_word' id='word_1_798' title='bbox 2274 3792 2451 3850; x_wconf 87' lang='lat' dir='ltr'><strong>pntata</strong></span> <span class='ocrx_word' id='word_1_799' title='bbox 2476 3795 2578 3851; x_wconf 88' lang='lat' dir='ltr'><strong>est,</strong></span> <span class='ocrx_word' id='word_1_800' title='bbox 2611 3794 2663 3839; x_wconf 89' lang='lat' dir='ltr'><strong>et</strong></span> <span class='ocrx_word' id='word_1_801' title='bbox 2686 3786 2985 3843; x_wconf 87' lang='lat' dir='ltr'><strong>humanitas</strong></span> <span class='ocrx_word' id='word_1_802' title='bbox 3015 3789 3132 3858; x_wconf 88' lang='lat' dir='ltr'><strong>plus</strong></span> <span class='ocrx_word' id='word_1_803' title='bbox 3158 3808 3313 3859; x_wconf 88' lang='lat' dir='ltr'><strong>quam</strong></span> <span class='ocrx_word' id='word_1_804' title='bbox 3339 3793 3683 3853; x_wconf 86' lang='lat' dir='ltr'><strong>homicidium</strong></span> <span class='ocrx_word' id='word_1_805' title='bbox 3714 3802 3871 3856; x_wconf 85' lang='lat' dir='ltr'><strong>dam-</strong></span> 
     </span>
    </p>
   </div>
   <div class='ocr_carea' id='block_1_101' title="bbox 2273 3875 3872 3953">
    <p class='ocr_par' dir='ltr' id='par_1_101' title="bbox 2273 3875 3872 3953">
     <span class='ocr_line' id='line_1_101' title="bbox 2273 3875 3872 3953; baseline 0.014 -27"><span class='ocrx_word' id='word_1_806' title='bbox 2273 3883 2395 3928; x_wconf 86' lang='lat' dir='ltr'><strong>nata</strong></span> <span class='ocrx_word' id='word_1_807' title='bbox 2438 3875 2561 3939; x_wconf 88' lang='lat' dir='ltr'><strong>fuit;</strong></span> <span class='ocrx_word' id='word_1_808' title='bbox 2593 3879 2844 3947; x_wconf 89' lang='lat' dir='ltr'><strong>quoniam</strong></span> <span class='ocrx_word' id='word_1_809' title='bbox 2894 3880 2981 3934; x_wconf 87' lang='lat' dir='ltr'><strong>illa</strong></span> <span class='ocrx_word' id='word_1_810' title='bbox 3015 3898 3081 3936; x_wconf 81' lang='lat' dir='ltr'><strong>ex</strong></span> <span class='ocrx_word' id='word_1_811' title='bbox 3127 3886 3390 3939; x_wconf 85' lang='lat' dir='ltr'><strong>sententia</strong></span> <span class='ocrx_word' id='word_1_812' title='bbox 3441 3887 3553 3953; x_wconf 90' lang='lat' dir='ltr'><strong>Dei,</strong></span> <span class='ocrx_word' id='word_1_813' title='bbox 3598 3890 3711 3946; x_wconf 67' lang='lat' dir='ltr'><strong>haec</strong></span> <span class='ocrx_word' id='word_1_814' title='bbox 3741 3909 3872 3950; x_wconf 89' lang='lat' dir='ltr'><strong>vero</strong></span> 
     </span>
    </p>
   </div>
   <div class='ocr_carea' id='block_1_102' title="bbox 2273 3969 3874 4051">
    <p class='ocr_par' dir='ltr' id='par_1_102' title="bbox 2273 3969 3874 4051">
     <span class='ocr_line' id='line_1_102' title="bbox 2273 3969 3874 4051; baseline 0.012 -30"><span class='ocrx_word' id='word_1_815' title='bbox 2273 3969 2365 4022; x_wconf 92' lang='lat' dir='ltr'><strong>illo</strong></span> <span class='ocrx_word' id='word_1_816' title='bbox 2412 3970 2728 4039; x_wconf 86' lang='lat' dir='ltr'><strong>prohibente</strong></span> <span class='ocrx_word' id='word_1_817' title='bbox 2767 3973 3002 4027; x_wconf 80' lang='lat' dir='ltr'><strong>exhibita</strong></span> <span class='ocrx_word' id='word_1_818' title='bbox 3034 3986 3133 4030; x_wconf 90' lang='lat' dir='ltr'><strong>est.</strong></span> <span class='ocrx_word' id='word_1_819' title='bbox 3167 3977 3233 4031; x_wconf 87' lang='lat' dir='ltr'><strong>Et</strong></span> <span class='ocrx_word' id='word_1_820' title='bbox 3281 3978 3496 4035; x_wconf 67' lang='lat' dir='ltr'><strong>Phinea:</strong></span> <span class='ocrx_word' id='word_1_821' title='bbox 3526 3983 3742 4051; x_wconf 88' lang='lat' dir='ltr'><strong>quidem</strong></span> <span class='ocrx_word' id='word_1_822' title='bbox 3782 4004 3874 4041; x_wconf 62' lang='lat' dir='ltr'><strong>re.</strong></span> 
     </span>
    </p>
   </div>
   <div class='ocr_carea' id='block_1_103' title="bbox 2274 4065 3870 4138">
    <p class='ocr_par' dir='ltr' id='par_1_103' title="bbox 2274 4065 3870 4138">
     <span class='ocr_line' id='line_1_103' title="bbox 2274 4065 3870 4138; baseline 0.014 -23"><span class='ocrx_word' id='word_1_823' title='bbox 2274 4070 2513 4131; x_wconf 89' lang='lat' dir='ltr'><strong>putatum</strong></span> <span class='ocrx_word' id='word_1_824' title='bbox 2542 4072 2623 4117; x_wconf 90' lang='lat' dir='ltr'><strong>est</strong></span> <span class='ocrx_word' id='word_1_825' title='bbox 2651 4065 2715 4119; x_wconf 90' lang='lat' dir='ltr'><strong>ad</strong></span> <span class='ocrx_word' id='word_1_826' title='bbox 2734 4065 3014 4134; x_wconf 86' lang='lat' dir='ltr'><strong>jnstitiam,</strong></span> <span class='ocrx_word' id='word_1_827' title='bbox 3042 4070 3181 4138; x_wconf 91' lang='lat' dir='ltr'><strong>quod</strong></span> <span class='ocrx_word' id='word_1_828' title='bbox 3212 4071 3557 4129; x_wconf 86' lang='lat' dir='ltr'><strong>fornicantem</strong></span> <span class='ocrx_word' id='word_1_829' title='bbox 3588 4080 3870 4137; x_wconf 86' lang='lat' dir='ltr'><strong>mulierem</strong></span> 
     </span>
    </p>
   </div>
   <div class='ocr_carea' id='block_1_104' title="bbox 2273 4161 3871 4228">
    <p class='ocr_par' dir='ltr' id='par_1_104' title="bbox 2273 4161 3871 4228">
     <span class='ocr_line' id='line_1_104' title="bbox 2273 4161 3871 4228; baseline 0.013 -22"><span class='ocrx_word' id='word_1_830' title='bbox 2273 4169 2393 4207; x_wconf 88' lang='lat' dir='ltr'><strong>cum</strong></span> <span class='ocrx_word' id='word_1_831' title='bbox 2442 4166 2737 4213; x_wconf 87' lang='lat' dir='ltr'><strong>scortatore</strong></span> <span class='ocrx_word' id='word_1_832' title='bbox 2792 4161 3148 4228; x_wconf 82' lang='lat' dir='ltr'><strong>conlodisset;</strong></span> <span class='ocrx_word' id='word_1_833' title='bbox 3200 4163 3414 4219; x_wconf 86' lang='lat' dir='ltr'><strong>Saulem</strong></span> <span class='ocrx_word' id='word_1_834' title='bbox 3472 4184 3601 4223; x_wconf 90' lang='lat' dir='ltr'><strong>vero</strong></span> <span class='ocrx_word' id='word_1_835' title='bbox 3651 4183 3871 4228; x_wconf 74' lang='lat' dir='ltr'><strong>sant-tus</strong></span> 
     </span>
    </p>
   </div>
   <div class='ocr_carea' id='block_1_105' title="bbox 2274 4246 3871 4331">
    <p class='ocr_par' dir='ltr' id='par_1_105' title="bbox 2274 4246 3871 4331">
     <span class='ocr_line' id='line_1_105' title="bbox 2274 4246 3871 4331; baseline 0.009 -31"><span class='ocrx_word' id='word_1_836' title='bbox 2274 4247 2368 4303; x_wconf 87' lang='lat' dir='ltr'><strong>Dei</strong></span> <span class='ocrx_word' id='word_1_837' title='bbox 2399 4246 2635 4311; x_wconf 87' lang='lat' dir='ltr'><strong>Samuel,</strong></span> <span class='ocrx_word' id='word_1_838' title='bbox 2668 4251 2719 4304; x_wconf 91' lang='lat' dir='ltr'><strong>in</strong></span> <span class='ocrx_word' id='word_1_839' title='bbox 2764 4250 2909 4314; x_wconf 87' lang='lat' dir='ltr'><strong>fletu,</strong></span> <span class='ocrx_word' id='word_1_840' title='bbox 2954 4255 3097 4307; x_wconf 90' lang='lat' dir='ltr'><strong>luctu</strong></span> <span class='ocrx_word' id='word_1_841' title='bbox 3127 4264 3178 4309; x_wconf 92' lang='lat' dir='ltr'><strong>et</strong></span> <span class='ocrx_word' id='word_1_842' title='bbox 3209 4257 3455 4323; x_wconf 89' lang='lat' dir='ltr'><strong>precibus</strong></span> <span class='ocrx_word' id='word_1_843' title='bbox 3486 4274 3630 4329; x_wconf 69' lang='lat' dir='ltr'><strong>saepe</strong></span> <span class='ocrx_word' id='word_1_844' title='bbox 3677 4278 3871 4331; x_wconf 78' lang='lat' dir='ltr'><strong>perno-</strong></span> 
     </span>
    </p>
   </div>
   <div class='ocr_carea' id='block_1_106' title="bbox 2274 4343 3868 4415">
    <p class='ocr_par' dir='ltr' id='par_1_106' title="bbox 2274 4343 3868 4415">
     <span class='ocr_line' id='line_1_106' title="bbox 2274 4343 3868 4415; baseline 0.011 -22"><span class='ocrx_word' id='word_1_845' title='bbox 2274 4350 2446 4404; x_wconf 88' lang='lat' dir='ltr'><strong>ctans,</strong></span> <span class='ocrx_word' id='word_1_846' title='bbox 2482 4356 2585 4395; x_wconf 91' lang='lat' dir='ltr'><strong>non</strong></span> <span class='ocrx_word' id='word_1_847' title='bbox 2616 4343 2787 4410; x_wconf 90' lang='lat' dir='ltr'><strong>potuit</strong></span> <span class='ocrx_word' id='word_1_848' title='bbox 2809 4358 2837 4396; x_wconf 91' lang='lat' dir='ltr'><strong>a</strong></span> <span class='ocrx_word' id='word_1_849' title='bbox 2865 4344 3227 4409; x_wconf 88' lang='lat' dir='ltr'><strong>damnatione,</strong></span> <span class='ocrx_word' id='word_1_850' title='bbox 3248 4362 3407 4415; x_wconf 89' lang='lat' dir='ltr'><strong>quam</strong></span> <span class='ocrx_word' id='word_1_851' title='bbox 3440 4349 3578 4405; x_wconf 90' lang='lat' dir='ltr'><strong>Deus</strong></span> <span class='ocrx_word' id='word_1_852' title='bbox 3606 4354 3868 4410; x_wconf 47' lang='lat' dir='ltr'><strong>adversus</strong></span> 
     </span>
    </p>
   </div>
   <div class='ocr_carea' id='block_1_107' title="bbox 2273 4433 3867 4517">
    <p class='ocr_par' dir='ltr' id='par_1_107' title="bbox 2273 4433 3867 4517">
     <span class='ocr_line' id='line_1_107' title="bbox 2273 4433 3867 4517; baseline 0.011 -32"><span class='ocrx_word' id='word_1_853' title='bbox 2273 4433 2445 4501; x_wconf 85' lang='lat' dir='ltr'><strong>ipsum</strong></span> <span class='ocrx_word' id='word_1_854' title='bbox 2481 4435 2945 4503; x_wconf 85' lang='lat' dir='ltr'><strong>pronuntiaverat,</strong></span> <span class='ocrx_word' id='word_1_855' title='bbox 2975 4439 3213 4507; x_wconf 88' lang='lat' dir='ltr'><strong>eripere;</strong></span> <span class='ocrx_word' id='word_1_856' title='bbox 3244 4440 3366 4509; x_wconf 88' lang='lat' dir='ltr'><strong>quia</strong></span> <span class='ocrx_word' id='word_1_857' title='bbox 3396 4458 3576 4512; x_wconf 82' lang='lat' dir='ltr'><strong>regem</strong></span> <span class='ocrx_word' id='word_1_858' title='bbox 3604 4447 3867 4517; x_wconf 77' lang='lat' dir='ltr'><strong>alienige-</strong></span> 
     </span>
    </p>
   </div>
   <div class='ocr_carea' id='block_1_108' title="bbox 2272 4528 3864 4603">
    <p class='ocr_par' dir='ltr' id='par_1_108' title="bbox 2272 4528 3864 4603">
     <span class='ocr_line' id='line_1_108' title="bbox 2272 4528 3864 4603; baseline 0.012 -26"><span class='ocrx_word' id='word_1_859' title='bbox 2272 4540 2483 4589; x_wconf 90' lang='lat' dir='ltr'><strong>narum,</strong></span> <span class='ocrx_word' id='word_1_860' title='bbox 2515 4542 2673 4595; x_wconf 89' lang='lat' dir='ltr'><strong>quem</strong></span> <span class='ocrx_word' id='word_1_861' title='bbox 2716 4528 2953 4582; x_wconf 87' lang='lat' dir='ltr'><strong>occisum</strong></span> <span class='ocrx_word' id='word_1_862' title='bbox 2985 4540 3332 4599; x_wconf 82' lang='lat' dir='ltr'><strong>oportuerat,</strong></span> <span class='ocrx_word' id='word_1_863' title='bbox 3374 4545 3569 4603; x_wconf 74' lang='lat' dir='ltr'><strong>prteter</strong></span> <span class='ocrx_word' id='word_1_864' title='bbox 3614 4537 3703 4592; x_wconf 89' lang='lat' dir='ltr'><strong>Dei</strong></span> <span class='ocrx_word' id='word_1_865' title='bbox 3737 4556 3864 4595; x_wconf 85' lang='lat' dir='ltr'><strong>sen-</strong></span> 
     </span>
    </p>
   </div>
   <div class='ocr_carea' id='block_1_109' title="bbox 2273 4617 3863 4699">
    <p class='ocr_par' dir='ltr' id='par_1_109' title="bbox 2273 4617 3863 4699">
     <span class='ocr_line' id='line_1_109' title="bbox 2273 4617 3863 4699; baseline 0.009 -29"><span class='ocrx_word' id='word_1_866' title='bbox 2273 4617 2494 4674; x_wconf 81' lang='lat' dir='ltr'><strong>tentiam</strong></span> <span class='ocrx_word' id='word_1_867' title='bbox 2528 4618 2697 4671; x_wconf 88' lang='lat' dir='ltr'><strong>salute</strong></span> <span class='ocrx_word' id='word_1_868' title='bbox 2738 4618 2975 4672; x_wconf 90' lang='lat' dir='ltr'><strong>donavit.</strong></span> <span class='ocrx_word' id='word_1_869' title='bbox 3008 4620 3061 4673; x_wconf 91' lang='lat' dir='ltr'><strong>Si</strong></span> <span class='ocrx_word' id='word_1_870' title='bbox 3095 4636 3223 4691; x_wconf 74' lang='lat' dir='ltr'><strong>ergo</strong></span> <span class='ocrx_word' id='word_1_871' title='bbox 3263 4622 3564 4680; x_wconf 88' lang='lat' dir='ltr'><strong>humanitas</strong></span> <span class='ocrx_word' id='word_1_872' title='bbox 3604 4628 3863 4699; x_wconf 81' lang='lat' dir='ltr'><strong>majorem</strong></span> 
     </span>
    </p>
   </div>
   <div class='ocr_carea' id='block_1_110' title="bbox 2272 4709 3862 4785">
    <p class='ocr_par' dir='ltr' id='par_1_110' title="bbox 2272 4709 3862 4785">
     <span class='ocr_line' id='line_1_110' title="bbox 2272 4709 3862 4785; baseline 0.011 -25"><span class='ocrx_word' id='word_1_873' title='bbox 2272 4725 2429 4779; x_wconf 90' lang='lat' dir='ltr'><strong>quam</strong></span> <span class='ocrx_word' id='word_1_874' title='bbox 2461 4709 2635 4764; x_wconf 62' lang='lat' dir='ltr'><strong>aedes</strong></span> <span class='ocrx_word' id='word_1_875' title='bbox 2678 4711 3078 4767; x_wconf 85' lang='lat' dir='ltr'><strong>damnationem</strong></span> <span class='ocrx_word' id='word_1_876' title='bbox 3110 4714 3298 4780; x_wconf 88' lang='lat' dir='ltr'><strong>infert,</strong></span> <span class='ocrx_word' id='word_1_877' title='bbox 3331 4717 3451 4785; x_wconf 88' lang='lat' dir='ltr'><strong>quia</strong></span> <span class='ocrx_word' id='word_1_878' title='bbox 3481 4718 3589 4772; x_wconf 87' lang='lat' dir='ltr'><strong>Deo</strong></span> <span class='ocrx_word' id='word_1_879' title='bbox 3626 4736 3729 4773; x_wconf 87' lang='lat' dir='ltr'><strong>non</strong></span> <span class='ocrx_word' id='word_1_880' title='bbox 3760 4722 3862 4777; x_wconf 84' lang='lat' dir='ltr'><strong>ob-</strong></span> 
     </span>
    </p>
   </div>
   <div class='ocr_carea' id='block_1_111' title="bbox 2272 4804 3863 4879">
    <p class='ocr_par' dir='ltr' id='par_1_111' title="bbox 2272 4804 3863 4879">
     <span class='ocr_line' id='line_1_111' title="bbox 2272 4804 3863 4879; baseline 0.007 -24"><span class='ocrx_word' id='word_1_881' title='bbox 2272 4811 2599 4867; x_wconf 82' lang='lat' dir='ltr'><strong>temperatur</strong></span> <span class='ocrx_word' id='word_1_882' title='bbox 2630 4821 2644 4855; x_wconf 89' lang='lat'><strong>:</strong></span> <span class='ocrx_word' id='word_1_883' title='bbox 2676 4804 2801 4872; x_wconf 91' lang='lat' dir='ltr'><strong>quid</strong></span> <span class='ocrx_word' id='word_1_884' title='bbox 2837 4804 3029 4858; x_wconf 89' lang='lat' dir='ltr'><strong>mirum</strong></span> <span class='ocrx_word' id='word_1_885' title='bbox 3064 4806 3107 4859; x_wconf 90' lang='lat' dir='ltr'><strong>si</strong></span> <span class='ocrx_word' id='word_1_886' title='bbox 3137 4807 3334 4875; x_wconf 59' lang='lat' dir='ltr'><strong>nuptize</strong></span> <span class='ocrx_word' id='word_1_887' title='bbox 3376 4811 3674 4878; x_wconf 83' lang='lat' dir='ltr'><strong>graviorem</strong></span> <span class='ocrx_word' id='word_1_888' title='bbox 3701 4830 3863 4879; x_wconf 86' lang='lat' dir='ltr'><strong>quam</strong></span> 
     </span>
    </p>
   </div>
   <div class='ocr_carea' id='block_1_112' title="bbox 2270 4894 3869 4974">
    <p class='ocr_par' dir='ltr' id='par_1_112' title="bbox 2270 4894 3869 4974">
     <span class='ocr_line' id='line_1_112' title="bbox 2270 4894 3869 4974; baseline 0.011 -27"><span class='ocrx_word' id='word_1_889' title='bbox 2270 4894 2590 4948; x_wconf 88' lang='lat' dir='ltr'><strong>adulterium</strong></span> <span class='ocrx_word' id='word_1_890' title='bbox 2617 4895 3015 4951; x_wconf 87' lang='lat' dir='ltr'><strong>damnationem</strong></span> <span class='ocrx_word' id='word_1_891' title='bbox 3049 4898 3297 4966; x_wconf 86' lang='lat' dir='ltr'><strong>inferant,</strong></span> <span class='ocrx_word' id='word_1_892' title='bbox 3333 4904 3544 4970; x_wconf 87' lang='lat' dir='ltr'><strong>quando</strong></span> <span class='ocrx_word' id='word_1_893' title='bbox 3568 4904 3869 4974; x_wconf 82' lang='lat' dir='ltr'><strong>deSpicitnr</strong></span> 
     </span>
    </p>
   </div>
   <div class='ocr_carea' id='block_1_113' title="bbox 2270 4985 3864 5069">
    <p class='ocr_par' dir='ltr' id='par_1_113' title="bbox 2270 4985 3864 5069">
     <span class='ocr_line' id='line_1_113' title="bbox 2270 4985 3864 5069; baseline 0.009 -28"><span class='ocrx_word' id='word_1_894' title='bbox 2270 4985 2549 5041; x_wconf 85' lang='lat' dir='ltr'><strong>Christus?</strong></span> <span class='ocrx_word' id='word_1_895' title='bbox 2579 4985 2728 5051; x_wconf 88' lang='lat' dir='ltr'><strong>Nam,</strong></span> <span class='ocrx_word' id='word_1_896' title='bbox 2764 4997 2819 5042; x_wconf 93' lang='lat' dir='ltr'><strong>ut</strong></span> <span class='ocrx_word' id='word_1_897' title='bbox 2847 4990 2998 5043; x_wconf 92' lang='lat' dir='ltr'><strong>initio</strong></span> <span class='ocrx_word' id='word_1_898' title='bbox 3023 4989 3264 5045; x_wconf 88' lang='lat' dir='ltr'><strong>dicebam</strong></span> <span class='ocrx_word' id='word_1_899' title='bbox 3298 5011 3310 5047; x_wconf 90' lang='lat'>:</span> <span class='ocrx_word' id='word_1_900' title='bbox 3345 4995 3387 5048; x_wconf 90' lang='lat' dir='ltr'><strong>si</strong></span> <span class='ocrx_word' id='word_1_901' title='bbox 3423 4996 3657 5065; x_wconf 79' lang='lat' dir='ltr'><strong>privatus</strong></span> <span class='ocrx_word' id='word_1_902' title='bbox 3679 5014 3830 5055; x_wconf 89' lang='lat' dir='ltr'><strong>esses</strong></span> <span class='ocrx_word' id='word_1_903' title='bbox 3851 5042 3864 5069; x_wconf 91' lang='lat'><strong>,</strong></span> 
     </span>
    </p>
   </div>
   <div class='ocr_carea' id='block_1_114' title="bbox 2270 5079 3865 5152">
    <p class='ocr_par' dir='ltr' id='par_1_114' title="bbox 2270 5079 3865 5152">
     <span class='ocr_line' id='line_1_114' title="bbox 2270 5079 3865 5152; baseline 0.01 -20"><span class='ocrx_word' id='word_1_904' title='bbox 2270 5095 2428 5135; x_wconf 89' lang='lat' dir='ltr'><strong>nemo</strong></span> <span class='ocrx_word' id='word_1_905' title='bbox 2457 5090 2507 5134; x_wconf 90' lang='lat' dir='ltr'><strong>te</strong></span> <span class='ocrx_word' id='word_1_906' title='bbox 2545 5079 2775 5136; x_wconf 62' lang='lat' dir='ltr'><strong>desertae</strong></span> <span class='ocrx_word' id='word_1_907' title='bbox 2817 5082 3023 5136; x_wconf 77' lang='lat' dir='ltr'><strong>militia:</strong></span> <span class='ocrx_word' id='word_1_908' title='bbox 3053 5095 3363 5152; x_wconf 87' lang='lat' dir='ltr'><strong>accusaret;</strong></span> <span class='ocrx_word' id='word_1_909' title='bbox 3396 5104 3536 5142; x_wconf 90' lang='lat' dir='ltr'><strong>nunc</strong></span> <span class='ocrx_word' id='word_1_910' title='bbox 3563 5099 3741 5144; x_wconf 89' lang='lat' dir='ltr'><strong>autem</strong></span> <span class='ocrx_word' id='word_1_911' title='bbox 3786 5096 3865 5149; x_wconf 91' lang='lat' dir='ltr'><strong>tui</strong></span> 
     </span>
    </p>
   </div>
   <div class='ocr_carea' id='block_1_115' title="bbox 2266 5175 3868 5249">
    <p class='ocr_par' dir='ltr' id='par_1_115' title="bbox 2266 5175 3868 5249">
     <span class='ocr_line' id='line_1_115' title="bbox 2266 5175 3868 5249; baseline 0.009 -21"><span class='ocrx_word' id='word_1_912' title='bbox 2266 5175 2401 5245; x_wconf 86' lang='lat' dir='ltr'><strong>juris</strong></span> <span class='ocrx_word' id='word_1_913' title='bbox 2440 5190 2541 5229; x_wconf 90' lang='lat' dir='ltr'><strong>non</strong></span> <span class='ocrx_word' id='word_1_914' title='bbox 2574 5190 2630 5229; x_wconf 90' lang='lat' dir='ltr'><strong>es</strong></span> <span class='ocrx_word' id='word_1_915' title='bbox 2677 5175 2938 5243; x_wconf 87' lang='lat' dir='ltr'><strong>amplius,</strong></span> <span class='ocrx_word' id='word_1_916' title='bbox 2967 5177 3055 5246; x_wconf 92' lang='lat' dir='ltr'><strong>qui</strong></span> <span class='ocrx_word' id='word_1_917' title='bbox 3085 5187 3232 5232; x_wconf 89' lang='lat' dir='ltr'><strong>tanto</strong></span> <span class='ocrx_word' id='word_1_918' title='bbox 3277 5180 3582 5249; x_wconf 89' lang='lat' dir='ltr'><strong>imperatori</strong></span> <span class='ocrx_word' id='word_1_919' title='bbox 3633 5186 3868 5242; x_wconf 84' lang='lat' dir='ltr'><strong>militare</strong></span> 
     </span>
    </p>
   </div>
   <div class='ocr_carea' id='block_1_116' title="bbox 2178 5269 3865 5344">
    <p class='ocr_par' dir='ltr' id='par_1_116' title="bbox 2178 5269 3865 5344">
     <span class='ocr_line' id='line_1_116' title="bbox 2178 5269 3865 5344; baseline 0.005 -20"><span class='ocrx_word' id='word_1_920' title='bbox 2178 5298 2183 5299; x_wconf 53' lang='grc' dir='ltr'><em>ν</em></span> <span class='ocrx_word' id='word_1_921' title='bbox 2269 5270 2498 5339; x_wconf 72' lang='lat' dir='ltr'><strong>cmpisti.</strong></span> <span class='ocrx_word' id='word_1_922' title='bbox 2528 5269 2737 5323; x_wconf 79' lang='lat' dir='ltr'><strong>Etenim</strong></span> <span class='ocrx_word' id='word_1_923' title='bbox 2765 5270 2808 5324; x_wconf 91' lang='lat' dir='ltr'><strong>si</strong></span> <span class='ocrx_word' id='word_1_924' title='bbox 2836 5270 3027 5325; x_wconf 85' lang='lat' dir='ltr'><strong>mulier</strong></span> <span class='ocrx_word' id='word_1_925' title='bbox 3048 5272 3127 5325; x_wconf 86' lang='lat' dir='ltr'><strong>sui</strong></span> <span class='ocrx_word' id='word_1_926' title='bbox 3148 5275 3389 5341; x_wconf 90' lang='lat' dir='ltr'><strong>corporis</strong></span> <span class='ocrx_word' id='word_1_927' title='bbox 3413 5284 3729 5344; x_wconf 85' lang='lat' dir='ltr'><strong>potestatem</strong></span> <span class='ocrx_word' id='word_1_928' title='bbox 3754 5294 3865 5334; x_wconf 90' lang='lat' dir='ltr'><strong>non</strong></span> 
     </span>
    </p>
   </div>
   <div class='ocr_carea' id='block_1_117' title="bbox 2268 5362 3865 5435">
    <p class='ocr_par' dir='ltr' id='par_1_117' title="bbox 2268 5362 3865 5435">
     <span class='ocr_line' id='line_1_117' title="bbox 2268 5362 3865 5435; baseline 0.009 -20"><span class='ocrx_word' id='word_1_929' title='bbox 2268 5362 2461 5427; x_wconf 87' lang='lat' dir='ltr'><strong>habet,</strong></span> <span class='ocrx_word' id='word_1_930' title='bbox 2494 5362 2585 5417; x_wconf 88' lang='lat' dir='ltr'><strong>sed</strong></span> <span class='ocrx_word' id='word_1_931' title='bbox 2614 5365 2710 5427; x_wconf 91' lang='lat' dir='ltr'><strong>vir,</strong></span> <span class='ocrx_word' id='word_1_932' title='bbox 2742 5364 2907 5419; x_wconf 91' lang='lat' dir='ltr'><strong>multo</strong></span> <span class='ocrx_word' id='word_1_933' title='bbox 2934 5364 3104 5434; x_wconf 78' lang='lat' dir='ltr'><strong>magis</strong></span> <span class='ocrx_word' id='word_1_934' title='bbox 3131 5366 3221 5435; x_wconf 89' lang='lat' dir='ltr'><strong>qui</strong></span> <span class='ocrx_word' id='word_1_935' title='bbox 3252 5368 3431 5422; x_wconf 89' lang='lat' dir='ltr'><strong>vivunt</strong></span> <span class='ocrx_word' id='word_1_936' title='bbox 3460 5369 3509 5423; x_wconf 91' lang='lat' dir='ltr'><strong>in</strong></span> <span class='ocrx_word' id='word_1_937' title='bbox 3539 5369 3756 5427; x_wconf 85' lang='lat' dir='ltr'><strong>Christo</strong></span> <span class='ocrx_word' id='word_1_938' title='bbox 3780 5376 3865 5430; x_wconf 88' lang='lat' dir='ltr'><strong>sui</strong></span> 
     </span>
    </p>
   </div>
   <div class='ocr_carea' id='block_1_118' title="bbox 2266 5456 3864 5531">
    <p class='ocr_par' dir='ltr' id='par_1_118' title="bbox 2266 5456 3864 5531">
     <span class='ocr_line' id='line_1_118' title="bbox 2266 5456 3864 5531; baseline 0.008 -23"><span class='ocrx_word' id='word_1_939' title='bbox 2266 5456 2507 5524; x_wconf 87' lang='lat' dir='ltr'><strong>corporis</strong></span> <span class='ocrx_word' id='word_1_940' title='bbox 2547 5464 2864 5524; x_wconf 84' lang='lat' dir='ltr'><strong>potestatem</strong></span> <span class='ocrx_word' id='word_1_941' title='bbox 2910 5471 3015 5511; x_wconf 88' lang='lat' dir='ltr'><strong>non</strong></span> <span class='ocrx_word' id='word_1_942' title='bbox 3046 5456 3271 5512; x_wconf 86' lang='lat' dir='ltr'><strong>habeant</strong></span> <span class='ocrx_word' id='word_1_943' title='bbox 3303 5458 3377 5528; x_wconf 85' lang='lat' dir='ltr'><strong>(l.</strong></span> <span class='ocrx_word' id='word_1_944' title='bbox 3422 5459 3541 5515; x_wconf 88' lang='lat' dir='ltr'><strong>Cor.</strong></span> <span class='ocrx_word' id='word_1_945' title='bbox 3571 5462 3621 5516; x_wconf 88' lang='lat'><strong>7.</strong></span> <span class='ocrx_word' id='word_1_946' title='bbox 3653 5464 3730 5531; x_wconf 68' lang='grc'><strong>4).</strong></span> <span class='ocrx_word' id='word_1_947' title='bbox 3761 5466 3864 5531; x_wconf 82' lang='lat' dir='ltr'><strong>Qui</strong></span> 
     </span>
    </p>
   </div>
   <div class='ocr_carea' id='block_1_119' title="bbox 2270 5546 3864 5619">
    <p class='ocr_par' dir='ltr' id='par_1_119' title="bbox 2270 5546 3864 5619">
     <span class='ocr_line' id='line_1_119' title="bbox 2270 5546 3864 5619; baseline 0.009 -20"><span class='ocrx_word' id='word_1_948' title='bbox 2270 5561 2411 5599; x_wconf 89' lang='lat' dir='ltr'><strong>nunc</strong></span> <span class='ocrx_word' id='word_1_949' title='bbox 2442 5547 2823 5609; x_wconf 88' lang='lat' dir='ltr'><strong>contemnitur,</strong></span> <span class='ocrx_word' id='word_1_950' title='bbox 2856 5546 2967 5616; x_wconf 87' lang='lat' dir='ltr'><strong>ipse</strong></span> <span class='ocrx_word' id='word_1_951' title='bbox 3008 5558 3087 5602; x_wconf 91' lang='lat' dir='ltr'><strong>est</strong></span> <span class='ocrx_word' id='word_1_952' title='bbox 3114 5548 3199 5618; x_wconf 88' lang='lat' dir='ltr'><strong>qui</strong></span> <span class='ocrx_word' id='word_1_953' title='bbox 3235 5558 3358 5604; x_wconf 87' lang='lat' dir='ltr'><strong>tunc</strong></span> <span class='ocrx_word' id='word_1_954' title='bbox 3382 5551 3639 5619; x_wconf 87' lang='lat' dir='ltr'><strong>judicabit</strong></span> <span class='ocrx_word' id='word_1_955' title='bbox 3670 5572 3683 5608; x_wconf 87' lang='lat'><strong>:</strong></span> <span class='ocrx_word' id='word_1_956' title='bbox 3718 5554 3864 5612; x_wconf 81' lang='lat' dir='ltr'><strong>hunc</strong></span> 
     </span>
    </p>
   </div>
   <div class='ocr_carea' id='block_1_120' title="bbox 2269 5638 3861 5716">
    <p class='ocr_par' dir='ltr' id='par_1_120' title="bbox 2269 5638 3861 5716">
     <span class='ocr_line' id='line_1_120' title="bbox 2269 5638 3861 5716; baseline 0.011 -29"><span class='ocrx_word' id='word_1_957' title='bbox 2269 5649 2483 5705; x_wconf 70' lang='lat' dir='ltr'><strong>settmer</strong></span> <span class='ocrx_word' id='word_1_958' title='bbox 2537 5648 2751 5705; x_wconf 77' lang='lat' dir='ltr'><strong>cogita,</strong></span> <span class='ocrx_word' id='word_1_959' title='bbox 2816 5652 3023 5693; x_wconf 84' lang='lat' dir='ltr'><strong>necnon</strong></span> <span class='ocrx_word' id='word_1_960' title='bbox 3088 5638 3307 5695; x_wconf 81' lang='lat' dir='ltr'><strong>ﬂuvium</strong></span> <span class='ocrx_word' id='word_1_961' title='bbox 3386 5642 3533 5698; x_wconf 92' lang='lat' dir='ltr'><strong>illum</strong></span> <span class='ocrx_word' id='word_1_962' title='bbox 3605 5644 3861 5716; x_wconf 77' lang='lat' dir='ltr'><strong>igneum;</strong></span> 
     </span>
    </p>
   </div>
   <div class='ocr_carea' id='block_1_121' title="bbox 2333 5795 3389 5861">
    <p class='ocr_par' dir='ltr' id='par_1_121' title="bbox 2333 5795 3389 5861">
     <span class='ocr_line' id='line_1_121' title="bbox 2333 5795 3389 5861; baseline -0.001 -13"><span class='ocrx_word' id='word_1_963' title='bbox 2333 5810 2347 5831; x_wconf 75' lang='grc' dir='ltr'>ι</span> <span class='ocrx_word' id='word_1_964' title='bbox 2385 5798 2523 5849; x_wconf 70' lang='lat' dir='ltr'><strong>sani.</strong></span> <span class='ocrx_word' id='word_1_965' title='bbox 2558 5799 2601 5845; x_wconf 90' lang='lat' dir='ltr'><strong>in</strong></span> <span class='ocrx_word' id='word_1_966' title='bbox 2629 5798 2867 5858; x_wconf 76' lang='lat' dir='ltr'><strong>margine,</strong></span> <span class='ocrx_word' id='word_1_967' title='bbox 2895 5810 3093 5847; x_wconf 72' lang='lat' dir='ltr'><strong>uxorem</strong></span> <span class='ocrx_word' id='word_1_968' title='bbox 3114 5795 3389 5861; x_wconf 79' lang='lat' dir='ltr'><strong>legitimam.</strong></span> 
     </span>
    </p>
   </div>
  </div>
