4276 6316
377 375 483 430 313

374 582 536 651 (Dan.
572 583 627 636 7.
661 579 751 652 10)
784 598 797 635 :
827 582 915 653 qui
958 581 1100 638 enim
1127 580 1294 635 semel
1341 580 1445 650 igni
1492 577 1715 633 traditus
1751 577 1818 633 ab
1862 576 1957 632 illo

374 674 555 739 fuerit,
583 673 787 727 nullum
818 680 992 742 potest
1017 670 1263 742 supplicii
1291 666 1508 740 sperare
1538 668 1718 723 ﬁnem.
1747 666 1817 722 Et
1853 666 1955 721 ab-

376 765 556 819 surda:
571 764 785 834 quidem
803 765 926 820 vitae
938 763 1237 835 voluptates
1262 761 1390 817 nihil
1418 761 1485 816 ab
1505 759 1711 817 umbris
1734 767 1789 815 et
1807 773 1954 815 som-

373 856 477 910 niis
526 854 820 911 diﬁ‘erunt:
864 855 1174 924 priusquam
1223 853 1365 908 enim
1414 858 1630 922 peccata
1678 849 1744 903 ad
1795 849 1954 904 ﬁnem

372 946 728 1011 deducantur,
749 944 1030 1001 delectatio
1045 943 1328 1012 voluptatis
1347 940 1701 1011 exstinguitur
1720 955 1734 1005 ;
1752 938 1956 1008 suppli-

371 1040 456 1094 cia
474 1053 601 1093 vero
620 1037 684 1092 iis
702 1036 959 1093 destinata
991 1037 1195 1091 nullum
1216 1036 1413 1091 habent
1439 1033 1746 1090 terminum.
1764 1030 1957 1087 Suavi-

374 1139 459 1184 tas
478 1129 566 1183 illa
593 1129 907 1184 brevissima
934 1137 1037 1193 est,
1063 1126 1328 1183 cruciatus
1345 1133 1599 1181 atternus.

445 1219 600 1277 Nihil
623 1221 675 1274 in
702 1220 891 1275 mundo
928 1218 1125 1274 stabile.
1148 1247 1217 1258 -—
1252 1216 1348 1273 Dic
1394 1216 1561 1283 mihi,
1605 1214 1735 1286 quid
1775 1214 1826 1269 in
1857 1213 1961 1269 hoc

373 1309 576 1367 mundo
614 1310 808 1368 stabile
850 1310 972 1367 est?
1012 1311 1095 1365 Au
1141 1308 1369 1376 divitiae,
1416 1323 1538 1378 qua:
1592 1322 1737 1378 saepe
1786 1322 1852 1362 ne
1891 1306 1960 1361 ad

373 1419 658 1475 vesperam
699 1401 913 1473 quidem
955 1416 1125 1473 usque
1165 1400 1423 1456 manent?
1448 1398 1586 1455 Nam
1630 1398 1835 1468 gloria?
1863 1397 1959 1453 sed

373 1494 497 1550 audi
521 1496 723 1564 justum
748 1492 1036 1564 quemdam
1060 1492 1235 1547 virum
1263 1490 1564 1557 dicentem:
1605 1487 1722 1544 Vita
1745 1504 1857 1544 mea
1880 1502 1961 1542 ve-

372 1585 629 1640 laciorest
666 1600 869 1640 cursore
899 1582 1018 1655 (Job
1056 1583 1112 1640 9.
1148 1582 1265 1651 25).
1311 1581 1459 1638 Sicut
1497 1581 1640 1636 enim
1694 1580 1770 1635 illi
1811 1578 1965 1649 priut‘

374 1689 533 1744 quam
560 1674 808 1730 steterint
835 1674 1107 1737 exsiliunt,
1140 1672 1211 1727 ita
1237 1679 1292 1727 et
1318 1670 1434 1727 haec
1463 1670 1642 1727 evolat
1677 1678 1960 1739 antequam

372 1764 573 1818 veniat.
596 1762 736 1818 Nihil
761 1765 935 1818 anima
961 1763 1249 1833 pretiosius
1271 1770 1354 1817 est
1380 1778 1395 1814 :
1424 1760 1567 1832 quod
1594 1776 1664 1817 ne
1683 1760 1719 1815 ii
1746 1760 1959 1832 quidem

372 1857 643 1928 ignorant,
673 1858 764 1927 qui
793 1856 861 1912 ad
903 1865 1205 1912 extremum
1247 1854 1569 1926 insipientia;
1606 1853 1958 1910 devenerunt.

370 1950 569 2005 Anime
586 1950 716 2005 nihil
735 1950 1039 2020 (aquantium
1059 1990 1074 2014 ,
1099 1949 1174 2003 ait
1202 1946 1413 2019 quidam
1440 1954 1754 2004 exterorum
1780 1954 1957 2017 poeta.

368 2039 503 2096 Novi
533 2050 586 2096 te
611 2040 771 2112 longe
812 2040 1163 2097 inﬁrmiorem
1193 2039 1260 2095 ad
1289 2047 1560 2095 certamen
1588 2046 1775 2093 contra
1804 2037 1958 2092 mali-

369 2147 532 2203 gnum
554 2132 791 2188 evasisse
822 2150 837 2186 :
865 2132 989 2187 novi
1014 2139 1071 2209 te
1095 2131 1147 2186 in
1172 2130 1347 2185 media
1371 2130 1705 2198 voluptatum
1746 2127 1959 2183 ﬂamma

368 2225 592 2282 versari.
621 2225 727 2281 Sed
754 2226 799 2281 si
825 2226 1040 2280 inimico
1062 2224 1296 2281 dixeris:
1324 2222 1697 2293 Voluptatibus
1723 2221 1825 2277 tuis
1851 2236 1957 2276 non

367 2315 667 2378 servimus,
704 2315 941 2370 omnium
984 2315 1248 2371 malorum
1286 2321 1497 2369 tuorum
1560 2311 1795 2367 radicem
1852 2326 1958 2365 non

368 2405 691 2472 adoramus;
744 2408 789 2462 sl
838 2420 1051 2461 sursum
1106 2405 1292 2469 oculos
1345 2403 1637 2469 extuleris,
1687 2401 1957 2457 ﬂammam

368 2513 513 2555 nunc
539 2498 786 2555 Salvator
813 2498 1055 2554 excutiet
1092 2513 1290 2567 eosque
1318 2496 1408 2567 qui
1448 2505 1500 2553 te
1527 2496 1580 2551 in
1612 2495 1788 2565 ignem
1822 2508 1956 2549 con-

366 2592 614 2660 iecerunt
657 2589 969 2656 comburet;
1012 2589 1111 2646 tibi
1156 2596 1331 2643 autem
1372 2587 1425 2643 in
1470 2586 1650 2642 medio
1688 2584 1954 2651 fornacis,

368 2682 589 2749 nubem,
615 2696 794 2737 rorem
820 2688 874 2737 et
899 2680 1201 2736 sibilantem
1231 2693 1415 2734 auram
1442 2678 1647 2742 mittet;
1677 2675 1746 2731 ita
1777 2682 1836 2730 ut
1860 2684 1959 2729 nec

348 2776 719 2845 'cOgitationes
761 2788 861 2830 nec
904 2772 1285 2830 conscientiam
1332 2778 1476 2826 tuam
1516 2769 1656 2839 ignis
1693 2767 1957 2837 attingat:

370 2874 574 2921 tantum
606 2881 675 2922 ne
706 2866 931 2934 teipsum
962 2860 1241 2919 incendas.
1270 2862 1480 2917 Atenim
1512 2860 1673 2915 urbes
1700 2856 1954 2922 munitas,

370 2972 501 3029 quas
526 2972 626 3012 nec
666 2957 770 3012 tela
810 2970 911 3011 nec
942 2954 1203 3029 machina:
1251 2950 1612 3007 obsidentium
1650 2960 1957 3017 expugnare

370 3027 657 3119 potuerant
675 3088 690 3115 ,
721 3061 863 3114 saepe
888 3045 1046 3101 unius
1075 3027 1372 3099 duorumve
1409 3041 1604 3097 civium
1633 3039 1775 3094 intus
1805 3036 1959 3092 habi-

369 3137 594 3193 tantium
622 3136 922 3206 proditione
963 3135 1111 3190 nullo
1153 3133 1367 3205 negotio
1405 3133 1461 3187 in
1500 3146 1691 3187 manus
1721 3129 1956 3185 hostium

369 3230 719 3284 devenerunt.
751 3228 821 3284 Et
847 3241 989 3282 nunc
1008 3226 1052 3282 si
1079 3226 1221 3282 nulla
1251 3234 1302 3281 te
1339 3225 1483 3281 intus
1511 3224 1682 3294 posita
1707 3222 1958 3292 cogitatio

369 3321 580 3390 prodat,
622 3321 834 3377 etiamsi
864 3330 1144 3377 sexcentas
1192 3318 1323 3375 foris
1371 3318 1647 3375 machinas
1692 3316 1957 3387 malignus

369 3414 461 3469 ille
480 3413 795 3479 admoverit,
822 3413 875 3468 id
902 3413 1097 3468 frustra
1131 3412 1372 3467 tentabit.

438 3507 492 3560 4.
527 3503 583 3559 Η
589 3506 682 3560 ulti
702 3505 957 3560 Theodori
985 3504 1141 3559 vicem
1162 3503 1413 3558 dolebant.
1429 3535 1498 3545 —
1520 3502 1715 3558 Multos
1743 3516 1837 3571 per
1863 3500 1956 3569 Dei

367 3597 593 3669 gratiam
624 3612 955 3667 magnosque
981 3597 1126 3651 viros
1149 3596 1335 3659 habes,
1369 3596 1457 3663 qui
1485 3596 1655 3650 vicem
1690 3602 1832 3648 tuam
1863 3592 1949 3647 do-

368 3691 502 3755 lent,
526 3690 616 3760 qui
639 3699 691 3745 te
712 3688 1082 3752 cohortantur,
1112 3696 1167 3743 et
1189 3701 1286 3755 pro
1313 3688 1488 3740 anima
1516 3694 1605 3740 tua
1635 3682 1952 3748 formidant;

368 3789 612 3838 sanetum
662 3795 856 3849 nempe
900 3781 992 3835 Dei
1041 3778 1313 3834 Valerium
1341 3780 1394 3845 ',
1445 3778 1613 3848 ipsius
1650 3774 1957 3831 omnimode

368 3872 592 3929 fratrem
634 3870 984 3939 Florentium,
1033 3871 1359 3940 sapientem,
1408 3878 1463 3923 ct
1500 3862 1716 3938 quidem
1756 3866 1959 3922 Christi

366 3964 653 4036 sapientia,
681 3954 1059 4035 Porphyrium,
1092 3962 1394 4032 multosque
1420 3956 1576 4016 alios‘.
1609 3960 1673 4015 Hi
1717 3958 1957 4029 quotidie

368 4056 634 4128 ingentes,
666 4054 872 4111 nullum
915 4054 1167 4126 precandi
1216 4053 1375 4109 ﬁnem
1415 4053 1635 4117 iaciunt,
1675 4062 1730 4108 et
1753 4052 1958 4122 jamdiu

367 4158 548 4219 optata
574 4147 887 4218 consequuti
911 4156 1116 4213 essent,
1160 4146 1205 4202 si
1243 4146 1328 4201 vel
1356 4145 1627 4217 paululum
1679 4155 1730 4200 te
1757 4144 1958 4200 inimici

369 4239 616 4295 manibus
658 4238 973 4295 subtrahere
1000 4239 1286 4294 voluisses.
1317 4236 1599 4304 Quomodo
1647 4237 1808 4307 igitur
1849 4250 1959 4293 non

370 4332 659 4389 absurdum
699 4330 878 4392 fuerit,
909 4330 1035 4385 dum
1063 4330 1151 4386 alii
1197 4329 1265 4385 de
1307 4328 1479 4384 salute
1508 4337 1594 4384 tua
1631 4342 1737 4382 non
1764 4327 1958 4395 despe-

368 4434 511 4489 rant,
543 4433 598 4480 et
624 4433 685 4479 ut
726 4423 1024 4479 membrum
1071 4424 1332 4494 recipiant
1374 4437 1528 4477 suum
1574 4420 1788 4477 assidue
1832 4435 1958 4490 pre-

368 4525 582 4581 cantur,
611 4526 664 4571 te
692 4515 857 4571 semel
891 4515 1098 4585 lapsum
1121 4515 1265 4570 nolle
1292 4528 1574 4585 resurgere
1594 4553 1609 4577 ,
1642 4512 1736 4568 sed
1754 4512 1956 4582 jacere,

369 4623 434 4662 ac
461 4606 846 4677 propemodum
890 4606 1103 4662 hostem
1139 4605 1223 4660 his
1252 4605 1473 4671 vocibus
1512 4604 1784 4659 cohortari
1813 4621 1827 4660 :
1859 4600 1962 4658 0c-

369 4699 511 4765 cide,
545 4708 785 4770 percute,
818 4715 885 4755 ne
912 4694 1138 4769 parcas?
1172 4698 1434 4768 Numquid
1460 4698 1546 4769 qui
1572 4698 1731 4761 cadit,
1759 4714 1859 4751 non
1882 4714 1962 4751 re-

370 4801 542 4864 surget
571 4791 703 4863 (Jcr.
727 4792 783 4846 8.
812 4790 909 4861 ψ
940 4792 1109 4861 inquit
1131 4790 1370 4845 divinum
1401 4790 1697 4846 oraculum.
1727 4789 1804 4844 'l'u
1834 4805 1963 4845 vero

374 4884 498 4937 huic
527 4897 791 4953 repugnas
816 4890 871 4938 et
894 4881 1217 4937 contradicis
1251 4900 1263 4935 :
1290 4896 1411 4936 nam
1438 4881 1645 4951 lapsum
1674 4879 1963 4950 desperare

373 4977 506 5030 nihil
530 4974 671 5030 aliud
697 4983 780 5030 est
822 4989 980 5045 quam
1012 4973 1214 5040 dicere,
1242 4973 1343 5042 Qui
1373 4972 1517 5028 cadit
1545 4989 1651 5028 non
1696 4982 1959 5044 resurget.

374 5066 473 5133 Nc,
500 5080 705 5136 quaeso,
738 5081 805 5121 ne
830 5080 998 5135 usque
1023 5065 1160 5120 adeo
1189 5066 1415 5134 teipsum
1445 5064 1630 5131 laedas,
1662 5080 1731 5121 ne
1758 5073 1960 5119 tantum

376 5158 531 5211 nobis
550 5156 788 5212 dolorem
830 5156 1097 5211 infundas.
1129 5155 1247 5211 Non
1276 5156 1398 5211 dico
1435 5170 1599 5219 nunc,
1626 5155 1842 5226 quando
1864 5171 1962 5209 an-

377 5265 502 5304 num
528 5249 838 5303 vicesimum
883 5248 1110 5304 necdum
1142 5249 1294 5318 agis:
1338 5246 1433 5302 sed
1475 5248 1635 5302 etiam
1677 5248 1721 5301 si
1767 5248 1964 5303 multos

376 5355 549 5395 annos
568 5354 818 5394 emensus
846 5354 996 5395 esses
1018 5382 1032 5404 ,
1067 5348 1122 5395 et
1144 5347 1265 5410 post
1294 5348 1533 5394 exactam
1561 5340 1613 5393 in
1642 5338 1855 5394 Christo
1883 5348 1963 5393 to-

380 5441 484 5484 tam
513 5430 708 5495 vitam,
741 5429 795 5484 in
834 5438 1073 5485 extrema
1103 5438 1375 5484 senectute
1416 5429 1553 5484 hanc
1589 5444 1778 5499 passus
1817 5444 1964 5485 esses

380 5521 759 5587 calamitatem,
794 5537 861 5577 ne
892 5531 1015 5576 tunc
1045 5520 1259 5591 quidem
1287 5520 1710 5590 desperandum,
1742 5520 1833 5575 sed
1870 5536 1965 5574 co-

378 5612 651 5682 gitandum
680 5626 800 5667 esse
850 5612 916 5666 dc
956 5613 1191 5676 latrone,
1225 5612 1313 5680 qui
1362 5612 1415 5665 iu
1462 5626 1619 5666 cruce
1647 5611 1965 5680 justiﬁcatus

446 5815 456 5846 ⁸
497 5810 659 5876 Sani,
692 5806 983 5864 t‘hallct‘ftzm
1040 5816 1244 5861 iturus:
1318 5804 1606 5859 rimi-ﬂium.

1530 366 1624 423 AD
1664 360 2085 423 TIIEODORUM
2125 364 2414 423 LAPSUM.
2455 366 2518 422 ll.
3545 374 3645 428 3ιῦ

376 490 625 554 Flavius,
669 488 871 558 inquit,
916 488 1093 559 igneus
1139 486 1367 541 trahebat
1416 486 1469 538 in
1524 492 1792 552 conspectu
1842 484 1953 554 ejus
1993 541 1995 543 ,

2060 491 2179 547 est,
2224 482 2398 553 deque
2442 483 2541 550 iis,
2590 486 2678 556 qui
2735 488 3013 545 undecima
3063 491 3191 546 hora
3243 498 3481 563 aggressi
3526 506 3646 549 sunt

2063 586 2198 642 opus
2226 582 2281 629 et
2310 574 2474 630 totius
2496 575 2602 632 diei
2646 578 2948 635 mercedem
2977 593 3318 651 acceperunt.
3350 581 3421 639 lit
3464 594 3643 639 autem

2062 665 2263 721 bonum
2315 680 2422 721 non
2470 677 2556 722 est
2599 658 2733 735 eas,
2788 670 2877 741 qui
2935 670 2988 726 in
3040 684 3281 727 extremo
3344 675 3465 730 vitae
3511 677 3644 747 lapsi

2063 768 2223 825 sunt,
2273 759 2562 831 desperare
2595 804 2611 831 ,
2673 763 2716 819 si
2782 771 2960 821 tamen
3029 767 3387 837 resipiscam:
3426 769 3496 823 ita
3542 785 3646 825 non

2066 858 2234 905 tutum
2280 862 2362 907 est
2411 851 2512 908 hac
2535 868 2631 923 spe
2676 856 2843 911 teneri
2890 872 2953 912 ac
2997 857 3177 915 dicere
3230 878 3244 915 :
3288 859 3385 916 Hic
3433 862 3646 930 quidem

2066 940 2269 997 interea
2326 943 2449 997 vita:
2500 945 2861 1013 voluptatibus
2918 946 3091 1014 fruar,
3144 958 3418 1018 postremo
3466 960 3642 1009 autem

2063 1033 2213 1090 brevi
2264 1036 2447 1092 labore
2500 1037 2662 1095 totius
2704 1040 2960 1110 temporis
3007 1042 3309 1098 mercedem
3362 1045 3641 1114 accipiam.

2065 1125 2280 1182 Memini
2319 1142 2552 1198 namque
2598 1137 2649 1185 te
2673 1144 2815 1202 saepe
2860 1130 3079 1200 dixisse,
3106 1148 3227 1188 cum
3258 1134 3410 1190 multi
3438 1143 3489 1190 te
3520 1135 3647 1190 hor-

2066 1225 2304 1273 tarentur
2328 1227 2386 1273 ut
2412 1220 2595 1275 mus'ea
2638 1221 3004 1291 frequentares
3033 1240 3046 1276 :
3088 1224 3226 1292 Quid
3256 1240 3405 1289 vero,
3428 1226 3472 1281 si
3500 1226 3649 1283 brevi

2066 1317 2306 1380 tempore
2348 1310 2488 1365 male
2528 1310 2691 1365 vitam
2733 1310 2965 1367 obeam?
2994 1313 3262 1384 quomodo
3287 1314 3445 1370 adibo
3498 1315 3648 1371 illum

2064 1399 2154 1470 qui
2179 1398 2312 1455 dixit
2342 1417 2356 1453 :
2388 1399 2471 1454 Ne
2494 1402 2660 1456 tardes
2685 1403 2904 1457 converti
2924 1403 2995 1456 ad
3044 1402 3335 1471 Dominum,
3365 1422 3523 1477 neque
3542 1406 3652 1477 dif-

2065 1492 2199 1561 feras
2228 1490 2291 1545 de
2316 1491 2399 1546 die
2420 1492 2474 1545 in
2521 1492 2654 1546 diem
2684 1492 2704 1564 (
2726 1492 2890 1549 Eccli.
2919 1495 2973 1551 Β.
2999 1495 3033 1551 8
3061 1494 3079 1566 )
3110 1496 3134 1550 l
3188 1496 3335 1553 lianc
3375 1498 3651 1568 cogitatio-

2065 1596 2186 1637 nem
2212 1590 2416 1653 repete,
2440 1592 2495 1639 et
2515 1582 2684 1640 t‘urem
2713 1585 2839 1641 time
2863 1603 2879 1651 ;
2908 1586 2982 1641 ita
3013 1587 3154 1642 enim
3176 1586 3420 1644 Christus
3446 1590 3650 1646 exitum

2065 1688 2129 1728 ex
2162 1673 2260 1729 hac
2279 1674 2385 1729 vita
2410 1684 2653 1731 nostrum
2666 1687 2839 1743 vocat,
2858 1692 2925 1734 eo
2948 1677 3090 1749 quod
3118 1680 3483 1751 ignorantibus
3506 1684 3648 1737 acci—

2064 1768 2175 1825 dat.
2219 1768 2419 1824 Tecum
2468 1779 2652 1841 reputa
2703 1770 2860 1843 hujus
2903 1772 3027 1827 vitae
3079 1772 3487 1839 sollicitudines,
3536 1781 3650 1829 tum

2062 1860 2282 1931 singulis
2299 1860 2564 1932 proprias,
2590 1871 2702 1918 tum
2729 1850 2970 1933 pluribus
2993 1878 3325 1930 communes,
3353 1865 3650 1937 principum

2064 1960 2286 2017 metum,
2310 1952 2505 2009 civium
2528 1952 2888 2022 invtdiam,de
2928 1971 3136 2012 summa
3182 1970 3361 2012 rerum
3401 1956 3652 2028 frequens

2064 2043 2382 2112 periculum,
2414 2045 2678 2111 miserias,
2734 2046 3067 2103 adulationes
3111 2048 3355 2115 serviles,
3384 2049 3494 2105 imo
3523 2050 3651 2121 ipsis

2064 2135 2252 2202 servis,
2283 2137 2328 2192 si
2356 2137 2504 2206 probi
2522 2137 2735 2209 quidem
2757 2138 2881 2203 sint,
2914 2139 3177 2211 indignas,
3207 2141 3381 2211 cogita
3410 2141 3651 2197 laborum

2063 2230 2292 2286 fructum
2322 2230 2409 2287 hic
2443 2230 2682 2299 interire,
2738 2247 2849 2303 quo
2885 2231 3011 2303 quid
3058 2234 3414 2291 miserabilius
3452 2233 3652 2291 fuerit?

2061 2323 2208 2379 Multi
2247 2324 2406 2379 etiam
2446 2323 2686 2380 laborum
2730 2324 2959 2381 fructum
2991 2327 3266 2397 percipere
3318 2342 3425 2382 non
3464 2333 3652 2397 potue-

2061 2426 2223 2474 runt:
2256 2419 2349 2474 sed
2407 2427 2689 2489 postquam
2738 2422 2962 2489 primam
3014 2429 3227 2477 :etatem
3265 2420 3551 2477 sudoribus
3600 2431 3672 2477 et.

2060 2508 2312 2578 periculis
2332 2509 2743 2579 insumpserunt,
2768 2524 2889 2565 cum
2915 2525 2975 2566 se
3003 2510 3303 2567 mercedem
3341 2520 3659 2580 accepturos

2061 2605 2363 2666 sperarent,
2389 2598 2763 2655 abscesserunt
2801 2600 2932 2674 nihil
2962 2616 3143 2656 secum
3172 2601 3483 2659 referentes.
3518 2601 3652 2658 Nam

2062 2688 2106 2744 si
2134 2697 2402 2745 terrenum
2432 2690 2828 2760 imperatorem,
2868 2691 3030 2747 etiam
3054 2701 3177 2763 post
3204 2693 3367 2748 multa
3397 2694 3652 2764 pericula,

2063 2789 2182 2850 post
2212 2781 2435 2849 plurima
2455 2780 2596 2837 bella
2634 2781 2895 2847 coniecta,
2924 2784 3011 2837 vix
3038 2783 3202 2839 audet
3228 2784 3491 2853 quispiam
3529 2799 3651 2840 cum

2063 2871 2252 2925 ﬁducia
2270 2873 2561 2941 respicere,
2584 2873 2853 2942 quomodo
2867 2873 3133 2930 caelestem
3152 2874 3298 2929 illum
3324 2875 3517 2945 poterit
3534 2876 3653 2945 quis

2063 2961 2277 3025 intueri,
2298 2960 2389 3030 qui
2409 2970 2520 3017 toto
2544 2971 2786 3032 tempore
2809 2963 2964 3019 alteri
2987 2964 3200 3033 vixerit,
3220 2965 3373 3020 alteri
3389 2966 3652 3021 militarit?

2132 3051 2186 3107 5.
2220 3051 2303 3107 An
2325 3052 2406 3108 vis
2430 3050 2497 3107 de
2545 3052 2860 3109 domesticis
2884 3054 3050 3120 curis,
3102 3056 3308 3122 uxoris,
3338 3055 3646 3120 liberorum,

2062 3142 2383 3198 famulorum
2405 3144 2665 3213 agamus?
2709 3143 2883 3200 Grave
2900 3153 2983 3200 est
3002 3159 3289 3216 pauperem
3310 3162 3527 3202 uxorem
3548 3147 3651 3202 du-

2062 3234 2224 3299 xisse.
2246 3249 2409 3305 grave
2431 3233 2819 3305 opulentiorem
2853 3254 2866 3291 :
2896 3236 3122 3292 alterum
3165 3236 3307 3292 enim
3355 3236 3651 3305 facultates,

2061 3326 2293 3381 alterum
2326 3326 2427 3381 viri
2453 3327 2821 3382 auctoritatem
2864 3326 3273 3399 libertatemque
3296 3327 3459 3383 laedit.
3491 3327 3655 3383 Mole-

2063 3424 2203 3469 stum
2228 3423 2312 3471 est
2334 3415 2535 3470 liberos
2549 3416 2870 3486 suscepisse,
2890 3416 3169 3471 molestius
3191 3431 3295 3471 non
3314 3417 3615 3487 suscepisse
3635 3435 3648 3472 :

2063 3508 2191 3564 illud
2211 3502 2362 3563 enim
2391 3516 2477 3564 est
2518 3509 2713 3563 frustm
2740 3508 2957 3565 duxisse
2990 3504 3291 3580 conjugetn,
3327 3509 3429 3565 hoc
3456 3524 3653 3565 amarae

2062 3600 2302 3656 servituti
2325 3600 2623 3671 subjectum
2644 3615 2787 3657 esse.
2820 3600 3070 3673 Egrotat
3099 3618 3248 3672 puer,
3284 3603 3407 3658 hinc
3441 3618 3546 3658 non
3582 3603 3656 3658 le-

2062 3691 2143 3746 vis
2162 3690 2387 3745 formido
2416 3709 2429 3745 :
2458 3691 2771 3747 immaturus
2817 3692 3069 3760 decessit,
3116 3692 3241 3748 hinc
3266 3709 3372 3748 nou
3410 3694 3654 3750 consola-
3735 3725 3737 3727 ι

2062 3782 2186 3839 bilis
2214 3783 2369 3839 dolor
2400 3802 2415 3839 :
2443 3784 2511 3839 ad
2535 3784 2776 3855 singulos
2794 3786 2967 3841 aetatis
2988 3786 3204 3857 gradus,
3235 3802 3380 3842 cura:
3404 3788 3472 3843 de
3499 3788 3649 3857 ipsis,

2062 3875 2451 3931 sollicitudines
2476 3886 2531 3932 et
2554 3876 2786 3933 labores.
2822 3877 2959 3946 Quid
2986 3879 3054 3933 de
3095 3877 3508 3934 domesﬁcorum
3550 3880 3654 3935 im-

2063 3967 2327 4038 probitate
2352 3967 2639 4024 dicamus?
2669 3967 2919 4025 Hacccine
2971 3970 3075 4026 vita
3104 3978 3207 4035 est,
3234 3970 3535 4034 Theodore,
3565 3972 3653 4026 ubi
3716 4024 3721 4041 ,

2062 4060 2237 4114 anima
2251 4074 2354 4113 una
2372 4061 2423 4114 in
2447 4068 2523 4115 tot
2542 4074 2700 4115 curas
2721 4059 3056 4127 distrahitur,
3081 4068 3159 4117 tot
3194 4062 3380 4122 servit.
3415 4069 3492 4115 tot
3527 4061 3656 4117 vivit

2064 4150 2394 4218 hominibus,
2423 4151 2524 4207 sibi
2577 4153 2900 4223 numquam?
2928 4151 3068 4208 Nihil
3090 4152 3228 4222 apud
3254 4168 3350 4210 nos
3378 4152 3655 4224 hujusmo-

2064 4242 2116 4296 di
2147 4242 2431 4312 reperitur,
2459 4243 2675 4310 dilecte,
2696 4251 2748 4299 te
2779 4251 2967 4300 testem
3006 4244 3237 4313 appello.

2138 4332 2302 4388 Nemo
2354 4333 2479 4389 liber
2522 4342 2613 4398 est,
2656 4335 2754 4390 nisi
2793 4336 2878 4402 qui
2928 4334 3125 4390 Christo
3160 4336 3292 4390 vivit.
3343 4334 3458 4391 Una
3502 4333 3655 4391 Clari-

2065 4426 2230 4481 stiana
2259 4426 2543 4492 calamitas,
2576 4424 2737 4479 Deum
2767 4424 3041 4493 oﬂ'endere.
3067 4456 3139 4467 —-
3164 4426 3316 4482 Brevi
3334 4427 3534 4498 quippe
3563 4428 3653 4481 illo

2067 4526 2329 4587 tempore,
2375 4534 2483 4589 quo
2512 4534 2576 4573 cx
2598 4517 2845 4574 ﬂuctibus
2897 4534 3172 4590 emergere
3232 4520 3464 4585 voluisti,
3517 4522 3656 4575 nosti

2064 4620 2262 4682 quanta
2287 4612 2489 4677 ltetitia,
2520 4621 2718 4680 quanto
2745 4611 2940 4683 gaudio
2967 4610 3246 4667 fruebaris.
3275 4611 3443 4667 Nemo
3464 4613 3658 4684 quippe

2068 4704 2207 4760 liber
2225 4714 2327 4767 est.
2347 4705 2448 4760 nisi
2471 4705 2559 4776 qui
2577 4705 2792 4760 Christo
2812 4705 2993 4760 vivit':
3021 4705 3108 4762 hic
3128 4706 3378 4761 omnibus
3401 4707 3657 4761 molestiis

2068 4797 2313 4868 superior
2355 4804 2476 4853 est:
2505 4812 2569 4852 ac
2612 4797 2716 4853 uisi
2758 4798 2994 4868 seipsum
3048 4797 3242 4854 laedere
3286 4798 3431 4861 velit,
3480 4798 3658 4854 nullus

2070 4896 2204 4971 alius
2226 4895 2277 4950 id
2300 4909 2550 4965 umquam
2575 4893 2770 4965 poterit
2793 4912 2807 4961 ;
2832 4894 2979 4949 nullo
2991 4893 3110 4964 capi
3130 4894 3435 4963 etsupcrari
3461 4902 3654 4962 potest,

2071 5004 2176 5042 non
2204 4987 2549 5057 pecuniarum
2596 4986 2801 5055 jactura
2841 4985 3128 5051 cruciatur,
3180 4984 3375 5055 quippe
3403 4984 3491 5055 qui
3517 4984 3657 5039 didi-

2070 5082 2206 5136 ccrit
2247 5095 2347 5135 nos
2393 5079 2526 5133 nihil
2567 5078 2621 5133 in
2659 5077 2845 5132 hunc'
2885 5076 3143 5131 mundum
3196 5077 3456 5141 attulisse,
3486 5091 3661 5144 neque

2071 5172 2195 5229 inde
2220 5171 2488 5241 quidpiam
2544 5169 2756 5225 auferre
2785 5182 2941 5238 posse
2967 5183 2980 5232 ;
3015 5183 3120 5222 non
3147 5167 3437 5222 ambitione
3463 5175 3517 5221 et
3545 5167 3659 5237 glo—

2072 5267 2165 5320 ria:
2185 5262 2433 5333 cupidine
2463 5271 2698 5328 tenetur,
2720 5276 2917 5331 gnarus
2937 5260 3401 5314 conversationem
3422 5268 3658 5313 nostram

2075 5358 2126 5412 in
2148 5357 2279 5411 caelo
2306 5371 2455 5410 esse:
2479 5370 2583 5409 non
2602 5353 2856 5409 conviciis
2883 5361 3124 5411 vexatur,
3154 5367 3258 5404 non
3284 5350 3452 5420 plagis
3478 5365 3657 5403 move-

2077 5463 2182 5515 tur;
2199 5465 2305 5504 una
2323 5446 2626 5502 Christiano
2650 5444 2928 5500 calamitas
2952 5443 3119 5499 Deum
3141 5442 3442 5497 offendere:
3468 5450 3658 5494 (πήρη

2073 5557 2199 5597 vero
2220 5584 2233 5607 ,
2255 5548 2314 5593 ut
2336 5539 2738 5610 possessionum
2756 5536 3016 5607 iacturam
3041 5578 3051 5599 ,
3085 5536 3269 5604 patriae
3296 5534 3660 5589 amissionem.

2140 5683 2153 5710 ί
2193 5685 2319 5725 t'nus
2341 5676 2498 5725 codex
2524 5689 2535 5722 :
2569 5683 2663 5723 Non
2681 5681 2749 5723 est
2770 5671 2915 5723 enim.
2938 5685 3029 5720 mut
3059 5678 3125 5722 (at
3153 5670 3284 5718 liber.
3306 5667 3397 5717 rain
3434 5680 3510 5727 qut
3530 5694 3537 5721 ;
3566 5686 3635 5718 σἰις

2076 5738 2297 5792 "inionio
2323 5735 2562 5792 immunis.
2586 5734 2772 5784 (‘hristo
2798 5734 2922 5783 rit-it.

2145 5804 2161 5835 ²
2204 5810 2324 5854 ιω..
2355 5799 2509 5863 (tatur,
2537 5799 2677 5849 deest
2706 5800 2753 5847 iu
2777 5796 2913 5847 issit.
2946 5805 2994 5846 ct
3020 5796 3065 5845 in
3093 5808 3185 5843 νειμ
3210 5792 3389 5844 ςςιλῖιίνς.
