4276 6316
681 317 782 382 MS

682 442 977 487 extremum
1005 427 1320 497 periculum,
1351 423 1756 493 neintergravia
1776 421 1989 492 quidem
2008 429 2247 497 reputat;

680 521 920 592 quodque
946 531 1132 573 omnes
1156 515 1394 581 horrent,
1415 529 1605 583 nempe
1630 513 1827 567 exitum
1856 526 1919 566 ex
1944 510 2041 567 hac
2064 510 2167 564 vita
2198 510 2251 566 in

678 613 856 675 aliam,
883 609 932 664 id
963 609 1012 663 ei
1069 608 1181 677 ipsa
1239 609 1341 659 vita
1393 604 1596 658 dulcius
1639 612 1743 658 est.
1797 599 2249 669 Quemadmodum

677 701 814 756 enim
844 703 888 755 si
911 702 1029 770 quis
1058 701 1109 754 in
1126 699 1235 752 alto
1261 696 1478 765 sc0pulo
1506 694 1707 764 positus
1727 693 2110 762 contempletur
2135 707 2250 745 ma-

675 811 753 858 re,
781 804 835 849 et
864 792 1216 862 navigantium
1243 790 1376 843 alios
1416 803 1444 842 a
1493 787 1742 842 ﬂuctibus
1776 786 2010 855 demergi
2051 784 2248 849 videat,

674 886 805 938 alios
835 885 886 938 in
919 883 1131 938 latentia
1162 896 1286 937 saxa
1315 880 1480 945 allidi,
1499 880 1634 934 alios
1663 879 1766 934 alio
1782 878 1994 948 quidem
2027 887 2250 932 conten-

678 977 886 1038 dentes.
919 976 1051 1030 alios
1081 985 1255 1030 autem
1284 985 1339 1029 ut
1385 975 1590 1028 vinctos
1616 975 1666 1027 vi
1717 983 1994 1027 ventorum
2037 973 2247 1038 abduci,

673 1066 866 1119 multos
889 1064 1042 1118 undis
1065 1065 1237 1130 obrui,
1261 1064 1394 1118 alios
1422 1078 1517 1132 pro
1556 1064 1762 1131 navigio
1804 1073 1858 1117 et
1891 1062 2250 1132 gubernaculo

670 1157 910 1210 manibus
935 1155 1105 1209 solum
1135 1155 1228 1218 uti,
1248 1155 1381 1208 alios
1402 1153 1484 1208 vel
1513 1153 1686 1207 tabula
1721 1167 1822 1206 uua
1876 1153 1960 1206 vel
1984 1153 2249 1220 fragmen-

669 1256 725 1299 to
747 1245 895 1300 navis
914 1244 1061 1312 ferri,
1085 1244 1218 1300 alios
1248 1254 1482 1300 mortuos
1507 1255 1872 1313 supernatarc,
1905 1243 2247 1312 multiplicem

671 1337 873 1391 scilicet
894 1346 948 1392 et
973 1337 1169 1390 variam
1193 1335 1544 1390 calamitatem
1576 1353 1588 1387 :
1622 1336 1692 1389 ita
1722 1345 1776 1390 et
1801 1336 1888 1403 qui
1913 1333 2125 1388 Christo
2151 1333 2248 1386 mi-

668 1429 800 1491 litat,
834 1428 1079 1481 tumultui
1111 1436 1162 1482 et
1187 1427 1432 1481 ﬂuctibus
1463 1427 1585 1480 vita:
1633 1441 1693 1480 se
1722 1426 2042 1493 subducens,
2075 1427 2128 1479 in
2159 1435 2238 1481 tu-

669 1529 724 1572 to
754 1527 806 1572 et
833 1519 1045 1572 excelso
1067 1518 1183 1571 loco
1224 1517 1393 1572 sedet.
1430 1516 1566 1583 Quid
1591 1517 1730 1571 enim
1763 1515 1944 1581 tutius,
1963 1515 2091 1585 quid
2121 1516 2248 1570 sub-

673 1607 850 1661 limius
895 1607 1075 1673 fuerit,
1105 1623 1261 1677 quam
1302 1608 1509 1661 unicam
1542 1606 1741 1662 habere
1788 1605 2194 1662 sollicitudinem
2229 1625 2242 1661 :

674 1699 936 1766 Quomodo
965 1711 1187 1771 aporteat
1202 1700 1399 1771 placere
1424 1699 1530 1752 Deo
1557 1701 1645 1771 (1.
1679 1698 1855 1752 Thess.
1879 1699 1932 1753 4.
1957 1699 1982 1753 1
2013 1700 2075 1769 )?
2099 1697 2244 1753 Vidi-

669 1792 760 1856 sti,
792 1790 1097 1856 Theodore,
1128 1790 1396 1860 naufragia
1439 1804 1625 1844 eorum
1644 1790 1732 1858 qui
1765 1790 1818 1842 in
1863 1788 1965 1843 hoc
1993 1790 2124 1844 mari
2155 1803 2247 1842 na-

667 1880 947 1949 \‘igabant?
985 1879 1340 1954 Quamobrem
1383 1878 1502 1950 fuge
1533 1879 1551 1909 ¹
1604 1879 1819 1948 pelagus
1844 1920 1859 1946 ,
1909 1878 2097 1933 ﬂuctus
2148 1877 2244 1934 de-

668 1971 826 2034 sliua,
846 1969 1150 2038 editumque
1169 1971 1342 2024 locum
1359 1983 1579 2036 occupa,
1611 1967 1697 2022 ubi
1721 1969 1961 2038 intercipi
1989 1983 2244 2037 nequeas;

664 2063 985 2116 resurrectio
1029 2060 1200 2118 futura
1234 2068 1334 2126 est,
1367 2060 1624 2128 judicium
1675 2059 1870 2125 aderit,
1921 2058 2245 2113 horrendum

666 2160 765 2198 nos
793 2144 914 2198 hinc
940 2157 1186 2212 egressos
1213 2142 1440 2196 tribunal
1490 2150 1791 2210 exspectat:
1826 2140 2010 2196 Omnes
2038 2141 2243 2196 adstare

666 2243 857 2303 oportet
885 2243 1000 2287 ante
1043 2233 1263 2287 tribunal
1291 2231 1564 2295 Christi(‘2.
1583 2229 1705 2286 Cor.
1725 2230 1775 2284 5.
1798 2230 2028 2303 10).Non
2052 2234 2244 2286 frustra

664 2339 785 2377 cum
816 2323 972 2377 minis
1001 2321 1342 2377 denuntiatur
1367 2321 1609 2390 gehenna
1641 2339 1652 2373 :
1682 2335 1787 2374 non
1819 2321 2083 2376 incassum
2129 2330 2245 2374 tan-

665 2424 716 2467 ta
743 2413 895 2467 nobis
917 2422 1092 2482 parata
1120 2422 1239 2467 sunt
1269 2414 1422 2466 bona.
1452 2410 1665 2476 Umbra,
1690 2413 1796 2466 imo
1824 2413 2007 2466 umbra
2036 2411 2240 2466 inanio-

663 2520 751 2558 res
790 2514 910 2558 sunt
938 2518 1024 2557 res
1050 2502 1268 2571 hujusce
1307 2502 1448 2564 vitae,
1476 2501 1753 2556 timoribus
1776 2502 2032 2570 plurimis,
2064 2501 2244 2556 multis

666 2597 942 2668 periculis,
994 2607 1334 2662 extremaque
1364 2593 1619 2648 servitute
1667 2593 1860 2660 plenae.
1893 2591 1989 2657 Ne,
2036 2606 2240 2662 quaeso,

665 2702 718 2744 et
745 2691 1018 2760 prasentis
1068 2697 1126 2742 et
1175 2687 1332 2740 futuri
1373 2685 1832 2754 smeulijacturam
1888 2683 2069 2748 facias,
2119 2698 2241 2738 cum

665 2783 824 2835 liccat
868 2790 1146 2848 utrumque
1195 2777 1430 2842 lucrari,
1461 2777 1506 2830 si
1552 2776 1705 2832 velis.
1747 2774 1896 2843 Quod
1937 2782 2110 2829 autem
2165 2773 2238 2840 ii,

664 2872 752 2939 qui
796 2871 848 2923 in
901 2868 1111 2922 Christo
1145 2868 1345 2932 vivunt,
1392 2868 1550 2921 etiam
1592 2865 1748 2934 hujus
1791 2865 1914 2918 vitae
1971 2864 2108 2919 bona
2158 2864 2242 2918 lu-

666 2970 900 3024 crcntur,
924 2957 1081 3013 docet
1109 2958 1302 3011 Paulus
1348 2957 1431 3010 his
1483 2954 1840 3024 verbis:Ego
1889 2963 2053 3008 autem
2106 2953 2243 3008 vobis

666 3068 817 3121 parco
848 3061 941 3105 :ct
972 3052 1160 3104 iterum
1193 3067 1205 3101 :
1233 3048 1344 3102 Hoc
1391 3058 1559 3101 autem
1586 3047 1697 3100 dico
1725 3047 1791 3099 ad
1815 3057 2026 3100 vestram
2055 3046 2246 3099 utilita-

665 3142 842 3212 tcm(l.
859 3140 974 3195 Cor.
993 3142 1042 3192 ’1.
1066 3139 1154 3194 28.
1174 3140 1287 3208 55).
1303 3138 1487 3193 Viden’
1503 3152 1621 3192 eum
1633 3137 1721 3206 qui
1737 3137 2001 3207 cogitatea
2019 3151 2135 3205 qua:
2153 3136 2248 3190 Do-

669 3230 796 3284 mini
823 3239 965 3293 sunt,
997 3231 1156 3284 etiam
1187 3231 1236 3283 in
1281 3228 1380 3283 hoc
1430 3227 1630 3282 mundo
1658 3228 1985 3297 superiorem
2029 3227 2078 3282 ei
2102 3240 2244 3292 esse,

670 3321 996 3395 quiuxorcm
1023 3321 1215 3376 ducit?
1259 3320 1544 3390 Postquam
1571 3319 1694 3374 illuc
1717 3319 2034 3390 transgressi
2080 3318 2246 3374 fueri-

742 3457 758 3510 t
792 3451 930 3519 savii.
957 3461 1009 3504 et
1032 3467 1155 3503 unus
1176 3454 1349 3506 codex.
1374 3454 1502 3518 fuge,
1523 3453 1652 3516 [τίσι.

2137 307 2465 364 MONITUI.

3831 310 3944 372 3t6

2357 437 2496 490 mus,
2525 424 2702 489 nullus
2729 426 3055 495 pmnitentia:
3073 426 3246 486 locus.
3272 423 3457 480 Nidus
3480 424 3680 480 athleta
3707 441 3739 480 e
3765 426 3940 480 stadio

2358 525 2622 580 egressus,
2652 523 2931 584 postquam
2965 515 3229 569 theatrum
3273 514 3504 573 solutum
3555 513 3673 578 fuit,
3724 524 3939 571 certare

2357 603 2584 672 amplius
2599 613 2794 674 potest.
2819 604 2944 659 Haec
2968 619 3181 675 semper
3202 605 3396 675 cogita,
3413 613 3467 661 et
3487 614 3700 660 acutum
3714 607 3939 678 maligni

2355 691 2585 760 gladium
2625 702 2862 759 contere,
2913 710 3021 764 quo
3043 695 3159 764 ipse
3184 695 3380 751 multos
3406 694 3673 750 interﬁcit.
3702 694 3827 750 llzec
3854 707 3942 750 est

2355 783 2658 852 desperatio
2687 823 2703 848 ,
2755 799 2873 853 quae
2909 783 3130 854 dejectis
3171 800 3321 860 spem
3368 784 3647 855 przecidit:
3677 784 3780 840 hoc
3800 785 3938 838 vali-

2354 872 2479 927 dum
2505 882 2587 927 est
2611 873 2810 929 inimici
2831 875 3016 940 telum,
3043 883 3099 930 et
3117 877 3284 931 semel
3303 887 3488 946 captos
3513 893 3620 936 non
3635 876 3746 930 alio
3776 891 3941 946 quam

2354 963 2457 1019 hoc
2485 965 2697 1021 vinculo
2728 967 3048 1021 constrictos
3062 967 3302 1022 detinet:
3335 967 3497 1037 quod,
3523 967 3568 1022 si
3591 967 3940 1034 voluerimus,

2353 1053 2461 1109 cito
2489 1069 2584 1123 per
2613 1055 2708 1109 Dei
2732 1057 2955 1126 gratiam
2984 1057 3320 1127 confringere
3361 1059 3675 1128 poterimus.
3700 1057 3824 1113 Scio
3850 1073 3940 1112 me

2349 1143 2522 1212 justos
2537 1145 2776 1215 epistolae
2828 1145 3023 1200 limites
3079 1148 3421 1202 excessisse:
3461 1147 3557 1202 sed
3579 1149 3939 1217 iguosce,non

2354 1238 2496 1289 enim
2523 1235 2711 1291 lubens
2735 1236 2835 1292 hoc
2851 1239 2955 1307 egi,
3004 1237 3099 1293 sed
3130 1238 3326 1293 amoris
3353 1238 3662 1308 dolorisque
3713 1240 3765 1293 vi
3784 1253 3939 1293 com-

2356 1325 2538 1394 pulsus
2566 1342 2580 1378 :
2608 1325 2696 1381 hic
2723 1341 2809 1382 me
2827 1327 3046 1382 att'ectus
3099 1327 3166 1382 ad
3213 1328 3352 1382 hanc
3399 1328 3560 1382 etiam
3600 1326 3942 1382 scribendam

2352 1416 2630 1484 epistolam
2661 1417 2967 1472 necessario
2994 1417 3224 1483 induxit,
3252 1418 3553 1472 vetantibus
3587 1418 3711 1472 licet
3753 1418 3940 1474 multis

2352 1518 2415 1559 ac
2436 1505 2768 1560 dicentibus:
2799 1505 2986 1562 Finem
3009 1507 3089 1561 {ac
3117 1521 3252 1560 vane
3272 1506 3571 1571 laborandi,
3603 1521 3666 1561 ac
3696 1507 3746 1560 in
3773 1508 3942 1577 petris

2352 1593 2586 1649 serendi.
2644 1595 2755 1664 Ego
2811 1607 2991 1650 autem
3045 1595 3244 1650 nemini
3293 1609 3481 1649 aurem
3531 1595 3732 1664 praebui
3764 1615 3776 1649 :
3804 1593 3941 1665 Spes

2352 1686 2494 1739 enim
2517 1694 2620 1752 est,
2642 1685 2884 1741 dicebam
2915 1686 3055 1757 apud
3091 1701 3199 1751 me,
3247 1686 3341 1740 Dei
3387 1699 3490 1755 ope
3521 1687 3702 1741 literas
3743 1686 3941 1756 aliquid

2351 1773 2657 1844 profuturas
2685 1790 2835 1841 esse;
2879 1775 3024 1846 quod
3052 1775 3097 1830 si
3124 1775 3211 1836 id.
3242 1774 3384 1845 quod
3431 1790 3500 1830 ne
3536 1775 3628 1829 ﬁat
3670 1774 3940 1844 depreca-

2351 1880 2492 1932 mur,
2515 1865 2789 1932 acciderit,
2811 1866 2862 1920 id
2891 1867 3081 1922 saltem
3107 1866 3452 1931 lucrabimur,
3484 1872 3544 1919 ut
3570 1880 3640 1920 ne
3667 1865 3940 1920 silentium

2350 1957 2505 2011 nobis
2533 1956 2663 2011 vitio
2707 1958 2843 2011 verti
2870 1959 3077 2026 possit:
3110 1971 3286 2026 neque
3313 1957 3610 2011 deteriores
3639 1954 3940 2024 naviganti-

2349 2049 2450 2104 bus
2479 2052 2701 2112 erimus,
2741 2049 2978 2118 quicum
3015 2062 3130 2103 sum
3181 2048 3345 2102 sortis
3385 2046 3634 2101 homines
3684 2045 3940 2112 viderint,

2347 2156 2480 2212 quas
2508 2152 2621 2196 sata
2635 2143 2686 2196 vi
2715 2151 2995 2197 ventorum
3027 2143 3167 2209 navi,
3196 2142 3388 2196 tabula:
3417 2141 3704 2207 haerentes,
3734 2140 3941 2196 demis-

2349 2233 2425 2287 sis
2437 2232 2595 2298 velis,
2618 2233 2762 2303 jacta
2815 2233 3072 2300 anchora,
3096 2242 3152 2289 et
3194 2249 3489 2290 conscensa
3519 2233 3738 2304 scapha,
3763 2232 3941 2286 homi-

2349 2340 2444 2381 nes
2489 2326 2719 2394 ignotos,
2749 2339 2814 2380 ac
2858 2343 2924 2382 ex
2967 2326 3221 2396 praesenti
3274 2326 3447 2380 solum
3490 2326 3792 2380 calamitate
3840 2324 3942 2378 sibi

2347 2417 2588 2487 cognitos
2641 2431 2860 2472 servare
2896 2418 3158 2472 nituntur.
3188 2417 3342 2484 Quod
3393 2417 3442 2471 si
3496 2417 3573 2471 illi
3628 2415 3942 2481 noluerint,

2347 2520 2508 2561 nemo
2533 2505 2828 2575 culpaverit
2863 2519 2959 2562 eos
2978 2547 2993 2572 ,
3027 2505 3171 2576 quod
3195 2514 3480 2577 pereuntes
3519 2519 3735 2561 servare
3758 2505 3943 2560 conati

2350 2598 2478 2654 sint.
2544 2596 2671 2652 Haec
2720 2606 2920 2652 nostra:
2969 2597 3236 2652 facultatis
3285 2606 3456 2652 sunt:
3489 2612 3768 2668 speramus
3837 2612 3942 2651 au-

2347 2696 2455 2741 tem
2494 2696 2546 2742 te
2575 2703 2670 2757 per
2696 2687 2790 2743 Dei
2828 2690 3050 2758 gratiam
3080 2729 3097 2754 ,
3125 2702 3244 2757 qua:
3283 2688 3339 2742 in
3393 2695 3483 2741 tua
3530 2694 3794 2756 potestate
3821 2697 3941 2740 sunt

2354 2778 2716 2846 praestiturum
2738 2793 2878 2844 esse,
2908 2776 3127 2848 foreque
3155 2788 3215 2832 ut
3259 2785 3313 2832 te
3340 2793 3554 2832 rursum
3584 2777 3857 2832 videamus
3881 2776 3939 2830 in

2353 2881 2514 2937 grege
2541 2868 2558 2898 ⁸
2587 2867 2787 2923 Christi
2819 2867 3100 2923 ﬂorentem
3145 2867 3520 2938 valentemque
3570 2881 3699 2922 vera
3734 2866 3941 2921 valetu-

2348 2953 2492 3022 dine,
2524 2965 2683 3026 teque
2707 2956 2865 3012 citius
2888 2956 3219 3011 orationibus
3252 2966 3557 3012 sanctorum
3583 2957 3926 3024 recipiamus,

2356 3061 2390 3101 ο
2432 3036 2682 3101 dilectum
2708 3055 2884 3117 caput.
2911 3046 2968 3102 Si
2994 3061 3154 3115 quam
3209 3048 3380 3101 nostri
3418 3048 3680 3101 rationem
3725 3045 3944 3114 habeas,

2348 3152 2520 3208 neque
2541 3139 2752 3208 penitus
2779 3152 2878 3194 nos
2903 3153 2934 3194 e
2971 3138 3237 3193 memoria
3252 3147 3344 3192 tua
3385 3138 3630 3208 ejeceris,
3663 3137 3816 3192 nobis
3855 3152 3936 3190 re.

2350 3230 2585 3285 scribere
2608 3230 2882 3302 digneris;
2915 3229 3018 3286 hoc
3045 3230 3189 3286 enim
3215 3229 3376 3285 modo
3402 3243 3594 3299 magna
3619 3243 3719 3284 nos
3760 3227 3944 3283 lzetitia

2356 3320 2580 3376 atllcies.

2421 3455 2437 3486 ι
2473 3453 2612 3506 savii.
2636 3455 2688 3505 in
2710 3455 2930 3517 margine
2955 3461 3007 3507 et
3027 3465 3155 3505 unus
3176 3447 3424 3513 wdex.iu
3452 3461 3596 3518 grege
3615 3449 3836 3514 pretioso.

2132 4017 2387 4071 ωερε
2395 4018 2448 4068 ω
