4276 6316
808 358 917 413 517

2284 337 2625 396 MONITUM.

3996 331 4099 385 5l8

833 480 4057 542 Μ

1486 670 1608 758 ΙΝ
1685 662 1969 755 TBIA
2033 656 2726 768 SEQUENTIA
2799 652 3422 747 OPUSCULA

2093 871 2777 991 MONITUM

883 1117 989 1172 Res
1012 1123 1098 1171 est
1118 1112 1419 1183 explorata,
1444 1110 1558 1164 haec
1587 1108 1711 1171 tria,
1730 1104 1796 1160 de
1812 1099 2138 1174 quibusjam
2166 1095 2395 1168 quaestio

803 1220 909 1272 est,
934 1206 1220 1278 opuscula,
1256 1205 1394 1258 inter
1417 1202 1625 1271 priores
1655 1195 2030 1268 Chrysostomi
2051 1191 2223 1248 nostri
2253 1188 2394 1243 fetus

803 1300 1032 1355 locanda
1056 1311 1199 1363 esse,
1225 1309 1399 1363 neque
1424 1292 1607 1347 minus
1633 1288 1989 1358 conspicuum
2016 1283 2228 1339 videtur
2250 1278 2395 1335 edita

802 1391 976 1446 fuisse
1044 1390 1367 1459 priusquam
1404 1385 1494 1440 ille
1520 1384 1573 1437 in
1604 1379 1979 1452 presbyterum
2021 1379 2393 1442 cooptaretur.

800 1483 1022 1537 Annum
1051 1494 1181 1535 vero
1216 1488 1457 1533 statuere
1488 1475 1597 1545 jam
1632 1478 1869 1542 oportet.
1900 1466 2122 1523 Certum
2172 1463 2394 1535 quidem

800 1572 973 1627 estad
1006 1570 1060 1626 id
1105 1568 1348 1625 muneris
1377 1563 1746 1638 praestandum
1794 1560 1862 1616 ab
1893 1561 2073 1615 amico
2112 1556 2394 1612 inductum

803 1663 975 1717 fuisse
1017 1659 1489 1731 Chrysostomum,
1534 1670 1658 1710 cum
1704 1652 1921 1724 publica
1974 1648 2396 1720 magistratuum

803 1753 1129 1809 auctoritate
1156 1750 1412 1805 monachi
1440 1755 1682 1803 extrema
1706 1753 2043 1816 paterentur,
2076 1754 2143 1795 ex
2173 1737 2396 1795 sedibus

802 1855 856 1900 et
883 1843 1093 1898 cellulis
1128 1843 1246 1897 suis
1291 1840 1553 1895 violenter
1583 1835 1825 1898 abducti,
1856 1834 1910 1887 in
1964 1830 2145 1886 forum
2174 1826 2394 1900 raptati,

805 1934 1095 2000 verberati,
1123 1933 1177 1988 in
1215 1946 1489 1987 carcerem
1518 1928 1673 1984 trusi.
1702 1927 1828 1982 Haec
1862 1940 2026 1997 porro
2055 1922 2176 1977 dira
2204 1933 2398 1975 mona-

802 2028 1032 2083 chorum
1066 2023 1283 2080 vexatio
1322 2032 1431 2078 tam
1463 2030 1669 2091 aperta,
1701 2017 1961 2090 principis
1988 2017 2207 2071 decreto
2232 2012 2396 2079 facta,

804 2116 1023 2173 nonnisi
1054 2114 1119 2171 ad
1150 2124 1360 2184 tempus
1398 2106 1639 2166 Valentis
1666 2108 2008 2178 imperatoris
2027 2104 2212 2160 reduci
2238 2117 2399 2175 posse

802 2206 1036 2271 videtur,
1069 2204 1312 2273 quicum
1340 2202 1391 2255 in
1426 2200 1754 2254 Arianorum
1781 2196 2014 2253 haeresin
2054 2194 2396 2259 descivisset,

803 2297 858 2353 iu
888 2294 1204 2350 Catholicos
1253 2307 1445 2347 omnes
1489 2289 1859 2361 grassabatur.
1902 2286 2172 2341 Defuncto
2215 2295 2398 2341 autem

805 2385 1186 2441 Valentiniano
1227 2385 1413 2449 fratre,
1445 2383 1537 2452 pio
1566 2380 1946 2450 catholicoque
1976 2378 2241 2449 principe,
2273 2393 2399 2433 eum

804 2478 940 2533 nihil
972 2476 1200 2531 ulterius
1230 2476 1490 2531 infestum
1513 2474 1634 2543 ejus
1654 2474 1707 2527 in
1731 2480 1951 2527 sanctos
1983 2470 2127 2526 viros
2154 2468 2399 2523 animum

803 2569 1214 2634 retardaret,eo
1245 2568 1511 2639 processit
1536 2566 1785 2621 amentiae
1806 2573 1867 2617 ut
1883 2563 2181 2617 monachos
2212 2575 2403 2617 omnes

806 2660 1031 2717 sedibus
1062 2660 1190 2730 pelli
1221 2669 1276 2713 et
1310 2660 1364 2713 in
1399 2658 1646 2713 militiam
1683 2656 1957 2712 conscribi
1983 2654 2228 2726 jusserit.
2259 2652 2406 2708 Obiit

805 2751 1224 2808 Valentinianus
1260 2766 1404 2806 anno
1433 2749 1649 2804 Domini
1687 2749 1812 2815 574,
1850 2756 2013 2818 atque
2040 2747 2173 2801 adeo
2198 2746 2267 2800 ad
2304 2760 2405 2799 an-

805 2860 936 2900 num
983 2843 1090 2898 375
1130 2843 1213 2897 vel
1239 2842 1343 2897 376
1389 2842 1663 2912 quadrare
1697 2849 1931 2910 possunt
1982 2838 2039 2892 hi
2085 2847 2193 2894 tres
2226 2836 2405 2893 sancti

804 2935 1046 2991 doctoris
1071 2933 1219 2989 libri.
1250 2994 1253 2997 ,

877 3025 1030 3082 lianc
1054 3035 1237 3081 tamen
1269 3025 1640 3095 ehronologire
1672 3025 1942 3079 rationem
1988 3021 2197 3091 aliquot
2247 3035 2409 3091 argu-

808 3119 1009 3175 mentis
1024 3118 1208 3187 impeti
1225 3133 1386 3188 posse
1401 3124 1556 3187 putat
1572 3117 1652 3171 vir
1664 3117 1733 3171 cl.
1759 3114 2322 3191 TillemonItiusEteni
2333 3128 2381 3167 m
2392 3152 2407 3177 ,

808 3210 989 3282 inquit
1011 3209 1125 3275 ille,
1167 3218 1295 3263 tunc
1318 3208 1496 3263 editus
1527 3206 1628 3261 fuit
1657 3207 1793 3261 liber
1818 3206 2049 3275 primus,
2080 3219 2204 3258 cum
2233 3202 2413 3257 adhuc

809 3300 1152 3358 daemonibus
1184 3298 1496 3354 sacriﬁcare
1535 3298 1721 3353 liceret
1756 3315 1769 3350 :
1807 3306 1862 3350 at
1894 3296 2189 3366 postremis
2217 3294 2416 3349 Valen-

811 3389 1005 3443 tiniani
1045 3398 1105 3443 et-
1145 3388 1391 3442 Valentis
1445 3387 1604 3441 annis
1656 3384 1929 3441 sacrificia
1982 3385 2299 3454 hujusmodi
2346 3384 2415 3439 ab

811 3480 1008 3555 iisdem
1036 3478 1459 3549 imperatoribus
1504 3477 1779 3547 prohibita
1814 3482 1963 3543 sunt,
2001 3476 2144 3530 unde
2167 3475 2416 3546 sequitur

810 3581 939 3627 ante
982 3586 1188 3626 annum
1215 3568 1342 3632 574,
1386 3584 1495 3638 quo
1530 3576 1783 3623 mortuus
1836 3576 1921 3623 est
1970 3565 2411 3632 Valentinianus,

809 3665 897 3721 vel
932 3663 998 3719 ad
1030 3677 1307 3719 summum
1338 3676 1482 3715 anno
1511 3660 1629 3730 ipso
1651 3659 1913 3724 574,11aec
1931 3658 2216 3729 scripsisse
2242 3657 2410 3730 Chry-

812 3767 1143 3813 sostomum.
1173 3754 1291 3807 Alia
1336 3754 1465 3809 item
1500 3752 1794 3808 difficultas
1835 3752 2083 3822 emergit,
2115 3751 2311 3821 inquit,
2343 3764 2411 3805 ex

812 3846 1197 3918 Chrysostomi
1246 3844 1448 3909 verbis,
1497 3844 1590 3913 qui
1642 3842 1774 3897 dicit
1824 3843 1965 3897 hanc
2013 3843 2410 3901 moliachorum

815 3941 1159 3997 vexationem
1208 3937 1487 3992 inductam
1545 3948 1667 3988 esse
1695 3932 1796 3987 sub
1825 3932 1930 4000 piis
1967 3932 2412 4002 imperatoribus,

813 4031 1079 4095 εὐσεϐῶν,
1112 4044 1236 4099 qua:
1262 4042 1393 4082 sane
1436 4025 1557 4079 laus
1584 4025 1650 4079 ad
1700 4023 2001 4091 Valentem,
2030 4025 2414 4095 imperatorem

816 4124 1079 4179 Arianum
1098 4116 1508 4185 Catholicisque
1524 4112 1823 4176 infensum,
1843 4113 2113 4181 quadrare
2131 4126 2239 4165 non
2256 4123 2419 4181 posse

817 4215 1054 4270 videtur.
1084 4210 1337 4273 Demum,
1369 4223 1491 4277 qua:
1532 4206 1690 4274 longe
1742 4204 1974 4274 gravior,
2010 4203 2104 4263 ait.
2137 4200 2418 4258 diﬂicultas

818 4304 1056 4367 videtur,
1099 4316 1224 4355 cum
1272 4297 1699 4368 Chrysostomus
1753 4293 1821 4349 de
1863 4292 2123 4349 curandis
2180 4293 2417 4347 filiorum

819 4396 1070 4454 moribus
1116 4391 1345 4446 Paulum
1406 4388 1619 4444 inducit
1675 4397 1926 4457 parentes
1979 4393 2291 4440 monentem
2334 4386 2420 4441 his

818 4487 1001 4544 verbis
1029 4502 1043 4539 :
1068 4483 1278 4547 Patres,
1310 4481 1531 4534 educata
1564 4478 1706 4547 ﬁlios
1740 4487 1936 4531 uestros
1974 4476 2029 4529 in
2055 4474 2343 4543 disciplina
2368 4484 2418 4528 et

821 4578 1151 4649 correptione
1183 4572 1397 4627 Domini
1426 4570 1528 4640 (a),
1559 4570 1630 4624 ita
1667 4568 2052 4639 prosequitur:
2078 4566 2137 4621 Si
2159 4567 2298 4621 enim
2325 4582 2419 4621 nos

815 4671 1065 4743 jubemur
1112 4665 1333 4737 vigilare
1364 4678 1457 4730 pro
1497 4662 1777 4729 animabus
1824 4677 2003 4715 eorum
2047 4670 2297 4730 tanquam
2331 4677 2421 4713 ra-

825 4765 1017 4816 tionem
1062 4756 1346 4819 reddituri,
1372 4753 1537 4806 multo
1567 4752 1737 4822 magis
1766 4761 1935 4820 pater,
1976 4751 2065 4820 qui
2098 4750 2297 4820 genuit,
2328 4750 2419 4820 qui

823 4853 1088 4919 educavit,
1129 4850 1220 4920 qui
1265 4863 1381 4901 cum
1410 4846 1505 4900 illo
1542 4845 1685 4899 domi
1709 4859 1910 4913 semper
1940 4857 2153 4908 manet;
2195 4842 2240 4897 si
2272 4843 2419 4897 enim

826 4948 916 5001 hic
943 4947 1369 5016 Chrysostomus
1396 4954 1462 4994 ex
1494 4954 1553 4994 se
1575 4948 1627 4993 et
1654 4953 1722 4992 ex
1757 4952 1988 5007 persona
2017 4952 2115 4992 sua
2145 4936 2418 5007 loquatur,

826 5037 1206 5108 presbyterum
1251 5033 1441 5088 saltem
1492 5030 1659 5085 fuisse
1690 5029 1931 5100 oportuit
1967 5030 2059 5099 qui
2086 5028 2283 5083 rationi
2321 5042 2421 5098 pro

828 5128 1119 5183 animabus
1143 5124 1444 5179 reddendaa'
1465 5121 1737 5178 obnoxius
1774 5130 1952 5183 esset;
1984 5120 2070 5176 sin
2092 5121 2307 5177 dicatur
2335 5120 2423 5176 hic

830 5222 1286 5288 Chrysostomum
1341 5214 1485 5283 loqui
1531 5213 1587 5267 in
1633 5228 1861 5281 persona
1902 5210 2079 5280 Pauli,
2111 5228 2308 5285 magna
2339 5201 2456 5266 vis

833 5312 990 5366 serici
1033 5309 1299 5365 inferatur
1350 5322 1573 5361 necesse
1616 5316 1738 5363 est:
1769 5314 2190 5377 quantacunque
2240 5316 2420 5362 tamen

833 5403 905 5457 sit
950 5403 1037 5456 illa
1075 5401 1180 5469 vis,
1230 5398 1435 5455 mavult
1475 5397 1856 5454 Tillcmontius
1912 5397 2057 5454 illam
2114 5400 2421 5469 admittere,

832 5510 999 5565 quam
1054 5494 1507 5566 Chrysostomum
1541 5500 1669 5547 tunc
1718 5493 2095 5563 presbyterum
2127 5493 2298 5550 fuisse
2328 5504 2425 5564 pu-

834 5600 967 5644 tare.

907 5730 1226 5817 (a)'l‘?phcs.
1260 5760 1345 5813 υ,
1367 5743 1417 5798 ί.

2572 1091 2703 1148 Mihi
2734 1106 2865 1148 vero
2909 1091 3024 1147 haec
3065 1101 3389 1163 argumenta
3423 1106 3651 1161 prorsus
3685 1091 3822 1146 levia
3867 1105 3993 1147 esse
4025 1093 4110 1146 vi-

2502 1184 2701 1240 dentur
2729 1202 2743 1238 :
2777 1199 2905 1239 nam
2950 1183 3099 1254 quod
3132 1185 3310 1256 primo
3338 1183 3585 1249 affertur,
3617 1184 3817 1239 librum
3861 1184 4106 1255 primum

2504 1278 2770 1349 scriptum
2805 1276 2999 1343 fuisse,
3029 1292 3156 1333 cum
3200 1277 3381 1333 adhuc
3408 1276 3755 1333 daemonibus
3796 1276 4107 1332 sacrificare

2504 1371 2713 1435 liceret,
2750 1370 2857 1426 hoc
2889 1385 3000 1426 uno
3034 1370 3157 1425 loco
3195 1369 3409 1436 nititur,
3444 1384 3597 1424 num.
3624 1369 3681 1437 Ξ,
3712 1369 3804 1424 ubi
3823 1368 3893 1424 de
3919 1384 4103 1423 mona-

2503 1462 2733 1519 chorum
2765 1462 3199 1532 exagitatoribus
3234 1461 3350 1517 haec
3381 1462 3637 1532 leguntur
3668 1477 3681 1514 :
3712 1459 3854 1526 Quid
3892 1477 4034 1526 vero,
4061 1462 4109 1515 si

2506 1552 2587 1606 his
2607 1568 2811 1623 quoque
2847 1552 3183 1607 mirabiliora
3206 1552 3483 1617 didiceris,
3519 1552 3660 1621 quod
3689 1550 3890 1606 scilicet
3918 1550 4108 1604 horum

2506 1655 2750 1699 auctores
2770 1646 2845 1714 pii
2872 1644 3037 1698 videri
3060 1644 3241 1711 velint,
3264 1653 3312 1697 et
3335 1643 3671 1699 Christianos
3696 1658 3751 1696 se
3782 1651 4111 1711 nuncupent,

2504 1737 2726 1805 plurimi
2758 1746 2933 1791 autem
2958 1752 3022 1791 ea:
3053 1737 3160 1791 illis
3192 1738 3355 1791 etiam
3379 1736 3583 1791 initiati
3603 1736 3711 1790 sint
3736 1751 3756 1790 :
3787 1735 3894 1789 imo
3927 1750 4112 1789 eorum

2504 1828 2743 1900 quidam,
2764 1828 2980 1884 diabolo
2997 1829 3320 1884 vehementer
3335 1828 3565 1898 aﬂlante,
3582 1826 3905 1882 exsecranda
3924 1826 4114 1897 lingua
4136 1812 4139 1813 ν

2507 1936 2606 1975 sua
2640 1920 2813 1974 dicere
2836 1937 2999 1976 ausus
3029 1922 3123 1987 sit,
3158 1918 3275 1993 [ιό]
3311 1936 3367 1975 se
3393 1936 3427 1973 a
3452 1920 3557 1989 ﬁde
3582 1916 3913 1974 recessurum
3932 1925 4116 1973 etate-

2506 2012 2747 2067 monibus
2769 2011 3173 2066 immolatarum
3193 2029 3213 2068 :
3243 2011 3503 2080 suﬂ‘ocari
3527 2012 3663 2064 enim
3696 2027 3752 2065 se
3777 2008 4003 2063 videndo
4021 2008 4116 2062 ho-

2506 2104 2673 2159 mines
2696 2103 2912 2170 liberos,
2943 2103 3172 2168 nobiles,
3196 2105 3466 2174 uitamque
3496 2102 3701 2157 deliciis
3725 2099 3939 2171 plenam
3957 2116 4117 2169 agerc

2506 2196 2756 2263 valentes,
2783 2196 2853 2251 ad
2884 2196 3020 2251 hanc
3059 2196 3254 2250 duram
3285 2197 3406 2250 vitta
3435 2196 3693 2249 rationem
3740 2194 3964 2251 adduci.
3992 2191 4117 2248 Non

2506 2287 2668 2343 video
2722 2295 2905 2342 autem
2953 2287 3088 2359 quid
3127 2302 3195 2343 ex
3248 2287 3567 2357 huiusmodi
3619 2268 4119 2342 hominisduriosi

2501 2380 2648 2435 dicto
2682 2379 2876 2434 inferri
2913 2380 3107 2451 possit,
3156 2380 3273 2450 qui,
3318 2388 3380 2434 ut
3425 2395 3491 2434 es
3530 2378 3670 2434 serie
3712 2378 3985 2446 arguitur,
4027 2378 4119 2433 in-

2504 2471 2858 2528 terminantis
2900 2472 3080 2527 solum
3125 2486 3279 2527 more
3327 2488 3392 2527 ea
3423 2486 3547 2541 quae
3592 2470 3821 2525 minime
3867 2469 4124 2527 facturus

2504 2573 2624 2619 erat
2653 2579 2711 2619 se
2745 2564 3019 2620 facturum
3051 2563 3264 2633 iactitat
3290 2584 3303 2619 :
3333 2564 3437 2620 nisi
3472 2563 3707 2619 fortasse
3740 2579 3865 2618 cum
3916 2563 4121 2634 despe-

2506 2665 2655 2713 ratos
2682 2658 2952 2728 quosdam
3001 2656 3255 2713 homines
3294 2671 3354 2712 se
3399 2657 3741 2713 daemonibus
3787 2656 4121 2714 devoventes

2506 2749 2784 2813 audimus,
2818 2749 2950 2803 hinc
2983 2763 3281 2820 arguamus
3317 2749 3368 2802 id
3410 2764 3509 2819 per
3544 2749 3690 2819 leges
3720 2748 3970 2819 publicas
3994 2748 4122 2805 lici-

2508 2849 2624 2895 tum
2670 2854 2813 2896 esse.
2864 2838 3125 2909 Alioquin
3181 2848 3365 2894 autem
3416 2847 3539 2894 cum
3577 2839 3935 2909 imperatores
3965 2840 4121 2909 leges

2510 2933 2802 3003 quaspiam
2835 2931 3171 2994 emitterent,
3210 2946 3319 2985 non
3380 2931 3562 2987 statim
3598 2931 3804 3001 ubique
3831 2931 3885 2985 in
3936 2932 4123 2986 omni-

2508 3025 2722 3095 busque
2779 3023 2996 3094 imperii
3046 3024 3251 3079 linibus
3295 3039 3375 3079 me
3424 3024 3751 3079 obtinebant
3797 3039 3810 3074 :
3861 3039 4130 3094 sameque

2511 3132 2744 3172 necesse
2796 3124 2917 3171 erat
2967 3124 3024 3170 ut
3070 3131 3214 3171 nova
3258 3117 3381 3188 lege
3426 3116 3628 3186 prioris
3676 3116 3812 3186 legis
3868 3116 4129 3172 lirmitati

2513 3208 2945 3279 prospiceretur,
2981 3219 3043 3264 ut
3080 3222 3227 3279 saepe
3274 3208 3461 3264 videas
3510 3208 3564 3263 in
3613 3208 3819 3264 Codice
3857 3206 4127 3265 Theodo-

2516 3301 2694 3357 siano.

2587 3389 2899 3446 Circaillud
2933 3400 3114 3446 autem
3142 3389 3289 3460 quod
3320 3387 3522 3445 icitur
3555 3390 3767 3447 Valenti
3790 3390 4123 3463 imperatori

2515 3482 2696 3552 palam
2722 3481 2930 3536 Ariano
2966 3497 3075 3535 non
3104 3490 3418 3553 competere
3463 3496 3652 3537 vocem
3680 3484 3938 3558 εὐσεϐής,
3971 3487 4124 3556 pius,

2519 3587 2685 3642 quam
2733 3581 2914 3627 tamen
2968 3571 3394 3641 imperatoribus
3439 3571 3590 3627 illius
3624 3575 3890 3644 temporis
3927 3575 4128 3631 tribuit

2518 3663 2946 3735 Chrysostomus
2976 3679 2991 3715 :
3027 3676 3226 3732 nempe
3268 3663 3411 3717 libro
3458 3663 3658 3733 primo,
3714 3681 3868 3721 num.
3914 3668 3971 3733 2,
4021 3669 4126 3723 ubi

2522 3753 2632 3808 ait:
2668 3752 2858 3807 Nostri
2896 3768 3020 3806 vero
3048 3752 3441 3824 (imperatores)
3481 3757 3761 3810 contraria
3785 3758 4028 3827 penitus,
4060 3772 4126 3817 ut

2526 3846 2651 3898 nti/ti
2678 3847 2785 3914 ipse
2812 3846 3126 3914 persuadeo,
3145 3854 3194 3898 et
3220 3847 3437 3911 cupiunt
3467 3855 3516 3899 et
3545 3856 3750 3915 optant.
3784 3847 4127 3920 Quapropter

2524 3954 2715 4011 magno
2747 3947 2962 4006 stupore
3000 3937 3185 4006 plenus
3213 3953 3331 3991 sum
3363 3938 3502 4007 quod
3526 3939 3936 4009 imperatoribus
3969 3945 4123 4009 piam

2525 4030 2831 4100 religionem
2863 4028 3209 4091 sectantibus,
3247 4030 3306 4082 ὲν
3350 4029 3608 4103 εὐσεϐείᾳ
3648 4030 3888 4098 ζώντων,
3928 4036 4038 4092 hcc
4064 4039 4124 4091 in

2520 4122 2712 4176 mediis
2738 4122 2956 4177 urbibus
2982 4122 3195 4191 impune
3219 4121 3341 4189 fieri
3368 4122 3517 4176 dicas
3550 4140 3564 4177 :
3591 4132 3646 4178 et
3670 4123 3810 4181 libro
3840 4128 4117 4195 secundo,

2522 4229 2675 4269 num.
2701 4213 2736 4266 9
2766 4231 2779 4265 :
2811 4210 2954 4266 Neve
2982 4222 3133 4280 putes
3170 4211 3282 4265 lucc
3322 4211 3440 4265 ideo
3482 4213 3807 4284 contingere,
3848 4216 3988 4284 quod
4014 4220 4118 4270 im-

2519 4319 2788 4373 peratores
2835 4318 2982 4368 piam
3031 4302 3336 4373 religionem
3380 4302 3582 4367 colant,
3638 4304 3904 4374 βασιλέων
3946 4307 4119 4363 ὄντων

2521 4397 2765 4450 εὐσεϐῶν
2799 4395 3052 4449 :etiamsi
3088 4395 3227 4449 enim
3276 4396 3558 4464 imperium
3594 4395 3828 4466 decidat,
3860 4408 3910 4453 et
3950 4400 4119 4470 impe-

2523 4495 2701 4540 rantes
2738 4482 3195 4553 inrinﬁdelitatem
3225 4482 3482 4538 labantur
3510 4499 3523 4534 :
3562 4491 3721 4541 notes
3756 4484 3921 4540 velim
3947 4487 4040 4542 hic
4061 4499 4120 4544 et

2524 4578 2655 4633 alibi
2688 4576 3003 4643 frequenter
3016 4575 3159 4646 apud
3178 4575 3665 4646 Chrysostomum,
3694 4577 3940 4633 εὐσεϐῶν
3962 4592 4017 4636 et
4052 4585 4115 4635 ὲν

2522 4666 2773 4741 εὐσεϐείᾳ
2790 4669 3031 4734 ζώντων,
3045 4683 3145 4749 pro
3166 4666 3499 4723 Christianis
3517 4677 3726 4724 tantum
3746 4672 3946 4742 accipi:
3965 4676 4113 4743 quod

2523 4760 2762 4813 maxime
2790 4758 2964 4829 liquet
2986 4758 3042 4812 in
3070 4756 3156 4813 his
3175 4756 3393 4814 duobus
3415 4757 3571 4825 locis;
3590 4758 3645 4813 in
3668 4759 3847 4830 primo
3873 4779 4117 4835 namque

2523 4851 2582 4903 ὲν
2609 4850 2860 4922 εὐσεϐείᾳ
2906 4849 3136 4917 ζῶντας,
3182 4850 3328 4919 piam
3377 4849 3677 4921 religionem
3712 4862 3968 4909 sectantes
4018 4873 4118 4926 op-

2524 4940 2677 5009 ponit
2707 4940 2927 5009 regibus
2955 4936 3272 5005 Persarum,
3306 4939 3400 5009 qui
3429 4939 3675 4995 inlideles
3705 4951 3894 5007 erant;
3930 4943 3985 4996 in
4024 4962 4116 4999 se-

2525 5032 2707 5088 cundo
2741 5044 2926 5087 autem
2948 5031 3121 5085 δντων
3150 5031 3415 5097 εὐσεϐῶν,
3449 5032 3595 5099 piam
3619 5033 3922 5103 religionem
3946 5036 4121 5089 colen-

2526 5128 2687 5191 tibus,
2719 5125 2898 5196 palam
2931 5125 3159 5195 opponit
3188 5125 3530 5195 principibus
3562 5125 3897 5181 infidelibus.
3935 5126 4123 5198 Impia:

2525 5232 2737 5278 ratores
2760 5209 2928 5289 igitur
2949 5218 3115 5274 simul
3144 5217 3452 5285 Valentem,
3474 5216 3799 5274 Gratianum
3827 5232 3878 5274 et
3916 5220 4119 5277 Valen-

2526 5313 2794 5368 tinianum
2846 5311 3175 5374 secundum,
3215 5310 3484 5375 εὐσεϐεῖς,
3532 5326 3629 5367 seu
3679 5311 3784 5381 pice
3831 5311 4117 5381 religionis

2526 5405 2787 5466 cultores,
2818 5403 2933 5459 sive
2957 5401 3302 5457 Christianos
3324 5409 3499 5458 vocat.
3522 5401 3794 5458 Sicetiam
3818 5402 4117 5472 Gregorius

2529 5495 2929 5561 Nazianzenus,
2968 5493 3123 5551 Orat.
3154 5505 3340 5549 contra
3378 5482 3680 5560 lulianum,
3728 5493 4119 5551 Constantium

2533 5589 2921 5659 imperatorem
2947 5585 3140 5657 εὐσεϐῆ
3163 5595 3340 5657 vocat,
3362 5585 3571 5645 scilicet
3591 5586 3991 5658 Christianum,
4012 5589 4125 5647 etsi
