4276 6316
257 361 363 418 ὃΠ

258 474 435 548 probe
463 474 627 529 sciret
650 472 915 528 Arianum
942 486 1159 542 semper
1186 471 1377 529 fuisse.
1412 472 1549 527 Cum
1580 482 1763 529 autem
1792 475 1850 529 in

267 570 451 638 primo
486 567 608 621 loco
650 564 786 621 dicit
820 564 1253 636 Chrysostomns
1307 565 1672 637 imperatores
1719 582 1855 622 cnn—

260 658 439 714 traria
458 657 532 712 iis
557 672 680 727 qua:
707 656 1037 725 gerebantur
1064 668 1273 727 optare,
1294 656 1504 727 adjicit,
1524 656 1599 720 ὼς
1620 657 1859 727 ἐμαυτὸν

265 746 465 810 πείθω,
489 754 547 800 ut
585 746 713 800 mihi
732 746 843 815 ipse
867 745 1181 815 persuadeo,
1217 760 1323 816 qua
1350 755 1499 801 certe
1523 746 1779 800 cautione
1803 760 1863 801 se

267 837 561 892 adversum
596 835 865 906 suspicari
899 834 1244 890 testiﬁcatur.
1274 833 1487 905 itaque,
1523 850 1649 910 cum
1675 835 1781 891 hoc
1807 836 1863 889 in

271 921 499 993 negotio
528 921 597 977 de
622 921 828 977 Ariana
858 922 1055 978 haeresi
1086 935 1198 977 non
1233 931 1509 994 ageretur,
1536 931 1703 993 atque
1751 930 1866 979 tres

267 1012 651 1082 imperatores,
671 1012 891 1068 tametsi
910 1009 1116 1069 Valens
1142 1013 1385 1069 Arianus
1409 1022 1547 1079 erat,
1567 1013 1867 1069 Christiani

264 1112 451 1157 tamen
484 1110 693 1167 essent,
714 1112 947 1173 ,slupere
992 1116 1053 1159 se
1085 1103 1162 1159 ait
1209 1102 1665 1175 Chrysostomus,
1696 1105 1871 1174 impe-

267 1192 554 1249 ratoribus
588 1191 923 1249 Christianis
952 1192 1270 1263 huiusmodi
1308 1193 1557 1250 facinora
1589 1195 1645 1249 in
1678 1208 1873 1250 mona-

267 1285 410 1341 chos
458 1285 698 1341 admitti.
730 1284 867 1341 Nam
903 1284 1284 1354 Constantius,
1321 1286 1585 1355 Arianus,
1618 1286 1759 1341 nihil
1792 1284 1872 1341 si-

268 1374 404 1429 mile
426 1390 718 1446 aggressus
746 1374 948 1431 fuerat.

348 1467 507 1522 Aliud
536 1468 775 1538 denique
812 1475 1222 1539 argumentum,
1263 1465 1409 1538 quod
1437 1466 1543 1522 sibi
1574 1466 1875 1522 Tillemon—

269 1561 388 1615 tius
408 1559 619 1629 objicit,
645 1560 902 1631 quodque
922 1568 1078 1631 putat
1111 1559 1514 1615 validissimum
1539 1554 1685 1623 esse,
1714 1572 1876 1629 pror-

270 1668 372 1707 sus
412 1652 622 1707 nullum
655 1650 893 1706 videtur.
926 1649 1065 1705 Nam
1095 1665 1220 1705 cum
1253 1648 1706 1721 Chrysostomus,
1734 1657 1879 1719 post.-

271 1758 441 1815 quam
474 1741 704 1797 Paulum
729 1742 1143 1811 sicloquentem
1164 1740 1479 1808 induxerat,
1500 1740 1719 1806 Patres,
1750 1740 1882 1794 edu-

271 1846 393 1889 cate
421 1835 562 1903 ﬁlios
590 1842 792 1888 vestros
816 1834 870 1887 in
891 1834 1179 1903 disciplina
1208 1842 1258 1889 et
1285 1835 1617 1904 correptione
1638 1833 1878 1899 Domini,

270 1928 349 1983 ita
376 1927 731 1998 prosequitur
757 1944 771 1981 :
797 1925 858 1981 Si
903 1926 1045 1981 enim
1082 1941 1176 1980 nos
1218 1926 1473 1995 jubemur
1512 1927 1736 1996 vigilare
1787 1940 1881 1994 pro

272 2020 557 2075 animabus
580 2036 761 2074 eorum
791 2028 1047 2088 tanquam
1090 2020 1349 2073 rationem
1383 2017 1669 2084 reddituri,
1705 2016 1876 2071 multo

273 2114 450 2183 magis
482 2120 658 2182 pater,
686 2110 777 2182 qni
803 2112 1006 2181 genuit,
1054 2110 1146 2180 qui
1177 2109 1441 2174 educavit,
1480 2111 1576 2180 qui
1618 2124 1740 2163 cum
1787 2108 1882 2161 illo

272 2206 425 2259 domi
450 2220 653 2272 semper
668 2212 866 2260 manet.
888 2202 1044 2263 Pauli
1064 2203 1206 2258 haud
1235 2202 1425 2267 dubie,
1452 2217 1665 2258 necnon
1689 2215 1882 2256 eorum

276 2300 485 2370 quibus
513 2297 785 2354 incumbit
806 2296 1042 2352 aliorum
1064 2296 1225 2352 saluti
1250 2294 1569 2366 advigilare,
1590 2302 1882 2366 personam

273 2396 413 2466 agit.
463 2393 611 2449 Nihil
649 2394 852 2465 quippe
884 2391 1216 2449 familiarius
1259 2391 1360 2459 illi,
1393 2391 1449 2446 in
1502 2390 1590 2446 his
1644 2389 1884 2444 maxime

276 2487 458 2549 libris,
493 2502 661 2557 quam
688 2500 879 2541 eorum
914 2499 1056 2556 quos
1090 2483 1145 2538 in
1170 2483 1413 2539 medium
1443 2481 1666 2537 adducit
1693 2494 1887 2551 perso-

279 2594 408 2633 nam
456 2592 763 2633 assumere.
809 2577 903 2633 Sic
945 2577 1087 2632 libro
1118 2592 1205 2641 ιιι,
1251 2591 1408 2630 num.
1446 2574 1535 2643 Η,
1590 2583 1886 2644 postquam

279 2669 617 2740 probaverat
653 2668 845 2723 iisdem
885 2666 1081 2722 ciliciis
1115 2666 1386 2722 obnoxios
1417 2665 1711 2721 saeculares
1740 2677 1885 2727 esse,

277 2760 487 2831 quibus
518 2760 775 2814 monachi
796 2770 973 2825 erant,
996 2758 1111 2812 haec
1134 2757 1356 2826 adjicit:
1383 2754 1574 2826 Itaque
1601 2755 1881 2825 quoniam,

280 2866 340 2907 ut
371 2870 402 2906 a
444 2851 595 2906 nobis
643 2851 785 2906 clare
833 2852 1258 2907 demonstratum
1305 2858 1419 2911 est,
1461 2847 1649 2902 iisdem
1708 2861 1891 2900 sumus

282 2944 469 3013 ιοῙῙὶεὲἱε
488 2943 739 3006 obnoxii,
757 2942 947 3011 quibus
972 2940 1241 3005 monachi,
1278 2937 1579 3008 faciliorem
1605 2950 1886 3005 percurra-

283 3052 404 3090 mus
460 3036 621 3103 viam,
660 3035 729 3088 ad
771 3049 988 3104 eamque
1033 3033 1174 3103 ﬁlios
1224 3031 1586 3086 attraltamus.
1615 3028 1700 3082 An
1756 3027 1889 3080 hinc

286 3126 481 3182 inferri
515 3126 693 3197 possit
724 3124 1207 3197 Chrysostomum,
1231 3122 1326 3193 qui
1358 3129 1493 3176 tunc
1522 3121 1577 3175 in
1602 3116 1890 3174 montibus

285 3229 345 3274 ct
393 3219 448 3273 in
512 3232 734 3274 secessu
766 3216 1005 3281 vivebat,
1034 3212 1357 3269 saecularem
1397 3210 1595 3278 fuisse,
1630 3209 1893 3277 ﬁliosque

291 3307 637 3377 suscepisse?
679 3305 745 3361 Et
778 3320 933 3360 num.
973 3304 1064 3370 17,
1107 3301 1250 3374 Ergo
1274 3318 1371 3357 nec
1420 3302 1567 3372 filios
1618 3308 1830 3353 nostros
1862 3314 1895 3352 a

292 3399 489 3454 deserti
533 3396 950 3451 commoratione
990 3402 1112 3449 ante
1149 3403 1355 3462 tempus
1396 3391 1726 3445 abducamus
1754 3404 1773 3442 :
1806 3388 1898 3442 sed

291 3494 537 3547 sinamus
572 3489 891 3560 disciplinas
927 3487 1092 3542 altius
1126 3486 1387 3557 imprimi,
1415 3496 1469 3539 et
1498 3482 1711 3555 plantas
1750 3481 1900 3535 radi-

296 3586 443 3642 cibus
493 3584 724 3654 ﬁrmari.
782 3580 932 3637 Nihil
986 3594 1119 3637 sane
1170 3575 1518 3648 frequentius
1570 3585 1675 3639 est,
1729 3586 1898 3643 quam

296 3677 761 3748 Chrysostomum
775 3673 960 3729 videre
976 3669 1142 3726 modo
1163 3668 1526 3731 monentium,
1560 3680 1688 3721 mox
1704 3677 1898 3720 eorum

298 3768 503 3840 quibus
531 3766 738 3821 monita
780 3763 1117 3833 diriguntur,
1144 3773 1439 3830 personam
1472 3772 1653 3828 agere.

374 3862 562 3930 Itaque
613 3858 1069 3928 Chrysostomus,
1101 3853 1197 3925 qui
1246 3865 1390 3907 anno
1430 3849 1538 3905 574
1571 3848 1638 3903 ad
1683 3858 1903 3903 montes

302 3960 637 4019 secesserat,
672 3964 797 4005 cum
836 3946 1170 4003 auctoritate
1216 3942 1436 4015 publica
1468 3939 1736 4010 exagitari
1779 3952 1900 3992 mo-

303 4044 514 4101 narhos
547 4050 603 4097 et
635 4040 859 4096 sedibus
886 4037 1014 4108 pelli
1045 4035 1526 4109 didicisset,anno
1553 4029 1680 4094 375,
1706 4029 1788 4083 vel
1820 4044 1899 4084 se-

303 4137 520 4208 quenti,
549 4132 712 4188 amici
740 4140 932 4203 rogatu
968 4126 1274 4186 hoslibros
1302 4123 1559 4195 scripsit;
1585 4122 1638 4176 in
1663 4133 1905 4192 quorum

304 4229 488 4302 primo
537 4225 700 4282 docet
750 4230 1022 4294 quantum
1055 4217 1162 4276 sibi
1209 4214 1441 4290 periculi
1476 4211 1781 4279 attrahant,
1814 4209 1907 4281 qui

1735 357 2078 417 MONITUM.

3447 362 3554 419 3|8

1966 485 2190 532 sanctos
2214 488 2268 533 et
2292 476 2384 533 Dei
2413 479 2621 534 amicos
2660 486 3002 549 oppugnant,
3037 474 3278 531 ostendit
3309 490 3406 533 eos
3446 492 3555 533 non

1966 567 2071 637 piis
2099 567 2255 631 viris,
2283 568 2375 623 scd
2409 567 2763 639 sibimetipsis
2797 580 2997 621 nocere
3023 581 3038 619 :
3070 564 3236 635 idque
3266 565 3561 621 conﬁrmat

1968 657 2219 728 exemplo
2252 656 2590 722 Judaeorum,
2618 657 2737 728 qui,
2760 655 3022 726 quoniam
3061 652 3344 709 Christum
3380 665 3558 712 morte

1969 745 2265 802 affecerant
2290 746 2677 817 apostolosque
2725 751 3079 809 vexaverant,
3118 742 3176 798 in
3210 757 3307 798 eas
3334 743 3561 798 calami-

1972 848 2113 895 tates
2144 836 2610 907 incideruntquas
2639 835 2912 905 Josephus
2943 842 3366 889 commemorat.
3388 832 3563 903 Hujus

1944 942 1947 945 ‘
1975 942 2140 999 porro
2170 926 2460 997 scriptoris
2479 925 2699 997 insigne
2731 922 3098 997 fragmentum
3120 922 3309 991 refert,
3338 933 3393 980 et
3420 933 3566 995 post-

1974 1026 2141 1087 quam
2176 1016 2417 1072 ostendit
2442 1017 2665 1087 quantis
2695 1025 2757 1072 se
2800 1014 3062 1086 periculis
3098 1015 3345 1072 eximant
3376 1014 3470 1085 qui
3497 1030 3565 1072 ex

1978 1107 2171 1163 mundi
2230 1106 2512 1162 consortio
2575 1105 2874 1172 secedunt,
2929 1104 3010 1161 sic
3062 1102 3287 1160 librum’
3324 1105 3566 1176 primum

1978 1199 2208 1255 claudit.

2052 1290 2112 1345 In
2138 1290 2379 1347 secundo
2409 1289 2549 1344 libro
2592 1296 2804 1359 patrem
2837 1287 3136 1349 inﬁdelem,
3165 1287 3281 1343 sive
3323 1288 3566 1343 nondum

1981 1383 2295 1439 credentem
2326 1382 2383 1438 in
2414 1381 2724 1449 Christum,
2767 1381 2929 1452 cujus
2977 1380 3150 1436 tilium
3196 1380 3570 1437 Christianam

1983 1475 2302 1546 religionem
2345 1473 2718 1543 amplexatum
2748 1472 2805 1528 in
2839 1482 3081 1528 montem
3129 1471 3426 1528 recessisse
3455 1485 3574 1527 mo-

1983 1568 2402 1636 nachorumque
2434 1565 2604 1619 vitam
2651 1563 2964 1634 suscepisse
3017 1563 3193 1633 ﬁngit,
3227 1562 3573 1634 alloquitur:

1986 1658 2356 1729 humanisque
2383 1656 2686 1713 ratiociniis
2703 1666 2869 1727 atque
2886 1654 3150 1725 exemplis
3168 1663 3409 1710 veterum
3434 1653 3578 1710 Grae-

1984 1765 2175 1806 corum
2205 1748 2405 1818 probat
2438 1763 2588 1815 eum,
2620 1747 2717 1817 qui
2755 1746 2940 1802 omnia
2986 1744 3240 1816 despicit,
3278 1760 3403 1800 vere
3434 1743 3577 1799 divi-

1984 1852 2094 1897 tem
2124 1856 2270 1905 esse,
2296 1840 2606 1910 virtuteque
2638 1838 2925 1894 clariorem
2961 1837 3133 1905 eﬁici,
3169 1852 3333 1907 quam
3380 1835 3578 1906 opibus

1984 1932 2314 1995 cﬁiceretur,
2350 1938 2516 2002 atque
2540 1946 2570 1985 a
2600 1930 2822 1985 nemine
2854 1928 2976 1984 laedi
2997 1942 3180 1998 posse.
3214 1926 3368 1982 Licet
3395 1932 3578 1981 autem

1984 2024 2122 2079 illud
2156 2022 2414 2093 ﬁngentis
2466 2035 2619 2075 more
2664 2028 2958 2090 proponat,
2990 2017 3045 2071 in
3090 2015 3199 2071 ﬁne
3232 2025 3412 2070 tamen
3452 2013 3577 2068 libri

1987 2117 2084 2179 ait,
2115 2115 2356 2170 amicum
2392 2113 2495 2169 sibi
2522 2112 2697 2168 fuisse
2718 2109 2921 2166 ethnici
2946 2108 3046 2164 viri
3085 2107 3282 2173 lilium,
3308 2106 3426 2175 qui,
3453 2119 3580 2161 cum

1985 2204 2357 2261 Christianam
2412 2202 2816 2275 philosophiam
2854 2201 3141 2271 amplexus
3170 2206 3339 2263 esset,
3372 2205 3581 2268 patrem

1987 2313 2047 2354 se
2078 2297 2265 2365 minis,
2296 2296 2531 2352 vinculis
2568 2294 2806 2365 aliisque
2843 2291 3105 2348 aerumnis
3134 2290 3201 2346 ad
3227 2289 3465 2361 priorem
3499 2288 3581 2343 vi-

1990 2395 2102 2443 tam
2133 2402 2394 2443 revocare
2422 2395 2739 2451 conantem,
2765 2384 2989 2440 demum
3031 2379 3342 2438 constantia
3382 2393 3481 2434 sua
3517 2390 3586 2433 eo

1990 2468 2307 2543 adduxerit,
2348 2488 2409 2534 ut
2456 2479 2680 2534 demum
2733 2474 3070 2548 palinodiam
3127 2478 3369 2537 caneret,
3419 2477 3587 2539 atque

1993 2573 2166 2627 ﬁlium
2214 2572 2371 2629 illum
2418 2570 2633 2637 castoris
2684 2568 3020 2631 antelerret,
3069 2564 3187 2620 imo
3239 2564 3412 2634 patris
3463 2561 3589 2617 loco

1992 2664 2238 2720 haberet.

2064 2757 2124 2810 In
2152 2755 2316 2812 tertio
2349 2755 2510 2826 longe
2536 2750 2825 2826 prolixiori
2850 2749 3098 2807 oratiOne
3133 2757 3340 2819 patrem
3378 2741 3588 2798 ﬁdelem

1993 2850 2315 2919 alloquitur,
2342 2856 2642 2916 monetque
2671 2858 2741 2900 ne
2787 2842 2960 2898 ﬁlium
3013 2839 3271 2896 secedere
3315 2836 3588 2891 volentem

1993 2957 2023 2997 a
2057 2940 2329 2998 sententia
2354 2936 2614 3003 deducat,
2644 2944 2761 2991 tum
2801 2941 3093 3005 parentum
3138 2928 3411 2985 incuriam
3442 2927 3590 2982 circa

1994 3033 2236 3089 ﬁliorum
2281 3030 2515 3086 salutem
2563 3028 2901 3093 insectatur;
2938 3033 3147 3095 quanta
3198 3035 3414 3077 morum
3467 3033 3592 3074 cor-

1996 3124 2186 3195 ruptio
2218 3122 2494 3178 civitatem
2525 3118 2794 3175 invaserit
2820 3114 3143 3188 παθητικῶς
3169 3111 3430 3169 describit
3456 3124 3471 3162 :
3505 3110 3595 3163 vix

1997 3234 2161 3292 posse
2199 3218 2276 3274 ait
2302 3218 2538 3274 salutem
2566 3216 2751 3273 curari
2781 3215 2839 3271 in
2870 3222 3020 3270 tanta
3045 3211 3306 3267 vitiorum
3340 3207 3592 3264 colluvie.

2000 3308 2216 3367 Laudat
2239 3307 2640 3365 monachorum
2679 3305 2873 3371 vitam,
2896 3303 3299 3373 historiamque
3328 3298 3487 3354 affert
3510 3298 3600 3368 ju-

2000 3403 2159 3458 Venis
2192 3399 2512 3456 asolita’rio
2553 3398 2609 3453 in
2658 3399 2796 3454 urbe
2825 3395 3085 3461 educati;
3135 3407 3361 3464 remque
3406 3397 3599 3445 notatu

2002 3495 2223 3565 dignam
2252 3493 2433 3559 docet,
2470 3501 2671 3562 nempe
2709 3487 3081 3543 Antiochenos
3117 3485 3261 3540 ﬁlios
3296 3497 3429 3539 suos
3463 3480 3599 3536 ado-

2003 3587 2275 3641 leseentes
2321 3584 2387 3637 ad
2435 3579 2769 3636 monasteria
2820 3578 3038 3633 mittere
3083 3573 3463 3639 consuevisse,
3517 3579 3599 3637 ut,

2004 3688 2293 3751 postquam
2326 3678 2383 3732 in
2404 3676 2609 3730 virtute
2640 3673 2951 3744 pietateque
2967 3669 3137 3742 probe
3157 3666 3438 3724 exercitati
3460 3663 3601 3721 fuis-

2005 3783 2150 3837 sent,
2181 3771 2407 3825 domum
2451 3774 2781 3838 repeterent.

2081 3863 2195 3919 ﬂos
2229 3874 2395 3935 porro
2427 3862 2595 3916 libros
2629 3858 2856 3914 Latinos
2898 3856 3108 3913 fecerat
3136 3850 3465 3908 Ambrosius
3494 3849 3600 3904 Ca-

2009 3956 2388 4014 maldulensis.
2416 3954 2619 4010 Verum
2650 3951 2777 4022 quia
2811 3946 3191 4020 interpretatio
3211 3943 3334 4015 ejus
3359 3941 3602 4013 plerum-

1998 4066 2117 4121 que
2141 4047 2505 4120 paraphrasin
2556 4043 2723 4117 sapit,
2758 4056 2957 4099 novam
2995 4038 3119 4097 ideo
3144 4034 3446 4109 parandam
3479 4047 3603 4090 esse

2009 4141 2219 4215 putavi.
