4276 6316
750 382 854 440 512

1447 383 1503 437 S.
1548 380 1834 439 JOANNIS
1870 377 2362 438 CHRYSOSTOMI
2401 379 2723 436 ARCHIEI’.
2764 378 3318 436 CONSTANTI'NOP.

3918 381 4026 435 3'30

768 568 4019 608 Μ

918 933 2053 1094 ADVERSUS
2185 926 3901 1090 OPPUGNATORES

1115 1429 1464 1508 EOBUM
1531 1429 1714 1524 QUI
1779 1427 1913 1502 AD
1975 1419 2648 1502 MONASTICAM
2723 1415 3057 1498 VlTAM
3116 1408 3701 1495 INDUCUNT.

852 2157 898 2208 t.
942 2153 1074 2206 Cum
1098 2150 1350 2220 templum
1375 2149 1501 2203 illud
1521 2147 2042 2218 Jerosolymitanum,
2061 2146 2200 2216 quod
2223 2146 2360 2201 mul-

784 2243 851 2297 tis
879 2243 1031 2296 annis
1059 2240 1172 2293 solo
1201 2246 1464 2308 aquatum
1504 2237 1742 2306 iacuerat
1760 2278 1774 2299 ,
1802 2251 1832 2289 a
1857 2235 2109 2290 diuturna
2135 2235 2359 2306 captivi-

792 2343 897 2386 tate
924 2331 1119 2386 reversi
1141 2329 1349 2384 Hebraei
1380 2329 1674 2382 instaurare
1696 2337 1950 2396 cuperent
1972 2326 2054 2398 (2.
2081 2325 2262 2382 Esdrae
2283 2328 2336 2396 4)
2352 2371 2367 2397 ,

786 2433 896 2474 tum
915 2419 1123 2473 barbari
1141 2417 1352 2487 quidam
1374 2426 1428 2472 et
1451 2419 1709 2470 immanes
1730 2414 1990 2479 homines,
2009 2430 2181 2484 neque
2198 2415 2363 2470 Deum

780 2509 1014 2570 reveriti,
1033 2509 1115 2562 cui
1145 2509 1395 2577 templum
1428 2507 1501 2561 illi
1536 2510 1552 2540 ⁸
1581 2515 1880 2572 erexerant,
1901 2520 2073 2576 neque
2094 2505 2245 2560 fracti
2273 2506 2361 2561 illa

781 2601 1051 2654 hominum
1077 2600 1377 2654 calamitate
1396 2641 1410 2665 ,
1440 2613 1470 2652 a
1499 2613 1600 2668 qua
1629 2612 1751 2652 sero
1777 2598 1990 2653 tandem
2017 2599 2105 2653 vix
2131 2613 2189 2654 se
2215 2613 2366 2654 rece—

782 2702 989 2760 perant,
1023 2705 1194 2760 neque
1225 2690 1468 2758 supplicii
1511 2688 1814 2757 hujusmodi
1843 2687 2166 2742 facinoribus
2194 2704 2225 2743 a
2255 2687 2365 2744 Deo

780 2781 1014 2850 deputati
1032 2789 1173 2833 metu
1196 2779 1436 2843 cohibiti,
1458 2778 1629 2848 primo
1649 2777 1860 2847 quidem
1885 2793 1979 2847 per
1994 2792 2050 2833 se
2066 2793 2160 2833 eos
2176 2793 2206 2832 a
2226 2787 2367 2833 stru-

779 2882 926 2924 ctura
939 2885 1188 2924 coercere
1203 2869 1534 2923 nitebantur:
1555 2883 1673 2922 cum
1691 2878 1865 2922 autem
1885 2867 2013 2921 nihil
2026 2868 2362 2937 proficerent,

782 2961 958 3015 missis
993 2959 1060 3014 ad
1105 2974 1283 3029 regem
1328 2973 1480 3013 suum
1528 2958 1734 3025 literis,
1791 2957 1982 3028 quibus
2017 2971 2134 3012 eam
2179 2958 2364 3014 urbem

781 3052 1094 3107 defectionis
1115 3065 1477 3120 novarumque
1503 3065 1682 3105 rerum
1709 3049 2022 3115 studiosam,
2047 3064 2110 3105 ac
2131 3049 2254 3104 belli
2272 3065 2365 3106 cu-

783 3144 957 3212 pidam
980 3144 1336 3213 appellabant,
1366 3141 1590 3196 suadent
1618 3141 1690 3205 ei,
1717 3149 1775 3194 ut
1799 3140 1901 3194 sibi
1925 3140 2161 3209 ejusdem
2185 3141 2367 3210 prohi—

786 3234 939 3288 bendi
973 3234 1183 3288 mdiﬁcii
1211 3233 1434 3288 facultas
1460 3233 1638 3287 detur.
1677 3232 1791 3298 Qua
1815 3240 2032 3301 accepta
2060 3239 2321 3300 potestate
2344 3270 2363 3299 ,

783 3337 970 3393 magna
991 3323 1228 3391 equitum
1258 3337 1418 3376 manu
1445 3322 1585 3375 viros
1613 3320 1807 3386 adorti,
1832 3334 1967 3390 opus
1992 3318 2121 3375 illud
2143 3319 2208 3374 ad
2231 3329 2366 3376 tem-

782 3429 882 3483 pus
921 3413 1192 3467 intermitti
1232 3419 1520 3481 coegerunt
1551 3428 1563 3464 :
1596 3411 1618 3442 ³
1647 3418 1702 3465 et
1737 3410 1863 3465 elati
1900 3425 1964 3465 ea
2000 3409 2257 3475 victoria,
2298 3408 2367 3465 de

786 3520 887 3573 qna
911 3504 1089 3574 lugere
1109 3503 1418 3568 debuerant,
1440 3501 1818 3571 gloriabantur,
1842 3499 2200 3570 putabamque
2224 3500 2364 3555 hunc

784 3611 906 3649 esse
929 3594 1235 3648 insidiarum
1257 3607 1474 3647 suarum
1501 3592 1807 3648 terminum.
1837 3595 1906 3646 At
1929 3601 2044 3646 erat
2061 3593 2190 3647 illud
2209 3606 2365 3647 exor-

785 3685 932 3739 dium
962 3685 1272 3753 initiumque
1299 3697 1506 3749 eorum,
1538 3698 1655 3752 qua:
1679 3696 1738 3736 se
1764 3698 1886 3736 mox
1915 3682 2159 3736 invasura
2188 3692 2361 3750 erant,

786 3777 1043 3830 malorum
1077 3793 1091 3830 :
1126 3790 1258 3845 opus
1288 3775 1430 3828 enim
1459 3774 1589 3827 illud
1618 3773 2010 3842 perficiebatur,
2041 3788 2104 3828 ac
2130 3773 2364 3842 denique

787 3866 1098 3936 praeclarum
1125 3874 1334 3920 nactum
1361 3873 1444 3918 est
1470 3867 1645 3917 linem.
1679 3863 1812 3916 Tum
1848 3864 1921 3916 illi
1947 3858 2282 3940 didicerunt,
2301 3879 2364 3918 ac

789 3973 883 4027 per
907 3957 1024 4011 illos
1070 3955 1335 4022 universi,
1363 3971 1468 4010 non
1504 3969 1624 4009 cum
1670 3953 1972 4008 hominibus
2010 3955 2148 4008 bella
2174 3969 2366 4023 gerere

788 4046 1143 4102 Mithridatem
1170 4047 1339 4113 illum,
1367 4045 1450 4099 vel
1471 4045 1632 4099 alium
1659 4044 1982 4114 quempiam,
2008 4045 2096 4114 qni
2120 4045 2243 4099 boni
2266 4045 2365 4100 ali-

786 4138 913 4207 quid
933 4151 1088 4206 agere
1115 4137 1448 4192 instituentes
1478 4137 1722 4190 homines
1748 4141 2042 4203 oppugnet;
2072 4133 2167 4188 sed
2190 4133 2362 4203 potius

787 4246 909 4284 cum
946 4232 1062 4300 ipso
1091 4229 1236 4294 Deo,
1276 4229 1364 4297 qui
1411 4243 1506 4296 per
1545 4228 1662 4281 illos
1699 4226 2008 4280 honoratur.
2052 4225 2150 4292 Qui
2183 4236 2360 4281 autem

790 4321 900 4374 Deo
922 4319 1117 4374 bellum
1143 4325 1340 4382 movet,
1367 4331 1652 4385 numquam
1680 4323 1853 4384 potest
1877 4313 2075 4369 bonum
2101 4313 2227 4368 belli
2267 4328 2362 4368 ex-

789 4411 920 4464 itum
945 4409 1175 4464 habere:
1205 4408 1298 4463 sed
1321 4409 1366 4462 is
1403 4407 1615 4476 quidem
1647 4407 1795 4461 initio
1822 4404 2069 4459 facinoris
2098 4404 2229 4458 nihil
2256 4403 2362 4459 for-

790 4511 934 4554 tasse
975 4500 1199 4568 patietur
1244 4498 1409 4562 mali;
1456 4496 1500 4551 si
1554 4506 1728 4552 tamen
1777 4511 1882 4549 non
1932 4494 2201 4564 patiatur,
2255 4494 2364 4549 Deo

791 4591 936 4644 illum
989 4598 1212 4643 vocante
1266 4587 1334 4642 ad
1385 4588 1777 4656 paenitentiam,
1828 4595 1988 4656 atque
2037 4585 2363 4641 concedente

792 4689 848 4733 ut
873 4679 1022 4748 quasi
1058 4693 1124 4731 ex
1164 4677 1419 4732 ebrietate
1459 4676 1688 4745 quadam
1733 4675 2037 4745 resipiscat;
2074 4675 2362 4751 sinautem

795 4774 846 4825 in
877 4770 1106 4824 amentia
1149 4784 1239 4823 sua
1289 4770 1618 4838 perstiterit,
1657 4769 1789 4823 nihil
1831 4784 1898 4824 ex
1936 4768 2237 4838 huiusmodi
2270 4769 2361 4824 Dei

797 4861 1075 4915 clementia
1134 4868 1187 4913 et
1247 4859 1496 4928 patientia
1560 4859 1832 4924 lucratus,
1889 4866 2113 4912 cieteros
2173 4858 2362 4913 saltem

796 4952 1078 5007 admodum
1135 4952 1370 5020 juvabit,
1437 4949 1696 5019 supplicio
1754 4964 1851 5004 suo
1912 4948 2241 5011 admonens.
2295 4964 2365 5004 ne

793 5050 981 5096 contra
1036 5042 1198 5096 Deum
1256 5055 1506 5110 umquam
1562 5041 1758 5094 bellum
1803 5049 2030 5109 gerant,
2086 5040 2227 5109 quod
2278 5039 2363 5094 in-

793 5135 986 5187 victam
1021 5131 1162 5184 illam
1190 5146 1399 5184 manum
1419 5145 1574 5185 nemo
1593 5130 1825 5199 effugere
1845 5131 2037 5184 valeat.
2060 5130 2240 5184 Tanta:
2264 5131 2363 5200 igi-

797 5237 880 5277 tur
909 5224 1027 5279 illos
1055 5222 1229 5278 statim
1253 5223 1491 5277 invasere
1515 5221 1716 5287 clades,
1745 5231 1802 5276 ut
1829 5222 2188 5291 magnitudine
2217 5222 2361 5275 cala-

860 5378 876 5409 ¹
912 5380 982 5428 Sic
1004 5384 1107 5427 Ias.
1132 5377 1230 5427 duo
1266 5383 1318 5427 et
1347 5377 1488 5426 Savil.
1529 5376 1604 5426 ad.
1644 5389 1793 5439 marg.
1841 5376 1975 5437 aditi,
2003 5375 2163 5436 illud;
2207 5377 2364 5424 minus

796 5448 949 5488 recte.

861 5503 880 5530 ³
916 5499 1045 5547 aliud
1078 5500 1269 5549 omnino
1312 5497 1495 5559 legisse
1527 5498 1713 5547 videtur
1751 5492 2020 5547 Ambrosius
2049 5497 2251 5548 Camald.
2282 5499 2363 5559 qui

798 5564 974 5610 vertit:
1001 5567 1053 5608 Et
1076 5560 1187 5608 elati
1209 5573 1264 5608 ea
1287 5557 1480 5608 arteria
1499 5559 1820 5621 gloriabantur
1853 5571 1868 5606 :
1904 5573 2002 5617 qut,
2026 5559 2068 5607 si
2096 5559 2218 5621 quid
2250 5557 2364 5621 ipsis

799 5621 956 5671 rordis
974 5621 1473 5683 Ῑηίδδειιὶηῃεηήδεεη
1489 5618 1545 5668 ac
1562 5620 1721 5682 iugere
1745 5620 2022 5675 debuerant.
2036 5618 2153 5669 mhi!
2173 5619 2365 5680 posthac

799 5683 1032 5734 eiusmodi
1061 5681 1236 5731 moliri.
1257 5682 1345 5730 Sed
1368 5689 1525 5730 Graeca
1548 5683 1594 5729 in
1619 5689 1838 5729 omnibus
1871 5690 1968 5729 tum
1991 5683 2132 5730 Editis
2151 5689 2250 5731 tum
2273 5687 2363 5729 ita.

801 5746 1050 5800 nuscriotb
1077 5742 1200 5796 aliud
1227 5751 1516 5801 exprimunt.
1537 5752 1587 5791 ut
1612 5755 1700 5791 nos
1721 5743 1922 5791 edimus.

2467 2145 2666 2200 mitatis
2695 2159 2881 2201 omnes
2909 2146 3038 2200 alias
3062 2144 3391 2200 calamitates
3426 2145 3756 2216 obtegerent.
3787 2148 3911 2200 Post
3943 2164 4048 2202 ca:-

2467 2235 2564 2290 des
2586 2236 2728 2290 enim
2752 2243 2808 2290 et
2843 2235 3076 2289 infinitas
3103 2244 3328 2304 strages,
3351 2250 3483 2305 quas
3513 2236 3640 2290 olim
3667 2237 3735 2290 ab
3762 2253 3821 2291 se
3849 2239 4028 2292 coerci

2468 2333 2643 2380 torum
2665 2323 2970 2380 Judazorum
3000 2339 3189 2380 manus
3209 2335 3582 2395 perpetrarunt
3600 2367 3614 2391 ,
3638 2341 3898 2382 caesorum
3926 2343 4052 2382 san.

2466 2415 2624 2485 guine
2641 2424 2781 2470 terra
2800 2415 2866 2469 ad
2888 2414 3110 2469 multam
3131 2430 3298 2484 usque
3315 2416 3726 2484 profunditatem
3755 2417 4056 2472 madefacta

2467 2515 2602 2573 erat,
2630 2505 2832 2576 tutique
2855 2506 3141 2576 plurimum
3171 2521 3240 2561 ex
3264 2520 3331 2562 eo
3353 2523 3574 2564 crurore
3603 2509 3911 2578 gignebatur
3941 2526 3953 2560 :
3987 2523 4059 2564 ex

2468 2597 2782 2667 corporibus
2808 2606 2985 2651 autem
3015 2612 3274 2667 equorum
3296 2605 3351 2652 et
3374 2597 3650 2652 hominum
3676 2598 3834 2652 simul
3854 2599 4059 2664 mixtis,

2469 2695 2628 2758 atque
2655 2689 3049 2744 ex-vulneribus
3075 2703 3134 2743 se
3160 2688 3389 2744 invicem
3421 2690 3780 2758 tangentibus,
3804 2698 3947 2743 tanta
3975 2690 4060 2744 vis

2468 2780 2728 2836 vermium
2754 2780 2990 2836 ebullivit
3011 2821 3027 2847 ,
3059 2789 3117 2835 ut
3143 2795 3264 2835 cum
3305 2790 3443 2836 terra
3472 2780 3811 2837 multitudine
3837 2782 4062 2837 cadave-

2468 2887 2590 2928 rum
2615 2872 2933 2942 operiretur,
2964 2870 3079 2926 hac
3110 2871 3370 2926 cadavera
3396 2876 3590 2926 rursus
3608 2872 3877 2928 vermibus
3901 2873 4061 2927 obte-

2468 2972 2740 3034 gerentnr.
2774 2962 3007 3018 Dlxisset
3035 2961 3273 3032 profecto
3296 2963 3386 3031 qui
3417 2976 3662 3031 campum
3705 2963 3854 3017 illum
3889 2963 4061 3016 vidis-

2469 3060 2556 3108 set
2573 3094 2589 3120 ,
2615 3067 2722 3108 non
2749 3052 3016 3108 substrata
3037 3066 3284 3122 corpora,
3312 3051 3406 3108 sed
3432 3051 3608 3108 fontes
3634 3068 3752 3108 esse
3777 3054 4062 3123 quamplu-

2470 3145 2672 3209 rimos,
2703 3143 2807 3200 hoc
2834 3144 3159 3200 insectorum
3195 3159 3364 3215 genus
3401 3144 3700 3214 largissime
3735 3144 4017 3201 fundentes
4049 3167 4063 3202 :

2471 3233 2607 3290 adeo
2634 3235 2782 3290 omni
2807 3236 3152 3292 inundatione
3181 3235 3550 3291 vehementius
3577 3251 3642 3290 ex
3667 3237 3949 3307 putredine
3969 3237 4064 3292 illa

2471 3329 2794 3385 scaturiebat
2820 3329 3008 3400 ingens
3038 3329 3124 3383 illa
3149 3329 3411 3383 vermium
3449 3329 3625 3398 capia.
3667 3331 3838 3396 Atque
3868 3329 3918 3383 id
3949 3344 4064 3386 non

2469 3432 2568 3489 per
2591 3419 2777 3474 decem
2801 3418 2917 3474 dies
2940 3460 2956 3485 ,
2994 3427 3087 3473 aut
3111 3418 3315 3489 viginti,
3347 3419 3439 3475 sed
3470 3434 3567 3488 per
3598 3419 3882 3488 plurimum
3915 3431 4057 3475 teni.

2471 3509 2617 3578 poris
2655 3506 2854 3562 factum
2881 3517 2983 3562 est.
3013 3507 3082 3561 Et
3119 3522 3182 3562 ea
3209 3506 3425 3578 quidem
3451 3523 3570 3576 qua:
3599 3507 3680 3561 hic
3710 3508 3824 3562 istis
3852 3508 4064 3564 accide-

2473 3606 2629 3664 runt,
2657 3596 2918 3667 ejusmodi
2948 3595 3134 3659 fuere;
3165 3612 3287 3666 qua:
3311 3611 3438 3652 vero
3473 3597 3596 3651 illos
3635 3597 3688 3650 in
3727 3596 3902 3651 futuro
3946 3613 4063 3652 ma-

2471 3696 2621 3752 nent,
2651 3685 2807 3756 longe
2832 3693 2958 3740 sunt
2985 3684 3067 3738 his
3093 3685 3388 3739 acerbiora.
3412 3683 3594 3754 Neque
3617 3685 3758 3738 enim
3787 3685 3928 3740 mille
3957 3699 4060 3739 an—

2471 3780 2584 3844 nis,
2612 3785 2701 3831 aut
2728 3775 2912 3832 decem
2942 3775 3173 3831 millibus
3194 3817 3208 3840 ,
3253 3784 3346 3830 aut
3383 3775 3465 3830 his
3495 3784 3640 3831 terve
3668 3775 3888 3831 totidem
3919 3819 3933 3842 ,
3964 3779 4062 3832 sed

2469 3867 2691 3923 infinitis
2719 3867 2928 3920 mulis
2952 3866 3183 3919 animata
3209 3873 3334 3919 tunc
3362 3880 3586 3933 corpora
3615 3866 3880 3920 cruciatus
3910 3868 4063 3920 inex-

2473 3956 2847 4026 p‘ticabilesque
2865 3955 3078 4009 dolores
3100 3954 3454 4008 sustinebunt.
3483 3953 3551 4006 Et
3576 3953 3687 4007 lucc
3709 3966 3930 4022 utraque
3958 3970 4061 4010 no-

2469 4048 2545 4101 vit
2569 4047 2753 4101 beatus
2781 4046 2962 4111 Isaias,
2987 4046 3134 4099 novit
3166 4055 3218 4098 et
3234 4044 3555 4098 mirabilium
3581 4045 3842 4098 visionum
3865 4060 4027 4116 specu

2469 4139 2606 4194 lator
2638 4137 2889 4193 Ezechiel
2908 4176 2923 4202 ,
2954 4137 3044 4208 qui
3073 4136 3377 4204 hujusmodi
3407 4134 3678 4189 hominum
3707 4149 3891 4206 pinnas
3918 4137 4059 4190 inter

2467 4246 2526 4287 se
2559 4229 2940 4286 distribuentes
2962 4269 2978 4295 ,
3010 4228 3145 4283 alter
3174 4227 3450 4297 praesentis
3468 4267 3483 4292 ,
3523 4226 3659 4282 alter
3689 4226 3846 4280 futuri
3876 4227 4056 4282 seculi

2467 4326 2724 4397 supplicia
2751 4332 3089 4380 enarrarunt.

2535 4420 2593 4474 2.
2626 4417 2846 4486 Quidam
2875 4416 3147 4471 monachos
3169 4423 3419 4469 “astans
3455 4423 3651 4468 verant.
3683 4441 3752 4453 -—
3791 4413 3900 4481 Ego
3924 4427 4056 4466 vero

2469 4509 2584 4563 haec
2625 4524 2729 4563 non
2763 4507 2880 4562 sine
2914 4521 3073 4561 causa
3119 4505 3447 4568 memoravi,
3494 4503 3588 4557 sed
3631 4504 3750 4570 quia
3794 4502 4055 4556 accedens

2469 4599 2682 4671 quidam
2713 4598 2954 4652 nuntium
2982 4597 3158 4650 attulit
3195 4596 3410 4665 plenum
3444 4594 3844 4658 amaritudinis,
3877 4594 4052 4650 mole-

2470 4693 2607 4756 stite,
2637 4691 2967 4760 ingentisque
3004 4689 3258 4742 adversus
3301 4687 3466 4740 Deum
3492 4684 3850 4740 contumelize.
3882 4684 4056 4750 Quos-

2472 4783 2596 4837 dam
2623 4781 2766 4837 enim
2805 4793 2926 4833 esse
2970 4777 3212 4831 homines
3263 4775 3370 4838 ait,
3398 4774 3488 4841 qni
3531 4773 3793 4841 hodieque
3828 4773 4013 4828 eadem
4036 4805 4051 4829 ο

2471 4886 2589 4940 quae
2614 4870 2686 4923 illi
2713 4869 2838 4924 olim
2862 4866 3109 4931 barbari,
3140 4865 3422 4919 admittere
3443 4862 3735 4927 auderent;
3765 4863 3872 4924 imo
3901 4864 4056 4931 longe

2473 4962 2733 5032 iniquiora
2763 4978 2776 5014 :
2805 4973 2902 5014 eos
2946 4959 3140 5029 quippe
3167 4957 3256 5025 qtti
3299 4955 3647 5024 philosophiae
3697 4963 3894 5008 nostra:
3919 4955 3933 4986 '
3959 4969 4056 5008 ca-

2472 5050 2745 5122 pessendae
2763 5057 3010 5104 auctores
3036 5056 3179 5113 sunt,
3203 5046 3432 5115 undique
3452 5044 3743 5114 expellere,
3769 5044 4056 5111 multisque

2473 5143 2667 5198 additis
2710 5141 2873 5196 minis
2906 5149 3085 5194 vetare
3109 5177 3125 5201 ,
3157 5153 3226 5191 nc
3251 5137 3521 5206 quidpiam
3552 5136 3856 5206 hujusmodi
3887 5135 4053 5190 ullum

2473 5246 2720 5301 umquam
2753 5230 3022 5285 hominem
3049 5228 3294 5282 doceant.
3344 5226 3437 5280 llis
3476 5225 3700 5284 auditis.
3734 5240 3834 5294 ego
3873 5225 4055 5278 statim

2473 5322 2694 5377 clamavi
2728 5360 2743 5385 ,
2783 5330 2838 5375 et
2874 5330 3173 5373 narrantem
3217 5330 3357 5385 smpc
3393 5323 3734 5382 percontatus
3777 5329 3926 5375 sum,
3971 5313 4056 5365 lu-

2473 5415 2673 5469 densna
2702 5412 2816 5466 h:ec
2843 5412 3164 5480 loqueretur.
3183 5409 3381 5476 Apage,
3415 5407 3582 5475 inquit
3609 5405 3695 5459 ille
3719 5421 3733 5469 ;
3765 5419 4055 5471 numquam

2538 5552 2551 5580 ι
2591 5554 2762 5603 neest,
2811 5551 3018 5601 nostraa,
3043 5543 3091 5589 in
3136 5539 3462 5603 duobusstss.
3488 5536 3768 5603 txitt._savil.
3796 5543 3845 5584 et
3879 5534 4054 5603 staret.

2475 5613 2596 5661 hanc
2635 5598 2803 5659 vocem
2848 5598 3037 5661 fevnnt',
3085 5611 3238 5650 recte.
3283 5601 3399 5648 nihil
3438 5599 3563 5660 apud
3616 5600 3754 5661 istius
3788 5598 3888 5661 sevi
3923 5598 4055 5661 _scri~

2476 5657 2640 5733 ploras
2671 5657 2974 5733 frequentius
2995 5701 3008 5724 ,
3027 5657 3172 5733 quam
3198 5663 3340 5733 vitam
3372 5657 4060 5733 niot_i;_isticairt_philosophiam

2475 5719 2722 5791 appellari.
2753 5719 2776 5772 ἱ
2789 5730 2849 5778 id.
2877 5719 3396 5790 Gregor'itunxaaianz.,
3417 5721 3645 5770 Lsidorum
3669 5720 3824 5770 t‘clus.
3841 5727 3889 5768 ct
3914 5719 4058 5770 alios.
