4276 6316
701 370 801 427 32H

701 482 858 548 ποίας
893 482 1093 548 αιτιας,
1126 485 1218 536 καὶ
1254 484 1389 557 πρὸς
1424 484 1475 537 τί
1513 484 1800 555 βλέποντες
1841 487 1967 549 τοὺς
1990 485 2172 550 λίθους
2205 489 2281 550 εἰς,
2316 489 2374 540 τὸ

701 570 834 638 ὕψος
857 570 1129 641 βάλλουσι,
1146 571 1239 623 καὶ
1253 571 1387 641 πρὸς
1398 570 1488 624 τὸν
1516 573 1743 642 οὐρανὸν
1763 573 2105 636 ἀκοντίζουσι
2133 575 2200 627 τά
2216 574 2372 645 βέλη,

700 658 794 711 καὶ
810 658 889 728 τῷ
905 658 1003 727 τῆς
1033 659 1259 728 εἰρήνης
1282 656 1575 727 πολεμοῦσι
1601 657 1720 729 Θεῷ
1744 677 1757 725 ;
1788 660 2005 729 Σαμέας
2032 661 2128 730 μὲν
2150 663 2258 731 γάρ
2277 664 2371 715 καὶ⁵

698 746 748 796 οἱ
763 744 1056 815 Φαραθαῖοι
1081 746 1174 799 καὶ
1188 747 1237 799 οί
1257 746 1512 817 ἄρχοντες
1533 756 1552 777 ⁶
1584 747 1886 818 Ἀσσυρίων
1903 747 1996 800 καὶ
2020 748 2219 812 πάντες
2230 751 2373 801 ἐκεῖ·

699 848 780 884 νοι
816 831 1085 905 βάρϐαροί
1104 850 1163 885 τε
1186 827 1349 903 ἦσαν,
1390 832 1466 897 ὡς
1495 834 1589 886 καὶ
1618 834 1714 887 ἀπ’
1752 833 1930 887 αὐτῶν
1963 834 2070 887 τῶν
2094 836 2372 904 ὀνομάτων

699 915 845 970 ἔστιν
861 918 1010 983 ίδεῖν,
1040 918 1133 972 καὶ
1151 918 1247 987 τῆς
1270 918 1573 990 Ίουδαῖκῆς
1590 920 2059 992 μακράνήσκηντο
2076 921 2369 991 πολιτείας,

700 1003 708 1073 1
732 1003 813 1075 ιο]
850 1006 944 1058 καὶ
963 1004 1063 1058 οὐκ
1084 1004 1366 1059 ἐϐούλοντο
1393 1006 1811 1078 προσοικοῦντες
1842 1008 2025 1070 αὐτοῖς
2052 1007 2372 1078 ἀνθρώπους

696 1096 1027 1167 αὐξομένους
1052 1099 1204 1169 όρᾷν·
1236 1097 1335 1169 τὴν
1356 1098 1465 1170 γάρ
1488 1098 1719 1169 δύναμιν
1742 1099 1842 1169 τὴν
1875 1098 2097 1151 ἐκείνων
2130 1102 2196 1170 τῇ
2222 1100 2372 1168 σφῶν

696 1185 876 1237 αὐτῶν
896 1184 1116 1256 ἐξουσία
1139 1191 1182 1216 ⁸·
1203 1185 1388 1239 λοιπὸν
1417 1185 1725 1239 ἐπισκοτεῖν
1757 1184 1941 1255 ᾤοντο·
1963 1179 2105 1240 οὗτοι
2133 1186 2189 1239 δὲ
2214 1187 2373 1250 ποίας

695 1272 881 1336 αὐτοῖς
921 1272 1233 1345 ἐλευθερίας
1290 1272 1721 1344 ἐλαττουμένης,
1773 1271 1936 1337 ποίας
1966 1273 2371 1344 ἐκκοπτομένης

694 1357 898 1423 ἀδείας,
930 1361 1082 1423 τίνας
1125 1359 1233 1413 τῶν
1263 1359 1609 1431 κρατούντων
1644 1359 2099 1431 συμπράττοντας
2131 1360 2367 1431 ἔχοντες,

692 1446 867 1501 ταῦτα
904 1446 1247 1519 ἐτόλμησαν;
1274 1448 1502 1501 Ἐκεῖνοι
1540 1448 1641 1519 μὲν
1665 1448 1774 1520 γὰρ
1801 1444 1946 1520 εἶχον
1988 1450 2115 1513 τοὺς
2144 1448 2370 1521 Περσῶν

693 1533 938 1603 βασιλεῖς
993 1535 1168 1589 ταυτά
1206 1534 1561 1606 βουλομένους
1625 1536 1846 1599 αὐτοῖς·
1916 1536 1964 1589 οἱ
2016 1534 2074 1587 δέ
2114 1536 2369 1608 ἡμέτεροι

691 1622 953 1675 τάναντία
981 1622 1206 1688 τούτων,
1237 1623 1312 1685 ὡς
1331 1624 1569 1694 ἐμαυτὸν
1594 1623 1786 1687 πείθω,
1814 1623 1906 1675 καὶ
1922 1621 2247 1693 ἐπιθυμοῦσι
2275 1623 2368 1676 καὶ

690 1709 959 1781 εὔχονται.
986 1710 1148 1764 Ὅθεν
1180 1713 1276 1764 καὶ
1303 1711 1505 1781 πολλῆς
1543 1710 1937 1783 ἐμπέπλησμαι
1979 1713 2075 1783 τῆς
2108 1711 2365 1782 ἀπορίας,

688 1798 770 1849 ὅτι
793 1798 901 1851 τῶν
920 1798 1185 1868 βασιλέων
1207 1801 1264 1852 ἐν
1307 1798 1559 1868 εὐσεϐείᾳ
1582 1797 1820 1862 ζώντων,
1847 1797 2073 1851 τοιαῦτα
2102 1800 2166 1851 σὺ
2190 1797 2369 1866 λέγεις

690 1885 748 1937 ἐν
780 1885 971 1954 μέσαις
998 1886 1297 1955 τολμᾶσθαι
1333 1887 1455 1948 ταῖς
1491 1885 1728 1937 πόλεσιν.
1760 1885 1818 1938 Ὀ
1844 1884 1902 1938 δέ
1931 1902 2113 1955 φησιν·
2153 1885 2250 1938 ’Ἂν
2273 1885 2368 1938 καὶ

686 1970 748 2024 τὸ
764 1972 951 2025 τούτου
982 1971 1411 2043 παραδοξότερον
1431 1970 1630 2043 μάθῃς,
1653 1973 1736 2025 ὅτι
1750 1972 1844 2026 καὶ
1866 1972 1915 2025 οί
1944 1972 2118 2025 ταῦτα
2133 1972 2369 2045 δρῶντες

686 2059 931 2123 εὐσεϐεῖς
960 2076 1017 2112 τε
1044 2055 1184 2113 εἶναι
1226 2057 1548 2129 βούλονται,
1580 2059 1675 2112 καὶ¹
1708 2058 2068 2128 Χριστιανοὺς
2108 2058 2368 2112 καλοῦσιν

684 2148 906 2213 αὐτοὺς,
949 2148 1135 2202 πολλοὶ
1165 2150 1222 2201 δὲ
1251 2148 1430 2203 αὐτῶν
1459 2149 1552 2201 καὶ¹
1576 2147 1685 2201 τῶν
1710 2148 1811 2219 ήδη
1837 2147 2204 2219 μεμυημένων
2238 2146 2363 2199 εἰσί·

686 2236 779 2288 καί
808 2254 891 2299 τις
918 2236 1097 2290 αὐτῶν
1128 2237 1191 2308 δὴ
1229 2236 1431 2289 τούτων
1471 2234 1668 2288 πολλοῦ
1706 2236 1800 2288 τοῦ
1825 2234 2072 2288 διαϐόλου
2101 2232 2369 2290 πνεύσανο

683 2341 774 2387 τος
796 2325 876 2387 είς
894 2325 1059 2379 αὐτὸν
1094 2326 1141 2390 b,
1178 2324 1263 2379 διὰ
1300 2327 1398 2397 τῆς
1441 2326 1645 2397 μιαρᾶς
1681 2324 1935 2395 γλώσσης
1968 2323 2183 2394 ἐκείνης
2217 2324 2368 2377 ἐτόλ-

685 2428 861 2482 μησεν
903 2414 1097 2475 εἰπεῖν,
1136 2414 1220 2466 ὅτι
1268 2412 1490 2484 καὶτῆς
1537 2413 1775 2475 πίστεως
1827 2412 2232 2483 ἀποστήσεται,
2271 2413 2366 2467 καὶ

682 2497 909 2552 θύσεται
948 2499 1221 2569 δαίμοσιν·
1271 2499 1679 2569 ἀποπνίγεσθαι
1717 2500 1825 2568 γάρ
1858 2498 2001 2571 ὁρῶν
2044 2497 2366 2571 ἀνθρώπους

682 2584 1001 2657 ἐλευθέρους
1039 2588 1133 2641 καὶ
1158 2587 1400 2655 εὐγενεῖς
1433 2589 1527 2641 καί
1560 2586 1894 2657 δυναμένους
1923 2588 1981 2639 ἐν
2025 2589 2203 2659 τρυφῇ
2240 2585 2363 2659 ζῇν,

680 2673 774 2726 ἐπὶ
796 2674 886 2726 τὸν
916 2674 1149 2746 σκληρὸν
1185 2674 1371 2728 τοῦτον
1408 2675 1710 2745 ἀγομένους
1745 2673 1879 2744 βίον.
1906 2673 2094 2730 Ταῦτα
2125 2678 2367 2741 ἀκούσας

681 2759 793 2829 ἐγὼ
820 2762 1066 2833 ἐπλήγην
1098 2778 1157 2814 τε
1183 2761 1398 2833 πληγὴν
1425 2762 1836 2834 χαλεπωτέραν,
1854 2764 1951 2817 καὶ
1983 2765 2083 2819 ὅσα
2108 2764 2217 2817 ἀπὸ
2238 2766 2367 2819 τού-

679 2864 771 2900 του
826 2849 973 2901 κακά
1018 2846 1439 2919 στοχαζόμενος,
1486 2852 1584 2920 τήν
1631 2867 1691 2903 τε
1737 2851 2063 2921 οἰκουμένην
2105 2850 2368 2922 ἐθρήνουν

680 2936 918 2997 ἅπασαν,
940 2938 1034 2991 καὶ
1071 2937 1208 3009 πρὸς
1238 2938 1327 2990 τὸν
1360 2937 1492 2990 Θεὸν
1530 2938 1735 3006 ἔλεγον·
1759 2933 1928 3008 τΑρον
1944 2938 2043 3009 τὴν
2057 2938 2236 3010 ψυχήν
2263 2958 2365 3010 μου

658 3024 774 3077 ’ἀπ’
798 3024 955 3096 ἐμοῦ,
976 3027 1071 3078 καὶ
1089 3028 1154 3079 ἐκ
1172 3026 1278 3079 τῶν
1296 3025 1551 3093 ἀναγκῶν
1571 3043 1673 3096 μου
1698 3024 1937 3095 ἐξάγαγέ
1964 3043 2051 3097 με,
2068 3028 2163 3079 καὶ⁵
2188 3028 2365 3081 ἀπάλ-

670 3112 838 3177 λαξον
864 3113 963 3184 τῆς
1002 3114 1273 3186 ἐπικήρου
1302 3114 1505 3184 ταύτης
1550 3114 1695 3185 ζωῆς
1719 3156 1732 3179 ,
1768 3116 1863 3168 καὶ
1891 3115 2028 3185 πρὸς
2063 3115 2153 3169 τὸν
2189 3116 2367 3187 χῶρον

682 3201 1024 3272 μετάστησον
1050 3204 1281 3266 ἐκεῖνον,
1308 3201 1439 3255 ἔνθα
1462 3200 1703 3256 τοιοῦτον
1718 3203 1871 3256 οὐδὲν
1901 3202 2022 3256 οὔτε
2039 3204 2226 3275 ἔτερος
2251 3206 2368 3276 ἐρεῖ

681 3306 789 3351 τις,
819 3288 943 3341 οὕτε
970 3289 1275 3361 ἀκούσομαι
1326 3290 1456 3358 ἐγώ.
1503 3287 1632 3343 Οἶδα
1667 3291 1763 3360 μέν
1787 3291 1916 3362 γὰρ,
1948 3292 2029 3346 ὅτι
2061 3291 2365 3346 ἀπελθόντα

684 3376 937 3431 ἐντεῦθεν
964 3376 1024 3430 τὸ
1058 3377 1246 3440 σκότος
1273 3377 1570 3442 διαδέξεται
1602 3378 1663 3431 τὸ
1699 3376 1985 3449 ἐξώτερον,
2022 3378 2151 3432 ἔνθα
2199 3379 2367 3445 πολὺς

682 3468 711 3522 ὁ
730 3464 1007 3535 κλαυθμὸς
1039 3466 1131 3519 καὶ
1166 3467 1193 3518 ὁ
1224 3465 1470 3537 βρυγμὸς
1512 3466 1622 3519 τῶν
1648 3465 1895 3519 ὀδόντων·
1920 3466 2035 3519 ἀλλ’
2063 3468 2214 3537 ἥδιον
2244 3469 2367 3540 ἐμοὶ⁵

679 3551 984 3623 βρυχόντων
1003 3552 1221 3606 ἀκούειν
1238 3553 1485 3617 ὀδόντων,
1503 3553 1537 3623 ἣ
1567 3552 1791 3606 τοιαῦτα
1816 3553 2091 3625 ἠχούντων
2120 3557 2185 3625 ρή
2196 3574 2362 3626 ματα.

678 3638 825 3691 Ἰδὼν
845 3639 902 3692 δέ
930 3656 996 3710 με
1026 3639 1326 3693 πενθοῦντα
1359 3642 1563 3702 ἐκεῖνος
1583 3640 1851 3711 σφοδρῶς,
1882 3640 2024 3694 Ἀλλ’
2039 3642 2100 3695 ού
2135 3644 2363 3711 τούτων,

676 3728 864 3796 φησὶν,
902 3728 930 3779 ό
958 3726 1150 3797 καιρὸς
1184 3725 1299 3780 νῦν·
1330 3726 1453 3779 οὐδὲ
1488 3727 1596 3797 γάρ
1626 3726 1689 3798 δὴ
1717 3729 1843 3790 τοὺς
1876 3728 2224 3793 ἀπολωλότας
2271 3731 2367 3784 καὶ

676 3813 1084 3883 ἀπολλυμένους
1098 3815 1213 3876 τοῖς
1234 3812 1465 3885 δάκρυσι
1480 3815 1691 3877 τούτοις
1720 3814 2134 3885 ἀνακτήσασθαι
2157 3816 2364 3889 δυνήσῃ

677 3902 832 3954 ποτέ·
853 3902 947 3954 καὶ
976 3902 1084 3973 γὰρ
1108 3895 1261 3971 οἶμαι
1291 3902 1364 3972 μή
1402 3898 1779 3971 στήσεσθαιτὸ
1793 3902 2121 3973 δεινόν.Χρὴ
2146 3903 2202 3956 δὲ
2232 3905 2365 3977 ὁρᾷν

675 3992 824 4055 ὅπως
842 3991 1127 4061 σϐέσωμεν
1150 3991 1246 4062 τὴν
1283 3992 1484 4062 πυρὰν,
1512 3992 1606 4044 καὶ
1637 3993 1927 4063 στήσωμεν
1959 3992 2053 4045 τὸν
2087 3992 2367 4064 λοιμὸν,τό

677 4095 742 4146 γε
763 4078 1031 4149 ήμέτερον
1056 4078 1240 4149 μέρος·
1265 4078 1359 4131 καὶ
1381 4077 1436 4129 εί
1457 4078 1521 4146 γέ
1555 4079 1646 4148 μοί
1672 4097 1726 4132 τι
1742 4080 1972 4146 πείθοιο,
1992 4080 2100 4136 τῶν
2115 4082 2365 4155 ὀδυρμῶν

675 4170 884 4224 τούτων
904 4171 1199 4241 ἀφέμενος,
1228 4169 1459 4241 ἕργασαι
1487 4169 1647 4238 λόγον
1679 4171 2005 4242 παραίνεσιν
2034 4171 2227 4242 ἔχοντα
2254 4176 2367 4239 τοῖς

677 4258 892 4312 νοσοῦσι
927 4258 1021 4311 καὶ
1058 4256 1428 4321 στασιάζουσι,
1462 4257 1596 4329 πρός
1621 4275 1683 4310 τε
1715 4260 1815 4331 τὴν
1853 4258 2093 4324 ἐαυτῶν,
2129 4260 2267 4332 πρός
2304 4280 2366 4317 τε

676 4346 776 4419 τήν
806 4347 990 4417 κοινήν
1010 4346 1267 4399 ἀπάντων
1288 4346 1561 4417 σωτηρίαν
1579 4345 1906 4418 ἀνθρώπων.
1936 4349 2045 4402 Καὶ
2070 4349 2132 4401 τὸ
2163 4349 2367 4419 βιϐλίον

678 4436 790 4505 ἐγὼ
822 4436 980 4489 τοῦτο
1016 4434 1219 4499 λαϐὼν,
1258 4435 1373 4489 ἀντ’
1402 4435 1561 4489 ἀλλου
1595 4436 1739 4500 τινὸς
1790 4439 2080 4509 φαρμάκου
2102 4443 2224 4505 ταῖς
2256 4442 2366 4497 τῶν

678 4524 997 4595 καμνόντων
1010 4523 1221 4594 ἐνθήσω
1236 4534 1257 4562 ο
1274 4524 1450 4595 χερσί·
1467 4524 1560 4577 καὶ
1577 4524 1686 4595 γάρ
1699 4526 1806 4579 εἰσί
1826 4544 1912 4596 μοι
1926 4526 2035 4581 τῶν
2049 4527 2117 4580 τὰ
2144 4529 2366 4584 τοιαῦτα

680 4610 977 4665 νοσούντων
1007 4611 1150 4680 φίλοι
1181 4610 1387 4676 πολλοὶ,
1409 4612 1502 4687 καὶ
1520 4612 1801 4677 ἀνέξονται
1828 4613 2075 4667 ἐπελθεῖν
2093 4616 2193 4673 καὶ,
2218 4617 2366 4683 ἅπαξ

680 4700 775 4751 καὶ
805 4698 887 4762 δὶς
922 4699 1017 4752 καὶ
1046 4698 1328 4761 πολλάκις,
1362 4699 1456 4752 καὶ
1481 4694 1597 4752 οῖδα
1622 4701 1703 4754 ὃτι
1724 4701 1932 4770 ταχέως
1963 4702 2364 4772 ἀπαλλάξονται

679 4787 773 4840 τοῦ
796 4786 1008 4857 λοιμοῦ.
1043 4786 1115 4839 Σὺ
1155 4787 1274 4857 μὲν,
1306 4785 1464 4856 ἔφην,
1489 4787 1627 4858 πρὸς
1654 4786 1715 4841 τό
1758 4788 1955 4858 μέτρον
2004 4788 2104 4858 τῆς
2145 4791 2365 4863 ἀγάπης

681 4874 777 4926 καὶ
803 4873 871 4926 τά
891 4874 990 4945 τῆς
1016 4873 1302 4944 δυνάμεως
1327 4875 1428 4944 τῆς
1452 4874 1731 4945 ήμετέρας
1758 4877 1995 4947 μετρεῖς·
2023 4877 2144 4947 ἐμοὶ
2158 4879 2217 4930 δέ
2242 4877 2365 4933 οὗτε

682 4961 916 5032 πάρεστί
939 4977 1025 5023 τις
1056 4959 1228 5028 λόγων
1260 4961 1433 5031 ἰσχὺς,
1467 4963 1533 5033 τῇ
1558 4978 1617 5014 τε
1639 4959 1779 5016 εἶναι
1800 4962 2033 5037 δοκούσῃ
2054 4966 2364 5036 χρήσασθαι

684 5048 763 5110 είς
784 5046 1041 5100 ὑπόθεσιν
1063 5048 1320 5119 τοιαύτην
1350 5048 1698 5119 αἰσχύνομαι,
1722 5049 1881 5103 ἀλλον
1912 5051 2010 5121 μὲν
2048 5052 2238 5106 οὐδένα
2270 5072 2364 5108 το-

686 5134 895 5200 σοῦτον,
932 5136 1198 5206 Ἕλληνας
1237 5137 1295 5191 δέ
1356 5137 1638 5202 ἅπαντας,
1671 5140 1800 5204 τούς
1848 5156 1907 5193 τε
1950 5141 2111 5207 ὄντας
2134 5144 2261 5209 τούς
2302 5163 2363 5199 τε

684 5224 1119 5295 ἐπιγινομένους,
1164 5223 1255 5289 οὒς
1293 5226 1381 5279 ἀεὶ
1410 5226 1518 5281 τῶν
1539 5226 1826 5298 δογμάτων
1865 5230 1965 5301 οὐχ
1998 5224 2161 5305 ἦττον
2192 5231 2220 5273 ἀ
2270 5234 2365 5288 ἐπὶ

746 5381 1349 5455 ¹¹ΔΒοριῐηξβηΦαρασθὶεοὶ
1376 5386 1458 5435 καὶ
1491 5390 1535 5435 οι
1570 5385 1728 5451 ἄρχοι.
1763 5386 1880 5437 Hec
1907 5387 2107 5439 nomina
2132 5398 2365 5455 corrupta

682 5451 823 5503 sunt;
850 5447 959 5495 vide
986 5447 1235 5505 [ἐσσι-ειν,
1259 5448 1309 5495 9.

745 5505 1020 5572 "SicSav.
1035 5523 1087 5557 el.
1108 5508 1227 5572 not.
1244 5508 1354 5557 Duo
1372 5514 1540 5558 autem
1560 5523 1673 5560 mss.
1687 5510 1773 5567 ιι-ἠν
1794 5512 1926 5572 σφῶν
1947 5512 2103 5560 αὐτῶν
2131 5515 2359 5569 ἐξουσίαν.

685 5569 842 5632 Paulo
864 5576 976 5631 post
986 5582 1111 5632 unus
1126 5570 1265 5627 ποίας
1276 5572 1576 5632 αὐτοῖς,(ιιιω
1596 5585 1709 5619 vera
1724 5569 1872 5620 lectio
1886 5580 1968 5620 est
2004 5574 2090 5621 Ed.
2106 5575 2217 5624 Sav.
2237 5578 2359 5626 Mor.

686 5631 956 5697 elpchog.
982 5631 1121 5697 ποίας
1141 5633 1285 5697 αύτῆς
1307 5635 1451 5697 male.
1469 5631 1892 5697 Ιίιιίιιαιιηυεταυτὰ
1915 5636 2297 5697 βουλευομένους.

748 5692 775 5729 b
803 5692 884 5741 Sic
904 5692 1057 5741 Savil.
1093 5702 1146 5742 et
1180 5694 1373 5753 Morel.,
1411 5696 1498 5743 sed
1533 5696 1596 5750 εἰς
1622 5696 1765 5742 αὐτὸν
1791 5692 1937 5743 decsl
1966 5696 2013 5743 in
2034 5692 2225 5748 ducibus
2244 5692 2361 5751 mss.

686 5753 841 5819 Ραιιιρ
859 5762 969 5815 post
990 5755 1089 5803 duo
1114 5769 1224 5803 mﬁs.
1246 5764 1298 5804 et
1320 5757 1471 5805 Savil.
1493 5758 1544 5805 in
1571 5770 1720 5819 marg.
1748 5756 1876 5803 θύσει
1899 5757 2131 5819 δαίμοσιν.
2214 5804 2220 5809 .

751 5818 772 5845 ε
798 5814 949 5865 Βατὶι.
980 5824 1035 5866 ει
1058 5831 1184 5865 unus
1203 5819 1475 5878 καμνόντων
1498 5821 1649 5882 φέρων
1680 5814 1882 5874 ἐνθήσω.
1906 5814 2079 5870 ΜΟΤΘΙ.
2117 5828 2283 5873 autem
2310 5826 2363 5873 et

559 5898 573 5919 ε
681 5877 819 5939 Ωιὶιιεν
835 5885 889 5926 ιιι
912 5891 1062 5939 supra

746 5936 884 6009 d_Sic
903 5936 1057 6009 Βοὴ-1.,
1083 5946 1137 5992 οι
1162 5955 1276 5994 mss.
1300 5946 1459 6006 recte,
1484 5942 1655 5993 Morel.
1687 5954 1804 5993 vero
1826 5942 1903 6000 οὓς
1924 5942 2011 6005 οὐχ
2030 5941 2191 6009 ἧττον,
2212 5948 2361 6000 omis-

685 6004 756 6053 sis
780 6000 1108 6053 intcrmcdiis.

1499 368 1556 423 S.
1600 369 1884 427 JOANNIS
1922 369 2420 427 CIIRYSOSTOMI
2461 371 2780 428 ARCIIIEP.
2820 371 3373 430 CONSTANTINOP.

4053 373 4156 428 3'39.

2481 490 2546 559 τῇ
2577 488 2674 541 τοῦ
2726 486 2841 558 βίου
2895 487 3168 560 διασύρων
3207 486 3473 559 ῥᾳθυμία,
3503 484 3597 539 νῖν
3625 486 3690 541 τά
3718 487 3963 558 ἡμέτερα
3990 488 4157 554 ἀναγ-

2480 574 2721 646 κάζομαι
2744 573 2953 641 διδάξαι
2989 574 3156 627 κακά.
3194 575 3256 626 El
3283 574 3392 645 γὰρ
3425 573 3717 627 αῖσθωνταί
3755 590 3900 636 τινες
3932 573 4159 627 ἐκείνων

2478 664 2560 716 ὅτι
2584 662 2735 732 παρά
2757 662 3103 735 Χριστιανοῖς
3119 662 3226 714 εἰσί
3243 678 3387 724 τινες
3407 661 3685 733 ἄνθρωποι
3711 662 3853 715 οὕτω
3866 662 4006 733 πρὸς
4028 663 4161 734 ἀρε-

2475 749 2575 817 τὴν
2592 750 2686 801 καὶ
2704 748 3022 817 φιλοσοφίαν
3052 748 3598 818 ἐκπεπολεμωμένοι,
3625 749 3702 813 ὡς
3743 750 3818 820 μὴ
3861 751 4022 822 μόνον
4047 751 4163 803 τῶν

2476 833 2619 905 ὑπὲρ
2648 834 2851 905 ταύτης
2896 834 3231 904 ἀφίστασθαι
3273 833 3385 906 [4η
3423 836 3632 899 πόνων,
3668 835 3803 890 ἀλλά
3854 836 3991 907 μηδὲ
4028 837 4163 901 τοὺς

2476 920 2618 993 ὑπὲρ
2649 922 2857 976 τούτων
2887 922 3179 994 ἀνέχεσθαι
3207 922 3420 992 λόγους,
3466 924 3563 977 καὶ
3600 923 3721 976 ούδέ
3757 924 3990 977 ἐνταῦθα
4023 925 4160 992 στῆ-

2473 1024 2561 1061 ναι
2595 1008 2696 1079 τῆς
2733 1008 2930 1079 μανίας
2971 1010 3275 1080 ἀνέχονται,
3314 1007 3453 1062 ἀλλά
3480 1009 3586 1063 κᾶν
3629 1009 3815 1081 ἐτερός
3849 1028 3935 1074 τις
3985 1010 4159 1063 ταῦτα

2473 1094 2820 1170 συμϐουλεύῃ
2852 1098 2948 1151 καὶ
2972 1096 3308 1167 διαλέγηται,
3332 1097 3428 1150 καὶ
3454 1097 3644 1151 τοῦτον
3697 1098 3965 1152 πάντοθεν
4001 1098 4162 1151 ἐλαύ-

2474 1198 2677 1237 νουσιν·
2728 1182 2795 1237 ἀν
2838 1182 3011 1236 ταῦτα
3035 1184 3355 1250 αἴσθωνται,
3383 1184 3597 1239 δέδοικα
3632 1187 3709 1258 μή
3745 1204 3876 1241 ποτε
3906 1185 4034 1239 οὔτε
4065 1189 4162 1240 ἀνα

2472 1266 2727 1338 θρώπους
2755 1269 2905 1341 ήμᾶς
2933 1264 3073 1324 εἶναι
3124 1271 3442 1342 νομίσωσιν,
3470 1272 3606 1327 ἀλλὰ
3636 1272 3802 1345 θηρία
3835 1274 3929 1327 καὶ
3954 1273 4164 1342 τέρατα

2471 1355 2939 1430 ἀνθρωπόμορφα,
2971 1360 3068 1413 καὶ
3103 1359 3364 1430 δαίμονάς
3398 1376 3553 1425 τινας
3574 1360 3903 1433 ἀλάστορας.
3942 1362 4039 1415 καὶ
4064 1363 4165 1431 τῆς

2472 1444 2661 1514 κοινῆς
2689 1444 2906 1514 φύσεως
2946 1444 3198 1517 ἐχθροὺς,
3233 1447 3329 1501 καὶ
3364 1446 3569 1519 ταύτην
3591 1448 3653 1500 οὺ
3690 1449 3955 1519 περὶτῶν
3991 1449 4164 1500 ὑπευ-

2471 1529 2648 1583 θύνων
2694 1531 2877 1603 μόνον,
2921 1531 3059 1586 ἀλλά
3107 1534 3203 1587 καὶ
3241 1534 3371 1605 περὶ
3412 1534 3614 1598 παντὸς
3647 1536 3805 1606 ἡμῶν
3839 1536 3933 1589 τοῦ
3975 1536 4165 1598 ἔθνους

2468 1617 2567 1689 τὴν
2589 1618 2767 1688 ψῆφον
2793 1618 3080 1687 ἐνέγκωσι.
3101 1621 3213 1673 Καὶ
3228 1621 3465 1689 γελάσας
3492 1623 3721 1686 ἐκεῖνος,
3748 1622 3997 1688 Παίζεις,
4034 1624 4165 1692 ἔφη,

2469 1703 2645 1759 ταῦτα
2660 1704 2853 1775 λέγων·
2875 1707 2987 1775 ἐγὼ
3013 1706 3123 1778 γὰρ
3175 1708 3270 1762 νῦν
3295 1708 3488 1763 τούτου
3521 1726 3600 1763 πι
3623 1711 4009 1783 εὐκαιρότερον
4030 1713 4167 1782 ἐρῶ,

2469 1792 2523 1844 εῐ
2543 1810 2607 1862 γε
2626 1792 2871 1858 δέδοικας
2904 1794 2981 1865 μὴ
3007 1795 3159 1866 παρά
3192 1794 3303 1849 τῶν
3332 1796 3443 1850 σῶν
3472 1797 3648 1865 λόγων
3693 1798 3939 1870 μάθωσιν
3988 1800 4025 1854 ἃ
4078 1800 4171 1853 διὰ

2468 1880 2579 1933 τῶν
2606 1879 2783 1949 ἔργων
2811 1880 3016 1950 ἔμαθον
3045 1883 3285 1947 ἅπαντες
3316 1884 3504 1937 πάλαι.
3534 1885 3750 1957 Ὠσπερ
3767 1888 3876 1958 γάρ
3905 1904 4053 1951 τινος
4075 1905 4171 1941 που

2470 1961 2637 2036 νηροῦ
2677 1966 2987 2037 πνεύματος
3029 1969 3130 2033 τάς
3178 1970 3434 2024 ἀπάντων
3490 1970 3917 2043 πεπληρωκότος
3964 1973 4168 2044 ψυχάς,

2468 2053 2613 2109 οὕτω
2657 2054 2727 2109 τά
2780 2056 2999 2109 πάντων
3044 2056 3293 2127 στόματα
3344 2057 3553 2111 τούτων
3588 2059 3750 2130 γέμει
3795 2059 3905 2113 τῶν
3951 2061 4162 2129 λόγων·

2469 2141 2577 2197 κᾶν
2609 2143 2691 2206 είς
2708 2144 2918 2215 ἀγοράν
2945 2143 3211 2216 ἐμϐάλῃς,
3231 2145 3375 2215 ὄψει,
3404 2147 3498 2200 καὶ
3527 2148 3585 2199 ἐν
3614 2150 3729 2211 τοῖς
3764 2149 4169 2219 ίατρείοις,κᾶν

2469 2226 2529 2281 ἐν
2560 2229 2724 2282 παντὶ
2745 2230 2899 2302 μέρει
2926 2231 3027 2301 τῆς
3056 2232 3265 2296 πόλεως
3288 2272 3302 2297 ,
3340 2230 3470 2286 ἔνθα
3515 2234 3857 2304 συνεδρεύειν
3906 2234 4172 2310 εἰώθασιν

2468 2317 2519 2367 οἱ
2552 2316 2813 2387 πράττειν
2839 2318 2993 2372 οὐδὲν
3022 2319 3321 2386 ἐθέλοντες,
3380 2320 3547 2375 πολὺν
3592 2321 3806 2391 γέλωτα
3838 2322 3996 2393 παρά
4026 2324 4168 2377 πάν-

2467 2416 2577 2453 των
2622 2402 2959 2474 κινούμενον.
2988 2406 3056 2460 Ἠ
3088 2406 3145 2459 δὲ
3170 2406 3264 2460 τοῦ
3288 2407 3522 2477 γέλωτος
3542 2408 3730 2462 τούτου
3764 2411 3859 2464 καὶ
3888 2411 3989 2480 τῆς
4016 2429 4173 2479 κωμο

2469 2488 2635 2559 ῳδίας
2668 2490 2948 2557 ὑπόθεσις,
2982 2495 3092 2547 τῶν
3137 2497 3218 2559 είς
3256 2496 3383 2559 τοὺς
3403 2495 3591 2566 ἀγίους
3618 2497 3817 2569 ἄνδρας
3848 2500 4174 2571 εἰργασμέ-

2468 2596 2575 2632 νων
2600 2578 2717 2632 ἐστὶ
2742 2578 2811 2633 τὰ
2834 2580 3149 2653 διηγήματα
3170 2593 3215 2635 ε.
3246 2582 3516 2656 Καθάπερ
3538 2586 3647 2657 γάρ
3670 2604 3815 2650 τινες
3834 2588 4173 2659 πολεμισταὶ

2470 2665 2673 2729 πολλὰς
2709 2666 2974 2737 ήνυκότες
3034 2670 3236 2740 μάχας,
3284 2672 3380 2724 καὶ
3423 2672 3665 2743 τρόπαια
3701 2676 4025 2745 στήσαντες,
4066 2678 4171 2740 τὰς

2471 2753 2685 2834 ἑαυτῶν
2706 2754 2993 2826 ἀριστείας
3034 2757 3385 2828 διηγούμενοι
3417 2759 3724 2831 χαίρουσιν,
3774 2761 3919 2814 οὕτω
3953 2762 4021 2834 δὴ
4073 2767 4173 2817 καὶ

2468 2832 2622 2893 οὗτοι
2670 2841 2961 2909 γάννυνται
3002 2843 3097 2896 ἐπὶ
3136 2846 3249 2908 τοῖς
3278 2845 3595 2916 τολμήμασι
3646 2850 3759 2911 τοῖς
3808 2850 4043 2902 ἑαυτῶν·
4074 2854 4173 2904 καὶ

2468 2928 2677 3000 ἀκούσῃ
2724 2929 2819 2982 τοῦ
2864 2930 2965 3001 μὲν
3010 2930 3259 3001 λέγοντος
3301 2932 3403 2998 ὅτι,
3436 2933 3581 3009 Ἐγὼ
3606 2936 3822 3004 πρῶτος
3856 2939 3951 2991 καὶ.
3974 2942 4172 3010 χεῖρας

2469 3018 2738 3074 ἐπέϐαλον
2785 3021 2880 3073 ἐπὶ
2914 3021 3005 3075 τὸν
3048 3022 3197 3075 δεῖνα
3241 3022 3334 3076 τὸν
3376 3024 3631 3095 μοναχὸν,
3672 3027 3769 3081 καὶ
3822 3027 4045 3097 πληγὰς
4088 3032 4173 3081 ἐν·

2469 3108 2669 3162 έτεινα·
2706 3110 2897 3183 ἐτέρου
2943 3112 3001 3165 δέ
3041 3113 3161 3177 ὅτι,
3192 3114 3267 3167 Τὸ
3312 3115 3658 3184 καταγώγιον
3698 3118 3804 3188 πρὸ
3838 3119 3946 3171 τῶν
3989 3120 4171 3173 ἄλλοιν

2467 3190 2628 3268 εὗρον
2648 3198 2810 3271 αύτός
2830 3214 2845 3229 ο
2871 3199 3033 3253 Ἀλλά
3047 3200 3137 3254 τὸν
3165 3201 3425 3273 δικαστὴν
3448 3203 3559 3271 ἐγὼ
3579 3203 3777 3274 μᾶλλον
3800 3205 3909 3258 τῶν
3937 3206 4121 3260 ἄλλων
4151 3208 4166 3246 ⁵

2467 3286 2788 3357 παρώξυνα,
2828 3290 2993 3359 φησιν
3036 3288 3241 3362 ἕτερος·
3274 3290 3432 3355 ἄλλος
3462 3291 3523 3345 τὸ
3559 3292 3935 3366 δεσμωτήριον
3978 3297 4081 3348 καὶ
4106 3299 4169 3349 τά

2467 3376 2527 3426 ἐν
2553 3374 2629 3445 τῷ
2650 3374 3012 3447 δεσμωτηρίῳ
3041 3378 3212 3441 δεινά,
3234 3380 3329 3433 καὶ
3357 3379 3419 3432 τὸ
3446 3378 3536 3432 διὰ
3563 3380 3663 3450 τῆς
3689 3382 3897 3452 ἀγορᾶς
3937 3383 4168 3437 ἑλκύσαι

2466 3462 2595 3525 τοὺς
2646 3462 2833 3530 ἀγίους
2882 3464 3129 3528 ἐκείνους
3187 3467 3247 3518 ἐν
3301 3467 3578 3536 ἐγκωμίου
3608 3468 3815 3522 τίθεται
3854 3470 4032 3541 μέρει·
4073 3476 4167 3527 καὶ

2465 3550 2623 3616 ἄλλος
2644 3550 2791 3606 ἄλλο.
2820 3550 2957 3608 Εἶτα
2976 3553 3176 3618 πάντες
3191 3556 3671 3626 ἀνακαγχάζουσιν
3686 3558 3779 3609 ἐπὶ¹
3798 3558 4032 3619 τούτοις.
4056 3562 4167 3615 Καὶ

2465 3640 2639 3694 ταῦτα
2664 3642 2763 3713 μὲν
2788 3642 2847 3694 ἐν
2873 3643 2985 3706 τοῖς
3009 3642 3119 3695 τῶν
3144 3644 3491 3714 Χριστιανῶν
3521 3645 3839 3717 συνεδρίοις·
3856 3649 3907 3699 οἱ
3929 3648 3984 3700 δὲ
4024 3650 4163 3701 Ἕλ-

2466 3727 2628 3798 ληνες
2662 3730 2756 3782 καὶ
2786 3728 3011 3793 τούτους
3039 3730 3265 3798 γελῶσι,
3290 3731 3385 3783 καλ⁹
3417 3732 3545 3795 τοὺς
3566 3732 3656 3785 ὑπ’
3690 3734 3871 3786 αὐτῶν
3901 3734 4165 3806 γελωμέ-

2466 3834 2612 3882 νους·
2636 3820 2765 3883 τοὺς
2798 3819 2920 3890 μὲν,
2945 3819 3029 3887 ἐφ’
3060 3813 3144 3883 οἷς
3166 3819 3423 3891 ἔδρασαν,
3450 3820 3577 3884 τοὺς
3604 3820 3662 3874 δέ
3696 3824 3783 3890 ἐφ’
3822 3817 3901 3884 οἷς
3935 3824 4163 3877 ἔπαθον·

2468 3907 2566 3959 καὶ¹
2602 3906 2841 3977 πολέμου
2889 3907 3037 3971 τινὸς
3080 3907 3346 3977 ἐμφυλίου
3395 3908 3467 3967 τά
3522 3910 3705 3964 πάντα
3744 3912 4165 3982 ἐμπέπλησται.

2472 3993 2672 4064 μᾶλλον
2705 3995 2763 4048 δὲ
2794 3994 2966 4048 ταῦτα
3000 3995 3213 4049 ἐκείνου
3269 3995 3450 4067 πολλῷ
3501 3996 3882 4069 χαλεπώτερα.
3922 4001 4169 4055 Ἐκεῖνον

2473 4083 2573 4154 μὲν
2600 4083 2710 4154 γάρ
2732 4085 2780 4136 οί
2802 4083 3215 4155 πολεμήσαντες
3230 4084 3323 4138 τὸν
3348 4085 3605 4157 πόλεμον,
3624 4087 3753 4140 ὅταν
3778 4089 3909 4141 ποτέ
3936 4089 4167 4161 ὕστερον

2468 4170 2889 4242 ἀναμνησθῶσιν
2915 4169 3103 4236 αὐτοῦ,
3135 4174 3248 4236 τοῖς
3270 4190 3328 4225 τε
3358 4174 3708 4244 κεκινηκόσιν
3724 4176 3888 4228 αὑτὸν
3914 4179 4166 4249 ἐπειρῶν-

2467 4276 2558 4313 ται
2586 4259 2775 4319 πολλὰ,
2811 4260 2905 4312 καὶ
2935 4258 3151 4330 δαίμονί
3178 4276 3283 4313 τινι
3312 4261 3619 4333 πονηρῷτά
3641 4263 3699 4315 ἐν
3718 4262 3868 4333 αύτῷ
3895 4266 4163 4334 γενόμενα

2468 4346 2686 4401 ἅπαντα
2730 4346 3070 4402 ἀνατιθέασι·
3119 4348 3365 4403 κάκεῖνοι
3408 4349 3509 4419 μὲν
3553 4350 3717 4405 πλέον
3753 4370 3803 4405 τι
3841 4352 3951 4405 τῶν
3984 4353 4162 4408 ἀλλων

2468 4435 2832 4507 αἰσχύνονται,
2880 4437 3103 4507 ὅσῳπερ
3134 4436 3201 4490 ἂν
3237 4438 3297 4490 ἐν
3348 4438 3498 4509 αύτῷ
3530 4438 3697 4493 πλέον
3738 4457 3790 4494 τι
3833 4441 3943 4494 τῶν
3986 4441 4163 4496 ἄλλων

2466 4524 2845 4595 ἐργάσωνται·
2882 4514 3030 4576 οὗτοι
3064 4523 3121 4576 δὲ
3148 4524 3247 4577 καὶ
3278 4525 3782 4593 ἐγκαλλωπίζονται
3816 4530 3931 4592 τοῖς
3960 4530 4164 4601 τολμή-

2470 4627 2628 4682 μασι.
2654 4609 2761 4663 Καὶ
2777 4610 2839 4664 ού
2868 4609 3029 4663 τοῦτο
3054 4611 3237 4681 μόνον,
3260 4614 3341 4665 ὅτι
3370 4614 3727 4684 ἐναγέστερος
3754 4608 3910 4680 οὗτος
3948 4619 4160 4672 ἐκείνου

2466 4700 2494 4752 ὁ
2525 4698 2779 4769 πόλεμος,
2803 4698 2926 4752 ούδέ
2954 4698 3038 4751 ὅτι
3060 4698 3199 4769 πρὸς
3223 4700 3411 4768 ἁγίους
3434 4703 3529 4755 καὶ
3544 4702 3694 4755 οὐδὲν
3719 4703 4051 4775 ἠδικηκότας
4073 4706 4155 4773 γί-

2465 4802 2617 4841 νεται
2638 4787 2817 4857 μόνον,
2838 4787 2952 4841 ἀλλ’
2972 4787 3055 4840 ὅτι
3084 4788 3178 4840 καὶ
3198 4789 3334 4859 πρὸς
3360 4788 3459 4843 ἀνθ
3469 4790 3684 4859 ρώπους
3724 4797 3897 4846 ποιεῖν
3943 4795 4045 4864 μὲν
4068 4795 4157 4847 ού-

2465 4873 2601 4929 δένα
2622 4873 2831 4938 εἰδότας
2856 4874 3067 4939 κακῶς,
3099 4874 3333 4947 πάσχειν
3371 4876 3428 4929 δὲ
3466 4882 4025 4951 παρεσκευασμένους
4063 4882 4156 4953 μό-

2463 4978 2576 5016 νον.

2536 5066 2895 5140 γ¹.Ἐπίσχες,
2934 5069 3092 5140 ἔφην,
3127 5070 3370 5140 ἐπίσχες·
3394 5071 3486 5125 καὶ
3517 5072 3627 5147 γάρ
3653 5075 3747 5128 καὶ
3775 5074 3983 5129 τούτων
4026 5080 4155 5147 ἡμῖν

2465 5154 2587 5219 ἀλις
2608 5157 2633 5195 ⁸
2646 5155 2755 5207 τῶν
2774 5157 3150 5228 διηγημάτων,
3166 5156 3220 5209 εῐ
3231 5174 3295 5226 γε
3312 5158 3387 5230 μή
3411 5159 3691 5224 παντελῶς
3727 5178 3791 5231 με
3813 5163 3838 5201 h
3852 5164 4149 5218 ἐκπνεῦσαι

2463 5243 2595 5302 δέοι·
2627 5242 2765 5296 ἀλλά
2793 5244 2999 5314 μικράν
3020 5244 3151 5312 γοῦν
3170 5261 3292 5298 τινα
3313 5244 3505 5315 ἔχοντα
3530 5246 3706 5317 ἰσχὺν,
3720 5248 3975 5302 ἀπελθεῖν
3991 5252 4151 5320 ποίη-

2467 5348 2559 5384 σον
2598 5332 2640 5387 ί.
2692 5331 2766 5383 Σὺ
2808 5331 2911 5402 μὲν
2938 5330 3048 5402 γάρ
3079 5331 3298 5396 πάντως
3336 5335 3473 5405 ὅπερ
3526 5335 3796 5401 ἐπέταξας
3839 5339 4150 5409 γενήσεται·

2469 5417 2633 5489 μόνον
2673 5418 2841 5491 μηδὲν
2876 5418 3065 5489 ἕτερον
3094 5421 3227 5490 ἡμῖν
3259 5420 3501 5492 προσθῇς
3528 5421 3793 5495 διήγημα,
3826 5424 3941 5479 ἀλλ’
3974 5428 4156 5480 ἀπελοο

2466 5504 2577 5559 θὼν
2615 5504 2777 5577 εὔχου
2813 5506 3177 5579 σκεδασθῆναι
3216 5524 3307 5579 μοι
3345 5509 3443 5579 τῆς
3480 5510 3719 5581 ἀθυμίας
3748 5511 3808 5565 τὺ
3852 5512 4035 5583 νέφος,
4063 5516 4158 5571 καὶ

2533 5699 2557 5767 ξ
2582 5698 2693 5767 Quo
2716 5713 2830 5748 mss.
2859 5701 2920 5748 τὰ
2938 5703 3209 5767 διηγήματα
3226 5703 3395 5767 ταῦτα.

2532 5758 2552 5798 ί
2586 5761 2669 5809 Sic
2690 5774 2866 5809 omnes
2889 5758 3213 5814 mssf'et'Sav.
3240 5766 3291 5814 In
3326 5771 3445 5817 edit.
3480 5767 3653 5818 Morel.
3696 5772 3791 5817 τῶν
3810 5770 3967 5817 aiam
3989 5770 4147 5821 deest.

2531 5824 2557 5884 β
2587 5822 2722 5884 L'nus
2742 5823 2896 5871 habet
2916 5826 3017 5881 ἃλις
3037 5828 3322 5884 ἀρκούντως.

2527 5883 2558 5952 l_|
2586 5882 2676 5952 _S_ic
2697 5884 2809 5933 Sav.
2835 5893 2989 5952 rege.
3011 5882 3211 5952 Editum
3239 5882 3396 5939 fuéral
3420 5893 3460 5938 εἷ
3484 5891 3534 5951 γέ
3560 5908 3618 5952 με
3635 5895 3891 5947 παντελῶς.
3922 5892 4058 5943 Enn.

2532 5948 2547 6012 ᾖ
2584 5945 2809 6012 Sic_mss.
2834 5946 3060 6012 et_Sa}jil.
3090 5950 3137 5998 in
3168 5965 3320 6012 marg.
3348 5945 3535 6000 Ιιιεειιῖῐ.
3560 5945 3731 6001 ’Μητρὶ
3763 5946 3964 6012 ποίησον
3989 5961 4147 6009 deest.

2469 6010 2624 6085 “de
2645 6008 2704 6057 σὺ
2733 6010 2815 6060 μὲν
2838 6009 2947 6071 γάρ,
2976 6009 3143 6061 Morel.
3176 6020 3226 6062 cl
3247 6010 3393 6063 δξηιι.
3422 6016 3481 6062 σὺ
3509 6018 3591 6071 μὲν
3610 6015 3707 6065 οὖν.
