  <div class='ocr_page' id='page_1' title='image "/cluster/home/n/w/nwhite01/storage/ocr_20150623/47/pst.000005712441/282.png"; bbox 0 0 4276 6316; ppageno 0'>
   <div class='ocr_carea' id='block_1_1' title="bbox 158 374 255 430">
    <p class='ocr_par' dir='ltr' id='par_1_1' title="bbox 158 374 255 430">
     <span class='ocr_line' id='line_1_1' title="bbox 158 374 255 430; baseline 0.021 -3"><span class='ocrx_word' id='word_1_1' title='bbox 158 374 255 430; x_wconf 75' lang='lat'><strong>3‘2!</strong></span> 
     </span>
    </p>
   </div>
   <div class='ocr_carea' id='block_1_2' title="bbox 166 486 1759 567">
    <p class='ocr_par' dir='ltr' id='par_1_2' title="bbox 166 486 1759 567">
     <span class='ocr_line' id='line_1_2' title="bbox 166 486 1759 567; baseline 0.009 -29"><span class='ocrx_word' id='word_1_2' title='bbox 166 487 306 540; x_wconf 74' lang='lat' dir='ltr'><strong>enim</strong></span> <span class='ocrx_word' id='word_1_3' title='bbox 350 486 404 542; x_wconf 88' lang='lat' dir='ltr'><strong>in</strong></span> <span class='ocrx_word' id='word_1_4' title='bbox 448 503 508 544; x_wconf 91' lang='lat' dir='ltr'><strong>re</strong></span> <span class='ocrx_word' id='word_1_5' title='bbox 546 497 652 545; x_wconf 86' lang='lat' dir='ltr'><strong>tam</strong></span> <span class='ocrx_word' id='word_1_6' title='bbox 698 492 837 548; x_wconf 85' lang='lat' dir='ltr'><strong>seria</strong></span> <span class='ocrx_word' id='word_1_7' title='bbox 863 493 1109 564; x_wconf 76' lang='lat' dir='ltr'><strong>iocarer,</strong></span> <span class='ocrx_word' id='word_1_8' title='bbox 1152 510 1325 567; x_wconf 88' lang='lat' dir='ltr'><strong>neque</strong></span> <span class='ocrx_word' id='word_1_9' title='bbox 1364 496 1600 553; x_wconf 81' lang='lat' dir='ltr'><strong>dicerem</strong></span> <span class='ocrx_word' id='word_1_10' title='bbox 1629 540 1643 565; x_wconf 96' lang='lat'><strong>,</strong></span> <span class='ocrx_word' id='word_1_11' title='bbox 1672 498 1759 554; x_wconf 89' lang='lat' dir='ltr'><strong>vel</strong></span> 
     </span>
    </p>
   </div>
   <div class='ocr_carea' id='block_1_3' title="bbox 163 576 1763 658">
    <p class='ocr_par' dir='ltr' id='par_1_3' title="bbox 163 576 1763 658">
     <span class='ocr_line' id='line_1_3' title="bbox 163 576 1763 658; baseline 0.009 -29"><span class='ocrx_word' id='word_1_12' title='bbox 163 576 524 648; x_wconf 81' lang='lat' dir='ltr'><strong>confingerem</strong></span> <span class='ocrx_word' id='word_1_13' title='bbox 550 596 612 635; x_wconf 82' lang='lat' dir='ltr'><strong>ea</strong></span> <span class='ocrx_word' id='word_1_14' title='bbox 639 597 757 652; x_wconf 63' lang='lat' dir='ltr'><strong>quae</strong></span> <span class='ocrx_word' id='word_1_15' title='bbox 789 583 1002 654; x_wconf 84' lang='lat' dir='ltr'><strong>plurimi</strong></span> <span class='ocrx_word' id='word_1_16' title='bbox 1029 585 1401 655; x_wconf 85' lang='lat' dir='ltr'><strong>redemissem,</strong></span> <span class='ocrx_word' id='word_1_17' title='bbox 1428 603 1492 642; x_wconf 88' lang='lat' dir='ltr'><strong>ac</strong></span> <span class='ocrx_word' id='word_1_18' title='bbox 1519 588 1763 658; x_wconf 83' lang='lat' dir='ltr'><strong>plurimis</strong></span> 
     </span>
    </p>
   </div>
   <div class='ocr_carea' id='block_1_4' title="bbox 162 668 1764 749">
    <p class='ocr_par' dir='ltr' id='par_1_4' title="bbox 162 668 1764 749">
     <span class='ocr_line' id='line_1_4' title="bbox 162 668 1764 749; baseline 0.009 -31"><span class='ocrx_word' id='word_1_19' title='bbox 162 668 305 720; x_wconf 84' lang='lat' dir='ltr'><strong>votis</strong></span> <span class='ocrx_word' id='word_1_20' title='bbox 328 670 672 738; x_wconf 79' lang='lat' dir='ltr'><strong>cxpetiissem</strong></span> <span class='ocrx_word' id='word_1_21' title='bbox 694 713 709 741; x_wconf 84' lang='grc'><strong>,</strong></span> <span class='ocrx_word' id='word_1_22' title='bbox 744 684 800 727; x_wconf 93' lang='lat' dir='ltr'><strong>ut</strong></span> <span class='ocrx_word' id='word_1_23' title='bbox 828 690 896 729; x_wconf 91' lang='lat' dir='ltr'><strong>ne</strong></span> <span class='ocrx_word' id='word_1_24' title='bbox 924 691 1065 731; x_wconf 91' lang='lat' dir='ltr'><strong>nunc</strong></span> <span class='ocrx_word' id='word_1_25' title='bbox 1094 677 1309 747; x_wconf 83' lang='lat' dir='ltr'><strong>quidem</strong></span> <span class='ocrx_word' id='word_1_26' title='bbox 1332 721 1348 747; x_wconf 93' lang='lat'><strong>,</strong></span> <span class='ocrx_word' id='word_1_27' title='bbox 1376 672 1591 749; x_wconf 84' lang='lat' dir='ltr'><strong>quando</strong></span> <span class='ocrx_word' id='word_1_28' title='bbox 1626 678 1764 734; x_wconf 87' lang='lat' dir='ltr'><strong>facta</strong></span> 
     </span>
    </p>
   </div>
   <div class='ocr_carea' id='block_1_5' title="bbox 162 762 1764 842">
    <p class='ocr_par' dir='ltr' id='par_1_5' title="bbox 162 762 1764 842">
     <span class='ocr_line' id='line_1_5' title="bbox 162 762 1764 842; baseline 0.011 -30"><span class='ocrx_word' id='word_1_29' title='bbox 162 768 313 827; x_wconf 78' lang='lat' dir='ltr'><strong>sunt,</strong></span> <span class='ocrx_word' id='word_1_30' title='bbox 337 762 422 818; x_wconf 91' lang='lat' dir='ltr'><strong>vel</strong></span> <span class='ocrx_word' id='word_1_31' title='bbox 447 778 579 819; x_wconf 88' lang='lat' dir='ltr'><strong>aure</strong></span> <span class='ocrx_word' id='word_1_32' title='bbox 604 767 958 839; x_wconf 90' lang='lat' dir='ltr'><strong>perciperem.</strong></span> <span class='ocrx_word' id='word_1_33' title='bbox 980 770 1133 826; x_wconf 86' lang='lat' dir='ltr'><strong>Tunc</strong></span> <span class='ocrx_word' id='word_1_34' title='bbox 1160 787 1321 842; x_wconf 88' lang='lat' dir='ltr'><strong>porro</strong></span> <span class='ocrx_word' id='word_1_35' title='bbox 1347 772 1591 828; x_wconf 84' lang='lat' dir='ltr'><strong>acerbius</strong></span> <span class='ocrx_word' id='word_1_36' title='bbox 1613 773 1764 841; x_wconf 84' lang='lat' dir='ltr'><strong>inge-</strong></span> 
     </span>
    </p>
   </div>
   <div class='ocr_carea' id='block_1_6' title="bbox 166 853 1765 931">
    <p class='ocr_par' dir='ltr' id='par_1_6' title="bbox 166 853 1765 931">
     <span class='ocr_line' id='line_1_6' title="bbox 166 853 1765 931; baseline 0.008 -26"><span class='ocrx_word' id='word_1_37' title='bbox 166 853 400 909; x_wconf 82' lang='lat' dir='ltr'><strong>miscens</strong></span> <span class='ocrx_word' id='word_1_38' title='bbox 427 875 439 909; x_wconf 90' lang='lat'><strong>:</strong></span> <span class='ocrx_word' id='word_1_39' title='bbox 468 856 628 923; x_wconf 81' lang='lat' dir='ltr'><strong>Vere,</strong></span> <span class='ocrx_word' id='word_1_40' title='bbox 663 860 793 927; x_wconf 76' lang='lat' dir='ltr'><strong>dixi,</strong></span> <span class='ocrx_word' id='word_1_41' title='bbox 829 861 942 917; x_wconf 70' lang='lat' dir='ltr'><strong>hmo</strong></span> <span class='ocrx_word' id='word_1_42' title='bbox 970 872 1117 919; x_wconf 91' lang='lat' dir='ltr'><strong>tanto</strong></span> <span class='ocrx_word' id='word_1_43' title='bbox 1138 865 1482 921; x_wconf 91' lang='lat' dir='ltr'><strong>sceleratiora</strong></span> <span class='ocrx_word' id='word_1_44' title='bbox 1513 873 1639 919; x_wconf 92' lang='lat' dir='ltr'><strong>sunt</strong></span> <span class='ocrx_word' id='word_1_45' title='bbox 1666 864 1765 931; x_wconf 91' lang='lat' dir='ltr'><strong>iis,</strong></span> 
     </span>
    </p>
   </div>
   <div class='ocr_carea' id='block_1_7' title="bbox 165 945 1768 1026">
    <p class='ocr_par' dir='ltr' id='par_1_7' title="bbox 165 945 1768 1026">
     <span class='ocr_line' id='line_1_7' title="bbox 165 945 1768 1026; baseline 0.007 -29"><span class='ocrx_word' id='word_1_46' title='bbox 165 945 661 1026; x_wconf 29' lang='lat' dir='ltr'><strong>qure‘llitltridates</strong></span> <span class='ocrx_word' id='word_1_47' title='bbox 690 965 987 1024; x_wconf 88' lang='lat' dir='ltr'><strong>omnesque</strong></span> <span class='ocrx_word' id='word_1_48' title='bbox 1025 956 1113 1010; x_wconf 89' lang='lat' dir='ltr'><strong>alii</strong></span> <span class='ocrx_word' id='word_1_49' title='bbox 1154 955 1526 1023; x_wconf 90' lang='lat' dir='ltr'><strong>admiserunt,</strong></span> <span class='ocrx_word' id='word_1_50' title='bbox 1567 964 1768 1026; x_wconf 89' lang='lat' dir='ltr'><strong>quanto</strong></span> 
     </span>
    </p>
   </div>
   <div class='ocr_carea' id='block_1_8' title="bbox 166 1019 1769 1105">
    <p class='ocr_par' dir='ltr' id='par_1_8' title="bbox 166 1019 1769 1105">
     <span class='ocr_line' id='line_1_8' title="bbox 166 1019 1769 1105; baseline 0.008 -19"><span class='ocrx_word' id='word_1_51' title='bbox 166 1019 429 1105; x_wconf 60' lang='lat' dir='ltr'><strong>templum</strong></span> <span class='ocrx_word' id='word_1_52' title='bbox 472 1038 576 1103; x_wconf 83' lang='lat' dir='ltr'><strong>hoc</strong></span> <span class='ocrx_word' id='word_1_53' title='bbox 613 1049 697 1095; x_wconf 87' lang='lat' dir='ltr'><strong>est</strong></span> <span class='ocrx_word' id='word_1_54' title='bbox 728 1042 818 1097; x_wconf 94' lang='lat' dir='ltr'><strong>illo</strong></span> <span class='ocrx_word' id='word_1_55' title='bbox 858 1019 1225 1100; x_wconf 79' lang='lat' dir='ltr'><strong>honorabilius</strong></span> <span class='ocrx_word' id='word_1_56' title='bbox 1264 1054 1319 1101; x_wconf 90' lang='lat' dir='ltr'><strong>et</strong></span> <span class='ocrx_word' id='word_1_57' title='bbox 1362 1019 1618 1101; x_wconf 76' lang='lat' dir='ltr'><strong>sanctius.</strong></span> <span class='ocrx_word' id='word_1_58' title='bbox 1661 1044 1769 1100; x_wconf 91' lang='lat' dir='ltr'><strong>Sed</strong></span> 
     </span>
    </p>
   </div>
   <div class='ocr_carea' id='block_1_9' title="bbox 167 1124 1771 1207">
    <p class='ocr_par' dir='ltr' id='par_1_9' title="bbox 167 1124 1771 1207">
     <span class='ocr_line' id='line_1_9' title="bbox 167 1124 1771 1207; baseline 0.008 -31"><span class='ocrx_word' id='word_1_59' title='bbox 167 1124 387 1192; x_wconf 83' lang='lat' dir='ltr'><strong>quinam</strong></span> <span class='ocrx_word' id='word_1_60' title='bbox 417 1126 500 1183; x_wconf 92' lang='lat' dir='ltr'><strong>isti</strong></span> <span class='ocrx_word' id='word_1_61' title='bbox 526 1170 543 1196; x_wconf 93' lang='lat'><strong>,</strong></span> <span class='ocrx_word' id='word_1_62' title='bbox 573 1146 792 1201; x_wconf 73' lang='lat' dir='ltr'><strong>quzeso,</strong></span> <span class='ocrx_word' id='word_1_63' title='bbox 818 1142 911 1189; x_wconf 91' lang='lat' dir='ltr'><strong>aut</strong></span> <span class='ocrx_word' id='word_1_64' title='bbox 940 1135 1080 1191; x_wconf 91' lang='lat' dir='ltr'><strong>unde</strong></span> <span class='ocrx_word' id='word_1_65' title='bbox 1106 1143 1232 1191; x_wconf 89' lang='lat' dir='ltr'><strong>sunt</strong></span> <span class='ocrx_word' id='word_1_66' title='bbox 1272 1136 1361 1207; x_wconf 90' lang='lat' dir='ltr'><strong>qui</strong></span> <span class='ocrx_word' id='word_1_67' title='bbox 1404 1137 1529 1191; x_wconf 90' lang='lat' dir='ltr'><strong>talia</strong></span> <span class='ocrx_word' id='word_1_68' title='bbox 1567 1149 1771 1205; x_wconf 73' lang='lat' dir='ltr'><strong>prmsu-</strong></span> 
     </span>
    </p>
   </div>
   <div class='ocr_carea' id='block_1_10' title="bbox 168 1217 1773 1299">
    <p class='ocr_par' dir='ltr' id='par_1_10' title="bbox 168 1217 1773 1299">
     <span class='ocr_line' id='line_1_10' title="bbox 168 1217 1773 1299; baseline 0.011 -33"><span class='ocrx_word' id='word_1_69' title='bbox 168 1217 368 1270; x_wconf 82' lang='lat' dir='ltr'><strong>tnuitt?</strong></span> <span class='ocrx_word' id='word_1_70' title='bbox 394 1234 580 1288; x_wconf 86' lang='lat' dir='ltr'><strong>quare,</strong></span> <span class='ocrx_word' id='word_1_71' title='bbox 613 1232 666 1278; x_wconf 91' lang='lat' dir='ltr'><strong>et</strong></span> <span class='ocrx_word' id='word_1_72' title='bbox 684 1240 789 1294; x_wconf 86' lang='lat' dir='ltr'><strong>qua</strong></span> <span class='ocrx_word' id='word_1_73' title='bbox 820 1226 887 1281; x_wconf 92' lang='lat' dir='ltr'><strong>de</strong></span> <span class='ocrx_word' id='word_1_74' title='bbox 915 1242 1074 1282; x_wconf 90' lang='lat' dir='ltr'><strong>causa</strong></span> <span class='ocrx_word' id='word_1_75' title='bbox 1100 1269 1116 1295; x_wconf 91' lang='lat'><strong>,</strong></span> <span class='ocrx_word' id='word_1_76' title='bbox 1140 1244 1300 1299; x_wconf 87' lang='lat' dir='ltr'><strong>quem</strong></span> <span class='ocrx_word' id='word_1_77' title='bbox 1331 1228 1681 1299; x_wconf 72' lang='lat' dir='ltr'><strong>respicientes</strong></span> <span class='ocrx_word' id='word_1_78' title='bbox 1706 1227 1773 1282; x_wconf 82' lang='lat' dir='ltr'><strong>fi-</strong></span> 
     </span>
    </p>
   </div>
   <div class='ocr_carea' id='block_1_11' title="bbox 170 1313 1771 1391">
    <p class='ocr_par' dir='ltr' id='par_1_11' title="bbox 170 1313 1771 1391">
     <span class='ocr_line' id='line_1_11' title="bbox 170 1313 1771 1391; baseline 0.003 -22"><span class='ocrx_word' id='word_1_79' title='bbox 170 1322 314 1381; x_wconf 75' lang='lat' dir='ltr'><strong>nem,</strong></span> <span class='ocrx_word' id='word_1_80' title='bbox 365 1313 571 1385; x_wconf 88' lang='lat' dir='ltr'><strong>lapides</strong></span> <span class='ocrx_word' id='word_1_81' title='bbox 612 1317 664 1372; x_wconf 92' lang='lat' dir='ltr'><strong>in</strong></span> <span class='ocrx_word' id='word_1_82' title='bbox 705 1318 930 1373; x_wconf 83' lang='lat' dir='ltr'><strong>sublime</strong></span> <span class='ocrx_word' id='word_1_83' title='bbox 966 1319 1215 1389; x_wconf 87' lang='lat' dir='ltr'><strong>jaciunt,</strong></span> <span class='ocrx_word' id='word_1_84' title='bbox 1246 1321 1459 1391; x_wconf 87' lang='lat' dir='ltr'><strong>telaque</strong></span> <span class='ocrx_word' id='word_1_85' title='bbox 1498 1321 1553 1375; x_wconf 91' lang='lat' dir='ltr'><strong>in</strong></span> <span class='ocrx_word' id='word_1_86' title='bbox 1581 1320 1771 1375; x_wconf 67' lang='lat' dir='ltr'><strong>malum</strong></span> 
     </span>
    </p>
   </div>
   <div class='ocr_carea' id='block_1_12' title="bbox 166 1411 1775 1484">
    <p class='ocr_par' dir='ltr' id='par_1_12' title="bbox 166 1411 1775 1484">
     <span class='ocr_line' id='line_1_12' title="bbox 166 1411 1775 1484; baseline 0.001 -17"><span class='ocrx_word' id='word_1_87' title='bbox 166 1415 493 1484; x_wconf 83' lang='lat' dir='ltr'><strong>jaculanlttr,</strong></span> <span class='ocrx_word' id='word_1_88' title='bbox 518 1426 581 1466; x_wconf 87' lang='lat' dir='ltr'><strong>ac</strong></span> <span class='ocrx_word' id='word_1_89' title='bbox 605 1426 726 1466; x_wconf 92' lang='lat' dir='ltr'><strong>cum</strong></span> <span class='ocrx_word' id='word_1_90' title='bbox 757 1412 865 1466; x_wconf 89' lang='lat' dir='ltr'><strong>Deo</strong></span> <span class='ocrx_word' id='word_1_91' title='bbox 892 1411 1039 1482; x_wconf 83' lang='lat' dir='ltr'><strong>pacis</strong></span> <span class='ocrx_word' id='word_1_92' title='bbox 1069 1412 1268 1469; x_wconf 89' lang='lat' dir='ltr'><strong>bellum</strong></span> <span class='ocrx_word' id='word_1_93' title='bbox 1296 1413 1531 1483; x_wconf 79' lang='lat' dir='ltr'><strong>gerunt?</strong></span> <span class='ocrx_word' id='word_1_94' title='bbox 1552 1412 1775 1469; x_wconf 84' lang='lat' dir='ltr'><strong>Sameas</strong></span> 
     </span>
    </p>
   </div>
   <div class='ocr_carea' id='block_1_13' title="bbox 168 1502 1773 1575">
    <p class='ocr_par' dir='ltr' id='par_1_13' title="bbox 168 1502 1773 1575">
     <span class='ocr_line' id='line_1_13' title="bbox 168 1502 1773 1575; baseline -0.001 -16"><span class='ocrx_word' id='word_1_95' title='bbox 168 1505 336 1567; x_wconf 91' lang='lat' dir='ltr'><strong>enim,</strong></span> <span class='ocrx_word' id='word_1_96' title='bbox 374 1502 675 1558; x_wconf 64' lang='lat' dir='ltr'><strong>Pltarathaai</strong></span> <span class='ocrx_word' id='word_1_97' title='bbox 712 1503 727 1534; x_wconf 77' lang='grc'>⁸</span> <span class='ocrx_word' id='word_1_98' title='bbox 758 1512 813 1557; x_wconf 93' lang='lat' dir='ltr'><strong>et</strong></span> <span class='ocrx_word' id='word_1_99' title='bbox 848 1503 1193 1575; x_wconf 81' lang='lat' dir='ltr'><strong>Assyriorum</strong></span> <span class='ocrx_word' id='word_1_100' title='bbox 1226 1503 1514 1574; x_wconf 88' lang='lat' dir='ltr'><strong>principes,</strong></span> <span class='ocrx_word' id='word_1_101' title='bbox 1557 1518 1773 1559; x_wconf 51' lang='lat' dir='ltr'><strong>omnes.</strong></span> 
     </span>
    </p>
   </div>
   <div class='ocr_carea' id='block_1_14' title="bbox 171 1593 1779 1666">
    <p class='ocr_par' dir='ltr' id='par_1_14' title="bbox 171 1593 1779 1666">
     <span class='ocr_line' id='line_1_14' title="bbox 171 1593 1779 1666; baseline 0.002 -17"><span class='ocrx_word' id='word_1_102' title='bbox 171 1612 275 1666; x_wconf 92' lang='lat' dir='ltr'><strong>quc</strong></span> <span class='ocrx_word' id='word_1_103' title='bbox 305 1593 488 1651; x_wconf 60' lang='lat' dir='ltr'><strong>caeteri</strong></span> <span class='ocrx_word' id='word_1_104' title='bbox 513 1636 528 1659; x_wconf 94' lang='lat'><strong>,</strong></span> <span class='ocrx_word' id='word_1_105' title='bbox 559 1594 810 1660; x_wconf 89' lang='lat' dir='ltr'><strong>barbari,</strong></span> <span class='ocrx_word' id='word_1_106' title='bbox 842 1595 985 1665; x_wconf 90' lang='lat' dir='ltr'><strong>quod</strong></span> <span class='ocrx_word' id='word_1_107' title='bbox 1010 1611 1076 1650; x_wconf 84' lang='lat' dir='ltr'><strong>ex</strong></span> <span class='ocrx_word' id='word_1_108' title='bbox 1106 1596 1237 1665; x_wconf 89' lang='lat' dir='ltr'><strong>ipsis</strong></span> <span class='ocrx_word' id='word_1_109' title='bbox 1260 1596 1568 1653; x_wconf 84' lang='lat' dir='ltr'><strong>nominibus</strong></span> <span class='ocrx_word' id='word_1_110' title='bbox 1595 1596 1779 1652; x_wconf 90' lang='lat' dir='ltr'><strong>videre</strong></span> 
     </span>
    </p>
   </div>
   <div class='ocr_carea' id='block_1_15' title="bbox 170 1684 1776 1757">
    <p class='ocr_par' dir='ltr' id='par_1_15' title="bbox 170 1684 1776 1757">
     <span class='ocr_line' id='line_1_15' title="bbox 170 1684 1776 1757; baseline 0.002 -17"><span class='ocrx_word' id='word_1_111' title='bbox 170 1698 276 1750; x_wconf 85' lang='lat' dir='ltr'><strong>est,</strong></span> <span class='ocrx_word' id='word_1_112' title='bbox 303 1686 569 1757; x_wconf 84' lang='lat' dir='ltr'><strong>longeque</strong></span> <span class='ocrx_word' id='word_1_113' title='bbox 593 1700 621 1738; x_wconf 87' lang='lat' dir='ltr'><strong>a</strong></span> <span class='ocrx_word' id='word_1_114' title='bbox 646 1684 955 1741; x_wconf 63' lang='lat' dir='ltr'><strong>Judteorum</strong></span> <span class='ocrx_word' id='word_1_115' title='bbox 979 1686 1220 1742; x_wconf 90' lang='lat' dir='ltr'><strong>moribus</strong></span> <span class='ocrx_word' id='word_1_116' title='bbox 1249 1688 1444 1743; x_wconf 84' lang='lat' dir='ltr'><strong>remoti</strong></span> <span class='ocrx_word' id='word_1_117' title='bbox 1472 1696 1646 1752; x_wconf 88' lang='lat' dir='ltr'><strong>erant,</strong></span> <span class='ocrx_word' id='word_1_118' title='bbox 1675 1703 1776 1743; x_wconf 87' lang='lat' dir='ltr'><strong>no-</strong></span> 
     </span>
    </p>
   </div>
   <div class='ocr_carea' id='block_1_16' title="bbox 176 1777 1777 1849">
    <p class='ocr_par' dir='ltr' id='par_1_16' title="bbox 176 1777 1777 1849">
     <span class='ocr_line' id='line_1_16' title="bbox 176 1777 1777 1849; baseline 0 -17"><span class='ocrx_word' id='word_1_119' title='bbox 176 1778 467 1848; x_wconf 84' lang='lat' dir='ltr'><strong>lebantque</strong></span> <span class='ocrx_word' id='word_1_120' title='bbox 509 1777 768 1833; x_wconf 82' lang='lat' dir='ltr'><strong>ﬁnitimos</strong></span> <span class='ocrx_word' id='word_1_121' title='bbox 810 1778 912 1832; x_wconf 87' lang='lat' dir='ltr'><strong>sibi</strong></span> <span class='ocrx_word' id='word_1_122' title='bbox 945 1778 1193 1833; x_wconf 89' lang='lat' dir='ltr'><strong>homines</strong></span> <span class='ocrx_word' id='word_1_123' title='bbox 1232 1779 1573 1849; x_wconf 90' lang='lat' dir='ltr'><strong>multiplicari</strong></span> <span class='ocrx_word' id='word_1_124' title='bbox 1608 1797 1622 1835; x_wconf 91' lang='lat'><strong>:</strong></span> <span class='ocrx_word' id='word_1_125' title='bbox 1654 1794 1777 1833; x_wconf 89' lang='lat' dir='ltr'><strong>nam</strong></span> 
     </span>
    </p>
   </div>
   <div class='ocr_carea' id='block_1_17' title="bbox 176 1868 1782 1939">
    <p class='ocr_par' dir='ltr' id='par_1_17' title="bbox 176 1868 1782 1939">
     <span class='ocr_line' id='line_1_17' title="bbox 176 1868 1782 1939; baseline 0.002 -19"><span class='ocrx_word' id='word_1_126' title='bbox 176 1869 390 1924; x_wconf 89' lang='lat' dir='ltr'><strong>illorum</strong></span> <span class='ocrx_word' id='word_1_127' title='bbox 419 1869 560 1923; x_wconf 87' lang='lat' dir='ltr'><strong>vires</strong></span> <span class='ocrx_word' id='word_1_128' title='bbox 591 1868 703 1923; x_wconf 89' lang='lat' dir='ltr'><strong>fore</strong></span> <span class='ocrx_word' id='word_1_129' title='bbox 735 1877 788 1922; x_wconf 92' lang='lat' dir='ltr'><strong>ut</strong></span> <span class='ocrx_word' id='word_1_130' title='bbox 811 1869 1104 1939; x_wconf 87' lang='lat' dir='ltr'><strong>potentiam</strong></span> <span class='ocrx_word' id='word_1_131' title='bbox 1135 1884 1286 1925; x_wconf 90' lang='lat' dir='ltr'><strong>suam</strong></span> <span class='ocrx_word' id='word_1_132' title='bbox 1318 1870 1670 1925; x_wconf 89' lang='lat' dir='ltr'><strong>obscurarent</strong></span> <span class='ocrx_word' id='word_1_133' title='bbox 1695 1884 1782 1923; x_wconf 91' lang='lat' dir='ltr'><strong>ar-</strong></span> 
     </span>
    </p>
   </div>
   <div class='ocr_carea' id='block_1_18' title="bbox 174 1957 1778 2029">
    <p class='ocr_par' dir='ltr' id='par_1_18' title="bbox 174 1957 1778 2029">
     <span class='ocr_line' id='line_1_18' title="bbox 174 1957 1778 2029; baseline 0.001 -17"><span class='ocrx_word' id='word_1_134' title='bbox 174 1958 533 2014; x_wconf 88' lang='lat' dir='ltr'><strong>bitrabantur.</strong></span> <span class='ocrx_word' id='word_1_135' title='bbox 570 1957 636 2013; x_wconf 82' lang='lat' dir='ltr'><strong>Hi</strong></span> <span class='ocrx_word' id='word_1_136' title='bbox 665 1966 843 2013; x_wconf 90' lang='lat' dir='ltr'><strong>autem</strong></span> <span class='ocrx_word' id='word_1_137' title='bbox 873 1973 1108 2029; x_wconf 91' lang='lat' dir='ltr'><strong>quanam</strong></span> <span class='ocrx_word' id='word_1_138' title='bbox 1152 1960 1253 2013; x_wconf 91' lang='lat' dir='ltr'><strong>sibi</strong></span> <span class='ocrx_word' id='word_1_139' title='bbox 1295 1960 1572 2014; x_wconf 89' lang='lat' dir='ltr'><strong>imminuta</strong></span> <span class='ocrx_word' id='word_1_140' title='bbox 1613 1960 1778 2015; x_wconf 83' lang='lat' dir='ltr'><strong>liber-</strong></span> 
     </span>
    </p>
   </div>
   <div class='ocr_carea' id='block_1_19' title="bbox 177 2044 1784 2119">
    <p class='ocr_par' dir='ltr' id='par_1_19' title="bbox 177 2044 1784 2119">
     <span class='ocr_line' id='line_1_19' title="bbox 177 2044 1784 2119; baseline 0.001 -17"><span class='ocrx_word' id='word_1_141' title='bbox 177 2059 307 2114; x_wconf 73' lang='lat' dir='ltr'><strong>tate,</strong></span> <span class='ocrx_word' id='word_1_142' title='bbox 338 2064 440 2119; x_wconf 83' lang='lat' dir='ltr'><strong>qua</strong></span> <span class='ocrx_word' id='word_1_143' title='bbox 464 2049 673 2103; x_wconf 87' lang='lat' dir='ltr'><strong>sublata</strong></span> <span class='ocrx_word' id='word_1_144' title='bbox 706 2044 941 2116; x_wconf 81' lang='lat' dir='ltr'><strong>licentia,</strong></span> <span class='ocrx_word' id='word_1_145' title='bbox 971 2064 1079 2119; x_wconf 89' lang='lat' dir='ltr'><strong>quo</strong></span> <span class='ocrx_word' id='word_1_146' title='bbox 1109 2050 1406 2119; x_wconf 86' lang='lat' dir='ltr'><strong>principum</strong></span> <span class='ocrx_word' id='word_1_147' title='bbox 1437 2049 1638 2105; x_wconf 80' lang='lat' dir='ltr'><strong>auxilio</strong></span> <span class='ocrx_word' id='word_1_148' title='bbox 1667 2050 1784 2104; x_wconf 63' lang='lat' dir='ltr'><strong>haec</strong></span> 
     </span>
    </p>
   </div>
   <div class='ocr_carea' id='block_1_20' title="bbox 173 2139 1785 2210">
    <p class='ocr_par' dir='ltr' id='par_1_20' title="bbox 173 2139 1785 2210">
     <span class='ocr_line' id='line_1_20' title="bbox 173 2139 1785 2210; baseline 0.001 -18"><span class='ocrx_word' id='word_1_149' title='bbox 173 2139 291 2193; x_wconf 84' lang='lat' dir='ltr'><strong>ausi</strong></span> <span class='ocrx_word' id='word_1_150' title='bbox 320 2139 486 2193; x_wconf 80' lang='lat' dir='ltr'><strong>sunt?</strong></span> <span class='ocrx_word' id='word_1_151' title='bbox 506 2139 588 2195; x_wconf 89' lang='lat' dir='ltr'><strong>llli</strong></span> <span class='ocrx_word' id='word_1_152' title='bbox 618 2139 761 2195; x_wconf 90' lang='lat' dir='ltr'><strong>enim</strong></span> <span class='ocrx_word' id='word_1_153' title='bbox 792 2140 1078 2195; x_wconf 87' lang='lat' dir='ltr'><strong>Persarum</strong></span> <span class='ocrx_word' id='word_1_154' title='bbox 1106 2155 1261 2210; x_wconf 85' lang='lat' dir='ltr'><strong>reges</strong></span> <span class='ocrx_word' id='word_1_155' title='bbox 1285 2140 1402 2196; x_wconf 64' lang='lat' dir='ltr'><strong>hinc</strong></span> <span class='ocrx_word' id='word_1_156' title='bbox 1426 2141 1667 2197; x_wconf 85' lang='lat' dir='ltr'><strong>volentes</strong></span> <span class='ocrx_word' id='word_1_157' title='bbox 1689 2141 1785 2195; x_wconf 88' lang='lat' dir='ltr'><strong>ha-</strong></span> 
     </span>
    </p>
   </div>
   <div class='ocr_carea' id='block_1_21' title="bbox 176 2231 1783 2303">
    <p class='ocr_par' dir='ltr' id='par_1_21' title="bbox 176 2231 1783 2303">
     <span class='ocr_line' id='line_1_21' title="bbox 176 2231 1783 2303; baseline 0.001 -18"><span class='ocrx_word' id='word_1_158' title='bbox 176 2231 365 2297; x_wconf 72' lang='lat' dir='ltr'><strong>buere,</strong></span> <span class='ocrx_word' id='word_1_159' title='bbox 386 2232 553 2286; x_wconf 91' lang='lat' dir='ltr'><strong>nostri</strong></span> <span class='ocrx_word' id='word_1_160' title='bbox 582 2248 709 2287; x_wconf 89' lang='lat' dir='ltr'><strong>vero</strong></span> <span class='ocrx_word' id='word_1_161' title='bbox 737 2233 1008 2287; x_wconf 85' lang='lat' dir='ltr'><strong>contraria</strong></span> <span class='ocrx_word' id='word_1_162' title='bbox 1028 2234 1259 2303; x_wconf 77' lang='lat' dir='ltr'><strong>penitus,</strong></span> <span class='ocrx_word' id='word_1_163' title='bbox 1286 2240 1344 2287; x_wconf 89' lang='lat' dir='ltr'><strong>ut</strong></span> <span class='ocrx_word' id='word_1_164' title='bbox 1367 2232 1499 2288; x_wconf 91' lang='lat' dir='ltr'><strong>mihi</strong></span> <span class='ocrx_word' id='word_1_165' title='bbox 1521 2234 1634 2303; x_wconf 91' lang='lat' dir='ltr'><strong>ipse</strong></span> <span class='ocrx_word' id='word_1_166' title='bbox 1664 2248 1783 2303; x_wconf 25' lang='lat' dir='ltr'><strong>per-t</strong></span> 
     </span>
    </p>
   </div>
   <div class='ocr_carea' id='block_1_22' title="bbox 176 2322 1788 2394">
    <p class='ocr_par' dir='ltr' id='par_1_22' title="bbox 176 2322 1788 2394">
     <span class='ocr_line' id='line_1_22' title="bbox 176 2322 1788 2394; baseline 0.001 -17"><span class='ocrx_word' id='word_1_167' title='bbox 176 2322 402 2389; x_wconf 84' lang='lat' dir='ltr'><strong>suadeo,</strong></span> <span class='ocrx_word' id='word_1_168' title='bbox 427 2330 484 2376; x_wconf 93' lang='lat' dir='ltr'><strong>et</strong></span> <span class='ocrx_word' id='word_1_169' title='bbox 518 2323 743 2392; x_wconf 88' lang='lat' dir='ltr'><strong>cupiunt</strong></span> <span class='ocrx_word' id='word_1_170' title='bbox 770 2332 825 2378; x_wconf 90' lang='lat' dir='ltr'><strong>et</strong></span> <span class='ocrx_word' id='word_1_171' title='bbox 852 2331 1059 2392; x_wconf 84' lang='lat' dir='ltr'><strong>optant.</strong></span> <span class='ocrx_word' id='word_1_172' title='bbox 1088 2322 1426 2393; x_wconf 83' lang='lat' dir='ltr'><strong>Quapropter</strong></span> <span class='ocrx_word' id='word_1_173' title='bbox 1452 2338 1646 2394; x_wconf 86' lang='lat' dir='ltr'><strong>magno</strong></span> <span class='ocrx_word' id='word_1_174' title='bbox 1674 2333 1788 2380; x_wconf 87' lang='lat' dir='ltr'><strong>stu-</strong></span> 
     </span>
    </p>
   </div>
   <div class='ocr_carea' id='block_1_23' title="bbox 179 2412 1784 2484">
    <p class='ocr_par' dir='ltr' id='par_1_23' title="bbox 179 2412 1784 2484">
     <span class='ocr_line' id='line_1_23' title="bbox 179 2412 1784 2484; baseline 0.002 -20"><span class='ocrx_word' id='word_1_175' title='bbox 179 2427 312 2482; x_wconf 92' lang='lat' dir='ltr'><strong>pore</strong></span> <span class='ocrx_word' id='word_1_176' title='bbox 335 2412 523 2482; x_wconf 84' lang='lat' dir='ltr'><strong>plenus</strong></span> <span class='ocrx_word' id='word_1_177' title='bbox 545 2429 686 2479; x_wconf 90' lang='lat' dir='ltr'><strong>sum,</strong></span> <span class='ocrx_word' id='word_1_178' title='bbox 710 2414 849 2484; x_wconf 90' lang='lat' dir='ltr'><strong>quod</strong></span> <span class='ocrx_word' id='word_1_179' title='bbox 873 2412 1290 2483; x_wconf 86' lang='lat' dir='ltr'><strong>lmpcratoribus</strong></span> <span class='ocrx_word' id='word_1_180' title='bbox 1309 2415 1447 2484; x_wconf 89' lang='lat' dir='ltr'><strong>piam</strong></span> <span class='ocrx_word' id='word_1_181' title='bbox 1472 2415 1784 2484; x_wconf 80' lang='lat' dir='ltr'><strong>religionem</strong></span> 
     </span>
    </p>
   </div>
   <div class='ocr_carea' id='block_1_24' title="bbox 177 2505 1787 2586">
    <p class='ocr_par' dir='ltr' id='par_1_24' title="bbox 177 2505 1787 2586">
     <span class='ocr_line' id='line_1_24' title="bbox 177 2505 1787 2586; baseline 0.002 -29"><span class='ocrx_word' id='word_1_182' title='bbox 177 2505 514 2560; x_wconf 83' lang='lat' dir='ltr'><strong>sectantibus</strong></span> <span class='ocrx_word' id='word_1_183' title='bbox 535 2547 550 2570; x_wconf 94' lang='lat'><strong>,</strong></span> <span class='ocrx_word' id='word_1_184' title='bbox 592 2506 706 2560; x_wconf 67' lang='lat' dir='ltr'><strong>hanc</strong></span> <span class='ocrx_word' id='word_1_185' title='bbox 737 2507 789 2560; x_wconf 92' lang='lat' dir='ltr'><strong>in</strong></span> <span class='ocrx_word' id='word_1_186' title='bbox 822 2507 1014 2562; x_wconf 91' lang='lat' dir='ltr'><strong>mediis</strong></span> <span class='ocrx_word' id='word_1_187' title='bbox 1051 2506 1273 2562; x_wconf 89' lang='lat' dir='ltr'><strong>urbibus</strong></span> <span class='ocrx_word' id='word_1_188' title='bbox 1306 2507 1522 2577; x_wconf 90' lang='lat' dir='ltr'><strong>impune</strong></span> <span class='ocrx_word' id='word_1_189' title='bbox 1559 2506 1672 2586; x_wconf 74' lang='lat' dir='ltr'><strong>fieri</strong></span> <span class='ocrx_word' id='word_1_190' title='bbox 1702 2506 1787 2561; x_wconf 89' lang='lat' dir='ltr'><strong>di-</strong></span> 
     </span>
    </p>
   </div>
   <div class='ocr_carea' id='block_1_25' title="bbox 179 2595 1789 2668">
    <p class='ocr_par' dir='ltr' id='par_1_25' title="bbox 179 2595 1789 2668">
     <span class='ocr_line' id='line_1_25' title="bbox 179 2595 1789 2668; baseline 0.002 -19"><span class='ocrx_word' id='word_1_191' title='bbox 179 2611 292 2650; x_wconf 88' lang='lat' dir='ltr'><strong>cas.</strong></span> <span class='ocrx_word' id='word_1_192' title='bbox 326 2595 463 2665; x_wconf 84' lang='lat' dir='ltr'><strong>Quid</strong></span> <span class='ocrx_word' id='word_1_193' title='bbox 491 2612 640 2659; x_wconf 86' lang='lat' dir='ltr'><strong>vero,</strong></span> <span class='ocrx_word' id='word_1_194' title='bbox 671 2597 842 2667; x_wconf 87' lang='lat' dir='ltr'><strong>inquit</strong></span> <span class='ocrx_word' id='word_1_195' title='bbox 870 2597 957 2651; x_wconf 89' lang='lat' dir='ltr'><strong>ille</strong></span> <span class='ocrx_word' id='word_1_196' title='bbox 978 2638 994 2665; x_wconf 92' lang='lat'><strong>,</strong></span> <span class='ocrx_word' id='word_1_197' title='bbox 1025 2598 1071 2651; x_wconf 95' lang='lat' dir='ltr'><strong>si</strong></span> <span class='ocrx_word' id='word_1_198' title='bbox 1101 2597 1186 2652; x_wconf 90' lang='lat' dir='ltr'><strong>his</strong></span> <span class='ocrx_word' id='word_1_199' title='bbox 1206 2612 1423 2668; x_wconf 91' lang='lat' dir='ltr'><strong>quoque</strong></span> <span class='ocrx_word' id='word_1_200' title='bbox 1460 2598 1789 2653; x_wconf 87' lang='lat' dir='ltr'><strong>mirabiliora</strong></span> 
     </span>
    </p>
   </div>
   <div class='ocr_carea' id='block_1_26' title="bbox 179 2686 1793 2759">
    <p class='ocr_par' dir='ltr' id='par_1_26' title="bbox 179 2686 1793 2759">
     <span class='ocr_line' id='line_1_26' title="bbox 179 2686 1793 2759; baseline 0.004 -20"><span class='ocrx_word' id='word_1_201' title='bbox 179 2686 479 2743; x_wconf 81' lang='lat' dir='ltr'><strong>didiceris?</strong></span> <span class='ocrx_word' id='word_1_202' title='bbox 508 2689 649 2759; x_wconf 91' lang='lat' dir='ltr'><strong>quod</strong></span> <span class='ocrx_word' id='word_1_203' title='bbox 684 2689 888 2744; x_wconf 84' lang='lat' dir='ltr'><strong>scilicet</strong></span> <span class='ocrx_word' id='word_1_204' title='bbox 912 2688 1103 2749; x_wconf 86' lang='lat' dir='ltr'><strong>horum</strong></span> <span class='ocrx_word' id='word_1_205' title='bbox 1134 2700 1384 2745; x_wconf 88' lang='lat' dir='ltr'><strong>auctores</strong></span> <span class='ocrx_word' id='word_1_206' title='bbox 1409 2690 1478 2758; x_wconf 93' lang='lat' dir='ltr'><strong>pii</strong></span> <span class='ocrx_word' id='word_1_207' title='bbox 1502 2689 1667 2744; x_wconf 90' lang='lat' dir='ltr'><strong>videri</strong></span> <span class='ocrx_word' id='word_1_208' title='bbox 1700 2705 1793 2745; x_wconf 77' lang='lat' dir='ltr'><strong>ve-</strong></span> 
     </span>
    </p>
   </div>
   <div class='ocr_carea' id='block_1_27' title="bbox 181 2779 1791 2853">
    <p class='ocr_par' dir='ltr' id='par_1_27' title="bbox 181 2779 1791 2853">
     <span class='ocr_line' id='line_1_27' title="bbox 181 2779 1791 2853; baseline 0 -18"><span class='ocrx_word' id='word_1_209' title='bbox 181 2779 319 2845; x_wconf 90' lang='lat' dir='ltr'><strong>lint,</strong></span> <span class='ocrx_word' id='word_1_210' title='bbox 352 2790 406 2837; x_wconf 92' lang='lat' dir='ltr'><strong>et</strong></span> <span class='ocrx_word' id='word_1_211' title='bbox 431 2781 765 2837; x_wconf 85' lang='lat' dir='ltr'><strong>Christianos</strong></span> <span class='ocrx_word' id='word_1_212' title='bbox 791 2791 1185 2853; x_wconf 60' lang='lat' dir='ltr'><strong>semuncupeut</strong></span> <span class='ocrx_word' id='word_1_213' title='bbox 1211 2823 1227 2847; x_wconf 92' lang='lat'><strong>,</strong></span> <span class='ocrx_word' id='word_1_214' title='bbox 1270 2783 1485 2853; x_wconf 89' lang='lat' dir='ltr'><strong>plurimi</strong></span> <span class='ocrx_word' id='word_1_215' title='bbox 1517 2790 1696 2837; x_wconf 87' lang='lat' dir='ltr'><strong>autem</strong></span> <span class='ocrx_word' id='word_1_216' title='bbox 1724 2796 1791 2836; x_wconf 84' lang='lat' dir='ltr'><strong>ex</strong></span> 
     </span>
    </p>
   </div>
   <div class='ocr_carea' id='block_1_28' title="bbox 183 2872 1793 2946">
    <p class='ocr_par' dir='ltr' id='par_1_28' title="bbox 183 2872 1793 2946">
     <span class='ocr_line' id='line_1_28' title="bbox 183 2872 1793 2946; baseline 0.002 -20"><span class='ocrx_word' id='word_1_217' title='bbox 183 2872 289 2927; x_wconf 89' lang='lat' dir='ltr'><strong>illis</strong></span> <span class='ocrx_word' id='word_1_218' title='bbox 328 2873 490 2929; x_wconf 90' lang='lat' dir='ltr'><strong>etiam</strong></span> <span class='ocrx_word' id='word_1_219' title='bbox 528 2874 722 2929; x_wconf 88' lang='lat' dir='ltr'><strong>initiati</strong></span> <span class='ocrx_word' id='word_1_220' title='bbox 759 2877 869 2929; x_wconf 90' lang='lat' dir='ltr'><strong>sint</strong></span> <span class='ocrx_word' id='word_1_221' title='bbox 896 2893 908 2927; x_wconf 90' lang='lat'><strong>:</strong></span> <span class='ocrx_word' id='word_1_222' title='bbox 942 2876 1051 2930; x_wconf 93' lang='lat' dir='ltr'><strong>imo</strong></span> <span class='ocrx_word' id='word_1_223' title='bbox 1076 2891 1263 2931; x_wconf 90' lang='lat' dir='ltr'><strong>eorum</strong></span> <span class='ocrx_word' id='word_1_224' title='bbox 1293 2876 1508 2946; x_wconf 84' lang='lat' dir='ltr'><strong>quidam</strong></span> <span class='ocrx_word' id='word_1_225' title='bbox 1531 2917 1545 2938; x_wconf 95' lang='lat'><strong>,</strong></span> <span class='ocrx_word' id='word_1_226' title='bbox 1577 2875 1793 2930; x_wconf 89' lang='lat' dir='ltr'><strong>diabolo</strong></span> 
     </span>
    </p>
   </div>
   <div class='ocr_carea' id='block_1_29' title="bbox 183 2963 1796 3039">
    <p class='ocr_par' dir='ltr' id='par_1_29' title="bbox 183 2963 1796 3039">
     <span class='ocr_line' id='line_1_29' title="bbox 183 2963 1796 3039; baseline 0.003 -22"><span class='ocrx_word' id='word_1_227' title='bbox 183 2963 537 3021; x_wconf 81' lang='lat' dir='ltr'><strong>vehementer</strong></span> <span class='ocrx_word' id='word_1_228' title='bbox 559 2966 797 3035; x_wconf 88' lang='lat' dir='ltr'><strong>afllante,</strong></span> <span class='ocrx_word' id='word_1_229' title='bbox 824 2968 1151 3023; x_wconf 84' lang='lat' dir='ltr'><strong>exsecranda</strong></span> <span class='ocrx_word' id='word_1_230' title='bbox 1181 2967 1359 3039; x_wconf 79' lang='lat' dir='ltr'><strong>lingua</strong></span> <span class='ocrx_word' id='word_1_231' title='bbox 1382 2983 1476 3023; x_wconf 90' lang='lat' dir='ltr'><strong>sua</strong></span> <span class='ocrx_word' id='word_1_232' title='bbox 1500 2967 1681 3022; x_wconf 87' lang='lat' dir='ltr'><strong>dicere</strong></span> <span class='ocrx_word' id='word_1_233' title='bbox 1699 2982 1796 3022; x_wconf 89' lang='lat' dir='ltr'><strong>au-</strong></span> 
     </span>
    </p>
   </div>
   <div class='ocr_carea' id='block_1_30' title="bbox 183 3058 1792 3123">
    <p class='ocr_par' dir='ltr' id='par_1_30' title="bbox 183 3058 1792 3123">
     <span class='ocr_line' id='line_1_30' title="bbox 183 3058 1792 3123; baseline 0.001 -11"><span class='ocrx_word' id='word_1_234' title='bbox 183 3073 278 3113; x_wconf 88' lang='lat' dir='ltr'><strong>sus</strong></span> <span class='ocrx_word' id='word_1_235' title='bbox 306 3058 410 3123; x_wconf 92' lang='lat' dir='ltr'><strong>sit,</strong></span> <span class='ocrx_word' id='word_1_236' title='bbox 442 3073 501 3114; x_wconf 92' lang='lat' dir='ltr'><strong>se</strong></span> <span class='ocrx_word' id='word_1_237' title='bbox 528 3074 556 3112; x_wconf 92' lang='lat' dir='ltr'><strong>a</strong></span> <span class='ocrx_word' id='word_1_238' title='bbox 586 3059 690 3114; x_wconf 88' lang='lat' dir='ltr'><strong>fide</strong></span> <span class='ocrx_word' id='word_1_239' title='bbox 720 3075 1060 3116; x_wconf 85' lang='lat' dir='ltr'><strong>recessurum</strong></span> <span class='ocrx_word' id='word_1_240' title='bbox 1089 3069 1141 3114; x_wconf 91' lang='lat' dir='ltr'><strong>et</strong></span> <span class='ocrx_word' id='word_1_241' title='bbox 1176 3059 1514 3114; x_wconf 73' lang='lat' dir='ltr'><strong>diDmOlllbUS</strong></span> <span class='ocrx_word' id='word_1_242' title='bbox 1544 3061 1792 3115; x_wconf 89' lang='lat' dir='ltr'><strong>immola-</strong></span> 
     </span>
    </p>
   </div>
   <div class='ocr_carea' id='block_1_31' title="bbox 186 3148 1792 3216">
    <p class='ocr_par' dir='ltr' id='par_1_31' title="bbox 186 3148 1792 3216">
     <span class='ocr_line' id='line_1_31' title="bbox 186 3148 1792 3216; baseline 0.002 -14"><span class='ocrx_word' id='word_1_243' title='bbox 186 3156 369 3203; x_wconf 89' lang='lat' dir='ltr'><strong>turum</strong></span> <span class='ocrx_word' id='word_1_244' title='bbox 400 3167 414 3203; x_wconf 92' lang='lat'>:</span> <span class='ocrx_word' id='word_1_245' title='bbox 449 3149 699 3204; x_wconf 78' lang='lat' dir='ltr'><strong>suffocari</strong></span> <span class='ocrx_word' id='word_1_246' title='bbox 730 3150 874 3204; x_wconf 88' lang='lat' dir='ltr'><strong>enim</strong></span> <span class='ocrx_word' id='word_1_247' title='bbox 911 3165 971 3204; x_wconf 87' lang='lat' dir='ltr'><strong>se</strong></span> <span class='ocrx_word' id='word_1_248' title='bbox 1012 3148 1242 3204; x_wconf 80' lang='lat' dir='ltr'><strong>videndo</strong></span> <span class='ocrx_word' id='word_1_249' title='bbox 1271 3150 1517 3204; x_wconf 89' lang='lat' dir='ltr'><strong>homines</strong></span> <span class='ocrx_word' id='word_1_250' title='bbox 1551 3149 1752 3205; x_wconf 67' lang='lat' dir='ltr'><strong>liberos</strong></span> <span class='ocrx_word' id='word_1_251' title='bbox 1777 3191 1792 3216; x_wconf 89' lang='lat'><strong>,</strong></span> 
     </span>
    </p>
   </div>
   <div class='ocr_carea' id='block_1_32' title="bbox 187 3241 1795 3313">
    <p class='ocr_par' dir='ltr' id='par_1_32' title="bbox 187 3241 1795 3313">
     <span class='ocr_line' id='line_1_32' title="bbox 187 3241 1795 3313; baseline -0.001 -16"><span class='ocrx_word' id='word_1_252' title='bbox 187 3241 421 3306; x_wconf 90' lang='lat' dir='ltr'><strong>nobiles,</strong></span> <span class='ocrx_word' id='word_1_253' title='bbox 452 3244 719 3313; x_wconf 75' lang='lat' dir='ltr'><strong>vitamque</strong></span> <span class='ocrx_word' id='word_1_254' title='bbox 741 3242 949 3297; x_wconf 90' lang='lat' dir='ltr'><strong>deliciis</strong></span> <span class='ocrx_word' id='word_1_255' title='bbox 981 3243 1193 3311; x_wconf 88' lang='lat' dir='ltr'><strong>plenam</strong></span> <span class='ocrx_word' id='word_1_256' title='bbox 1226 3258 1386 3313; x_wconf 83' lang='lat' dir='ltr'><strong>agere</strong></span> <span class='ocrx_word' id='word_1_257' title='bbox 1412 3242 1655 3297; x_wconf 87' lang='lat' dir='ltr'><strong>valentes</strong></span> <span class='ocrx_word' id='word_1_258' title='bbox 1679 3284 1693 3308; x_wconf 92' lang='lat'><strong>,</strong></span> <span class='ocrx_word' id='word_1_259' title='bbox 1728 3241 1795 3296; x_wconf 89' lang='lat' dir='ltr'><strong>ad</strong></span> 
     </span>
    </p>
   </div>
   <div class='ocr_carea' id='block_1_33' title="bbox 189 3331 1797 3403">
    <p class='ocr_par' dir='ltr' id='par_1_33' title="bbox 189 3331 1797 3403">
     <span class='ocr_line' id='line_1_33' title="bbox 189 3331 1797 3403; baseline -0.001 -16"><span class='ocrx_word' id='word_1_260' title='bbox 189 3333 332 3389; x_wconf 86' lang='lat' dir='ltr'><strong>hanc</strong></span> <span class='ocrx_word' id='word_1_261' title='bbox 367 3332 556 3388; x_wconf 88' lang='lat' dir='ltr'><strong>duram</strong></span> <span class='ocrx_word' id='word_1_262' title='bbox 603 3335 727 3388; x_wconf 76' lang='lat' dir='ltr'><strong>vitze</strong></span> <span class='ocrx_word' id='word_1_263' title='bbox 761 3334 1025 3389; x_wconf 90' lang='lat' dir='ltr'><strong>rationem</strong></span> <span class='ocrx_word' id='word_1_264' title='bbox 1072 3332 1287 3388; x_wconf 85' lang='lat' dir='ltr'><strong>abduci.</strong></span> <span class='ocrx_word' id='word_1_265' title='bbox 1331 3332 1425 3387; x_wconf 87' lang='lat' dir='ltr'><strong>His</strong></span> <span class='ocrx_word' id='word_1_266' title='bbox 1458 3331 1656 3386; x_wconf 88' lang='lat' dir='ltr'><strong>auditis</strong></span> <span class='ocrx_word' id='word_1_267' title='bbox 1696 3346 1797 3403; x_wconf 85' lang='lat' dir='ltr'><strong>ego</strong></span> 
     </span>
    </p>
   </div>
   <div class='ocr_carea' id='block_1_34' title="bbox 189 3422 1795 3495">
    <p class='ocr_par' dir='ltr' id='par_1_34' title="bbox 189 3422 1795 3495">
     <span class='ocr_line' id='line_1_34' title="bbox 189 3422 1795 3495; baseline -0.001 -17"><span class='ocrx_word' id='word_1_268' title='bbox 189 3425 453 3481; x_wconf 86' lang='lat' dir='ltr'><strong>acerbiori</strong></span> <span class='ocrx_word' id='word_1_269' title='bbox 485 3426 706 3480; x_wconf 83' lang='lat' dir='ltr'><strong>vulnere</strong></span> <span class='ocrx_word' id='word_1_270' title='bbox 732 3440 1021 3495; x_wconf 90' lang='lat' dir='ltr'><strong>percussus</strong></span> <span class='ocrx_word' id='word_1_271' title='bbox 1051 3440 1192 3491; x_wconf 89' lang='lat' dir='ltr'><strong>sum,</strong></span> <span class='ocrx_word' id='word_1_272' title='bbox 1221 3433 1277 3479; x_wconf 89' lang='lat' dir='ltr'><strong>et</strong></span> <span class='ocrx_word' id='word_1_273' title='bbox 1306 3425 1443 3477; x_wconf 91' lang='lat' dir='ltr'><strong>mala</strong></span> <span class='ocrx_word' id='word_1_274' title='bbox 1468 3423 1593 3478; x_wconf 85' lang='lat' dir='ltr'><strong>inde</strong></span> <span class='ocrx_word' id='word_1_275' title='bbox 1619 3422 1795 3478; x_wconf 88' lang='lat' dir='ltr'><strong>futura</strong></span> 
     </span>
    </p>
   </div>
   <div class='ocr_carea' id='block_1_35' title="bbox 188 3516 1799 3590">
    <p class='ocr_par' dir='ltr' id='par_1_35' title="bbox 188 3516 1799 3590">
     <span class='ocr_line' id='line_1_35' title="bbox 188 3516 1799 3590; baseline -0.002 -17"><span class='ocrx_word' id='word_1_276' title='bbox 188 3519 506 3590; x_wconf 87' lang='lat' dir='ltr'><strong>conjiciens,</strong></span> <span class='ocrx_word' id='word_1_277' title='bbox 539 3518 724 3573; x_wconf 90' lang='lat' dir='ltr'><strong>orbem</strong></span> <span class='ocrx_word' id='word_1_278' title='bbox 752 3517 910 3572; x_wconf 85' lang='lat' dir='ltr'><strong>simul</strong></span> <span class='ocrx_word' id='word_1_279' title='bbox 944 3516 1135 3571; x_wconf 84' lang='lat' dir='ltr'><strong>ﬂebam</strong></span> <span class='ocrx_word' id='word_1_280' title='bbox 1162 3517 1493 3583; x_wconf 87' lang='lat' dir='ltr'><strong>universum,</strong></span> <span class='ocrx_word' id='word_1_281' title='bbox 1527 3516 1799 3586; x_wconf 86' lang='lat' dir='ltr'><strong>Deumque</strong></span> 
     </span>
    </p>
   </div>
   <div class='ocr_carea' id='block_1_36' title="bbox 190 3609 1803 3682">
    <p class='ocr_par' dir='ltr' id='par_1_36' title="bbox 190 3609 1803 3682">
     <span class='ocr_line' id='line_1_36' title="bbox 190 3609 1803 3682; baseline -0.002 -16"><span class='ocrx_word' id='word_1_282' title='bbox 190 3611 584 3682; x_wconf 84' lang='lat' dir='ltr'><strong>cornpellabam</strong></span> <span class='ocrx_word' id='word_1_283' title='bbox 601 3610 684 3664; x_wconf 89' lang='lat' dir='ltr'><strong>bis</strong></span> <span class='ocrx_word' id='word_1_284' title='bbox 704 3610 913 3665; x_wconf 87' lang='lat' dir='ltr'><strong>verbis:</strong></span> <span class='ocrx_word' id='word_1_285' title='bbox 935 3609 1087 3664; x_wconf 83' lang='lat' dir='ltr'><strong>Tolle</strong></span> <span class='ocrx_word' id='word_1_286' title='bbox 1107 3609 1339 3663; x_wconf 88' lang='lat' dir='ltr'><strong>animam</strong></span> <span class='ocrx_word' id='word_1_287' title='bbox 1364 3624 1537 3663; x_wconf 89' lang='lat' dir='ltr'><strong>meam</strong></span> <span class='ocrx_word' id='word_1_288' title='bbox 1560 3623 1588 3662; x_wconf 89' lang='lat' dir='ltr'><strong>a</strong></span> <span class='ocrx_word' id='word_1_289' title='bbox 1616 3623 1722 3674; x_wconf 90' lang='lat' dir='ltr'><strong>me,</strong></span> <span class='ocrx_word' id='word_1_290' title='bbox 1746 3621 1803 3662; x_wconf 86' lang='lat' dir='ltr'><strong>et</strong></span> 
     </span>
    </p>
   </div>
   <div class='ocr_carea' id='block_1_37' title="bbox 190 3701 1800 3773">
    <p class='ocr_par' dir='ltr' id='par_1_37' title="bbox 190 3701 1800 3773">
     <span class='ocr_line' id='line_1_37' title="bbox 190 3701 1800 3773; baseline -0.002 -14"><span class='ocrx_word' id='word_1_291' title='bbox 190 3703 261 3759; x_wconf 89' lang='lat' dir='ltr'><strong>de</strong></span> <span class='ocrx_word' id='word_1_292' title='bbox 289 3704 703 3759; x_wconf 88' lang='lat' dir='ltr'><strong>necessitatibus</strong></span> <span class='ocrx_word' id='word_1_293' title='bbox 732 3703 866 3758; x_wconf 90' lang='lat' dir='ltr'><strong>meis</strong></span> <span class='ocrx_word' id='word_1_294' title='bbox 888 3718 1016 3759; x_wconf 87' lang='lat' dir='ltr'><strong>erue</strong></span> <span class='ocrx_word' id='word_1_295' title='bbox 1044 3718 1150 3771; x_wconf 90' lang='lat' dir='ltr'><strong>me,</strong></span> <span class='ocrx_word' id='word_1_296' title='bbox 1178 3711 1339 3773; x_wconf 89' lang='lat' dir='ltr'><strong>atque</strong></span> <span class='ocrx_word' id='word_1_297' title='bbox 1363 3702 1430 3757; x_wconf 88' lang='lat' dir='ltr'><strong>ab</strong></span> <span class='ocrx_word' id='word_1_298' title='bbox 1459 3701 1559 3756; x_wconf 89' lang='lat' dir='ltr'><strong>hac</strong></span> <span class='ocrx_word' id='word_1_299' title='bbox 1586 3701 1800 3756; x_wconf 87' lang='lat' dir='ltr'><strong>mortali</strong></span> 
     </span>
    </p>
   </div>
   <div class='ocr_carea' id='block_1_38' title="bbox 191 3792 1803 3859">
    <p class='ocr_par' dir='ltr' id='par_1_38' title="bbox 191 3792 1803 3859">
     <span class='ocr_line' id='line_1_38' title="bbox 191 3792 1803 3859; baseline -0.001 -11"><span class='ocrx_word' id='word_1_300' title='bbox 191 3795 303 3849; x_wconf 87' lang='lat' dir='ltr'><strong>vita</strong></span> <span class='ocrx_word' id='word_1_301' title='bbox 332 3795 500 3850; x_wconf 87' lang='lat' dir='ltr'><strong>libera</strong></span> <span class='ocrx_word' id='word_1_302' title='bbox 529 3810 637 3859; x_wconf 91' lang='lat' dir='ltr'><strong>me,</strong></span> <span class='ocrx_word' id='word_1_303' title='bbox 660 3805 714 3849; x_wconf 91' lang='lat' dir='ltr'><strong>et</strong></span> <span class='ocrx_word' id='word_1_304' title='bbox 740 3794 809 3849; x_wconf 89' lang='lat' dir='ltr'><strong>ad</strong></span> <span class='ocrx_word' id='word_1_305' title='bbox 836 3794 1012 3849; x_wconf 92' lang='lat' dir='ltr'><strong>locum</strong></span> <span class='ocrx_word' id='word_1_306' title='bbox 1049 3793 1196 3848; x_wconf 87' lang='lat' dir='ltr'><strong>illum</strong></span> <span class='ocrx_word' id='word_1_307' title='bbox 1228 3792 1480 3859; x_wconf 80' lang='lat' dir='ltr'><strong>transfer,</strong></span> <span class='ocrx_word' id='word_1_308' title='bbox 1513 3793 1601 3848; x_wconf 91' lang='lat' dir='ltr'><strong>ubi</strong></span> <span class='ocrx_word' id='word_1_309' title='bbox 1626 3792 1803 3850; x_wconf 89' lang='lat' dir='ltr'><strong>nullus</strong></span> 
     </span>
    </p>
   </div>
   <div class='ocr_carea' id='block_1_39' title="bbox 194 3882 1799 3957">
    <p class='ocr_par' dir='ltr' id='par_1_39' title="bbox 194 3882 1799 3957">
     <span class='ocr_line' id='line_1_39' title="bbox 194 3882 1799 3957; baseline -0.003 -16"><span class='ocrx_word' id='word_1_310' title='bbox 194 3885 505 3957; x_wconf 89' lang='lat' dir='ltr'><strong>hujusmodi</strong></span> <span class='ocrx_word' id='word_1_311' title='bbox 548 3885 825 3956; x_wconf 87' lang='lat' dir='ltr'><strong>quidpiam</strong></span> <span class='ocrx_word' id='word_1_312' title='bbox 860 3884 1137 3953; x_wconf 82' lang='lat' dir='ltr'><strong>proferet,</strong></span> <span class='ocrx_word' id='word_1_313' title='bbox 1185 3898 1357 3954; x_wconf 89' lang='lat' dir='ltr'><strong>neque</strong></span> <span class='ocrx_word' id='word_1_314' title='bbox 1403 3884 1517 3953; x_wconf 91' lang='lat' dir='ltr'><strong>ipse</strong></span> <span class='ocrx_word' id='word_1_315' title='bbox 1562 3882 1799 3937; x_wconf 83' lang='lat' dir='ltr'><strong>audiam.</strong></span> 
     </span>
    </p>
   </div>
   <div class='ocr_carea' id='block_1_40' title="bbox 193 3972 1804 4046">
    <p class='ocr_par' dir='ltr' id='par_1_40' title="bbox 193 3972 1804 4046">
     <span class='ocr_line' id='line_1_40' title="bbox 193 3972 1804 4046; baseline -0.005 -11"><span class='ocrx_word' id='word_1_316' title='bbox 193 3976 333 4035; x_wconf 77' lang='lat' dir='ltr'><strong>Novi</strong></span> <span class='ocrx_word' id='word_1_317' title='bbox 364 3975 615 4045; x_wconf 88' lang='lat' dir='ltr'><strong>equidem</strong></span> <span class='ocrx_word' id='word_1_318' title='bbox 643 4016 659 4040; x_wconf 94' lang='lat'><strong>,</strong></span> <span class='ocrx_word' id='word_1_319' title='bbox 689 3975 829 4046; x_wconf 88' lang='lat' dir='ltr'><strong>quod</strong></span> <span class='ocrx_word' id='word_1_320' title='bbox 864 3975 988 4029; x_wconf 87' lang='lat' dir='ltr'><strong>hinc</strong></span> <span class='ocrx_word' id='word_1_321' title='bbox 1015 3972 1365 4030; x_wconf 85' lang='lat' dir='ltr'><strong>excedentem</strong></span> <span class='ocrx_word' id='word_1_322' title='bbox 1389 3974 1686 4029; x_wconf 83' lang='lat' dir='ltr'><strong>exteriores</strong></span> <span class='ocrx_word' id='word_1_323' title='bbox 1710 3988 1804 4029; x_wconf 87' lang='lat' dir='ltr'><strong>ex-</strong></span> 
     </span>
    </p>
   </div>
   <div class='ocr_carea' id='block_1_41' title="bbox 195 4066 1803 4139">
    <p class='ocr_par' dir='ltr' id='par_1_41' title="bbox 195 4066 1803 4139">
     <span class='ocr_line' id='line_1_41' title="bbox 195 4066 1803 4139; baseline 0.001 -16"><span class='ocrx_word' id='word_1_324' title='bbox 195 4070 397 4139; x_wconf 89' lang='lat' dir='ltr'><strong>cipient</strong></span> <span class='ocrx_word' id='word_1_325' title='bbox 424 4068 678 4134; x_wconf 56' lang='lat' dir='ltr'><strong>tenebrae,</strong></span> <span class='ocrx_word' id='word_1_326' title='bbox 707 4068 796 4124; x_wconf 90' lang='lat' dir='ltr'><strong>ubi</strong></span> <span class='ocrx_word' id='word_1_327' title='bbox 827 4067 985 4123; x_wconf 84' lang='lat' dir='ltr'><strong>ﬂetus</strong></span> <span class='ocrx_word' id='word_1_328' title='bbox 1013 4069 1199 4138; x_wconf 87' lang='lat' dir='ltr'><strong>ingens</strong></span> <span class='ocrx_word' id='word_1_329' title='bbox 1226 4076 1281 4123; x_wconf 92' lang='lat' dir='ltr'><strong>et</strong></span> <span class='ocrx_word' id='word_1_330' title='bbox 1300 4067 1498 4122; x_wconf 90' lang='lat' dir='ltr'><strong>stridor</strong></span> <span class='ocrx_word' id='word_1_331' title='bbox 1521 4066 1803 4124; x_wconf 82' lang='lat' dir='ltr'><strong>dentium:</strong></span> 
     </span>
    </p>
   </div>
   <div class='ocr_carea' id='block_1_42' title="bbox 196 4157 1807 4231">
    <p class='ocr_par' dir='ltr' id='par_1_42' title="bbox 196 4157 1807 4231">
     <span class='ocr_line' id='line_1_42' title="bbox 196 4157 1807 4231; baseline 0 -17"><span class='ocrx_word' id='word_1_332' title='bbox 196 4173 388 4216; x_wconf 87' lang='lat' dir='ltr'><strong>verum</strong></span> <span class='ocrx_word' id='word_1_333' title='bbox 426 4159 713 4231; x_wconf 87' lang='lat' dir='ltr'><strong>jucundius</strong></span> <span class='ocrx_word' id='word_1_334' title='bbox 758 4158 889 4214; x_wconf 88' lang='lat' dir='ltr'><strong>mihi</strong></span> <span class='ocrx_word' id='word_1_335' title='bbox 926 4167 1007 4213; x_wconf 90' lang='lat' dir='ltr'><strong>est</strong></span> <span class='ocrx_word' id='word_1_336' title='bbox 1047 4160 1239 4214; x_wconf 86' lang='lat' dir='ltr'><strong>dentes</strong></span> <span class='ocrx_word' id='word_1_337' title='bbox 1283 4158 1474 4213; x_wconf 88' lang='lat' dir='ltr'><strong>audire</strong></span> <span class='ocrx_word' id='word_1_338' title='bbox 1517 4157 1807 4214; x_wconf 88' lang='lat' dir='ltr'><strong>stridentes</strong></span> 
     </span>
    </p>
   </div>
   <div class='ocr_carea' id='block_1_43' title="bbox 196 4250 1808 4327">
    <p class='ocr_par' dir='ltr' id='par_1_43' title="bbox 196 4250 1808 4327">
     <span class='ocr_line' id='line_1_43' title="bbox 196 4250 1808 4327; baseline 0.001 -21"><span class='ocrx_word' id='word_1_339' title='bbox 196 4267 365 4324; x_wconf 89' lang='lat' dir='ltr'><strong>quam</strong></span> <span class='ocrx_word' id='word_1_340' title='bbox 391 4251 658 4327; x_wconf 77' lang='lat' dir='ltr'><strong>ejusmodi</strong></span> <span class='ocrx_word' id='word_1_341' title='bbox 697 4251 858 4307; x_wconf 91' lang='lat' dir='ltr'><strong>verba</strong></span> <span class='ocrx_word' id='word_1_342' title='bbox 883 4251 1149 4322; x_wconf 90' lang='lat' dir='ltr'><strong>jactantes</strong></span> <span class='ocrx_word' id='word_1_343' title='bbox 1176 4250 1441 4307; x_wconf 86' lang='lat' dir='ltr'><strong>homines.</strong></span> <span class='ocrx_word' id='word_1_344' title='bbox 1475 4250 1674 4307; x_wconf 81' lang='lat' dir='ltr'><strong>Videas</strong></span> <span class='ocrx_word' id='word_1_345' title='bbox 1708 4266 1808 4307; x_wconf 92' lang='lat' dir='ltr'><strong>au-</strong></span> 
     </span>
    </p>
   </div>
   <div class='ocr_carea' id='block_1_44' title="bbox 199 4343 1808 4416">
    <p class='ocr_par' dir='ltr' id='par_1_44' title="bbox 199 4343 1808 4416">
     <span class='ocr_line' id='line_1_44' title="bbox 199 4343 1808 4416; baseline -0.001 -16"><span class='ocrx_word' id='word_1_346' title='bbox 199 4355 309 4401; x_wconf 88' lang='lat' dir='ltr'><strong>tem</strong></span> <span class='ocrx_word' id='word_1_347' title='bbox 353 4360 442 4401; x_wconf 89' lang='lat' dir='ltr'><strong>me</strong></span> <span class='ocrx_word' id='word_1_348' title='bbox 486 4345 575 4400; x_wconf 90' lang='lat' dir='ltr'><strong>ille</strong></span> <span class='ocrx_word' id='word_1_349' title='bbox 610 4344 901 4400; x_wconf 89' lang='lat' dir='ltr'><strong>admodum</strong></span> <span class='ocrx_word' id='word_1_350' title='bbox 943 4344 1211 4416; x_wconf 82' lang='lat' dir='ltr'><strong>lugentem</strong></span> <span class='ocrx_word' id='word_1_351' title='bbox 1243 4361 1257 4398; x_wconf 92' lang='lat'><strong>:</strong></span> <span class='ocrx_word' id='word_1_352' title='bbox 1289 4344 1403 4400; x_wconf 84' lang='lat' dir='ltr'><strong>Non</strong></span> <span class='ocrx_word' id='word_1_353' title='bbox 1452 4343 1503 4399; x_wconf 91' lang='lat' dir='ltr'><strong>id</strong></span> <span class='ocrx_word' id='word_1_354' title='bbox 1528 4386 1543 4411; x_wconf 90' lang='lat'><strong>,</strong></span> <span class='ocrx_word' id='word_1_355' title='bbox 1588 4345 1808 4415; x_wconf 89' lang='lat' dir='ltr'><strong>inquit,</strong></span> 
     </span>
    </p>
   </div>
   <div class='ocr_carea' id='block_1_45' title="bbox 199 4434 1809 4510">
    <p class='ocr_par' dir='ltr' id='par_1_45' title="bbox 199 4434 1809 4510">
     <span class='ocr_line' id='line_1_45' title="bbox 199 4434 1809 4510; baseline -0.002 -16"><span class='ocrx_word' id='word_1_356' title='bbox 199 4449 418 4510; x_wconf 84' lang='lat' dir='ltr'><strong>tempus</strong></span> <span class='ocrx_word' id='word_1_357' title='bbox 448 4437 680 4508; x_wconf 86' lang='lat' dir='ltr'><strong>postulat</strong></span> <span class='ocrx_word' id='word_1_358' title='bbox 710 4454 724 4491; x_wconf 90' lang='lat'>:</span> <span class='ocrx_word' id='word_1_359' title='bbox 758 4450 933 4507; x_wconf 89' lang='lat' dir='ltr'><strong>neque</strong></span> <span class='ocrx_word' id='word_1_360' title='bbox 972 4436 1116 4491; x_wconf 91' lang='lat' dir='ltr'><strong>enim</strong></span> <span class='ocrx_word' id='word_1_361' title='bbox 1153 4434 1237 4491; x_wconf 88' lang='lat' dir='ltr'><strong>bis</strong></span> <span class='ocrx_word' id='word_1_362' title='bbox 1270 4436 1522 4507; x_wconf 86' lang='lat' dir='ltr'><strong>Iacrymis</strong></span> <span class='ocrx_word' id='word_1_363' title='bbox 1558 4449 1653 4490; x_wconf 92' lang='lat' dir='ltr'><strong>eos</strong></span> <span class='ocrx_word' id='word_1_364' title='bbox 1673 4475 1691 4502; x_wconf 91' lang='lat'><strong>,</strong></span> <span class='ocrx_word' id='word_1_365' title='bbox 1720 4435 1809 4506; x_wconf 92' lang='lat' dir='ltr'><strong>qui</strong></span> 
     </span>
    </p>
   </div>
   <div class='ocr_carea' id='block_1_46' title="bbox 197 4528 1810 4600">
    <p class='ocr_par' dir='ltr' id='par_1_46' title="bbox 197 4528 1810 4600">
     <span class='ocr_line' id='line_1_46' title="bbox 197 4528 1810 4600; baseline -0.003 -17"><span class='ocrx_word' id='word_1_366' title='bbox 197 4533 311 4600; x_wconf 81' lang='lat' dir='ltr'><strong>jam</strong></span> <span class='ocrx_word' id='word_1_367' title='bbox 353 4530 633 4600; x_wconf 88' lang='lat' dir='ltr'><strong>perierunt</strong></span> <span class='ocrx_word' id='word_1_368' title='bbox 668 4540 722 4585; x_wconf 92' lang='lat' dir='ltr'><strong>et</strong></span> <span class='ocrx_word' id='word_1_369' title='bbox 760 4528 999 4599; x_wconf 89' lang='lat' dir='ltr'><strong>quotidie</strong></span> <span class='ocrx_word' id='word_1_370' title='bbox 1040 4537 1300 4599; x_wconf 89' lang='lat' dir='ltr'><strong>pereunt,</strong></span> <span class='ocrx_word' id='word_1_371' title='bbox 1340 4542 1662 4599; x_wconf 88' lang='lat' dir='ltr'><strong>recuperare</strong></span> <span class='ocrx_word' id='word_1_372' title='bbox 1688 4541 1810 4581; x_wconf 87' lang='lat' dir='ltr'><strong>um-</strong></span> 
     </span>
    </p>
   </div>
   <div class='ocr_carea' id='block_1_47' title="bbox 202 4619 1812 4692">
    <p class='ocr_par' dir='ltr' id='par_1_47' title="bbox 202 4619 1812 4692">
     <span class='ocr_line' id='line_1_47' title="bbox 202 4619 1812 4692; baseline -0.002 -15"><span class='ocrx_word' id='word_1_373' title='bbox 202 4636 368 4691; x_wconf 87' lang='lat' dir='ltr'><strong>quam</strong></span> <span class='ocrx_word' id='word_1_374' title='bbox 408 4621 612 4691; x_wconf 89' lang='lat' dir='ltr'><strong>poteris</strong></span> <span class='ocrx_word' id='word_1_375' title='bbox 653 4639 667 4676; x_wconf 91' lang='lat'><strong>:</strong></span> <span class='ocrx_word' id='word_1_376' title='bbox 706 4636 879 4692; x_wconf 90' lang='lat' dir='ltr'><strong>neque</strong></span> <span class='ocrx_word' id='word_1_377' title='bbox 918 4621 1117 4677; x_wconf 87' lang='lat' dir='ltr'><strong>malum</strong></span> <span class='ocrx_word' id='word_1_378' title='bbox 1163 4621 1252 4677; x_wconf 90' lang='lat' dir='ltr'><strong>hic</strong></span> <span class='ocrx_word' id='word_1_379' title='bbox 1300 4620 1460 4675; x_wconf 82' lang='lat' dir='ltr'><strong>finem</strong></span> <span class='ocrx_word' id='word_1_380' title='bbox 1505 4619 1812 4674; x_wconf 78' lang='lat' dir='ltr'><strong>habiturum</strong></span> 
     </span>
    </p>
   </div>
   <div class='ocr_carea' id='block_1_48' title="bbox 204 4711 1815 4784">
    <p class='ocr_par' dir='ltr' id='par_1_48' title="bbox 204 4711 1815 4784">
     <span class='ocr_line' id='line_1_48' title="bbox 204 4711 1815 4784; baseline -0.001 -16"><span class='ocrx_word' id='word_1_381' title='bbox 204 4723 357 4783; x_wconf 91' lang='lat' dir='ltr'><strong>puto.</strong></span> <span class='ocrx_word' id='word_1_382' title='bbox 406 4711 515 4769; x_wconf 87' lang='lat' dir='ltr'><strong>Sed</strong></span> <span class='ocrx_word' id='word_1_383' title='bbox 564 4712 953 4783; x_wconf 90' lang='lat' dir='ltr'><strong>providendum</strong></span> <span class='ocrx_word' id='word_1_384' title='bbox 999 4722 1083 4768; x_wconf 89' lang='lat' dir='ltr'><strong>est</strong></span> <span class='ocrx_word' id='word_1_385' title='bbox 1110 4754 1125 4781; x_wconf 93' lang='lat'><strong>,</strong></span> <span class='ocrx_word' id='word_1_386' title='bbox 1171 4720 1231 4767; x_wconf 91' lang='lat' dir='ltr'><strong>ut</strong></span> <span class='ocrx_word' id='word_1_387' title='bbox 1282 4728 1472 4784; x_wconf 90' lang='lat' dir='ltr'><strong>rogum</strong></span> <span class='ocrx_word' id='word_1_388' title='bbox 1517 4713 1676 4768; x_wconf 90' lang='lat' dir='ltr'><strong>istum</strong></span> <span class='ocrx_word' id='word_1_389' title='bbox 1721 4727 1815 4767; x_wconf 83' lang='lat' dir='ltr'><strong>ex-</strong></span> 
     </span>
    </p>
   </div>
   <div class='ocr_carea' id='block_1_49' title="bbox 205 4805 1816 4880">
    <p class='ocr_par' dir='ltr' id='par_1_49' title="bbox 205 4805 1816 4880">
     <span class='ocr_line' id='line_1_49' title="bbox 205 4805 1816 4880; baseline -0.001 -18"><span class='ocrx_word' id='word_1_390' title='bbox 205 4809 566 4880; x_wconf 87' lang='lat' dir='ltr'><strong>stinguamus,</strong></span> <span class='ocrx_word' id='word_1_391' title='bbox 601 4805 849 4877; x_wconf 87' lang='lat' dir='ltr'><strong>hancque</strong></span> <span class='ocrx_word' id='word_1_392' title='bbox 874 4816 1078 4878; x_wconf 88' lang='lat' dir='ltr'><strong>pestem</strong></span> <span class='ocrx_word' id='word_1_393' title='bbox 1107 4807 1456 4863; x_wconf 85' lang='lat' dir='ltr'><strong>cohibeamus</strong></span> <span class='ocrx_word' id='word_1_394' title='bbox 1480 4825 1495 4862; x_wconf 89' lang='lat'><strong>:</strong></span> <span class='ocrx_word' id='word_1_395' title='bbox 1519 4822 1583 4863; x_wconf 90' lang='lat' dir='ltr'><strong>ac</strong></span> <span class='ocrx_word' id='word_1_396' title='bbox 1611 4807 1658 4862; x_wconf 89' lang='lat' dir='ltr'><strong>si</strong></span> <span class='ocrx_word' id='word_1_397' title='bbox 1684 4806 1816 4861; x_wconf 86' lang='lat' dir='ltr'><strong>mihi</strong></span> 
     </span>
    </p>
   </div>
   <div class='ocr_carea' id='block_1_50' title="bbox 207 4898 1821 4971">
    <p class='ocr_par' dir='ltr' id='par_1_50' title="bbox 207 4898 1821 4971">
     <span class='ocr_line' id='line_1_50' title="bbox 207 4898 1821 4971; baseline -0.002 -15"><span class='ocrx_word' id='word_1_398' title='bbox 207 4916 421 4956; x_wconf 88' lang='lat' dir='ltr'><strong>morem</strong></span> <span class='ocrx_word' id='word_1_399' title='bbox 452 4900 686 4971; x_wconf 73' lang='lat' dir='ltr'><strong>gesseris</strong></span> <span class='ocrx_word' id='word_1_400' title='bbox 705 4941 720 4967; x_wconf 93' lang='lat'><strong>,</strong></span> <span class='ocrx_word' id='word_1_401' title='bbox 751 4899 834 4955; x_wconf 90' lang='lat' dir='ltr'><strong>bis</strong></span> <span class='ocrx_word' id='word_1_402' title='bbox 864 4899 1043 4955; x_wconf 87' lang='lat' dir='ltr'><strong>missis</strong></span> <span class='ocrx_word' id='word_1_403' title='bbox 1074 4899 1286 4955; x_wconf 86' lang='lat' dir='ltr'><strong>ﬂetibus</strong></span> <span class='ocrx_word' id='word_1_404' title='bbox 1313 4899 1506 4954; x_wconf 86' lang='lat' dir='ltr'><strong>librum</strong></span> <span class='ocrx_word' id='word_1_405' title='bbox 1536 4898 1687 4965; x_wconf 90' lang='lat' dir='ltr'><strong>edes,</strong></span> <span class='ocrx_word' id='word_1_406' title='bbox 1710 4913 1821 4969; x_wconf 76' lang='lat' dir='ltr'><strong>quo</strong></span> 
     </span>
    </p>
   </div>
   <div class='ocr_carea' id='block_1_51' title="bbox 208 4988 1815 5066">
    <p class='ocr_par' dir='ltr' id='par_1_51' title="bbox 208 4988 1815 5066">
     <span class='ocr_line' id='line_1_51' title="bbox 208 4988 1815 5066; baseline -0.004 -15"><span class='ocrx_word' id='word_1_407' title='bbox 208 4996 374 5066; x_wconf 60' lang='lat' dir='ltr'><strong>aegris</strong></span> <span class='ocrx_word' id='word_1_408' title='bbox 406 4991 715 5063; x_wconf 81' lang='lat' dir='ltr'><strong>ltttjusmodi</strong></span> <span class='ocrx_word' id='word_1_409' title='bbox 753 5007 816 5047; x_wconf 91' lang='lat' dir='ltr'><strong>ac</strong></span> <span class='ocrx_word' id='word_1_410' title='bbox 844 4988 1120 5048; x_wconf 86' lang='lat' dir='ltr'><strong>seditiosis</strong></span> <span class='ocrx_word' id='word_1_411' title='bbox 1150 4991 1353 5047; x_wconf 88' lang='lat' dir='ltr'><strong>monita</strong></span> <span class='ocrx_word' id='word_1_412' title='bbox 1387 4991 1541 5046; x_wconf 90' lang='lat' dir='ltr'><strong>dabis</strong></span> <span class='ocrx_word' id='word_1_413' title='bbox 1569 4990 1637 5044; x_wconf 91' lang='lat' dir='ltr'><strong>ad</strong></span> <span class='ocrx_word' id='word_1_414' title='bbox 1663 5005 1815 5046; x_wconf 89' lang='lat' dir='ltr'><strong>suam</strong></span> 
     </span>
    </p>
   </div>
   <div class='ocr_carea' id='block_1_52' title="bbox 207 5082 1822 5156">
    <p class='ocr_par' dir='ltr' id='par_1_52' title="bbox 207 5082 1822 5156">
     <span class='ocr_line' id='line_1_52' title="bbox 207 5082 1822 5156; baseline -0.003 -14"><span class='ocrx_word' id='word_1_415' title='bbox 207 5088 561 5156; x_wconf 88' lang='lat' dir='ltr'><strong>omniumque</strong></span> <span class='ocrx_word' id='word_1_416' title='bbox 585 5084 858 5139; x_wconf 89' lang='lat' dir='ltr'><strong>hominum</strong></span> <span class='ocrx_word' id='word_1_417' title='bbox 896 5083 1146 5140; x_wconf 89' lang='lat' dir='ltr'><strong>salutem.</strong></span> <span class='ocrx_word' id='word_1_418' title='bbox 1177 5083 1287 5138; x_wconf 88' lang='lat' dir='ltr'><strong>lloc</strong></span> <span class='ocrx_word' id='word_1_419' title='bbox 1314 5097 1414 5155; x_wconf 89' lang='lat' dir='ltr'><strong>ego</strong></span> <span class='ocrx_word' id='word_1_420' title='bbox 1450 5092 1729 5154; x_wconf 88' lang='lat' dir='ltr'><strong>assumpto</strong></span> <span class='ocrx_word' id='word_1_421' title='bbox 1754 5082 1822 5137; x_wconf 90' lang='lat' dir='ltr'><strong>li-</strong></span> 
     </span>
    </p>
   </div>
   <div class='ocr_carea' id='block_1_53' title="bbox 210 5174 1820 5246">
    <p class='ocr_par' dir='ltr' id='par_1_53' title="bbox 210 5174 1820 5246">
     <span class='ocr_line' id='line_1_53' title="bbox 210 5174 1820 5246; baseline -0.004 -12"><span class='ocrx_word' id='word_1_422' title='bbox 210 5180 334 5245; x_wconf 86' lang='lat' dir='ltr'><strong>bro,</strong></span> <span class='ocrx_word' id='word_1_423' title='bbox 382 5177 754 5233; x_wconf 86' lang='lat' dir='ltr'><strong>medicaminis</strong></span> <span class='ocrx_word' id='word_1_424' title='bbox 796 5175 1077 5246; x_wconf 88' lang='lat' dir='ltr'><strong>cujusdam</strong></span> <span class='ocrx_word' id='word_1_425' title='bbox 1104 5176 1224 5231; x_wconf 83' lang='lat' dir='ltr'><strong>vice</strong></span> <span class='ocrx_word' id='word_1_426' title='bbox 1256 5174 1407 5230; x_wconf 90' lang='lat' dir='ltr'><strong>illum</strong></span> <span class='ocrx_word' id='word_1_427' title='bbox 1442 5175 1820 5246; x_wconf 70' lang='lat' dir='ltr'><strong>aegrotandum</strong></span> 
     </span>
    </p>
   </div>
   <div class='ocr_carea' id='block_1_54' title="bbox 213 5265 1786 5342">
    <p class='ocr_par' dir='ltr' id='par_1_54' title="bbox 213 5265 1786 5342">
     <span class='ocr_line' id='line_1_54' title="bbox 213 5265 1786 5342; baseline -0.004 -16"><span class='ocrx_word' id='word_1_428' title='bbox 213 5272 267 5326; x_wconf 89' lang='lat' dir='ltr'><strong>in</strong></span> <span class='ocrx_word' id='word_1_429' title='bbox 297 5285 460 5325; x_wconf 82' lang='lat' dir='ltr'><strong>manu</strong></span> <span class='ocrx_word' id='word_1_430' title='bbox 487 5284 704 5342; x_wconf 88' lang='lat' dir='ltr'><strong>ponam.</strong></span> <span class='ocrx_word' id='word_1_431' title='bbox 731 5268 870 5326; x_wconf 89' lang='lat' dir='ltr'><strong>Sunt</strong></span> <span class='ocrx_word' id='word_1_432' title='bbox 896 5272 1041 5325; x_wconf 90' lang='lat' dir='ltr'><strong>enim</strong></span> <span class='ocrx_word' id='word_1_433' title='bbox 1068 5284 1135 5325; x_wconf 92' lang='lat' dir='ltr'><strong>ex</strong></span> <span class='ocrx_word' id='word_1_434' title='bbox 1164 5268 1357 5323; x_wconf 92' lang='lat' dir='ltr'><strong>horum</strong></span> <span class='ocrx_word' id='word_1_435' title='bbox 1393 5282 1620 5323; x_wconf 91' lang='lat' dir='ltr'><strong>numero</strong></span> <span class='ocrx_word' id='word_1_436' title='bbox 1651 5265 1786 5338; x_wconf 88' lang='lat' dir='ltr'><strong>pleri</strong></span> 
     </span>
    </p>
   </div>
   <div class='ocr_carea' id='block_1_55' title="bbox 212 5359 1822 5436">
    <p class='ocr_par' dir='ltr' id='par_1_55' title="bbox 212 5359 1822 5436">
     <span class='ocr_line' id='line_1_55' title="bbox 212 5359 1822 5436; baseline -0.002 -18"><span class='ocrx_word' id='word_1_437' title='bbox 212 5380 322 5436; x_wconf 91' lang='lat' dir='ltr'><strong>que</strong></span> <span class='ocrx_word' id='word_1_438' title='bbox 348 5364 480 5419; x_wconf 85' lang='lat' dir='ltr'><strong>mihi</strong></span> <span class='ocrx_word' id='word_1_439' title='bbox 508 5364 742 5419; x_wconf 85' lang='lat' dir='ltr'><strong>amicitia</strong></span> <span class='ocrx_word' id='word_1_440' title='bbox 761 5363 955 5435; x_wconf 87' lang='lat' dir='ltr'><strong>juncti,</strong></span> <span class='ocrx_word' id='word_1_441' title='bbox 978 5367 1071 5434; x_wconf 74' lang='lat' dir='ltr'><strong>qui</strong></span> <span class='ocrx_word' id='word_1_442' title='bbox 1091 5362 1360 5432; x_wconf 87' lang='lat' dir='ltr'><strong>patientur</strong></span> <span class='ocrx_word' id='word_1_443' title='bbox 1384 5376 1471 5416; x_wconf 89' lang='lat' dir='ltr'><strong>me</strong></span> <span class='ocrx_word' id='word_1_444' title='bbox 1499 5364 1645 5431; x_wconf 89' lang='lat' dir='ltr'><strong>ipsos</strong></span> <span class='ocrx_word' id='word_1_445' title='bbox 1670 5359 1822 5415; x_wconf 90' lang='lat' dir='ltr'><strong>adire</strong></span> 
     </span>
    </p>
   </div>
   <div class='ocr_carea' id='block_1_56' title="bbox 216 5450 1823 5527">
    <p class='ocr_par' dir='ltr' id='par_1_56' title="bbox 216 5450 1823 5527">
     <span class='ocr_line' id='line_1_56' title="bbox 216 5450 1823 5527; baseline -0.005 -14"><span class='ocrx_word' id='word_1_446' title='bbox 216 5458 388 5513; x_wconf 88' lang='lat' dir='ltr'><strong>semel</strong></span> <span class='ocrx_word' id='word_1_447' title='bbox 414 5466 469 5512; x_wconf 91' lang='lat' dir='ltr'><strong>et</strong></span> <span class='ocrx_word' id='word_1_448' title='bbox 491 5457 572 5511; x_wconf 89' lang='lat' dir='ltr'><strong>bis</strong></span> <span class='ocrx_word' id='word_1_449' title='bbox 594 5465 649 5511; x_wconf 91' lang='lat' dir='ltr'><strong>et</strong></span> <span class='ocrx_word' id='word_1_450' title='bbox 672 5456 898 5527; x_wconf 88' lang='lat' dir='ltr'><strong>pluries,</strong></span> <span class='ocrx_word' id='word_1_451' title='bbox 930 5454 1161 5525; x_wconf 90' lang='lat' dir='ltr'><strong>novique</strong></span> <span class='ocrx_word' id='word_1_452' title='bbox 1184 5453 1304 5508; x_wconf 90' lang='lat' dir='ltr'><strong>illos</strong></span> <span class='ocrx_word' id='word_1_453' title='bbox 1322 5453 1431 5508; x_wconf 91' lang='lat' dir='ltr'><strong>cito</strong></span> <span class='ocrx_word' id='word_1_454' title='bbox 1453 5451 1521 5506; x_wconf 91' lang='lat' dir='ltr'><strong>ab</strong></span> <span class='ocrx_word' id='word_1_455' title='bbox 1545 5450 1646 5506; x_wconf 88' lang='lat' dir='ltr'><strong>hac</strong></span> <span class='ocrx_word' id='word_1_456' title='bbox 1669 5459 1823 5522; x_wconf 87' lang='lat' dir='ltr'><strong>peste</strong></span> 
     </span>
    </p>
   </div>
   <div class='ocr_carea' id='block_1_57' title="bbox 217 5543 1826 5617">
    <p class='ocr_par' dir='ltr' id='par_1_57' title="bbox 217 5543 1826 5617">
     <span class='ocr_line' id='line_1_57' title="bbox 217 5543 1826 5617; baseline -0.005 -12"><span class='ocrx_word' id='word_1_457' title='bbox 217 5547 531 5605; x_wconf 83' lang='lat' dir='ltr'><strong>liberandos</strong></span> <span class='ocrx_word' id='word_1_458' title='bbox 550 5562 692 5604; x_wconf 81' lang='lat' dir='ltr'><strong>esse.</strong></span> <span class='ocrx_word' id='word_1_459' title='bbox 710 5546 789 5601; x_wconf 86' lang='lat' dir='ltr'><strong>Tu</strong></span> <span class='ocrx_word' id='word_1_460' title='bbox 809 5546 1048 5617; x_wconf 89' lang='lat' dir='ltr'><strong>quidem,</strong></span> <span class='ocrx_word' id='word_1_461' title='bbox 1067 5543 1322 5615; x_wconf 86' lang='lat' dir='ltr'><strong>respondi</strong></span> <span class='ocrx_word' id='word_1_462' title='bbox 1349 5559 1469 5615; x_wconf 88' lang='lat' dir='ltr'><strong>ego,</strong></span> <span class='ocrx_word' id='word_1_463' title='bbox 1503 5558 1572 5598; x_wconf 85' lang='lat' dir='ltr'><strong>ex</strong></span> <span class='ocrx_word' id='word_1_464' title='bbox 1600 5543 1826 5597; x_wconf 86' lang='lat' dir='ltr'><strong>caritate</strong></span> 
     </span>
    </p>
   </div>
   <div class='ocr_carea' id='block_1_58' title="bbox 218 5635 1826 5698">
    <p class='ocr_par' dir='ltr' id='par_1_58' title="bbox 218 5635 1826 5698">
     <span class='ocr_line' id='line_1_58' title="bbox 218 5635 1826 5698; baseline -0.004 0"><span class='ocrx_word' id='word_1_465' title='bbox 218 5650 312 5698; x_wconf 81' lang='lat' dir='ltr'><strong>tua</strong></span> <span class='ocrx_word' id='word_1_466' title='bbox 344 5642 491 5697; x_wconf 71' lang='lat' dir='ltr'><strong>Vires</strong></span> <span class='ocrx_word' id='word_1_467' title='bbox 518 5635 729 5696; x_wconf 79' lang='lat' dir='ltr'><strong>metiris</strong></span> <span class='ocrx_word' id='word_1_468' title='bbox 766 5651 1015 5696; x_wconf 88' lang='lat' dir='ltr'><strong>nostras:</strong></span> <span class='ocrx_word' id='word_1_469' title='bbox 1046 5639 1177 5695; x_wconf 90' lang='lat' dir='ltr'><strong>mihi</strong></span> <span class='ocrx_word' id='word_1_470' title='bbox 1214 5653 1345 5695; x_wconf 90' lang='lat' dir='ltr'><strong>vero</strong></span> <span class='ocrx_word' id='word_1_471' title='bbox 1376 5638 1520 5693; x_wconf 91' lang='lat' dir='ltr'><strong>nulla</strong></span> <span class='ocrx_word' id='word_1_472' title='bbox 1560 5636 1702 5693; x_wconf 90' lang='lat' dir='ltr'><strong>inest</strong></span> <span class='ocrx_word' id='word_1_473' title='bbox 1744 5636 1826 5691; x_wconf 85' lang='lat' dir='ltr'><strong>vis</strong></span> 
     </span>
    </p>
   </div>
   <div class='ocr_carea' id='block_1_59' title="bbox 222 5771 1827 5895">
    <p class='ocr_par' dir='ltr' id='par_1_59' title="bbox 222 5771 1827 5895">
     <span class='ocr_line' id='line_1_59' title="bbox 222 5771 1827 5895; baseline -0.002 -67"><span class='ocrx_word' id='word_1_474' title='bbox 222 5781 443 5895; x_wconf 40' lang='grc' dir='ltr'><strong>ὡςέυὲ</strong></span> <span class='ocrx_word' id='word_1_475' title='bbox 469 5786 600 5891; x_wconf 44' lang='lat' dir='ltr'><strong>tatas,</strong></span> <span class='ocrx_word' id='word_1_476' title='bbox 622 5774 922 5827; x_wconf 72' lang='lat' dir='ltr'><strong>Pliarasthci.</strong></span> <span class='ocrx_word' id='word_1_477' title='bbox 966 5784 1062 5828; x_wconf 75' lang='lat' dir='ltr'><strong>Hoc</strong></span> <span class='ocrx_word' id='word_1_478' title='bbox 1084 5788 1266 5826; x_wconf 87' lang='lat' dir='ltr'><strong>nomen</strong></span> <span class='ocrx_word' id='word_1_479' title='bbox 1283 5778 1563 5837; x_wconf 86' lang='lat' dir='ltr'><strong>corruptum</strong></span> <span class='ocrx_word' id='word_1_480' title='bbox 1589 5779 1695 5837; x_wconf 83' lang='lat' dir='ltr'><strong>est;</strong></span> <span class='ocrx_word' id='word_1_481' title='bbox 1714 5771 1827 5824; x_wconf 79' lang='lat' dir='ltr'><strong>the</strong></span> 
     </span>
    </p>
   </div>
   <div class='ocr_carea' id='block_1_60' title="bbox 910 370 2674 444">
    <p class='ocr_par' dir='ltr' id='par_1_60' title="bbox 910 370 2674 444">
     <span class='ocr_line' id='line_1_60' title="bbox 910 370 2674 444; baseline 0.003 -6"><span class='ocrx_word' id='word_1_482' title='bbox 910 380 1278 440; x_wconf 69' lang='lat' dir='ltr'><strong>aovsasus</strong></span> <span class='ocrx_word' id='word_1_483' title='bbox 1314 382 1862 444; x_wconf 72' lang='lat' dir='ltr'><strong>OPPIEGNATORES</strong></span> <span class='ocrx_word' id='word_1_484' title='bbox 1899 386 2088 444; x_wconf 70' lang='lat' dir='ltr'><strong>tum</strong></span> <span class='ocrx_word' id='word_1_485' title='bbox 2131 385 2426 444; x_wconf 70' lang='lat' dir='ltr'><strong>uomsr.</strong></span> <span class='ocrx_word' id='word_1_486' title='bbox 2467 370 2597 444; x_wconf 80' lang='lat' dir='ltr'><strong>Lm.</strong></span> <span class='ocrx_word' id='word_1_487' title='bbox 2630 387 2674 444; x_wconf 87' lang='grc' dir='ltr'><strong>ι.</strong></span> 
     </span>
    </p>
   </div>
   <div class='ocr_carea' id='block_1_61' title="bbox 3355 393 3463 449">
    <p class='ocr_par' dir='ltr' id='par_1_61' title="bbox 3355 393 3463 449">
     <span class='ocr_line' id='line_1_61' title="bbox 3355 393 3463 449; baseline -0.019 -1"><span class='ocrx_word' id='word_1_488' title='bbox 3355 393 3463 449; x_wconf 66' lang='lat'><strong>32‘}.</strong></span> 
     </span>
    </p>
   </div>
   <div class='ocr_carea' id='block_1_62' title="bbox 1873 498 3463 577">
    <p class='ocr_par' dir='ltr' id='par_1_62' title="bbox 1873 498 3463 577">
     <span class='ocr_line' id='line_1_62' title="bbox 1873 498 3463 577; baseline 0.004 -24"><span class='ocrx_word' id='word_1_489' title='bbox 1873 498 2107 567; x_wconf 89' lang='lat' dir='ltr'><strong>dicendi,</strong></span> <span class='ocrx_word' id='word_1_490' title='bbox 2137 508 2192 555; x_wconf 91' lang='lat' dir='ltr'><strong>et</strong></span> <span class='ocrx_word' id='word_1_491' title='bbox 2219 516 2304 566; x_wconf 88' lang='lat' dir='ltr'><strong>ea,</strong></span> <span class='ocrx_word' id='word_1_492' title='bbox 2332 516 2450 572; x_wconf 66' lang='lat' dir='ltr'><strong>quae</strong></span> <span class='ocrx_word' id='word_1_493' title='bbox 2480 501 2655 557; x_wconf 81' lang='lat' dir='ltr'><strong>inesse</strong></span> <span class='ocrx_word' id='word_1_494' title='bbox 2680 500 2907 571; x_wconf 86' lang='lat' dir='ltr'><strong>videtur,</strong></span> <span class='ocrx_word' id='word_1_495' title='bbox 2934 501 2985 557; x_wconf 92' lang='lat' dir='ltr'><strong>in</strong></span> <span class='ocrx_word' id='word_1_496' title='bbox 3017 501 3118 560; x_wconf 90' lang='lat' dir='ltr'><strong>hoc</strong></span> <span class='ocrx_word' id='word_1_497' title='bbox 3145 516 3463 577; x_wconf 84' lang='lat' dir='ltr'><strong>argumento</strong></span> 
     </span>
    </p>
   </div>
   <div class='ocr_carea' id='block_1_63' title="bbox 1872 589 3466 664">
    <p class='ocr_par' dir='ltr' id='par_1_63' title="bbox 1872 589 3466 664">
     <span class='ocr_line' id='line_1_63' title="bbox 1872 589 3466 664; baseline 0.005 -20"><span class='ocrx_word' id='word_1_498' title='bbox 1872 589 1949 645; x_wconf 86' lang='lat' dir='ltr'><strong>uti</strong></span> <span class='ocrx_word' id='word_1_499' title='bbox 1993 590 2156 660; x_wconf 90' lang='lat' dir='ltr'><strong>pudet</strong></span> <span class='ocrx_word' id='word_1_500' title='bbox 2198 607 2286 646; x_wconf 88' lang='lat' dir='ltr'><strong>me</strong></span> <span class='ocrx_word' id='word_1_501' title='bbox 2318 610 2332 648; x_wconf 90' lang='lat'><strong>:</strong></span> <span class='ocrx_word' id='word_1_502' title='bbox 2364 607 2462 647; x_wconf 91' lang='lat' dir='ltr'><strong>nec</strong></span> <span class='ocrx_word' id='word_1_503' title='bbox 2500 593 2662 647; x_wconf 88' lang='lat' dir='ltr'><strong>alium</strong></span> <span class='ocrx_word' id='word_1_504' title='bbox 2698 608 3020 664; x_wconf 85' lang='lat' dir='ltr'><strong>quemquam</strong></span> <span class='ocrx_word' id='word_1_505' title='bbox 3063 594 3135 651; x_wconf 84' lang='lat' dir='ltr'><strong>ita</strong></span> <span class='ocrx_word' id='word_1_506' title='bbox 3164 611 3372 660; x_wconf 84' lang='lat' dir='ltr'><strong>vereor.</strong></span> <span class='ocrx_word' id='word_1_507' title='bbox 3407 610 3466 657; x_wconf 82' lang='lat' dir='ltr'><strong>Ut</strong></span> 
     </span>
    </p>
   </div>
   <div class='ocr_carea' id='block_1_64' title="bbox 1870 683 3464 756">
    <p class='ocr_par' dir='ltr' id='par_1_64' title="bbox 1870 683 3464 756">
     <span class='ocr_line' id='line_1_64' title="bbox 1870 683 3464 756; baseline 0.004 -20"><span class='ocrx_word' id='word_1_508' title='bbox 1870 683 2098 751; x_wconf 87' lang='lat' dir='ltr'><strong>gentiles</strong></span> <span class='ocrx_word' id='word_1_509' title='bbox 2123 696 2333 749; x_wconf 89' lang='lat' dir='ltr'><strong>omnes,</strong></span> <span class='ocrx_word' id='word_1_510' title='bbox 2365 691 2478 738; x_wconf 89' lang='lat' dir='ltr'><strong>tum</strong></span> <span class='ocrx_word' id='word_1_511' title='bbox 2506 697 2601 739; x_wconf 88' lang='lat' dir='ltr'><strong>eos</strong></span> <span class='ocrx_word' id='word_1_512' title='bbox 2633 684 2721 754; x_wconf 92' lang='lat' dir='ltr'><strong>qui</strong></span> <span class='ocrx_word' id='word_1_513' title='bbox 2752 685 2914 739; x_wconf 91' lang='lat' dir='ltr'><strong>modo</strong></span> <span class='ocrx_word' id='word_1_514' title='bbox 2942 695 3087 753; x_wconf 87' lang='lat' dir='ltr'><strong>sunt,</strong></span> <span class='ocrx_word' id='word_1_515' title='bbox 3114 695 3226 741; x_wconf 92' lang='lat' dir='ltr'><strong>tum</strong></span> <span class='ocrx_word' id='word_1_516' title='bbox 3256 701 3352 742; x_wconf 84' lang='lat' dir='ltr'><strong>eos</strong></span> <span class='ocrx_word' id='word_1_517' title='bbox 3375 695 3464 756; x_wconf 79' lang='lat' dir='ltr'><strong>qui</strong></span> 
     </span>
    </p>
   </div>
   <div class='ocr_carea' id='block_1_65' title="bbox 1874 774 3468 849">
    <p class='ocr_par' dir='ltr' id='par_1_65' title="bbox 1874 774 3468 849">
     <span class='ocr_line' id='line_1_65' title="bbox 1874 774 3468 849; baseline 0.002 -21"><span class='ocrx_word' id='word_1_518' title='bbox 1874 784 1996 845; x_wconf 90' lang='lat' dir='ltr'><strong>post</strong></span> <span class='ocrx_word' id='word_1_519' title='bbox 2023 774 2187 831; x_wconf 90' lang='lat' dir='ltr'><strong>futuri</strong></span> <span class='ocrx_word' id='word_1_520' title='bbox 2214 784 2360 843; x_wconf 89' lang='lat' dir='ltr'><strong>sunt,</strong></span> <span class='ocrx_word' id='word_1_521' title='bbox 2389 790 2523 847; x_wconf 87' lang='lat' dir='ltr'><strong>quos</strong></span> <span class='ocrx_word' id='word_1_522' title='bbox 2548 790 2649 847; x_wconf 85' lang='lat' dir='ltr'><strong>ego</strong></span> <span class='ocrx_word' id='word_1_523' title='bbox 2676 791 2782 831; x_wconf 90' lang='lat' dir='ltr'><strong>non</strong></span> <span class='ocrx_word' id='word_1_524' title='bbox 2813 777 2990 832; x_wconf 85' lang='lat' dir='ltr'><strong>minus</strong></span> <span class='ocrx_word' id='word_1_525' title='bbox 3014 793 3112 848; x_wconf 88' lang='lat' dir='ltr'><strong>pro</strong></span> <span class='ocrx_word' id='word_1_526' title='bbox 3136 778 3262 834; x_wconf 81' lang='lat' dir='ltr'><strong>vitae</strong></span> <span class='ocrx_word' id='word_1_527' title='bbox 3285 793 3468 849; x_wconf 87' lang='lat' dir='ltr'><strong>segm-</strong></span> 
     </span>
    </p>
   </div>
   <div class='ocr_carea' id='block_1_66' title="bbox 1876 862 3471 939">
    <p class='ocr_par' dir='ltr' id='par_1_66' title="bbox 1876 862 3471 939">
     <span class='ocr_line' id='line_1_66' title="bbox 1876 862 3471 939; baseline -0.001 -16"><span class='ocrx_word' id='word_1_528' title='bbox 1876 869 1969 935; x_wconf 88' lang='lat' dir='ltr'><strong>tie,</strong></span> <span class='ocrx_word' id='word_1_529' title='bbox 1999 882 2159 938; x_wconf 89' lang='lat' dir='ltr'><strong>quam</strong></span> <span class='ocrx_word' id='word_1_530' title='bbox 2185 883 2283 938; x_wconf 91' lang='lat' dir='ltr'><strong>pro</strong></span> <span class='ocrx_word' id='word_1_531' title='bbox 2306 868 2566 923; x_wconf 66' lang='lat' dir='ltr'><strong>doctrina:</strong></span> <span class='ocrx_word' id='word_1_532' title='bbox 2593 862 2801 923; x_wconf 79' lang='lat' dir='ltr'><strong>ratione</strong></span> <span class='ocrx_word' id='word_1_533' title='bbox 2829 883 3043 939; x_wconf 87' lang='lat' dir='ltr'><strong>semper</strong></span> <span class='ocrx_word' id='word_1_534' title='bbox 3067 883 3293 939; x_wconf 88' lang='lat' dir='ltr'><strong>carpere</strong></span> <span class='ocrx_word' id='word_1_535' title='bbox 3337 868 3471 925; x_wconf 79' lang='lat' dir='ltr'><strong>soli-</strong></span> 
     </span>
    </p>
   </div>
   <div class='ocr_carea' id='block_1_67' title="bbox 1882 956 3471 1028">
    <p class='ocr_par' dir='ltr' id='par_1_67' title="bbox 1882 956 3471 1028">
     <span class='ocr_line' id='line_1_67' title="bbox 1882 956 3471 1028; baseline 0.002 -16"><span class='ocrx_word' id='word_1_536' title='bbox 1882 967 1968 1012; x_wconf 93' lang='lat' dir='ltr'><strong>tus</strong></span> <span class='ocrx_word' id='word_1_537' title='bbox 1995 972 2136 1024; x_wconf 90' lang='lat' dir='ltr'><strong>sum,</strong></span> <span class='ocrx_word' id='word_1_538' title='bbox 2165 973 2233 1014; x_wconf 92' lang='lat' dir='ltr'><strong>ne</strong></span> <span class='ocrx_word' id='word_1_539' title='bbox 2272 959 2384 1028; x_wconf 84' lang='lat' dir='ltr'><strong>jam</strong></span> <span class='ocrx_word' id='word_1_540' title='bbox 2432 958 2578 1028; x_wconf 89' lang='lat' dir='ltr'><strong>ipsos</strong></span> <span class='ocrx_word' id='word_1_541' title='bbox 2605 957 2744 1012; x_wconf 89' lang='lat' dir='ltr'><strong>mala</strong></span> <span class='ocrx_word' id='word_1_542' title='bbox 2782 967 2965 1012; x_wconf 89' lang='lat' dir='ltr'><strong>nostra</strong></span> <span class='ocrx_word' id='word_1_543' title='bbox 2994 957 3239 1013; x_wconf 87' lang='lat' dir='ltr'><strong>doceam.</strong></span> <span class='ocrx_word' id='word_1_544' title='bbox 3266 956 3400 1013; x_wconf 84' lang='lat' dir='ltr'><strong>Nam</strong></span> <span class='ocrx_word' id='word_1_545' title='bbox 3427 957 3471 1016; x_wconf 83' lang='lat' dir='ltr'><strong>si</strong></span> 
     </span>
    </p>
   </div>
   <div class='ocr_carea' id='block_1_68' title="bbox 1877 1047 3474 1119">
    <p class='ocr_par' dir='ltr' id='par_1_68' title="bbox 1877 1047 3474 1119">
     <span class='ocr_line' id='line_1_68' title="bbox 1877 1047 3474 1119; baseline 0.002 -18"><span class='ocrx_word' id='word_1_546' title='bbox 1877 1047 1970 1118; x_wconf 89' lang='lat' dir='ltr'><strong>qui</strong></span> <span class='ocrx_word' id='word_1_547' title='bbox 1996 1063 2061 1103; x_wconf 91' lang='lat' dir='ltr'><strong>ex</strong></span> <span class='ocrx_word' id='word_1_548' title='bbox 2092 1048 2199 1103; x_wconf 88' lang='lat' dir='ltr'><strong>illis</strong></span> <span class='ocrx_word' id='word_1_549' title='bbox 2225 1048 2495 1104; x_wconf 89' lang='lat' dir='ltr'><strong>senserint</strong></span> <span class='ocrx_word' id='word_1_550' title='bbox 2524 1047 2668 1119; x_wconf 90' lang='lat' dir='ltr'><strong>apud</strong></span> <span class='ocrx_word' id='word_1_551' title='bbox 2695 1048 3030 1104; x_wconf 88' lang='lat' dir='ltr'><strong>Christianos</strong></span> <span class='ocrx_word' id='word_1_552' title='bbox 3066 1063 3186 1105; x_wconf 89' lang='lat' dir='ltr'><strong>esse</strong></span> <span class='ocrx_word' id='word_1_553' title='bbox 3227 1048 3474 1105; x_wconf 80' lang='lat' dir='ltr'><strong>homines</strong></span> 
     </span>
    </p>
   </div>
   <div class='ocr_carea' id='block_1_69' title="bbox 1880 1138 3475 1217">
    <p class='ocr_par' dir='ltr' id='par_1_69' title="bbox 1880 1138 3475 1217">
     <span class='ocr_line' id='line_1_69' title="bbox 1880 1138 3475 1217; baseline 0.001 -23"><span class='ocrx_word' id='word_1_554' title='bbox 1880 1139 2016 1195; x_wconf 90' lang='lat' dir='ltr'><strong>adeo</strong></span> <span class='ocrx_word' id='word_1_555' title='bbox 2031 1138 2215 1193; x_wconf 84' lang='lat' dir='ltr'><strong>virtuti</strong></span> <span class='ocrx_word' id='word_1_556' title='bbox 2242 1147 2298 1195; x_wconf 88' lang='lat' dir='ltr'><strong>et</strong></span> <span class='ocrx_word' id='word_1_557' title='bbox 2322 1138 2676 1209; x_wconf 75' lang='lat' dir='ltr'><strong>philosophiae</strong></span> <span class='ocrx_word' id='word_1_558' title='bbox 2706 1139 2972 1217; x_wconf 85' lang='lat' dir='ltr'><strong>inimicos,</strong></span> <span class='ocrx_word' id='word_1_559' title='bbox 2994 1149 3055 1196; x_wconf 90' lang='lat' dir='ltr'><strong>ut</strong></span> <span class='ocrx_word' id='word_1_560' title='bbox 3078 1154 3183 1195; x_wconf 88' lang='lat' dir='ltr'><strong>non</strong></span> <span class='ocrx_word' id='word_1_561' title='bbox 3206 1139 3368 1196; x_wconf 87' lang='lat' dir='ltr'><strong>modo</strong></span> <span class='ocrx_word' id='word_1_562' title='bbox 3392 1141 3475 1196; x_wconf 83' lang='lat' dir='ltr'><strong>la-</strong></span> 
     </span>
    </p>
   </div>
   <div class='ocr_carea' id='block_1_70' title="bbox 1880 1230 3475 1302">
    <p class='ocr_par' dir='ltr' id='par_1_70' title="bbox 1880 1230 3475 1302">
     <span class='ocr_line' id='line_1_70' title="bbox 1880 1230 3475 1302; baseline 0 -16"><span class='ocrx_word' id='word_1_563' title='bbox 1880 1230 2038 1287; x_wconf 89' lang='lat' dir='ltr'><strong>bores</strong></span> <span class='ocrx_word' id='word_1_564' title='bbox 2064 1232 2131 1285; x_wconf 87' lang='lat' dir='ltr'><strong>ad</strong></span> <span class='ocrx_word' id='word_1_565' title='bbox 2156 1245 2275 1286; x_wconf 88' lang='lat' dir='ltr'><strong>eam</strong></span> <span class='ocrx_word' id='word_1_566' title='bbox 2300 1230 2699 1301; x_wconf 88' lang='lat' dir='ltr'><strong>adipiscendam</strong></span> <span class='ocrx_word' id='word_1_567' title='bbox 2730 1230 3010 1302; x_wconf 77' lang='lat' dir='ltr'><strong>refugiant,</strong></span> <span class='ocrx_word' id='word_1_568' title='bbox 3035 1230 3133 1287; x_wconf 88' lang='lat' dir='ltr'><strong>sed</strong></span> <span class='ocrx_word' id='word_1_569' title='bbox 3171 1246 3240 1288; x_wconf 88' lang='lat' dir='ltr'><strong>ne</strong></span> <span class='ocrx_word' id='word_1_570' title='bbox 3276 1231 3345 1287; x_wconf 90' lang='lat' dir='ltr'><strong>de</strong></span> <span class='ocrx_word' id='word_1_571' title='bbox 3384 1230 3475 1286; x_wconf 77' lang='lat' dir='ltr'><strong>illa</strong></span> 
     </span>
    </p>
   </div>
   <div class='ocr_carea' id='block_1_71' title="bbox 1880 1320 3476 1392">
    <p class='ocr_par' dir='ltr' id='par_1_71' title="bbox 1880 1320 3476 1392">
     <span class='ocr_line' id='line_1_71' title="bbox 1880 1320 3476 1392; baseline 0.001 -17"><span class='ocrx_word' id='word_1_572' title='bbox 1880 1321 2096 1392; x_wconf 91' lang='lat' dir='ltr'><strong>quidem</strong></span> <span class='ocrx_word' id='word_1_573' title='bbox 2122 1321 2284 1378; x_wconf 88' lang='lat' dir='ltr'><strong>verba</strong></span> <span class='ocrx_word' id='word_1_574' title='bbox 2312 1320 2489 1378; x_wconf 89' lang='lat' dir='ltr'><strong>facere</strong></span> <span class='ocrx_word' id='word_1_575' title='bbox 2511 1321 2710 1389; x_wconf 87' lang='lat' dir='ltr'><strong>sinant,</strong></span> <span class='ocrx_word' id='word_1_576' title='bbox 2736 1322 2843 1377; x_wconf 90' lang='lat' dir='ltr'><strong>imo</strong></span> <span class='ocrx_word' id='word_1_577' title='bbox 2873 1337 2941 1377; x_wconf 91' lang='lat' dir='ltr'><strong>ne</strong></span> <span class='ocrx_word' id='word_1_578' title='bbox 2967 1322 3069 1378; x_wconf 88' lang='lat' dir='ltr'><strong>hac</strong></span> <span class='ocrx_word' id='word_1_579' title='bbox 3092 1328 3237 1377; x_wconf 90' lang='lat' dir='ltr'><strong>tanta</strong></span> <span class='ocrx_word' id='word_1_580' title='bbox 3258 1321 3476 1392; x_wconf 90' lang='lat' dir='ltr'><strong>quidem</strong></span> 
     </span>
    </p>
   </div>
   <div class='ocr_carea' id='block_1_72' title="bbox 1883 1411 3478 1482">
    <p class='ocr_par' dir='ltr' id='par_1_72' title="bbox 1883 1411 3478 1482">
     <span class='ocr_line' id='line_1_72' title="bbox 1883 1411 3478 1482; baseline 0 -16"><span class='ocrx_word' id='word_1_581' title='bbox 1883 1412 2093 1466; x_wconf 87' lang='lat' dir='ltr'><strong>insania</strong></span> <span class='ocrx_word' id='word_1_582' title='bbox 2117 1412 2388 1476; x_wconf 90' lang='lat' dir='ltr'><strong>contenti,</strong></span> <span class='ocrx_word' id='word_1_583' title='bbox 2422 1412 2467 1468; x_wconf 91' lang='lat' dir='ltr'><strong>si</strong></span> <span class='ocrx_word' id='word_1_584' title='bbox 2494 1427 2653 1482; x_wconf 92' lang='lat' dir='ltr'><strong>quem</strong></span> <span class='ocrx_word' id='word_1_585' title='bbox 2685 1412 2825 1467; x_wconf 87' lang='lat' dir='ltr'><strong>hanc</strong></span> <span class='ocrx_word' id='word_1_586' title='bbox 2856 1412 3230 1477; x_wconf 82' lang='lat' dir='ltr'><strong>consulentem</strong></span> <span class='ocrx_word' id='word_1_587' title='bbox 3255 1453 3271 1480; x_wconf 90' lang='lat'><strong>,</strong></span> <span class='ocrx_word' id='word_1_588' title='bbox 3299 1411 3478 1482; x_wconf 85' lang='lat' dir='ltr'><strong>dequo</strong></span> 
     </span>
    </p>
   </div>
   <div class='ocr_carea' id='block_1_73' title="bbox 1885 1501 3478 1574">
    <p class='ocr_par' dir='ltr' id='par_1_73' title="bbox 1885 1501 3478 1574">
     <span class='ocr_line' id='line_1_73' title="bbox 1885 1501 3478 1574; baseline 0 -16"><span class='ocrx_word' id='word_1_589' title='bbox 1885 1502 1973 1558; x_wconf 89' lang='lat' dir='ltr'><strong>illa</strong></span> <span class='ocrx_word' id='word_1_590' title='bbox 1999 1502 2352 1558; x_wconf 86' lang='lat' dir='ltr'><strong>disserentem</strong></span> <span class='ocrx_word' id='word_1_591' title='bbox 2376 1502 2625 1569; x_wconf 85' lang='lat' dir='ltr'><strong>videant,</strong></span> <span class='ocrx_word' id='word_1_592' title='bbox 2655 1503 2799 1558; x_wconf 89' lang='lat' dir='ltr'><strong>hunc</strong></span> <span class='ocrx_word' id='word_1_593' title='bbox 2830 1502 3063 1574; x_wconf 89' lang='lat' dir='ltr'><strong>undique</strong></span> <span class='ocrx_word' id='word_1_594' title='bbox 3090 1501 3399 1573; x_wconf 81' lang='lat' dir='ltr'><strong>expellant;</strong></span> <span class='ocrx_word' id='word_1_595' title='bbox 3431 1502 3478 1558; x_wconf 88' lang='lat' dir='ltr'><strong>si</strong></span> 
     </span>
    </p>
   </div>
   <div class='ocr_carea' id='block_1_74' title="bbox 1886 1592 3481 1663">
    <p class='ocr_par' dir='ltr' id='par_1_74' title="bbox 1886 1592 3481 1663">
     <span class='ocr_line' id='line_1_74' title="bbox 1886 1592 3481 1663; baseline -0.001 -16"><span class='ocrx_word' id='word_1_596' title='bbox 1886 1592 2018 1658; x_wconf 64' lang='lat' dir='ltr'><strong>hare,</strong></span> <span class='ocrx_word' id='word_1_597' title='bbox 2047 1593 2299 1663; x_wconf 89' lang='lat' dir='ltr'><strong>inquam,</strong></span> <span class='ocrx_word' id='word_1_598' title='bbox 2329 1593 2400 1647; x_wconf 92' lang='lat' dir='ltr'><strong>illi</strong></span> <span class='ocrx_word' id='word_1_599' title='bbox 2428 1593 2733 1661; x_wconf 89' lang='lat' dir='ltr'><strong>senserint,</strong></span> <span class='ocrx_word' id='word_1_600' title='bbox 2763 1594 2928 1647; x_wconf 88' lang='lat' dir='ltr'><strong>timeo</strong></span> <span class='ocrx_word' id='word_1_601' title='bbox 2956 1608 3024 1647; x_wconf 90' lang='lat' dir='ltr'><strong>ne</strong></span> <span class='ocrx_word' id='word_1_602' title='bbox 3048 1607 3147 1649; x_wconf 89' lang='lat' dir='ltr'><strong>nos</strong></span> <span class='ocrx_word' id='word_1_603' title='bbox 3168 1592 3481 1648; x_wconf 80' lang='lat' dir='ltr'><strong>existiment</strong></span> 
     </span>
    </p>
   </div>
   <div class='ocr_carea' id='block_1_75' title="bbox 1886 1681 3479 1750">
    <p class='ocr_par' dir='ltr' id='par_1_75' title="bbox 1886 1681 3479 1750">
     <span class='ocr_line' id='line_1_75' title="bbox 1886 1681 3479 1750; baseline -0.002 -12"><span class='ocrx_word' id='word_1_604' title='bbox 1886 1699 1991 1738; x_wconf 91' lang='lat' dir='ltr'><strong>non</strong></span> <span class='ocrx_word' id='word_1_605' title='bbox 2024 1683 2290 1750; x_wconf 88' lang='lat' dir='ltr'><strong>homines,</strong></span> <span class='ocrx_word' id='word_1_606' title='bbox 2314 1683 2410 1739; x_wconf 86' lang='lat' dir='ltr'><strong>sed</strong></span> <span class='ocrx_word' id='word_1_607' title='bbox 2440 1682 2600 1749; x_wconf 89' lang='lat' dir='ltr'><strong>feras,</strong></span> <span class='ocrx_word' id='word_1_608' title='bbox 2642 1690 2697 1737; x_wconf 91' lang='lat' dir='ltr'><strong>et</strong></span> <span class='ocrx_word' id='word_1_609' title='bbox 2726 1692 2967 1737; x_wconf 87' lang='lat' dir='ltr'><strong>monstra</strong></span> <span class='ocrx_word' id='word_1_610' title='bbox 3004 1682 3239 1738; x_wconf 90' lang='lat' dir='ltr'><strong>hominis</strong></span> <span class='ocrx_word' id='word_1_611' title='bbox 3278 1681 3479 1743; x_wconf 87' lang='lat' dir='ltr'><strong>forma.</strong></span> 
     </span>
    </p>
   </div>
   <div class='ocr_carea' id='block_1_76' title="bbox 1885 1772 3483 1845">
    <p class='ocr_par' dir='ltr' id='par_1_76' title="bbox 1885 1772 3483 1845">
     <span class='ocr_line' id='line_1_76' title="bbox 1885 1772 3483 1845; baseline -0.003 -15"><span class='ocrx_word' id='word_1_612' title='bbox 1885 1775 2265 1845; x_wconf 80' lang='lat' dir='ltr'><strong>dcemonasque</strong></span> <span class='ocrx_word' id='word_1_613' title='bbox 2290 1774 2551 1845; x_wconf 90' lang='lat' dir='ltr'><strong>quosdam</strong></span> <span class='ocrx_word' id='word_1_614' title='bbox 2582 1775 2803 1838; x_wconf 88' lang='lat' dir='ltr'><strong>noxios,</strong></span> <span class='ocrx_word' id='word_1_615' title='bbox 2840 1788 2904 1829; x_wconf 90' lang='lat' dir='ltr'><strong>ac</strong></span> <span class='ocrx_word' id='word_1_616' title='bbox 2938 1772 3240 1828; x_wconf 90' lang='lat' dir='ltr'><strong>communis</strong></span> <span class='ocrx_word' id='word_1_617' title='bbox 3278 1781 3483 1828; x_wconf 63' lang='lat' dir='ltr'><strong>natura:</strong></span> 
     </span>
    </p>
   </div>
   <div class='ocr_carea' id='block_1_77' title="bbox 1887 1862 3483 1932">
    <p class='ocr_par' dir='ltr' id='par_1_77' title="bbox 1887 1862 3483 1932">
     <span class='ocr_line' id='line_1_77' title="bbox 1887 1862 3483 1932; baseline -0.004 -9"><span class='ocrx_word' id='word_1_618' title='bbox 1887 1868 2163 1932; x_wconf 87' lang='lat' dir='ltr'><strong>inimicos,</strong></span> <span class='ocrx_word' id='word_1_619' title='bbox 2196 1882 2297 1922; x_wconf 91' lang='lat' dir='ltr'><strong>nec</strong></span> <span class='ocrx_word' id='word_1_620' title='bbox 2322 1867 2390 1921; x_wconf 91' lang='lat' dir='ltr'><strong>de</strong></span> <span class='ocrx_word' id='word_1_621' title='bbox 2420 1866 2662 1920; x_wconf 90' lang='lat' dir='ltr'><strong>sontibus</strong></span> <span class='ocrx_word' id='word_1_622' title='bbox 2693 1864 2881 1930; x_wconf 90' lang='lat' dir='ltr'><strong>modo,</strong></span> <span class='ocrx_word' id='word_1_623' title='bbox 2926 1864 3021 1919; x_wconf 88' lang='lat' dir='ltr'><strong>sed</strong></span> <span class='ocrx_word' id='word_1_624' title='bbox 3059 1864 3127 1919; x_wconf 89' lang='lat' dir='ltr'><strong>de</strong></span> <span class='ocrx_word' id='word_1_625' title='bbox 3168 1872 3273 1919; x_wconf 88' lang='lat' dir='ltr'><strong>tota</strong></span> <span class='ocrx_word' id='word_1_626' title='bbox 3323 1862 3483 1919; x_wconf 86' lang='lat' dir='ltr'><strong>simul</strong></span> 
     </span>
    </p>
   </div>
   <div class='ocr_carea' id='block_1_78' title="bbox 1886 1953 3483 2030">
    <p class='ocr_par' dir='ltr' id='par_1_78' title="bbox 1886 1953 3483 2030">
     <span class='ocr_line' id='line_1_78' title="bbox 1886 1953 3483 2030; baseline -0.003 -18"><span class='ocrx_word' id='word_1_627' title='bbox 1886 1968 2047 2030; x_wconf 88' lang='lat' dir='ltr'><strong>gente</strong></span> <span class='ocrx_word' id='word_1_628' title='bbox 2079 1958 2239 2013; x_wconf 86' lang='lat' dir='ltr'><strong>talem</strong></span> <span class='ocrx_word' id='word_1_629' title='bbox 2268 1958 2587 2012; x_wconf 89' lang='lat' dir='ltr'><strong>sententiam</strong></span> <span class='ocrx_word' id='word_1_630' title='bbox 2619 1954 2816 2011; x_wconf 87' lang='lat' dir='ltr'><strong>ferant.</strong></span> <span class='ocrx_word' id='word_1_631' title='bbox 2846 1954 3029 2010; x_wconf 82' lang='lat' dir='ltr'><strong>Atille</strong></span> <span class='ocrx_word' id='word_1_632' title='bbox 3050 1954 3268 2009; x_wconf 87' lang='lat' dir='ltr'><strong>ridens:</strong></span> <span class='ocrx_word' id='word_1_633' title='bbox 3298 1953 3483 2018; x_wconf 86' lang='lat' dir='ltr'><strong>Ludis,</strong></span> 
     </span>
    </p>
   </div>
   <div class='ocr_carea' id='block_1_79' title="bbox 1889 2045 3484 2120">
    <p class='ocr_par' dir='ltr' id='par_1_79' title="bbox 1889 2045 3484 2120">
     <span class='ocr_line' id='line_1_79' title="bbox 1889 2045 3484 2120; baseline -0.005 -15"><span class='ocrx_word' id='word_1_634' title='bbox 1889 2049 2083 2120; x_wconf 83' lang='lat' dir='ltr'><strong>inquit,</strong></span> <span class='ocrx_word' id='word_1_635' title='bbox 2104 2049 2229 2104; x_wconf 72' lang='lat' dir='ltr'><strong>lucc</strong></span> <span class='ocrx_word' id='word_1_636' title='bbox 2254 2049 2476 2103; x_wconf 89' lang='lat' dir='ltr'><strong>dicens:</strong></span> <span class='ocrx_word' id='word_1_637' title='bbox 2509 2062 2609 2118; x_wconf 87' lang='lat' dir='ltr'><strong>ego</strong></span> <span class='ocrx_word' id='word_1_638' title='bbox 2637 2047 2782 2102; x_wconf 89' lang='lat' dir='ltr'><strong>enim</strong></span> <span class='ocrx_word' id='word_1_639' title='bbox 2825 2046 3206 2117; x_wconf 89' lang='lat' dir='ltr'><strong>opportuniora</strong></span> <span class='ocrx_word' id='word_1_640' title='bbox 3249 2046 3360 2116; x_wconf 88' lang='lat' dir='ltr'><strong>jam</strong></span> <span class='ocrx_word' id='word_1_641' title='bbox 3404 2045 3484 2098; x_wconf 86' lang='lat' dir='ltr'><strong>Io-</strong></span> 
     </span>
    </p>
   </div>
   <div class='ocr_carea' id='block_1_80' title="bbox 1890 2134 3492 2211">
    <p class='ocr_par' dir='ltr' id='par_1_80' title="bbox 1890 2134 3492 2211">
     <span class='ocr_line' id='line_1_80' title="bbox 1890 2134 3492 2211; baseline -0.002 -17"><span class='ocrx_word' id='word_1_642' title='bbox 1890 2156 2045 2211; x_wconf 86' lang='lat' dir='ltr'><strong>quar,</strong></span> <span class='ocrx_word' id='word_1_643' title='bbox 2078 2140 2123 2195; x_wconf 88' lang='lat' dir='ltr'><strong>si</strong></span> <span class='ocrx_word' id='word_1_644' title='bbox 2150 2140 2355 2195; x_wconf 89' lang='lat' dir='ltr'><strong>vereris</strong></span> <span class='ocrx_word' id='word_1_645' title='bbox 2382 2154 2449 2195; x_wconf 93' lang='lat' dir='ltr'><strong>ne</strong></span> <span class='ocrx_word' id='word_1_646' title='bbox 2475 2155 2539 2194; x_wconf 86' lang='lat' dir='ltr'><strong>ex</strong></span> <span class='ocrx_word' id='word_1_647' title='bbox 2568 2139 2746 2197; x_wconf 84' lang='lat' dir='ltr'><strong>verbis</strong></span> <span class='ocrx_word' id='word_1_648' title='bbox 2773 2138 2880 2193; x_wconf 92' lang='lat' dir='ltr'><strong>tuis</strong></span> <span class='ocrx_word' id='word_1_649' title='bbox 2904 2137 2957 2192; x_wconf 93' lang='lat' dir='ltr'><strong>id</strong></span> <span class='ocrx_word' id='word_1_650' title='bbox 2982 2137 3245 2202; x_wconf 81' lang='lat' dir='ltr'><strong>ediscant,</strong></span> <span class='ocrx_word' id='word_1_651' title='bbox 3269 2152 3389 2207; x_wconf 70' lang='lat' dir='ltr'><strong>qua:</strong></span> <span class='ocrx_word' id='word_1_652' title='bbox 3413 2134 3492 2191; x_wconf 91' lang='lat' dir='ltr'><strong>illi</strong></span> 
     </span>
    </p>
   </div>
   <div class='ocr_carea' id='block_1_81' title="bbox 1886 2223 3490 2302">
    <p class='ocr_par' dir='ltr' id='par_1_81' title="bbox 1886 2223 3490 2302">
     <span class='ocr_line' id='line_1_81' title="bbox 1886 2223 3490 2302; baseline -0.002 -17"><span class='ocrx_word' id='word_1_653' title='bbox 1886 2231 1998 2301; x_wconf 90' lang='lat' dir='ltr'><strong>jam</strong></span> <span class='ocrx_word' id='word_1_654' title='bbox 2025 2231 2225 2286; x_wconf 92' lang='lat' dir='ltr'><strong>dudum</strong></span> <span class='ocrx_word' id='word_1_655' title='bbox 2257 2248 2324 2286; x_wconf 87' lang='lat' dir='ltr'><strong>ex</strong></span> <span class='ocrx_word' id='word_1_656' title='bbox 2354 2231 2487 2302; x_wconf 75' lang='lat' dir='ltr'><strong>ipsis</strong></span> <span class='ocrx_word' id='word_1_657' title='bbox 2511 2229 2766 2300; x_wconf 87' lang='lat' dir='ltr'><strong>operibus</strong></span> <span class='ocrx_word' id='word_1_658' title='bbox 2792 2223 3150 2285; x_wconf 74' lang='lat' dir='ltr'><strong>edidiceram.</strong></span> <span class='ocrx_word' id='word_1_659' title='bbox 3182 2228 3316 2283; x_wconf 87' lang='lat' dir='ltr'><strong>Natu</strong></span> <span class='ocrx_word' id='word_1_660' title='bbox 3344 2242 3408 2283; x_wconf 83' lang='lat' dir='ltr'><strong>ac</strong></span> <span class='ocrx_word' id='word_1_661' title='bbox 3444 2241 3490 2282; x_wconf 80' lang='lat' dir='ltr'><strong>Si</strong></span> 
     </span>
    </p>
   </div>
   <div class='ocr_carea' id='block_1_82' title="bbox 1894 2320 3489 2393">
    <p class='ocr_par' dir='ltr' id='par_1_82' title="bbox 1894 2320 3489 2393">
     <span class='ocr_line' id='line_1_82' title="bbox 1894 2320 3489 2393; baseline -0.004 -16"><span class='ocrx_word' id='word_1_662' title='bbox 1894 2324 2254 2393; x_wconf 87' lang='lat' dir='ltr'><strong>nequissimus</strong></span> <span class='ocrx_word' id='word_1_663' title='bbox 2278 2322 2469 2392; x_wconf 88' lang='lat' dir='ltr'><strong>aliquis</strong></span> <span class='ocrx_word' id='word_1_664' title='bbox 2506 2322 2728 2391; x_wconf 90' lang='lat' dir='ltr'><strong>spiritus</strong></span> <span class='ocrx_word' id='word_1_665' title='bbox 2754 2321 2995 2375; x_wconf 90' lang='lat' dir='ltr'><strong>omnium</strong></span> <span class='ocrx_word' id='word_1_666' title='bbox 3024 2320 3237 2374; x_wconf 87' lang='lat' dir='ltr'><strong>animos</strong></span> <span class='ocrx_word' id='word_1_667' title='bbox 3260 2328 3489 2386; x_wconf 68' lang='lat' dir='ltr'><strong>occum-</strong></span> 
     </span>
    </p>
   </div>
   <div class='ocr_carea' id='block_1_83' title="bbox 1892 2410 3493 2491">
    <p class='ocr_par' dir='ltr' id='par_1_83' title="bbox 1892 2410 3493 2491">
     <span class='ocr_line' id='line_1_83' title="bbox 1892 2410 3493 2491; baseline -0.004 -20"><span class='ocrx_word' id='word_1_668' title='bbox 1892 2416 1985 2481; x_wconf 88' lang='lat' dir='ltr'><strong>rit,</strong></span> <span class='ocrx_word' id='word_1_669' title='bbox 2018 2431 2113 2486; x_wconf 90' lang='lat' dir='ltr'><strong>per</strong></span> <span class='ocrx_word' id='word_1_670' title='bbox 2139 2426 2457 2470; x_wconf 90' lang='lat' dir='ltr'><strong>cunctorum</strong></span> <span class='ocrx_word' id='word_1_671' title='bbox 2487 2414 2667 2491; x_wconf 39' lang='lat' dir='ltr'><strong>ora‘bi</strong></span> <span class='ocrx_word' id='word_1_672' title='bbox 2709 2428 2991 2468; x_wconf 86' lang='lat' dir='ltr'><strong>sermones</strong></span> <span class='ocrx_word' id='word_1_673' title='bbox 3020 2420 3342 2476; x_wconf 87' lang='lat' dir='ltr'><strong>vertuntur;</strong></span> <span class='ocrx_word' id='word_1_674' title='bbox 3375 2410 3493 2465; x_wconf 88' lang='lat' dir='ltr'><strong>sive</strong></span> 
     </span>
    </p>
   </div>
   <div class='ocr_carea' id='block_1_84' title="bbox 1894 2502 3493 2573">
    <p class='ocr_par' dir='ltr' id='par_1_84' title="bbox 1894 2502 3493 2573">
     <span class='ocr_line' id='line_1_84' title="bbox 1894 2502 3493 2573; baseline -0.004 -10"><span class='ocrx_word' id='word_1_675' title='bbox 1894 2509 1947 2563; x_wconf 90' lang='lat' dir='ltr'><strong>in</strong></span> <span class='ocrx_word' id='word_1_676' title='bbox 1977 2508 2149 2568; x_wconf 89' lang='lat' dir='ltr'><strong>forum</strong></span> <span class='ocrx_word' id='word_1_677' title='bbox 2191 2518 2242 2563; x_wconf 93' lang='lat' dir='ltr'><strong>te</strong></span> <span class='ocrx_word' id='word_1_678' title='bbox 2267 2507 2586 2573; x_wconf 91' lang='lat' dir='ltr'><strong>contuleris,</strong></span> <span class='ocrx_word' id='word_1_679' title='bbox 2617 2508 2730 2560; x_wconf 89' lang='lat' dir='ltr'><strong>sive</strong></span> <span class='ocrx_word' id='word_1_680' title='bbox 2772 2506 2823 2559; x_wconf 92' lang='lat' dir='ltr'><strong>in</strong></span> <span class='ocrx_word' id='word_1_681' title='bbox 2858 2505 3111 2560; x_wconf 87' lang='lat' dir='ltr'><strong>tabernas</strong></span> <span class='ocrx_word' id='word_1_682' title='bbox 3134 2502 3493 2569; x_wconf 86' lang='lat' dir='ltr'><strong>medicorum,</strong></span> 
     </span>
    </p>
   </div>
   <div class='ocr_carea' id='block_1_85' title="bbox 1895 2595 3490 2671">
    <p class='ocr_par' dir='ltr' id='par_1_85' title="bbox 1895 2595 3490 2671">
     <span class='ocr_line' id='line_1_85' title="bbox 1895 2595 3490 2671; baseline -0.004 -15"><span class='ocrx_word' id='word_1_683' title='bbox 1895 2604 2009 2656; x_wconf 91' lang='lat' dir='ltr'><strong>sive</strong></span> <span class='ocrx_word' id='word_1_684' title='bbox 2041 2603 2094 2656; x_wconf 91' lang='lat' dir='ltr'><strong>in</strong></span> <span class='ocrx_word' id='word_1_685' title='bbox 2118 2601 2417 2671; x_wconf 90' lang='lat' dir='ltr'><strong>quamlibet</strong></span> <span class='ocrx_word' id='word_1_686' title='bbox 2443 2599 2588 2656; x_wconf 92' lang='lat' dir='ltr'><strong>urbis</strong></span> <span class='ocrx_word' id='word_1_687' title='bbox 2618 2607 2826 2670; x_wconf 88' lang='lat' dir='ltr'><strong>partem</strong></span> <span class='ocrx_word' id='word_1_688' title='bbox 2847 2641 2862 2667; x_wconf 95' lang='lat'><strong>,</strong></span> <span class='ocrx_word' id='word_1_689' title='bbox 2890 2598 2982 2654; x_wconf 92' lang='lat' dir='ltr'><strong>ubi</strong></span> <span class='ocrx_word' id='word_1_690' title='bbox 3006 2597 3201 2653; x_wconf 87' lang='lat' dir='ltr'><strong>sedere</strong></span> <span class='ocrx_word' id='word_1_691' title='bbox 3228 2597 3407 2653; x_wconf 91' lang='lat' dir='ltr'><strong>solent</strong></span> <span class='ocrx_word' id='word_1_692' title='bbox 3431 2595 3490 2662; x_wconf 90' lang='lat' dir='ltr'><strong>ii,</strong></span> 
     </span>
    </p>
   </div>
   <div class='ocr_carea' id='block_1_86' title="bbox 1895 2688 3499 2764">
    <p class='ocr_par' dir='ltr' id='par_1_86' title="bbox 1895 2688 3499 2764">
     <span class='ocr_line' id='line_1_86' title="bbox 1895 2688 3499 2764; baseline -0.003 -17"><span class='ocrx_word' id='word_1_693' title='bbox 1895 2692 1988 2764; x_wconf 89' lang='lat' dir='ltr'><strong>qui</strong></span> <span class='ocrx_word' id='word_1_694' title='bbox 2013 2692 2146 2746; x_wconf 86' lang='lat' dir='ltr'><strong>nihil</strong></span> <span class='ocrx_word' id='word_1_695' title='bbox 2176 2691 2386 2763; x_wconf 89' lang='lat' dir='ltr'><strong>operari</strong></span> <span class='ocrx_word' id='word_1_696' title='bbox 2413 2691 2618 2757; x_wconf 90' lang='lat' dir='ltr'><strong>volunt,</strong></span> <span class='ocrx_word' id='word_1_697' title='bbox 2643 2690 2849 2751; x_wconf 87' lang='lat' dir='ltr'><strong>videbis</strong></span> <span class='ocrx_word' id='word_1_698' title='bbox 2895 2690 3164 2760; x_wconf 89' lang='lat' dir='ltr'><strong>ingentem</strong></span> <span class='ocrx_word' id='word_1_699' title='bbox 3211 2689 3381 2744; x_wconf 87' lang='lat' dir='ltr'><strong>risum</strong></span> <span class='ocrx_word' id='word_1_700' title='bbox 3428 2688 3499 2744; x_wconf 80' lang='lat' dir='ltr'><strong>ab</strong></span> 
     </span>
    </p>
   </div>
   <div class='ocr_carea' id='block_1_87' title="bbox 1898 2766 3497 2876">
    <p class='ocr_par' dir='ltr' id='par_1_87' title="bbox 1898 2766 3497 2876">
     <span class='ocr_line' id='line_1_87' title="bbox 1898 2766 3497 2876; baseline -0.003 -37"><span class='ocrx_word' id='word_1_701' title='bbox 1898 2787 2149 2841; x_wconf 89' lang='lat' dir='ltr'><strong>omnibus</strong></span> <span class='ocrx_word' id='word_1_702' title='bbox 2195 2785 2418 2841; x_wconf 87' lang='lat' dir='ltr'><strong>moveri.</strong></span> <span class='ocrx_word' id='word_1_703' title='bbox 2450 2785 2610 2840; x_wconf 83' lang='lat' dir='ltr'><strong>Risus</strong></span> <span class='ocrx_word' id='word_1_704' title='bbox 2637 2766 2817 2876; x_wconf 48' lang='lat' dir='ltr'><strong>qutem</strong></span> <span class='ocrx_word' id='word_1_705' title='bbox 2846 2783 2962 2853; x_wconf 87' lang='lat' dir='ltr'><strong>ejus</strong></span> <span class='ocrx_word' id='word_1_706' title='bbox 3001 2789 3058 2838; x_wconf 88' lang='lat' dir='ltr'><strong>et</strong></span> <span class='ocrx_word' id='word_1_707' title='bbox 3097 2780 3380 2837; x_wconf 68' lang='lat' dir='ltr'><strong>comoedia:</strong></span> <span class='ocrx_word' id='word_1_708' title='bbox 3407 2796 3497 2854; x_wconf 77' lang='lat' dir='ltr'><strong>ar-</strong></span> 
     </span>
    </p>
   </div>
   <div class='ocr_carea' id='block_1_88' title="bbox 1898 2870 3499 2947">
    <p class='ocr_par' dir='ltr' id='par_1_88' title="bbox 1898 2870 3499 2947">
     <span class='ocr_line' id='line_1_88' title="bbox 1898 2870 3499 2947; baseline -0.001 -17"><span class='ocrx_word' id='word_1_709' title='bbox 1898 2870 2222 2947; x_wconf 47' lang='lat' dir='ltr'><strong>&#39;gumenturn‘</strong></span> <span class='ocrx_word' id='word_1_710' title='bbox 2241 2885 2360 2943; x_wconf 90' lang='lat' dir='ltr'><strong>est,</strong></span> <span class='ocrx_word' id='word_1_711' title='bbox 2403 2891 2594 2932; x_wconf 88' lang='lat' dir='ltr'><strong>eorum</strong></span> <span class='ocrx_word' id='word_1_712' title='bbox 2636 2870 2759 2947; x_wconf 76' lang='lat' dir='ltr'><strong>qua:</strong></span> <span class='ocrx_word' id='word_1_713' title='bbox 2802 2875 3063 2931; x_wconf 85' lang='lat' dir='ltr'><strong>adversus</strong></span> <span class='ocrx_word' id='word_1_714' title='bbox 3105 2882 3324 2928; x_wconf 88' lang='lat' dir='ltr'><strong>sanctos</strong></span> <span class='ocrx_word' id='word_1_715' title='bbox 3352 2872 3499 2928; x_wconf 89' lang='lat' dir='ltr'><strong>viros</strong></span> 
     </span>
    </p>
   </div>
   <div class='ocr_carea' id='block_1_89' title="bbox 1899 2965 3502 3040">
    <p class='ocr_par' dir='ltr' id='par_1_89' title="bbox 1899 2965 3502 3040">
     <span class='ocr_line' id='line_1_89' title="bbox 1899 2965 3502 3040; baseline -0.003 -16"><span class='ocrx_word' id='word_1_716' title='bbox 1899 2980 2016 3025; x_wconf 88' lang='lat' dir='ltr'><strong>acta</strong></span> <span class='ocrx_word' id='word_1_717' title='bbox 2045 2978 2170 3024; x_wconf 88' lang='lat' dir='ltr'><strong>sunt</strong></span> <span class='ocrx_word' id='word_1_718' title='bbox 2210 2970 2397 3025; x_wconf 87' lang='lat' dir='ltr'><strong>festiva</strong></span> <span class='ocrx_word' id='word_1_719' title='bbox 2430 2969 2687 3024; x_wconf 87' lang='lat' dir='ltr'><strong>narratio.</strong></span> <span class='ocrx_word' id='word_1_720' title='bbox 2710 2965 3185 3040; x_wconf 80' lang='lat' dir='ltr'><strong>Quemadmodum</strong></span> <span class='ocrx_word' id='word_1_721' title='bbox 3213 2965 3357 3021; x_wconf 90' lang='lat' dir='ltr'><strong>enim</strong></span> <span class='ocrx_word' id='word_1_722' title='bbox 3386 2965 3502 3020; x_wconf 82' lang='lat' dir='ltr'><strong>bel-</strong></span> 
     </span>
    </p>
   </div>
   <div class='ocr_carea' id='block_1_90' title="bbox 1901 3058 3504 3131">
    <p class='ocr_par' dir='ltr' id='par_1_90' title="bbox 1901 3058 3504 3131">
     <span class='ocr_line' id='line_1_90' title="bbox 1901 3058 3504 3131; baseline -0.002 -16"><span class='ocrx_word' id='word_1_723' title='bbox 1901 3061 2120 3125; x_wconf 88' lang='lat' dir='ltr'><strong>latores,</strong></span> <span class='ocrx_word' id='word_1_724' title='bbox 2152 3062 2240 3131; x_wconf 91' lang='lat' dir='ltr'><strong>qui</strong></span> <span class='ocrx_word' id='word_1_725' title='bbox 2269 3062 2463 3116; x_wconf 89' lang='lat' dir='ltr'><strong>multas</strong></span> <span class='ocrx_word' id='word_1_726' title='bbox 2488 3075 2690 3131; x_wconf 86' lang='lat' dir='ltr'><strong>pugnas</strong></span> <span class='ocrx_word' id='word_1_727' title='bbox 2715 3058 3048 3114; x_wconf 81' lang='lat' dir='ltr'><strong>confecerint</strong></span> <span class='ocrx_word' id='word_1_728' title='bbox 3073 3073 3137 3112; x_wconf 89' lang='lat' dir='ltr'><strong>ac</strong></span> <span class='ocrx_word' id='word_1_729' title='bbox 3154 3066 3355 3129; x_wconf 65' lang='lat' dir='ltr'><strong>tropaea</strong></span> <span class='ocrx_word' id='word_1_730' title='bbox 3382 3071 3504 3113; x_wconf 84' lang='lat' dir='ltr'><strong>ere-</strong></span> 
     </span>
    </p>
   </div>
   <div class='ocr_carea' id='block_1_91' title="bbox 1902 3148 3503 3226">
    <p class='ocr_par' dir='ltr' id='par_1_91' title="bbox 1902 3148 3503 3226">
     <span class='ocr_line' id='line_1_91' title="bbox 1902 3148 3503 3226; baseline -0.004 -16"><span class='ocrx_word' id='word_1_731' title='bbox 1902 3158 2095 3219; x_wconf 87' lang='lat' dir='ltr'><strong>xerint,</strong></span> <span class='ocrx_word' id='word_1_732' title='bbox 2128 3164 2275 3226; x_wconf 76' lang='lat' dir='ltr'><strong>gesta</strong></span> <span class='ocrx_word' id='word_1_733' title='bbox 2304 3170 2400 3209; x_wconf 85' lang='lat' dir='ltr'><strong>sua</strong></span> <span class='ocrx_word' id='word_1_734' title='bbox 2428 3153 2585 3209; x_wconf 82' lang='lat' dir='ltr'><strong>fortia</strong></span> <span class='ocrx_word' id='word_1_735' title='bbox 2608 3168 2830 3207; x_wconf 80' lang='lat' dir='ltr'><strong>narrare</strong></span> <span class='ocrx_word' id='word_1_736' title='bbox 2851 3151 3087 3223; x_wconf 86' lang='lat' dir='ltr'><strong>gaudent</strong></span> <span class='ocrx_word' id='word_1_737' title='bbox 3105 3191 3120 3213; x_wconf 86' lang='lat'><strong><em>.</em></strong></span> <span class='ocrx_word' id='word_1_738' title='bbox 3153 3148 3233 3206; x_wconf 84' lang='lat' dir='ltr'><strong>sic</strong></span> <span class='ocrx_word' id='word_1_739' title='bbox 3256 3159 3312 3205; x_wconf 92' lang='lat' dir='ltr'><strong>et</strong></span> <span class='ocrx_word' id='word_1_740' title='bbox 3332 3148 3419 3205; x_wconf 86' lang='lat' dir='ltr'><strong>isti</strong></span> <span class='ocrx_word' id='word_1_741' title='bbox 3446 3149 3503 3204; x_wconf 85' lang='lat' dir='ltr'><strong>in</strong></span> 
     </span>
    </p>
   </div>
   <div class='ocr_carea' id='block_1_92' title="bbox 1902 3241 3501 3307">
    <p class='ocr_par' dir='ltr' id='par_1_92' title="bbox 1902 3241 3501 3307">
     <span class='ocr_line' id='line_1_92' title="bbox 1902 3241 3501 3307; baseline -0.005 -4"><span class='ocrx_word' id='word_1_742' title='bbox 1902 3248 2227 3303; x_wconf 78' lang='lat' dir='ltr'><strong>facinoribus</strong></span> <span class='ocrx_word' id='word_1_743' title='bbox 2248 3247 2362 3302; x_wconf 89' lang='lat' dir='ltr'><strong>suis</strong></span> <span class='ocrx_word' id='word_1_744' title='bbox 2386 3247 2654 3301; x_wconf 70' lang='lat' dir='ltr'><strong>lmtantur.</strong></span> <span class='ocrx_word' id='word_1_745' title='bbox 2681 3244 2834 3299; x_wconf 85' lang='lat' dir='ltr'><strong>Hunc</strong></span> <span class='ocrx_word' id='word_1_746' title='bbox 2853 3258 2983 3299; x_wconf 91' lang='lat' dir='ltr'><strong>sane</strong></span> <span class='ocrx_word' id='word_1_747' title='bbox 3003 3242 3191 3298; x_wconf 88' lang='lat' dir='ltr'><strong>audias</strong></span> <span class='ocrx_word' id='word_1_748' title='bbox 3207 3241 3501 3307; x_wconf 89' lang='lat' dir='ltr'><strong>dicentem,</strong></span> 
     </span>
    </p>
   </div>
   <div class='ocr_carea' id='block_1_93' title="bbox 1904 3332 3506 3409">
    <p class='ocr_par' dir='ltr' id='par_1_93' title="bbox 1904 3332 3506 3409">
     <span class='ocr_line' id='line_1_93' title="bbox 1904 3332 3506 3409; baseline -0.006 -15"><span class='ocrx_word' id='word_1_749' title='bbox 1904 3339 2116 3394; x_wconf 85' lang='lat' dir='ltr'><strong>Primus</strong></span> <span class='ocrx_word' id='word_1_750' title='bbox 2144 3353 2245 3409; x_wconf 86' lang='lat' dir='ltr'><strong>ego</strong></span> <span class='ocrx_word' id='word_1_751' title='bbox 2271 3353 2461 3393; x_wconf 88' lang='lat' dir='ltr'><strong>manus</strong></span> <span class='ocrx_word' id='word_1_752' title='bbox 2488 3340 2539 3391; x_wconf 90' lang='lat' dir='ltr'><strong>in</strong></span> <span class='ocrx_word' id='word_1_753' title='bbox 2569 3337 2716 3391; x_wconf 91' lang='lat' dir='ltr'><strong>illum</strong></span> <span class='ocrx_word' id='word_1_754' title='bbox 2756 3334 3080 3390; x_wconf 88' lang='lat' dir='ltr'><strong>monachum</strong></span> <span class='ocrx_word' id='word_1_755' title='bbox 3108 3333 3285 3404; x_wconf 87' lang='lat' dir='ltr'><strong>injeci,</strong></span> <span class='ocrx_word' id='word_1_756' title='bbox 3310 3342 3365 3387; x_wconf 92' lang='lat' dir='ltr'><strong>et</strong></span> <span class='ocrx_word' id='word_1_757' title='bbox 3391 3332 3506 3403; x_wconf 85' lang='lat' dir='ltr'><strong>pla-</strong></span> 
     </span>
    </p>
   </div>
   <div class='ocr_carea' id='block_1_94' title="bbox 1903 3425 3507 3503">
    <p class='ocr_par' dir='ltr' id='par_1_94' title="bbox 1903 3425 3507 3503">
     <span class='ocr_line' id='line_1_94' title="bbox 1903 3425 3507 3503; baseline -0.004 -18"><span class='ocrx_word' id='word_1_758' title='bbox 1903 3447 1999 3503; x_wconf 85' lang='lat' dir='ltr'><strong>gas</strong></span> <span class='ocrx_word' id='word_1_759' title='bbox 2020 3431 2173 3487; x_wconf 88' lang='lat' dir='ltr'><strong>intuli</strong></span> <span class='ocrx_word' id='word_1_760' title='bbox 2194 3449 2219 3497; x_wconf 87' lang='lat'><strong>;.</strong></span> <span class='ocrx_word' id='word_1_761' title='bbox 2238 3431 2399 3486; x_wconf 90' lang='lat' dir='ltr'><strong>alium</strong></span> <span class='ocrx_word' id='word_1_762' title='bbox 2421 3445 2572 3495; x_wconf 87' lang='lat' dir='ltr'><strong>vero,</strong></span> <span class='ocrx_word' id='word_1_763' title='bbox 2598 3431 2667 3483; x_wconf 84' lang='lat' dir='ltr'><strong>At</strong></span> <span class='ocrx_word' id='word_1_764' title='bbox 2690 3443 2791 3499; x_wconf 85' lang='lat' dir='ltr'><strong>ego</strong></span> <span class='ocrx_word' id='word_1_765' title='bbox 2816 3428 3062 3484; x_wconf 89' lang='lat' dir='ltr'><strong>cellulam</strong></span> <span class='ocrx_word' id='word_1_766' title='bbox 3088 3426 3204 3497; x_wconf 89' lang='lat' dir='ltr'><strong>ejus</strong></span> <span class='ocrx_word' id='word_1_767' title='bbox 3227 3434 3352 3481; x_wconf 91' lang='lat' dir='ltr'><strong>ante</strong></span> <span class='ocrx_word' id='word_1_768' title='bbox 3371 3425 3507 3480; x_wconf 87' lang='lat' dir='ltr'><strong>alios</strong></span> 
     </span>
    </p>
   </div>
   <div class='ocr_carea' id='block_1_95' title="bbox 1906 3517 3509 3594">
    <p class='ocr_par' dir='ltr' id='par_1_95' title="bbox 1906 3517 3509 3594">
     <span class='ocr_line' id='line_1_95' title="bbox 1906 3517 3509 3594; baseline -0.006 -12"><span class='ocrx_word' id='word_1_769' title='bbox 1906 3526 2119 3591; x_wconf 92' lang='lat' dir='ltr'><strong>inveni;</strong></span> <span class='ocrx_word' id='word_1_770' title='bbox 2151 3525 2347 3590; x_wconf 88' lang='lat' dir='ltr'><strong>alium,</strong></span> <span class='ocrx_word' id='word_1_771' title='bbox 2383 3524 2494 3594; x_wconf 86' lang='lat' dir='ltr'><strong>Ego</strong></span> <span class='ocrx_word' id='word_1_772' title='bbox 2528 3521 2766 3594; x_wconf 83' lang='lat' dir='ltr'><strong>judicem</strong></span> <span class='ocrx_word' id='word_1_773' title='bbox 2801 3521 2973 3593; x_wconf 85' lang='lat' dir='ltr'><strong>magis</strong></span> <span class='ocrx_word' id='word_1_774' title='bbox 3000 3535 3161 3591; x_wconf 86' lang='lat' dir='ltr'><strong>quam</strong></span> <span class='ocrx_word' id='word_1_775' title='bbox 3186 3524 3376 3575; x_wconf 78' lang='lat' dir='ltr'><strong>omnes</strong></span> <span class='ocrx_word' id='word_1_776' title='bbox 3412 3517 3509 3575; x_wconf 83' lang='lat' dir='ltr'><strong>ad-</strong></span> 
     </span>
    </p>
   </div>
   <div class='ocr_carea' id='block_1_96' title="bbox 1907 3613 3507 3678">
    <p class='ocr_par' dir='ltr' id='par_1_96' title="bbox 1907 3613 3507 3678">
     <span class='ocr_line' id='line_1_96' title="bbox 1907 3613 3507 3678; baseline -0.006 -5"><span class='ocrx_word' id='word_1_777' title='bbox 1907 3634 2096 3675; x_wconf 86' lang='lat' dir='ltr'><strong>versus</strong></span> <span class='ocrx_word' id='word_1_778' title='bbox 2126 3619 2141 3649; x_wconf 82' lang='grc'>¹</span> <span class='ocrx_word' id='word_1_779' title='bbox 2172 3617 2321 3671; x_wconf 90' lang='lat' dir='ltr'><strong>illum</strong></span> <span class='ocrx_word' id='word_1_780' title='bbox 2350 3613 2818 3671; x_wconf 84' lang='lat' dir='ltr'><strong>concilavi..lactat</strong></span> <span class='ocrx_word' id='word_1_781' title='bbox 2844 3613 2979 3667; x_wconf 90' lang='lat' dir='ltr'><strong>alius</strong></span> <span class='ocrx_word' id='word_1_782' title='bbox 3004 3624 3507 3678; x_wconf 85' lang='lat' dir='ltr'><strong>carcerem,carce-</strong></span> 
     </span>
    </p>
   </div>
   <div class='ocr_carea' id='block_1_97' title="bbox 1907 3701 3507 3783">
    <p class='ocr_par' dir='ltr' id='par_1_97' title="bbox 1907 3701 3507 3783">
     <span class='ocr_line' id='line_1_97' title="bbox 1907 3701 3507 3783; baseline -0.008 -16"><span class='ocrx_word' id='word_1_783' title='bbox 1907 3713 2089 3783; x_wconf 90' lang='lat' dir='ltr'><strong>risque</strong></span> <span class='ocrx_word' id='word_1_784' title='bbox 2118 3710 2366 3766; x_wconf 88' lang='lat' dir='ltr'><strong>miserias</strong></span> <span class='ocrx_word' id='word_1_785' title='bbox 2391 3726 2404 3762; x_wconf 90' lang='lat'>:</span> <span class='ocrx_word' id='word_1_786' title='bbox 2433 3707 2683 3779; x_wconf 88' lang='lat' dir='ltr'><strong>quodque</strong></span> <span class='ocrx_word' id='word_1_787' title='bbox 2710 3721 2806 3777; x_wconf 91' lang='lat' dir='ltr'><strong>per</strong></span> <span class='ocrx_word' id='word_1_788' title='bbox 2830 3706 3003 3761; x_wconf 90' lang='lat' dir='ltr'><strong>forum</strong></span> <span class='ocrx_word' id='word_1_789' title='bbox 3025 3712 3240 3760; x_wconf 91' lang='lat' dir='ltr'><strong>sanctos</strong></span> <span class='ocrx_word' id='word_1_790' title='bbox 3264 3701 3507 3769; x_wconf 80' lang='lat' dir='ltr'><strong>traxerit,</strong></span> 
     </span>
    </p>
   </div>
   <div class='ocr_carea' id='block_1_98' title="bbox 1908 3793 3510 3873">
    <p class='ocr_par' dir='ltr' id='par_1_98' title="bbox 1908 3793 3510 3873">
     <span class='ocr_line' id='line_1_98' title="bbox 1908 3793 3510 3873; baseline -0.007 -12"><span class='ocrx_word' id='word_1_791' title='bbox 1908 3806 1960 3862; x_wconf 90' lang='lat' dir='ltr'><strong>id</strong></span> <span class='ocrx_word' id='word_1_792' title='bbox 1995 3805 2167 3861; x_wconf 87' lang='lat' dir='ltr'><strong>laudis</strong></span> <span class='ocrx_word' id='word_1_793' title='bbox 2194 3806 2246 3860; x_wconf 91' lang='lat' dir='ltr'><strong>in</strong></span> <span class='ocrx_word' id='word_1_794' title='bbox 2275 3812 2426 3873; x_wconf 87' lang='lat' dir='ltr'><strong>parte</strong></span> <span class='ocrx_word' id='word_1_795' title='bbox 2448 3801 2768 3864; x_wconf 85' lang='lat' dir='ltr'><strong>constituit;</strong></span> <span class='ocrx_word' id='word_1_796' title='bbox 2792 3799 2929 3856; x_wconf 86' lang='lat' dir='ltr'><strong>alius</strong></span> <span class='ocrx_word' id='word_1_797' title='bbox 2955 3799 3083 3853; x_wconf 90' lang='lat' dir='ltr'><strong>item</strong></span> <span class='ocrx_word' id='word_1_798' title='bbox 3112 3794 3277 3851; x_wconf 88' lang='lat' dir='ltr'><strong>aliud.</strong></span> <span class='ocrx_word' id='word_1_799' title='bbox 3302 3793 3510 3850; x_wconf 86' lang='lat' dir='ltr'><strong>Deinde</strong></span> 
     </span>
    </p>
   </div>
   <div class='ocr_carea' id='block_1_99' title="bbox 1909 3886 3513 3968">
    <p class='ocr_par' dir='ltr' id='par_1_99' title="bbox 1909 3886 3513 3968">
     <span class='ocr_line' id='line_1_99' title="bbox 1909 3886 3513 3968; baseline -0.009 -14"><span class='ocrx_word' id='word_1_800' title='bbox 1909 3914 2100 3954; x_wconf 83' lang='lat' dir='ltr'><strong>omnes</strong></span> <span class='ocrx_word' id='word_1_801' title='bbox 2124 3896 2360 3968; x_wconf 81' lang='lat' dir='ltr'><strong>profusis</strong></span> <span class='ocrx_word' id='word_1_802' title='bbox 2386 3893 2666 3950; x_wconf 86' lang='lat' dir='ltr'><strong>cachinnis</strong></span> <span class='ocrx_word' id='word_1_803' title='bbox 2695 3892 2812 3947; x_wconf 65' lang='lat' dir='ltr'><strong>haec</strong></span> <span class='ocrx_word' id='word_1_804' title='bbox 2846 3896 3265 3961; x_wconf 88' lang='lat' dir='ltr'><strong>prosequuntur.</strong></span> <span class='ocrx_word' id='word_1_805' title='bbox 3299 3886 3367 3941; x_wconf 85' lang='lat' dir='ltr'><strong>Et</strong></span> <span class='ocrx_word' id='word_1_806' title='bbox 3397 3886 3513 3940; x_wconf 76' lang='lat' dir='ltr'><strong>lure</strong></span> 
     </span>
    </p>
   </div>
   <div class='ocr_carea' id='block_1_100' title="bbox 1911 3976 3514 4060">
    <p class='ocr_par' dir='ltr' id='par_1_100' title="bbox 1911 3976 3514 4060">
     <span class='ocr_line' id='line_1_100' title="bbox 1911 3976 3514 4060; baseline -0.009 -16"><span class='ocrx_word' id='word_1_807' title='bbox 1911 3989 2126 4060; x_wconf 90' lang='lat' dir='ltr'><strong>quidem</strong></span> <span class='ocrx_word' id='word_1_808' title='bbox 2156 3988 2212 4044; x_wconf 90' lang='lat' dir='ltr'><strong>in</strong></span> <span class='ocrx_word' id='word_1_809' title='bbox 2246 3985 2672 4044; x_wconf 87' lang='lat' dir='ltr'><strong>Christianorum</strong></span> <span class='ocrx_word' id='word_1_810' title='bbox 2708 3981 3052 4038; x_wconf 87' lang='lat' dir='ltr'><strong>eonsessibus</strong></span> <span class='ocrx_word' id='word_1_811' title='bbox 3079 3996 3093 4034; x_wconf 90' lang='lat'><strong>:</strong></span> <span class='ocrx_word' id='word_1_812' title='bbox 3116 3976 3346 4049; x_wconf 88' lang='lat' dir='ltr'><strong>gentiles</strong></span> <span class='ocrx_word' id='word_1_813' title='bbox 3382 3990 3514 4031; x_wconf 76' lang='lat' dir='ltr'><strong>Vero</strong></span> 
     </span>
    </p>
   </div>
   <div class='ocr_carea' id='block_1_101' title="bbox 1911 4067 3514 4147">
    <p class='ocr_par' dir='ltr' id='par_1_101' title="bbox 1911 4067 3514 4147">
     <span class='ocr_line' id='line_1_101' title="bbox 1911 4067 3514 4147; baseline -0.011 -9"><span class='ocrx_word' id='word_1_814' title='bbox 1911 4092 1966 4138; x_wconf 87' lang='lat' dir='ltr'><strong>et</strong></span> <span class='ocrx_word' id='word_1_815' title='bbox 1988 4082 2087 4137; x_wconf 87' lang='lat' dir='ltr'><strong>hos</strong></span> <span class='ocrx_word' id='word_1_816' title='bbox 2108 4080 2352 4145; x_wconf 90' lang='lat' dir='ltr'><strong>irrident,</strong></span> <span class='ocrx_word' id='word_1_817' title='bbox 2377 4087 2429 4133; x_wconf 94' lang='lat' dir='ltr'><strong>et</strong></span> <span class='ocrx_word' id='word_1_818' title='bbox 2449 4091 2545 4133; x_wconf 84' lang='lat' dir='ltr'><strong>eos</strong></span> <span class='ocrx_word' id='word_1_819' title='bbox 2564 4076 2654 4147; x_wconf 90' lang='lat' dir='ltr'><strong>qui</strong></span> <span class='ocrx_word' id='word_1_820' title='bbox 2680 4074 2748 4131; x_wconf 89' lang='lat' dir='ltr'><strong>ab</strong></span> <span class='ocrx_word' id='word_1_821' title='bbox 2773 4073 2879 4129; x_wconf 89' lang='lat' dir='ltr'><strong>illis</strong></span> <span class='ocrx_word' id='word_1_822' title='bbox 2902 4069 3192 4127; x_wconf 90' lang='lat' dir='ltr'><strong>irridentur</strong></span> <span class='ocrx_word' id='word_1_823' title='bbox 3211 4084 3227 4135; x_wconf 92' lang='lat'><strong>;</strong></span> <span class='ocrx_word' id='word_1_824' title='bbox 3255 4067 3375 4124; x_wconf 91' lang='lat' dir='ltr'><strong>illos</strong></span> <span class='ocrx_word' id='word_1_825' title='bbox 3394 4080 3514 4137; x_wconf 80' lang='lat' dir='ltr'><strong>quae</strong></span> 
     </span>
    </p>
   </div>
   <div class='ocr_carea' id='block_1_102' title="bbox 1914 4160 3513 4245">
    <p class='ocr_par' dir='ltr' id='par_1_102' title="bbox 1914 4160 3513 4245">
     <span class='ocr_line' id='line_1_102' title="bbox 1914 4160 3513 4245; baseline -0.011 -15"><span class='ocrx_word' id='word_1_826' title='bbox 1914 4176 2031 4232; x_wconf 69' lang='lat' dir='ltr'><strong>hazc</strong></span> <span class='ocrx_word' id='word_1_827' title='bbox 2070 4172 2460 4245; x_wconf 89' lang='lat' dir='ltr'><strong>perpetrarint,</strong></span> <span class='ocrx_word' id='word_1_828' title='bbox 2504 4170 2603 4224; x_wconf 90' lang='lat' dir='ltr'><strong>hos</strong></span> <span class='ocrx_word' id='word_1_829' title='bbox 2632 4166 2776 4239; x_wconf 88' lang='lat' dir='ltr'><strong>quod</strong></span> <span class='ocrx_word' id='word_1_830' title='bbox 2806 4166 2931 4221; x_wconf 85' lang='lat' dir='ltr'><strong>talia</strong></span> <span class='ocrx_word' id='word_1_831' title='bbox 2962 4163 3103 4235; x_wconf 87' lang='lat' dir='ltr'><strong>passi</strong></span> <span class='ocrx_word' id='word_1_832' title='bbox 3133 4162 3240 4218; x_wconf 89' lang='lat' dir='ltr'><strong>sint</strong></span> <span class='ocrx_word' id='word_1_833' title='bbox 3262 4177 3277 4216; x_wconf 89' lang='lat'><strong>:</strong></span> <span class='ocrx_word' id='word_1_834' title='bbox 3302 4160 3513 4215; x_wconf 85' lang='lat' dir='ltr'><strong>omnia—</strong></span> 
     </span>
    </p>
   </div>
   <div class='ocr_carea' id='block_1_103' title="bbox 1914 4247 3517 4338">
    <p class='ocr_par' dir='ltr' id='par_1_103' title="bbox 1914 4247 3517 4338">
     <span class='ocr_line' id='line_1_103' title="bbox 1914 4247 3517 4338; baseline -0.013 -16"><span class='ocrx_word' id='word_1_835' title='bbox 1914 4282 2020 4338; x_wconf 92' lang='lat' dir='ltr'><strong>que</strong></span> <span class='ocrx_word' id='word_1_836' title='bbox 2044 4265 2186 4321; x_wconf 91' lang='lat' dir='ltr'><strong>civili</strong></span> <span class='ocrx_word' id='word_1_837' title='bbox 2216 4262 2449 4335; x_wconf 88' lang='lat' dir='ltr'><strong>quodam</strong></span> <span class='ocrx_word' id='word_1_838' title='bbox 2485 4259 2629 4316; x_wconf 91' lang='lat' dir='ltr'><strong>bello</strong></span> <span class='ocrx_word' id='word_1_839' title='bbox 2656 4257 2859 4329; x_wconf 86' lang='lat' dir='ltr'><strong>repleta</strong></span> <span class='ocrx_word' id='word_1_840' title='bbox 2885 4262 3039 4321; x_wconf 90' lang='lat' dir='ltr'><strong>sunt,</strong></span> <span class='ocrx_word' id='word_1_841' title='bbox 3069 4253 3178 4308; x_wconf 86' lang='lat' dir='ltr'><strong>imo</strong></span> <span class='ocrx_word' id='word_1_842' title='bbox 3207 4247 3517 4319; x_wconf 77' lang='lat' dir='ltr'><strong>huiusmodi</strong></span> 
     </span>
    </p>
   </div>
   <div class='ocr_carea' id='block_1_104' title="bbox 1916 4340 3517 4427">
    <p class='ocr_par' dir='ltr' id='par_1_104' title="bbox 1916 4340 3517 4427">
     <span class='ocr_line' id='line_1_104' title="bbox 1916 4340 3517 4427; baseline -0.014 -12"><span class='ocrx_word' id='word_1_843' title='bbox 1916 4358 2059 4415; x_wconf 92' lang='lat' dir='ltr'><strong>bello</strong></span> <span class='ocrx_word' id='word_1_844' title='bbox 2086 4358 2246 4427; x_wconf 83' lang='lat' dir='ltr'><strong>longe</strong></span> <span class='ocrx_word' id='word_1_845' title='bbox 2272 4353 2537 4410; x_wconf 89' lang='lat' dir='ltr'><strong>atrociora</strong></span> <span class='ocrx_word' id='word_1_846' title='bbox 2568 4349 2756 4406; x_wconf 74' lang='lat' dir='ltr'><strong>isthzec</strong></span> <span class='ocrx_word' id='word_1_847' title='bbox 2779 4355 2923 4405; x_wconf 86' lang='lat' dir='ltr'><strong>sunt.</strong></span> <span class='ocrx_word' id='word_1_848' title='bbox 2949 4345 3082 4401; x_wconf 84' lang='lat' dir='ltr'><strong>Nam</strong></span> <span class='ocrx_word' id='word_1_849' title='bbox 3108 4343 3201 4415; x_wconf 90' lang='lat' dir='ltr'><strong>qui</strong></span> <span class='ocrx_word' id='word_1_850' title='bbox 3224 4341 3422 4398; x_wconf 91' lang='lat' dir='ltr'><strong>bellum</strong></span> <span class='ocrx_word' id='word_1_851' title='bbox 3449 4340 3517 4394; x_wconf 66' lang='lat' dir='ltr'><strong>il-a</strong></span> 
     </span>
    </p>
   </div>
   <div class='ocr_carea' id='block_1_105' title="bbox 1918 4437 3515 4522">
    <p class='ocr_par' dir='ltr' id='par_1_105' title="bbox 1918 4437 3515 4522">
     <span class='ocr_line' id='line_1_105' title="bbox 1918 4437 3515 4522; baseline -0.016 -14"><span class='ocrx_word' id='word_1_852' title='bbox 1918 4452 2009 4508; x_wconf 87' lang='lat' dir='ltr'><strong>lud</strong></span> <span class='ocrx_word' id='word_1_853' title='bbox 2049 4450 2352 4522; x_wconf 90' lang='lat' dir='ltr'><strong>gesserint,</strong></span> <span class='ocrx_word' id='word_1_854' title='bbox 2382 4461 2504 4503; x_wconf 89' lang='lat' dir='ltr'><strong>cum</strong></span> <span class='ocrx_word' id='word_1_855' title='bbox 2539 4452 2724 4515; x_wconf 88' lang='lat' dir='ltr'><strong>postea</strong></span> <span class='ocrx_word' id='word_1_856' title='bbox 2769 4442 2915 4497; x_wconf 89' lang='lat' dir='ltr'><strong>illius</strong></span> <span class='ocrx_word' id='word_1_857' title='bbox 2943 4437 3384 4499; x_wconf 87' lang='lat' dir='ltr'><strong>reminiseuntur,</strong></span> <span class='ocrx_word' id='word_1_858' title='bbox 3416 4448 3515 4486; x_wconf 79' lang='lat' dir='ltr'><strong>au-</strong></span> 
     </span>
    </p>
   </div>
   <div class='ocr_carea' id='block_1_106' title="bbox 1918 4524 3516 4614">
    <p class='ocr_par' dir='ltr' id='par_1_106' title="bbox 1918 4524 3516 4614">
     <span class='ocr_line' id='line_1_106' title="bbox 1918 4524 3516 4614; baseline -0.014 -14"><span class='ocrx_word' id='word_1_859' title='bbox 1918 4554 2097 4600; x_wconf 89' lang='lat' dir='ltr'><strong>ctores</strong></span> <span class='ocrx_word' id='word_1_860' title='bbox 2110 4543 2229 4614; x_wconf 89' lang='lat' dir='ltr'><strong>ejus</strong></span> <span class='ocrx_word' id='word_1_861' title='bbox 2249 4538 2552 4596; x_wconf 86' lang='lat' dir='ltr'><strong>maledictis</strong></span> <span class='ocrx_word' id='word_1_862' title='bbox 2573 4537 2927 4596; x_wconf 88' lang='lat' dir='ltr'><strong>insectantur,</strong></span> <span class='ocrx_word' id='word_1_863' title='bbox 2954 4546 3018 4587; x_wconf 88' lang='lat' dir='ltr'><strong>ac</strong></span> <span class='ocrx_word' id='word_1_864' title='bbox 3043 4526 3278 4585; x_wconf 73' lang='lat' dir='ltr'><strong>daemoni</strong></span> <span class='ocrx_word' id='word_1_865' title='bbox 3304 4524 3516 4581; x_wconf 84' lang='lat' dir='ltr'><strong>cuidam</strong></span> 
     </span>
    </p>
   </div>
   <div class='ocr_carea' id='block_1_107' title="bbox 1920 4614 3518 4703">
    <p class='ocr_par' dir='ltr' id='par_1_107' title="bbox 1920 4614 3518 4703">
     <span class='ocr_line' id='line_1_107' title="bbox 1920 4614 3518 4703; baseline -0.016 -10"><span class='ocrx_word' id='word_1_866' title='bbox 1920 4638 2065 4692; x_wconf 86' lang='lat' dir='ltr'><strong>malo</strong></span> <span class='ocrx_word' id='word_1_867' title='bbox 2094 4642 2308 4699; x_wconf 87' lang='lat' dir='ltr'><strong>cuncta,</strong></span> <span class='ocrx_word' id='word_1_868' title='bbox 2341 4645 2462 4703; x_wconf 75' lang='lat' dir='ltr'><strong>quae</strong></span> <span class='ocrx_word' id='word_1_869' title='bbox 2491 4629 2543 4683; x_wconf 87' lang='lat' dir='ltr'><strong>in</strong></span> <span class='ocrx_word' id='word_1_870' title='bbox 2571 4627 2663 4681; x_wconf 91' lang='lat' dir='ltr'><strong>illo</strong></span> <span class='ocrx_word' id='word_1_871' title='bbox 2692 4633 2850 4695; x_wconf 86' lang='lat' dir='ltr'><strong>gesta.</strong></span> <span class='ocrx_word' id='word_1_872' title='bbox 2875 4621 3093 4687; x_wconf 88' lang='lat' dir='ltr'><strong>fuerint,</strong></span> <span class='ocrx_word' id='word_1_873' title='bbox 3125 4626 3346 4688; x_wconf 89' lang='lat' dir='ltr'><strong>accepta</strong></span> <span class='ocrx_word' id='word_1_874' title='bbox 3375 4614 3518 4670; x_wconf 89' lang='lat' dir='ltr'><strong>refe-</strong></span> 
     </span>
    </p>
   </div>
   <div class='ocr_carea' id='block_1_108' title="bbox 1920 4707 3522 4795">
    <p class='ocr_par' dir='ltr' id='par_1_108' title="bbox 1920 4707 3522 4795">
     <span class='ocr_line' id='line_1_108' title="bbox 1920 4707 3522 4795; baseline -0.017 -7"><span class='ocrx_word' id='word_1_875' title='bbox 1920 4739 2049 4788; x_wconf 88' lang='lat' dir='ltr'><strong>runt</strong></span> <span class='ocrx_word' id='word_1_876' title='bbox 2076 4748 2090 4785; x_wconf 85' lang='lat'><strong>:</strong></span> <span class='ocrx_word' id='word_1_877' title='bbox 2119 4737 2175 4784; x_wconf 88' lang='lat' dir='ltr'><strong>et</strong></span> <span class='ocrx_word' id='word_1_878' title='bbox 2218 4727 2253 4781; x_wconf 90' lang='lat' dir='ltr'><strong>ii</strong></span> <span class='ocrx_word' id='word_1_879' title='bbox 2292 4722 2557 4795; x_wconf 85' lang='lat' dir='ltr'><strong>ampliore</strong></span> <span class='ocrx_word' id='word_1_880' title='bbox 2595 4718 2903 4775; x_wconf 83' lang='lat' dir='ltr'><strong>afficiuntur</strong></span> <span class='ocrx_word' id='word_1_881' title='bbox 2955 4713 3195 4785; x_wconf 90' lang='lat' dir='ltr'><strong>pudore,</strong></span> <span class='ocrx_word' id='word_1_882' title='bbox 3240 4709 3331 4781; x_wconf 91' lang='lat' dir='ltr'><strong>qui</strong></span> <span class='ocrx_word' id='word_1_883' title='bbox 3370 4707 3522 4778; x_wconf 87' lang='lat' dir='ltr'><strong>plura</strong></span> 
     </span>
    </p>
   </div>
   <div class='ocr_carea' id='block_1_109' title="bbox 1922 4798 3526 4892">
    <p class='ocr_par' dir='ltr' id='par_1_109' title="bbox 1922 4798 3526 4892">
     <span class='ocr_line' id='line_1_109' title="bbox 1922 4798 3526 4892; baseline -0.012 -21"><span class='ocrx_word' id='word_1_884' title='bbox 1922 4836 2082 4892; x_wconf 87' lang='lat' dir='ltr'><strong>quam</strong></span> <span class='ocrx_word' id='word_1_885' title='bbox 2109 4818 2199 4873; x_wconf 89' lang='lat' dir='ltr'><strong>alii</strong></span> <span class='ocrx_word' id='word_1_886' title='bbox 2228 4813 2590 4888; x_wconf 90' lang='lat' dir='ltr'><strong>perpetrarint</strong></span> <span class='ocrx_word' id='word_1_887' title='bbox 2617 4827 2632 4866; x_wconf 90' lang='lat'>:</span> <span class='ocrx_word' id='word_1_888' title='bbox 2658 4808 2713 4865; x_wconf 89' lang='lat' dir='ltr'><strong>hi</strong></span> <span class='ocrx_word' id='word_1_889' title='bbox 2734 4816 2916 4863; x_wconf 87' lang='lat' dir='ltr'><strong>autem</strong></span> <span class='ocrx_word' id='word_1_890' title='bbox 2938 4805 3007 4861; x_wconf 91' lang='lat' dir='ltr'><strong>de</strong></span> <span class='ocrx_word' id='word_1_891' title='bbox 3032 4804 3145 4859; x_wconf 89' lang='lat' dir='ltr'><strong>suis</strong></span> <span class='ocrx_word' id='word_1_892' title='bbox 3168 4800 3388 4857; x_wconf 83' lang='lat' dir='ltr'><strong>ausibus</strong></span> <span class='ocrx_word' id='word_1_893' title='bbox 3405 4798 3526 4870; x_wconf 78' lang='lat' dir='ltr'><strong>glo-</strong></span> 
     </span>
    </p>
   </div>
   <div class='ocr_carea' id='block_1_110' title="bbox 1891 4892 3521 4979">
    <p class='ocr_par' dir='ltr' id='par_1_110' title="bbox 1891 4892 3521 4979">
     <span class='ocr_line' id='line_1_110' title="bbox 1891 4892 3521 4979; baseline -0.017 -9"><span class='ocrx_word' id='word_1_894' title='bbox 1891 4956 1899 4963; x_wconf 91' lang='lat'><strong>.</strong></span> <span class='ocrx_word' id='word_1_895' title='bbox 1924 4915 2149 4970; x_wconf 87' lang='lat' dir='ltr'><strong>riantur.</strong></span> <span class='ocrx_word' id='word_1_896' title='bbox 2177 4910 2359 4979; x_wconf 88' lang='lat' dir='ltr'><strong>Neque</strong></span> <span class='ocrx_word' id='word_1_897' title='bbox 2380 4908 2500 4963; x_wconf 91' lang='lat' dir='ltr'><strong>ideo</strong></span> <span class='ocrx_word' id='word_1_898' title='bbox 2522 4912 2723 4962; x_wconf 88' lang='lat' dir='ltr'><strong>tantum</strong></span> <span class='ocrx_word' id='word_1_899' title='bbox 2750 4901 2854 4955; x_wconf 87' lang='lat' dir='ltr'><strong>hoc</strong></span> <span class='ocrx_word' id='word_1_900' title='bbox 2873 4896 3184 4957; x_wconf 83' lang='lat' dir='ltr'><strong>sceleratius</strong></span> <span class='ocrx_word' id='word_1_901' title='bbox 3210 4893 3302 4949; x_wconf 89' lang='lat' dir='ltr'><strong>illo</strong></span> <span class='ocrx_word' id='word_1_902' title='bbox 3321 4892 3521 4947; x_wconf 88' lang='lat' dir='ltr'><strong>bellum</strong></span> 
     </span>
    </p>
   </div>
   <div class='ocr_carea' id='block_1_111' title="bbox 1925 4985 3528 5076">
    <p class='ocr_par' dir='ltr' id='par_1_111' title="bbox 1925 4985 3528 5076">
     <span class='ocr_line' id='line_1_111' title="bbox 1925 4985 3528 5076; baseline -0.017 -13"><span class='ocrx_word' id='word_1_903' title='bbox 1925 5016 2030 5073; x_wconf 91' lang='lat' dir='ltr'><strong>est,</strong></span> <span class='ocrx_word' id='word_1_904' title='bbox 2059 5002 2203 5076; x_wconf 89' lang='lat' dir='ltr'><strong>quod</strong></span> <span class='ocrx_word' id='word_1_905' title='bbox 2232 5002 2490 5057; x_wconf 88' lang='lat' dir='ltr'><strong>adversus</strong></span> <span class='ocrx_word' id='word_1_906' title='bbox 2519 5002 2735 5052; x_wconf 90' lang='lat' dir='ltr'><strong>sanctos</strong></span> <span class='ocrx_word' id='word_1_907' title='bbox 2756 4991 2846 5063; x_wconf 93' lang='lat' dir='ltr'><strong>qui</strong></span> <span class='ocrx_word' id='word_1_908' title='bbox 2867 4989 3140 5045; x_wconf 79' lang='lat' dir='ltr'><strong>neminem</strong></span> <span class='ocrx_word' id='word_1_909' title='bbox 3162 4985 3405 5047; x_wconf 70' lang='lat' dir='ltr'><strong>lmserint</strong></span> <span class='ocrx_word' id='word_1_910' title='bbox 3432 4996 3528 5076; x_wconf 31' lang='lat' dir='ltr'><strong>exs</strong></span> 
     </span>
    </p>
   </div>
   <div class='ocr_carea' id='block_1_112' title="bbox 1926 5072 3525 5162">
    <p class='ocr_par' dir='ltr' id='par_1_112' title="bbox 1926 5072 3525 5162">
     <span class='ocr_line' id='line_1_112' title="bbox 1926 5072 3525 5162; baseline -0.018 -9"><span class='ocrx_word' id='word_1_911' title='bbox 1926 5072 2155 5162; x_wconf 83' lang='lat' dir='ltr'><strong>citetur;</strong></span> <span class='ocrx_word' id='word_1_912' title='bbox 2185 5093 2277 5149; x_wconf 87' lang='lat' dir='ltr'><strong>sed</strong></span> <span class='ocrx_word' id='word_1_913' title='bbox 2308 5091 2472 5147; x_wconf 89' lang='lat' dir='ltr'><strong>etiam</strong></span> <span class='ocrx_word' id='word_1_914' title='bbox 2497 5086 2639 5158; x_wconf 88' lang='lat' dir='ltr'><strong>quod</strong></span> <span class='ocrx_word' id='word_1_915' title='bbox 2664 5082 2922 5139; x_wconf 88' lang='lat' dir='ltr'><strong>adversus</strong></span> <span class='ocrx_word' id='word_1_916' title='bbox 2944 5079 3193 5134; x_wconf 89' lang='lat' dir='ltr'><strong>homines</strong></span> <span class='ocrx_word' id='word_1_917' title='bbox 3210 5076 3302 5149; x_wconf 87' lang='lat' dir='ltr'><strong>qui</strong></span> <span class='ocrx_word' id='word_1_918' title='bbox 3325 5072 3525 5162; x_wconf 78' lang='lat' dir='ltr'><strong>nemini</strong></span> 
     </span>
    </p>
   </div>
   <div class='ocr_carea' id='block_1_113' title="bbox 1927 5160 3529 5245">
    <p class='ocr_par' dir='ltr' id='par_1_113' title="bbox 1927 5160 3529 5245">
     <span class='ocr_line' id='line_1_113' title="bbox 1927 5160 3529 5245; baseline -0.019 1"><span class='ocrx_word' id='word_1_919' title='bbox 1927 5160 2334 5245; x_wconf 87' lang='lat' dir='ltr'><strong>malumfacere</strong></span> <span class='ocrx_word' id='word_1_920' title='bbox 2363 5185 2651 5245; x_wconf 87' lang='lat' dir='ltr'><strong>noverunt,</strong></span> <span class='ocrx_word' id='word_1_921' title='bbox 2680 5183 2737 5232; x_wconf 89' lang='lat' dir='ltr'><strong>et</strong></span> <span class='ocrx_word' id='word_1_922' title='bbox 2764 5172 2833 5229; x_wconf 90' lang='lat' dir='ltr'><strong>ad</strong></span> <span class='ocrx_word' id='word_1_923' title='bbox 2854 5168 3163 5243; x_wconf 86' lang='lat' dir='ltr'><strong>patiendum</strong></span> <span class='ocrx_word' id='word_1_924' title='bbox 3183 5160 3529 5222; x_wconf 87' lang='lat' dir='ltr'><strong>solummodo</strong></span> 
     </span>
    </p>
   </div>
   <div class='ocr_carea' id='block_1_114' title="bbox 1929 5280 2274 5352">
    <p class='ocr_par' dir='ltr' id='par_1_114' title="bbox 1929 5280 2274 5352">
     <span class='ocr_line' id='line_1_114' title="bbox 1929 5280 2274 5352; baseline -0.017 -15"><span class='ocrx_word' id='word_1_925' title='bbox 1929 5280 2100 5352; x_wconf 86' lang='lat' dir='ltr'><strong>parati</strong></span> <span class='ocrx_word' id='word_1_926' title='bbox 2127 5286 2274 5333; x_wconf 89' lang='lat' dir='ltr'><strong>sunt.</strong></span> 
     </span>
    </p>
   </div>
   <div class='ocr_carea' id='block_1_115' title="bbox 2001 5354 3529 5436">
    <p class='ocr_par' dir='ltr' id='par_1_115' title="bbox 2001 5354 3529 5436">
     <span class='ocr_line' id='line_1_115' title="bbox 2001 5354 3529 5436; baseline -0.017 -9"><span class='ocrx_word' id='word_1_927' title='bbox 2001 5374 2057 5428; x_wconf 80' lang='lat'><strong>&#39;5.</strong></span> <span class='ocrx_word' id='word_1_928' title='bbox 2086 5370 2315 5426; x_wconf 73' lang='lat' dir='ltr'><strong>Joannes</strong></span> <span class='ocrx_word' id='word_1_929' title='bbox 2345 5366 2528 5436; x_wconf 78' lang='lat' dir='ltr'><strong>Chrys.</strong></span> <span class='ocrx_word' id='word_1_930' title='bbox 2555 5362 2623 5417; x_wconf 82' lang='lat' dir='ltr'><strong>ad</strong></span> <span class='ocrx_word' id='word_1_931' title='bbox 2658 5360 2844 5416; x_wconf 78' lang='lat' dir='ltr'><strong>librum</strong></span> <span class='ocrx_word' id='word_1_932' title='bbox 2883 5354 3131 5412; x_wconf 75' lang='lat' dir='ltr'><strong>edendum</strong></span> <span class='ocrx_word' id='word_1_933' title='bbox 3158 5366 3214 5406; x_wconf 75' lang='lat' dir='ltr'><strong>se</strong></span> <span class='ocrx_word' id='word_1_934' title='bbox 3240 5358 3529 5418; x_wconf 77' lang='lat' dir='ltr'><strong>comparat.</strong></span> 
     </span>
    </p>
   </div>
   <div class='ocr_carea' id='block_1_116' title="bbox 1930 5438 3533 5532">
    <p class='ocr_par' dir='ltr' id='par_1_116' title="bbox 1930 5438 3533 5532">
     <span class='ocr_line' id='line_1_116' title="bbox 1930 5438 3533 5532; baseline -0.018 -11"><span class='ocrx_word' id='word_1_935' title='bbox 1930 5496 2003 5508; x_wconf 95' lang='lat'><strong><em>—</em></strong></span> <span class='ocrx_word' id='word_1_936' title='bbox 2020 5466 2163 5520; x_wconf 88' lang='lat' dir='ltr'><strong>Siste</strong></span> <span class='ocrx_word' id='word_1_937' title='bbox 2182 5460 2427 5532; x_wconf 87' lang='lat' dir='ltr'><strong>gradum,</strong></span> <span class='ocrx_word' id='word_1_938' title='bbox 2452 5457 2565 5515; x_wconf 89' lang='lat' dir='ltr'><strong>dixi</strong></span> <span class='ocrx_word' id='word_1_939' title='bbox 2585 5469 2709 5525; x_wconf 87' lang='lat' dir='ltr'><strong>ego,</strong></span> <span class='ocrx_word' id='word_1_940' title='bbox 2737 5452 2902 5519; x_wconf 89' lang='lat' dir='ltr'><strong>siste,</strong></span> <span class='ocrx_word' id='word_1_941' title='bbox 2929 5448 3060 5505; x_wconf 86' lang='lat' dir='ltr'><strong>satis</strong></span> <span class='ocrx_word' id='word_1_942' title='bbox 3081 5444 3193 5517; x_wconf 84' lang='lat' dir='ltr'><strong>jam</strong></span> <span class='ocrx_word' id='word_1_943' title='bbox 3222 5438 3533 5513; x_wconf 88' lang='lat' dir='ltr'><strong>hujusmodi</strong></span> 
     </span>
    </p>
   </div>
   <div class='ocr_carea' id='block_1_117' title="bbox 1932 5533 3533 5620">
    <p class='ocr_par' dir='ltr' id='par_1_117' title="bbox 1932 5533 3533 5620">
     <span class='ocr_line' id='line_1_117' title="bbox 1932 5533 3533 5620; baseline -0.019 -5"><span class='ocrx_word' id='word_1_944' title='bbox 1932 5558 2302 5615; x_wconf 86' lang='lat' dir='ltr'><strong>narrationum</strong></span> <span class='ocrx_word' id='word_1_945' title='bbox 2322 5596 2337 5620; x_wconf 95' lang='lat'><strong>,</strong></span> <span class='ocrx_word' id='word_1_946' title='bbox 2367 5550 2473 5607; x_wconf 89' lang='lat' dir='ltr'><strong>nisi</strong></span> <span class='ocrx_word' id='word_1_947' title='bbox 2504 5564 2593 5605; x_wconf 88' lang='lat' dir='ltr'><strong>me</strong></span> <span class='ocrx_word' id='word_1_948' title='bbox 2622 5546 2902 5617; x_wconf 80' lang='lat' dir='ltr'><strong>exspirare</strong></span> <span class='ocrx_word' id='word_1_949' title='bbox 2928 5541 3064 5597; x_wconf 90' lang='lat' dir='ltr'><strong>velis</strong></span> <span class='ocrx_word' id='word_1_950' title='bbox 3090 5557 3104 5594; x_wconf 93' lang='lat'>:</span> <span class='ocrx_word' id='word_1_951' title='bbox 3130 5536 3228 5593; x_wconf 85' lang='lat' dir='ltr'><strong>sed</strong></span> <span class='ocrx_word' id='word_1_952' title='bbox 3260 5533 3533 5591; x_wconf 87' lang='lat' dir='ltr'><strong>modicum</strong></span> 
     </span>
    </p>
   </div>
   <div class='ocr_carea' id='block_1_118' title="bbox 1933 5623 3537 5713">
    <p class='ocr_par' dir='ltr' id='par_1_118' title="bbox 1933 5623 3537 5713">
     <span class='ocr_line' id='line_1_118' title="bbox 1933 5623 3537 5713; baseline -0.019 -3"><span class='ocrx_word' id='word_1_953' title='bbox 1933 5652 2066 5711; x_wconf 86' lang='lat' dir='ltr'><strong>mihi</strong></span> <span class='ocrx_word' id='word_1_954' title='bbox 2093 5651 2200 5706; x_wconf 87' lang='lat' dir='ltr'><strong>hoc</strong></span> <span class='ocrx_word' id='word_1_955' title='bbox 2226 5648 2417 5705; x_wconf 88' lang='lat' dir='ltr'><strong>virium</strong></span> <span class='ocrx_word' id='word_1_956' title='bbox 2450 5642 2764 5713; x_wconf 87' lang='lat' dir='ltr'><strong>relinquens</strong></span> <span class='ocrx_word' id='word_1_957' title='bbox 2796 5637 3022 5693; x_wconf 90' lang='lat' dir='ltr'><strong>missum</strong></span> <span class='ocrx_word' id='word_1_958' title='bbox 3048 5648 3135 5687; x_wconf 87' lang='lat' dir='ltr'><strong>me</strong></span> <span class='ocrx_word' id='word_1_959' title='bbox 3164 5630 3349 5686; x_wconf 86' lang='lat' dir='ltr'><strong>facito.</strong></span> <span class='ocrx_word' id='word_1_960' title='bbox 3368 5623 3537 5696; x_wconf 72' lang='lat' dir='ltr'><strong>Quod</strong></span> 
     </span>
    </p>
   </div>
   <div class='ocr_carea' id='block_1_119' title="bbox 2001 5744 3540 5817">
    <p class='ocr_par' dir='ltr' id='par_1_119' title="bbox 2001 5744 3540 5817">
     <span class='ocr_line' id='line_1_119' title="bbox 2001 5744 3540 5817; baseline -0.017 1"><span class='ocrx_word' id='word_1_961' title='bbox 2001 5769 2019 5801; x_wconf 76' lang='grc' dir='ltr'><strong><em>ι</em></strong></span> <span class='ocrx_word' id='word_1_962' title='bbox 2053 5766 2127 5817; x_wconf 88' lang='lat' dir='ltr'><strong>sic</strong></span> <span class='ocrx_word' id='word_1_963' title='bbox 2148 5776 2322 5815; x_wconf 86' lang='lat' dir='ltr'><strong>omnes</strong></span> <span class='ocrx_word' id='word_1_964' title='bbox 2335 5771 2440 5812; x_wconf 72' lang='lat' dir='ltr'><strong>Mss.</strong></span> <span class='ocrx_word' id='word_1_965' title='bbox 2461 5765 2512 5809; x_wconf 90' lang='lat' dir='ltr'><strong>et</strong></span> <span class='ocrx_word' id='word_1_966' title='bbox 2529 5760 2668 5807; x_wconf 79' lang='lat' dir='ltr'><strong>Savil.</strong></span> <span class='ocrx_word' id='word_1_967' title='bbox 2695 5763 2744 5804; x_wconf 88' lang='lat' dir='ltr'><strong>tn</strong></span> <span class='ocrx_word' id='word_1_968' title='bbox 2769 5754 2903 5803; x_wconf 61' lang='lat' dir='ltr'><strong>edito</strong></span> <span class='ocrx_word' id='word_1_969' title='bbox 2919 5750 3085 5804; x_wconf 73' lang='lat' dir='ltr'><strong>Morel.</strong></span> <span class='ocrx_word' id='word_1_970' title='bbox 3107 5746 3263 5813; x_wconf 77' lang='lat' dir='ltr'><strong>magis</strong></span> <span class='ocrx_word' id='word_1_971' title='bbox 3284 5744 3540 5803; x_wconf 69' lang='lat' dir='ltr'><strong>adversus.</strong></span> 
     </span>
    </p>
   </div>
   <div class='ocr_carea' id='block_1_120' title="bbox 1944 5824 2856 5896">
    <p class='ocr_par' dir='ltr' id='par_1_120' title="bbox 1944 5824 2856 5896">
     <span class='ocr_line' id='line_1_120' title="bbox 1944 5824 2856 5896; baseline -0.018 -12"><span class='ocrx_word' id='word_1_972' title='bbox 1944 5839 2066 5896; x_wconf 83' lang='lat' dir='ltr'><strong>etc.,</strong></span> <span class='ocrx_word' id='word_1_973' title='bbox 2088 5830 2283 5880; x_wconf 78' lang='lat' dir='ltr'><strong>omissis</strong></span> <span class='ocrx_word' id='word_1_974' title='bbox 2299 5824 2484 5885; x_wconf 87' lang='lat' dir='ltr'><strong>verbis,</strong></span> <span class='ocrx_word' id='word_1_975' title='bbox 2508 5832 2652 5884; x_wconf 83' lang='lat' dir='ltr'><strong>quam</strong></span> <span class='ocrx_word' id='word_1_976' title='bbox 2674 5831 2856 5871; x_wconf 71' lang='grc' dir='ltr'><strong>οιητιεε.</strong></span> 
     </span>
    </p>
   </div>
  </div>
