4276 6316
586 380 688 434 sas
1330 373 1389 429 s.
1430 371 1707 428 JOANNIS
1743 367 2216 426 (:ttm'sosrout
2261 366 2579 424 ARCHIEP.
2619 365 3155 425 coxsranrmor.
3773 371 3884 426 ses

584 491 784 563 jussisti
818 488 1029 561 penitus
1055 501 1452 558 exsequemur:
1487 497 1690 541 tantum
1722 485 1854 539 nihil
1880 482 2024 539 aliud
2061 484 2169 553 jam

585 582 743 636 dictis
765 580 1006 648 adjicias,
1033 578 1126 631 sed
1153 579 1424 645 digressus
1447 590 1666 645 precare
1689 586 1766 639 ut,
1791 589 2016 630 excussa
2045 565 2173 627 ntihi

587 651 835 726 maroris
881 668 1069 723 nebula
1090 708 1104 730 ,
1137 665 1424 735 quamdam
1461 680 1491 720 a
1528 663 1666 728 Deo,
1696 666 1783 735 qui
1811 666 2173 733 impugnatur,

586 776 742 830 opem
759 774 1059 830 consequar
1077 756 1144 813 ad
1167 756 1432 840 medelam
1457 757 1789 811 inimicorum
1809 756 1945 825 ejus.
1971 753 2028 809 ld
2052 770 2179 809 vero

587 852 735 906 dabit
764 849 906 905 haud
930 849 1123 913 dubie,
1146 848 1387 903 clemens
1416 861 1539 901 cum
1566 848 1670 910 sit,
1699 861 1762 900 ac
1790 854 2020 901 mortem
2050 858 2178 915 pec-

588 942 787 997 catoris
816 940 981 1005 nolit,
1017 940 1115 994 sed
1157 948 1213 993 ut
1239 947 1584 993 convertatur
1623 946 1678 991 et
1706 938 1867 990 vivat.
1898 935 1989 991 Sic
2034 935 2123 989 illo
2150 950 2179 990 a

594 1048 680 1087 tne
719 1032 973 1093 dimisso,
1016 1031 1129 1085 haec
1154 1029 1388 1084 scribere
1422 1043 1539 1083 sum
1575 1042 1877 1098 aggressus.
1901 1027 2113 1082 Atenitn
2137 1026 2182 1079 si

594 1124 694 1177 hoc
724 1132 927 1176 tantum
958 1122 1079 1175 tuali
1106 1119 1355 1185 adesset,
1384 1118 1526 1189 quod
1550 1118 1721 1173 sancti
1750 1118 1843 1173 Dei
1865 1125 1920 1172 et
1945 1116 2181 1171 admira-

593 1214 733 1267 biles
773 1213 873 1266 viri
910 1221 1284 1281 raptarentur,
1331 1211 1762 1280 laniarenturque
1795 1208 1863 1263 ad
1900 1207 2185 1263 tribunalia

595 1304 871 1374 pertracti,
903 1304 1169 1357 verberati
1195 1312 1251 1358 et
1274 1303 1376 1357 alia
1407 1303 1581 1372 passi,
1609 1316 1728 1372 quae
1754 1315 1915 1371 supra
1942 1299 2183 1355 narravi-

597 1412 736 1459 mus,
765 1395 1075 1465 nullumque
1104 1393 1228 1448 hinc
1253 1394 1508 1449 damnum
1541 1393 1595 1446 in
1622 1406 1810 1448 eorum
1831 1399 2184 1446 convertere-

597 1497 684 1539 tur
703 1494 882 1555 caput,
913 1486 1003 1555 qui
1035 1485 1158 1538 talia
1186 1492 1582 1553 perpetrarunt,
1618 1492 1821 1537 tantum
1847 1482 2003 1537 abest
2034 1491 2091 1536 ut
2118 1480 2186 1538 de

598 1578 763 1647 gestis
793 1577 1027 1631 dolerem
1046 1615 1061 1639 ,
1094 1584 1150 1629 ut
1178 1576 1343 1629 etiam
1369 1574 1437 1629 de
1458 1573 1648 1628 iisdem
1674 1573 1905 1627 riderent
1929 1586 2188 1643 perquam

601 1667 938 1721 suavissime.
962 1665 1095 1721 Nam
1124 1676 1178 1721 et
1208 1665 1436 1719 infantes
1458 1665 1666 1735 quoties
1690 1664 1807 1718 sine
1831 1678 1930 1717 suo
1951 1664 2190 1733 periculo

601 1759 907 1828 percutiunt
933 1767 1151 1821 matres,
1172 1757 1339 1810 risum
1368 1756 1473 1810 illis
1499 1763 1715 1810 movent
1734 1754 2186 1824 copiosissimum,

602 1859 857 1920 tantoque
889 1850 1147 1918 majorem
1176 1848 1503 1917 voluptatem
1533 1849 1765 1917 pariunt,
1796 1856 1995 1917 quanto
2022 1844 2189 1901 vche-

606 1943 869 1998 mentiare
889 1957 1008 1995 cum
1034 1940 1304 1995 iracundia
1330 1940 1379 1994 id
1403 1940 1648 2005 fecerint,
1673 1940 1744 1993 ita
1770 1948 1829 1994 ut
1851 1939 2193 1995 effundantur

602 2047 845 2102 peneque
879 2032 1249 2102 dirumpantur
1278 2031 1427 2085 risu:
1458 2032 1540 2085 sin
1577 2045 1704 2085 vero
1739 2031 1865 2084 dum
1909 2030 1961 2084 id
1995 2029 2194 2100 jugiter

606 2126 780 2181 infans
802 2141 862 2179 ac
890 2125 1114 2179 validius
1133 2124 1277 2191 facit,
1301 2123 1612 2177 vulneretur
1627 2122 1936 2191 aliquando,
1960 2123 2072 2176 sive
2092 2137 2195 2177 acu

602 2218 744 2271 circa
775 2231 962 2271 zonam
987 2214 1179 2269 tunicre
1203 2214 1387 2269 matris
1414 2213 1596 2278 afﬁxa,
1621 2214 1734 2267 sive
1760 2213 1911 2267 radio
1934 2214 2193 2270 maternis

605 2309 913 2378 pectoribus
943 2321 1179 2376 appenso
1206 2305 1446 2360 ferientis
1474 2319 1688 2359 manum
1709 2304 2009 2373 excipiente
2033 2322 2046 2359 :
2068 2313 2195 2360 tunc

602 2410 768 2464 certe,
802 2410 926 2456 tunc
948 2400 1112 2452 misso
1135 2398 1265 2463 risu,
1290 2396 1511 2466 majore,
1540 2410 1698 2466 quam
1730 2395 1774 2449 is
1800 2395 1888 2465 qui
1910 2410 2196 2465 percussus

602 2501 705 2553 est,
746 2490 834 2544 illa
859 2489 1045 2544 dolore
1073 2487 1304 2542 afficitur
1330 2495 1418 2542 :et
1444 2486 1656 2541 interim
1686 2496 1837 2540 curat
1863 2486 2091 2549 vulnus,
2128 2485 2195 2540 de

603 2591 801 2637 ca-tero
835 2591 1012 2635 autem
1043 2579 1343 2649 ingentibus
1365 2578 1523 2633 minis
1546 2584 1688 2632 vetat
1715 2591 1780 2630 ne
1808 2576 1929 2629 talia
1958 2584 2099 2646 agat,
2128 2590 2196 2631 ne

603 2675 743 2729 forte
773 2674 949 2728 simile
989 2672 1259 2743 quidpiam
1288 2672 1536 2742 patiatur.
1566 2669 1675 2725 Nos
1713 2671 1893 2740 itaque
1932 2669 2079 2739 paria
2113 2668 2195 2725 fe-

603 2768 887 2830 cissemus,
919 2768 962 2822 si
996 2766 1255 2836 puerilem
1287 2764 1591 2834 lmjusmodi
1618 2765 1945 2819 iracundiam
1976 2765 2196 2835 conspi-

604 2874 885 2923 cer-emus,
918 2868 1010 2913 aut
1034 2874 1155 2913 esse
1186 2859 1323 2913 hanc
1354 2857 1634 2912 infantium
1676 2858 1904 2929 plagam,
1938 2874 2059 2928 quaa
2090 2872 2195 2913 non

606 2966 852 3021 magnam
880 2952 1009 3019 ipsis
1034 2952 1326 3021 perniciem
1352 2949 1593 3003 inferret.
1617 2948 1880 3016 Quoniam
1917 2964 2046 3003 vero
2076 2958 2198 3019 post

606 3046 873 3099 modicum
910 3046 1148 3116 elapsum
1180 3054 1410 3114 tempus,
1440 3045 1681 3115 quamvis
1711 3060 1850 3100 nunc
1878 3044 2057 3102 furore
2077 3060 2197 3102 cor-

606 3142 743 3209 repti
774 3140 824 3195 id
848 3156 953 3195 non
976 3142 1228 3207 sentiant,
1252 3140 1472 3207 flebunt,
1499 3142 1794 3213 ejulabunt,
1826 3140 2198 3196 lamentabun—

606 3245 710 3297 tur,
737 3250 840 3288 non
874 3235 961 3287 tali
990 3233 1114 3288 fletu
1140 3234 1281 3303 quali
1307 3233 1556 3295 infantes,
1581 3234 1676 3288 sed
1699 3234 1750 3287 in
1780 3234 2015 3288 tenebris
2040 3242 2193 3288 exte-

607 3325 838 3379 rioribus
893 3333 948 3379 et
1000 3326 1051 3377 in
1108 3324 1228 3395 igne
1282 3325 1697 3393 inexstinguibili
1747 3342 1760 3377 :
1811 3325 2039 3395 idipsum
2082 3325 2194 3393 jam

608 3414 865 3469 faciamus
891 3414 1031 3484 quod
1055 3424 1271 3479 matres,
1304 3414 1408 3468 hoc
1440 3424 1639 3467 tantum
1676 3414 1985 3469 discrimine
2010 3455 2024 3479 ,
2052 3413 2195 3483 quod

607 3523 714 3561 non
736 3521 859 3561 cum
889 3506 1047 3560 minis
1079 3513 1134 3560 et
1159 3505 1498 3560 contumeliis
1528 3514 1585 3560 ut
1622 3505 1749 3569 illac,
1790 3506 1884 3560 sed
1924 3506 2119 3560 blande
2141 3513 2195 3559 et

606 3616 729 3655 cum
769 3600 989 3654 lenitate
1016 3600 1182 3652 multa
1214 3598 1445 3654 infantes
1474 3598 1779 3668 hujusmodi
1819 3599 2152 3668 alloquamur
2178 3616 2191 3651 :

609 3689 1043 3761 quandoquidem
1088 3689 1220 3743 nihil
1266 3689 1393 3745 hinc
1435 3689 1616 3744 damni
1662 3690 1862 3745 sanctis
1899 3689 2057 3757 viris,
2098 3689 2195 3744 sed

607 3798 814 3838 merces
836 3782 1103 3851 cepiosior
1131 3782 1406 3852 majorque
1438 3781 1625 3836 fiducia
1650 3782 1874 3836 accedit.
1902 3782 1957 3837 Si
1979 3782 2196 3852 quidem

607 3875 783 3929 futura
812 3874 950 3929 bona
970 3888 1474 3938 commemoremus,
1497 3874 1783 3934 admodum
1816 3873 1955 3930 forte
1985 3874 2191 3930 ridebi-

607 3968 700 4033 tis,
728 3967 924 4037 quippe
948 3966 1037 4034 qui
1068 3966 1373 4035 lmjusmodi
1406 3967 1515 4020 risu
1546 3981 1760 4036 semper
1801 3966 1979 4020 ridere
2017 3966 2194 4021 solea-

609 4060 680 4113 tis
710 4076 721 4112 :
747 4068 801 4111 at
830 4058 1215 4126 prtesentibus,
1249 4059 1459 4112 etiamsi
1489 4059 1685 4113 millies
1707 4061 1835 4114 risui
1857 4059 2054 4114 addicti
2082 4060 2197 4115 fue-

608 4150 746 4213 ritis,
782 4148 940 4203 ﬁdem
973 4165 1076 4204 non
1108 4150 1393 4220 negabitis;
1437 4165 1534 4205 nec
1572 4151 1616 4204 si
1661 4151 1937 4206 volueritis
1978 4152 2195 4221 quidem

610 4243 872 4309 poteritis,
901 4241 1061 4295 rebus
1084 4256 1277 4310 nempe
1298 4241 1427 4311 ipsis
1449 4251 1633 4296 contra
1656 4226 2034 4298 clamantibus.

681 4334 1038 4390 Persecutores
1074 4351 1175 4388 non
1204 4335 1413 4400 sanctis,
1443 4335 1532 4388 sed
1554 4334 1647 4389 sibi
1662 4346 1860 4390 nocent.
1883 4336 2196 4406 Exemplum

617 4426 841 4481 Neronis
876 4437 923 4487 et
955 4424 1130 4478 Pauli.
1172 4456 1243 4466 —-
1269 4426 1533 4480 Neronem
1584 4442 1803 4494 prorsus
1846 4428 2073 4482 audistis
2112 4428 2195 4482 vi-

612 4534 730 4573 rum
760 4531 951 4586 nempe
973 4532 1043 4571 ex
1074 4516 1292 4571 lascivia
1320 4516 1601 4583 famosum,
1630 4519 1717 4587 qui
1751 4519 1954 4588 primus
1980 4528 2035 4575 et
2054 4519 2199 4574 solus

612 4611 663 4662 in
698 4617 844 4662 tanto
874 4608 1098 4679 imperio
1140 4623 1306 4662 novos
1335 4608 1593 4676 quosdam
1623 4609 1968 4680 impudicitiae
1998 4618 2054 4665 et
2085 4620 2197 4665 tur-

610 4702 869 4772 pitudinis
923 4701 1112 4756 modos
1158 4702 1516 4771 excogitavit:
1548 4701 1633 4757 hic
1677 4704 1852 4773 itaque
1894 4703 2037 4758 Nero
2075 4705 2198 4759 bea-

610 4810 722 4850 tum
748 4795 989 4862 Paulum,
1022 4794 1173 4865 cujus
1202 4804 1443 4865 tempore
1472 4795 1765 4866 regnabat,
1794 4796 1862 4851 de
1889 4796 2081 4851 iisdem
2109 4812 2199 4851 ac-

611 4904 825 4954 cusans,
856 4888 924 4941 de
944 4888 1135 4957 quibus
1160 4901 1255 4942 vos
1283 4889 1382 4960 ipsi
1408 4883 1621 4944 sanctos
1647 4891 1792 4945 viros
1831 4890 2151 4947 insimulatis
2176 4909 2197 4945 ς

612 4982 854 5051 pellicem
877 4981 1018 5036 enim
1046 4980 1181 5050 ejus,
1207 4996 1366 5051 quam
1397 4981 1485 5037 ille
1507 4980 1804 5053 deperibat,
1836 4998 1957 5039 cum
1988 4984 2055 5040 ad
2078 4985 2201 5040 fidei

608 5073 907 5127 doctrinam
934 5072 1359 5143 amplectendam
1394 5072 1711 5142 induxisset,
1742 5075 1810 5129 ab
1839 5075 2049 5146 impuro
2085 5076 2202 5146 ejus

606 5164 881 5219 consortio
925 5165 1143 5219 monitis
1190 5164 1303 5219 suis
1356 5165 1576 5221 abduxit
1615 5182 1630 5220 :
1663 5167 1812 5235 hare,
1841 5168 2056 5239 inquam
2078 5211 2093 5235 ,
2127 5170 2201 5224 illi

607 5255 831 5310 crimina
862 5256 1121 5325 objiciens
1144 5298 1159 5324 ,
1194 5272 1258 5313 ac
1304 5265 1672 5329 corruptorem
1696 5299 1712 5325 ,
1742 5260 2078 5315 seductorem
2101 5299 2117 5325 ,
2149 5270 2205 5315 et

611 5348 694 5402 his
726 5348 991 5403 similibus
1042 5350 1345 5404 nominibus
1377 5390 1393 5415 ,
1421 5365 1541 5420 qua:
1606 5362 1702 5404 vos
1732 5350 1891 5405 modo
1923 5350 2199 5419 profertis,

608 5439 835 5495 Paulum
861 5440 1159 5510 appellans,
1194 5442 1366 5510 primo
1408 5441 1583 5511 ipsum
1612 5443 1666 5496 in
1693 5442 1906 5497 vincula
1933 5442 2198 5511 conjecit;

607 5548 730 5586 cum
764 5544 939 5588 autem
969 5542 1025 5587 ut
1055 5535 1244 5603 puella:
1273 5535 1471 5591 monita
1502 5536 1632 5591 dare
1659 5535 1932 5590 desineret
1952 5536 2052 5605 ipsi
2080 5550 2204 5604 per-

608 5626 836 5681 suadere
863 5643 965 5680 non
997 5638 1199 5697 posset,
1227 5628 1438 5683 necavit
1461 5629 1695 5683 tandem.
1724 5629 1862 5695 Quid
1886 5629 2045 5699 igitur
2075 5628 2203 5683 hinc

608 5718 789 5772 damni
824 5718 922 5773 fuit
947 5719 1085 5775 male
1113 5719 1323 5787 affecto,
1354 5721 1548 5791 quidve
1573 5721 1920 5775 emolumenti
1947 5718 2202 5774 facinoris

608 5812 862 5868 auctori?
914 5810 1025 5869 lmo
1072 5829 1236 5884 vero,
1283 5814 1407 5885 quid
1474 5827 1577 5869 non
1624 5813 1969 5869 emolumenti
2021 5811 2200 5868 occiso

2289 482 2451 537 Paulo
2472 523 2487 547 ,
2518 482 2644 552 quid
2677 498 2781 538 non
2812 484 2992 539 damni
3039 482 3252 539 necanti
3290 482 3529 539 Neroni?
3569 500 3747 542 nonne
3792 487 3885 542 ille

2284 567 2499 636 quidem
2531 576 2587 621 ut
2636 568 2860 637 angelus
2908 568 3104 637 ubique
3142 578 3406 622 terrarum
3448 568 3883 625 celebraturide

2288 660 2637 730 pmsentibus
2690 661 2834 716 enim
2914 669 3117 715 tantum
3165 659 3392 730 loquor;
3431 659 3521 715 ille
3560 675 3693 715 vero
3741 668 3886 714 tam—

2286 767 2444 822 quam
2486 760 2768 823 corruptor
2810 752 3127 824 daemonque
3172 752 3319 807 feros
3354 752 3494 823 apud
3531 765 3721 807 omnes
3745 751 3888 806 male

2286 844 2472 900 audit?

2360 936 2413 990 4.
2442 936 2514 990 Ea
2533 950 2662 991 vero
2682 949 2801 1006 qua:
2826 933 2893 990 ad
2910 933 3146 991 futuram
3169 934 3331 989 vitam
3355 933 3644 1005 pertinent,
3670 932 3892 989 etiamsi

2290 1042 2388 1084 vos
2414 1043 2523 1083 non
2548 1027 2808 1093 credatis,
2832 1036 3052 1098 propter
3076 1026 3362 1084 credentes
3388 1035 3566 1080 tamen
3588 1039 3894 1081 memorare

2292 1136 2511 1178 necesse
2539 1130 2659 1185 est;
2691 1134 3014 1191 quamquam
3040 1134 3107 1174 ex
3137 1119 3232 1185 iis,
3249 1132 3370 1188 qua:
3395 1128 3580 1172 coram
3609 1125 3768 1180 sunt,
3792 1128 3895 1169 vos

2291 1215 2454 1270 etiam
2485 1214 2590 1269 illis
2615 1211 2840 1268 credere
2868 1211 3177 1267 debueratis
3201 1224 3216 1262 :
3251 1223 3439 1264 verum
3463 1222 3682 1279 quoquo
3705 1207 3896 1261 animo

2294 1307 2409 1377 ipsa
2436 1304 2773 1375 acceperitis,
2805 1304 3053 1359 dicentur
3080 1317 3109 1356 a
3134 1301 3309 1367 nobis,
3333 1315 3433 1355 nec
3450 1288 3919 1356 occultabuntur.‘

2293 1399 2547 1468 Quantam
2580 1398 2741 1468 igitur
2769 1396 2857 1452 illa
2884 1399 3045 1452 erunt
3068 1395 3092 1448 ἲ
3120 1393 3279 1449 Miser
3308 1393 3419 1460 ille,
3448 1392 3728 1465 squalidus
3752 1434 3767 1459 ,
3791 1392 3893 1447 tri-

2296 1492 2395 1546 stis
2420 1531 2436 1557 ,
2470 1490 2759 1561 ignominia
2802 1490 3026 1545 obrutus
3066 1497 3120 1542 et
3148 1486 3406 1557 caligine,
3434 1485 3685 1541 demissis
3722 1485 3896 1540 oculis

2295 1583 2591 1638 abducetur
2616 1597 2705 1650 eo,
2743 1582 2833 1637 ubi
2873 1580 3072 1637 vermis
3103 1580 3194 1650 qui
3243 1591 3350 1633 non
3396 1579 3644 1644 moritur,
3676 1588 3731 1633 et
3757 1578 3897 1648 ignis

2296 1672 2387 1744 qui
2433 1687 2540 1727 non
2580 1671 2985 1742 exstinguitur:
3037 1669 3227 1725 beatus
3283 1683 3415 1722 vero
3465 1667 3661 1722 Paulus
3703 1673 3895 1737 magna

2296 1780 2420 1821 cum
2464 1764 2654 1820 fiducia
2685 1764 2751 1820 ad
2791 1765 2962 1834 ipsum
2985 1762 3219 1817 adstabit
3240 1760 3584 1831 Imperatoris
3612 1760 3892 1827 thronum,

2297 1854 2583 1925 splendore
2614 1853 2855 1925 fulgens,
2887 1862 3141 1923 tantaque
3182 1852 3414 1907 amictus
3455 1852 3624 1921 gloria
3648 1892 3666 1918 ,
3695 1858 3755 1905 ut
3794 1864 3899 1904 nec

2298 1944 2504 2015 angelis
2528 1958 2629 1999 nec
2664 1941 3001 2013 archangelis
3031 1940 3253 1996 inferior
3282 1942 3373 2007 sit,
3406 1948 3720 2010 tantamque
3748 1950 3898 1995 mer-

2297 2036 2485 2092 cedem
2530 2036 2787 2107 recipiet,
2818 2043 3070 2106 quantam
3100 2032 3344 2102 recipere
3384 2048 3481 2102 par
3505 2041 3591 2088 est
3618 2033 3896 2087 hominem

2300 2128 2389 2200 qui
2420 2144 2516 2198 pro
2546 2130 2660 2184 Deo
2685 2128 2908 2199 ejusque
2936 2127 3145 2198 placitis
3187 2142 3384 2198 corpus
3416 2120 3433 2160 ¹
3464 2137 3626 2197 atque
3665 2127 3899 2182 animam

2300 2237 2451 2277 suam
2498 2220 2798 2276 tradiderit.
2831 2220 2907 2275 lta
2936 2220 3081 2275 enim
3111 2235 3172 2275 se
3205 2235 3293 2275 res
3325 2220 3487 2273 habet
3514 2235 3528 2271 :
3562 2226 3746 2288 parata
3776 2219 3899 2288 qni-

2299 2311 2423 2367 dem
2446 2319 2530 2367 est
2555 2311 2640 2376 iis,
2667 2310 2758 2381 qui
2784 2310 2921 2365 bona
2952 2310 3200 2382 egerint,
3230 2309 3419 2380 ingens
3445 2309 3752 2373 retributio,
3782 2324 3900 2363 ma-

2299 2401 2387 2471 jor
2439 2411 2619 2456 autem
2664 2416 2729 2456 ea
2803 2409 2886 2457 est
2938 2410 3100 2469 atque
3153 2400 3401 2466 auctior,
3452 2400 3672 2470 quoties
3713 2398 3750 2455 ii
3801 2399 3897 2470 qui

2301 2492 2443 2548 bona
2485 2500 2777 2564 operantur
2804 2533 2821 2558 ,
2884 2492 3119 2562 pericula
3180 2490 3632 2561 ignominiamque
3673 2489 3899 2544 multam
3950 2514 3954 2516 τ

2300 2585 2547 2642 adierint.
2605 2584 2827 2639 Etiamsi
2894 2583 3093 2638 bonum
3164 2596 3302 2652 opus
3354 2580 3560 2653 aequale
3610 2581 3680 2635 sit
3728 2581 3780 2634 in
3834 2594 3901 2633 eo

2301 2678 2394 2750 qui
2454 2678 2571 2733 sine
2636 2676 2820 2732 labore
2856 2718 2872 2745 ,
2928 2684 2982 2732 et
3033 2675 3085 2729 in
3142 2689 3209 2730 eo
3272 2674 3364 2746 qui
3423 2688 3550 2729 cum
3611 2671 3797 2727 labore
3847 2671 3899 2725 id

2302 2768 2608 2841 perfecerit,
2637 2768 2872 2824 honores
2894 2778 3071 2823 tamen
3091 2776 3146 2823 et
3168 2781 3383 2823 coronae
3402 2780 3559 2836 pares
3587 2780 3693 2819 non
3716 2771 3897 2819 erum.

2302 2860 2435 2917 Nam
2464 2869 2519 2917 et
2562 2862 2614 2916 in
2656 2859 2801 2916 bello
2830 2868 3118 2915 coronatur
3156 2856 3373 2929 quidem
3413 2857 3458 2910 is
3498 2856 3593 2924 qui
3630 2863 3894 2923 ιτορωιιιιι

2302 2955 2522 3019 erexit;
2571 2954 2741 3008 multo
2790 2949 2961 3023 magis
3008 2961 3185 3005 tamen
3235 2948 3397 3019 isqui
3426 2946 3644 3001 vulnera
3686 2960 3799 3015 pra:
3838 2960 3897 3000 sc

2303 3046 2425 3111 fert,
2455 3060 2551 3116 per
2578 3060 2697 3116 qua:
2732 3053 2993 3115 tropzeum
3034 3050 3273 3098 erectum
3303 3049 3408 3095 est.
3437 3038 3577 3105 Quid
3615 3048 3793 3092 autent
3830 3038 3902 3093 de

2304 3141 2610 3197 viventibus
2633 3141 2823 3211 loquor
2846 3182 2861 3205 ,
2888 3138 3104 3208 quando
3132 3146 3188 3192 et
3226 3138 3261 3191 ii
3300 3134 3393 3205 qui
3436 3134 3538 3189 hoc
3563 3141 3768 3188 tantum
3797 3130 3893 3185 de-

2303 3235 2498 3291 derunt
2533 3235 2746 3290 virtutis
2772 3231 3049 3296 indicium,
3079 3238 3137 3284 ut
3178 3230 3232 3284 in
3268 3229 3411 3284 bello
3439 3227 3650 3282 fortiter
3677 3240 3899 3280 occum-

2303 3328 2513 3392 berent,
2544 3329 2785 3396 nihilque
2810 3327 2929 3398 plus
2959 3324 3310 3380 emolumenti
3350 3321 3464 3377 suis
3493 3319 3859 3390 praestiterunt
3878 3357 3894 3378 ,

2306 3431 2573 3493 tamquam
2604 3431 2907 3477 servatores
2949 3427 3003 3475 et
3042 3417 3252 3489 patroni
3297 3432 3397 3487 per
3438 3425 3602 3470 totam
3637 3411 3899 3470 Grmciam

2303 3514 2692 3570 celebrantur?
2720 3513 2932 3567 tametsi
2958 3525 3055 3565 vos
3083 3509 3198 3563 haec
3229 3508 3482 3579 ignoratis
3513 3548 3530 3573 ,
3556 3506 3685 3561 risui
3717 3513 3770 3559 et
3797 3503 3899 3558 de-

2302 3606 2440 3661 liciis
2468 3620 2685 3675 semper
2709 3604 2895 3660 dediti.
2927 3601 3081 3669 Quod
3109 3601 3152 3655 si
3179 3600 3406 3670 gentiles
3434 3598 3701 3663 homines,
3734 3590 3899 3650 nihil-

2301 3713 2407 3768 que
2430 3712 2619 3753 sanum
2646 3696 2959 3759 sentientes,
2990 3692 3041 3748 id
3067 3692 3365 3761 conSpicari
3388 3698 3677 3761 potuerunt
3700 3730 3715 3755 ,
3746 3692 3900 3743 sum-

2302 3789 2514 3864 misque
2568 3787 2859 3843 honoribus
2908 3783 3221 3856 prosequuti
3258 3790 3384 3837 sunt
3409 3795 3504 3836 eos
3529 3821 3544 3846 ,
3577 3781 3667 3851 qui
3715 3793 3813 3849 pro
3838 3791 3901 3833 se

2301 3880 2572 3947 obierunt,
2610 3880 2848 3949 nihilque
2876 3877 3239 3948 praastiterunt
3280 3873 3530 3942 amplius,
3558 3876 3759 3942 quanto
3781 3884 3901 3924 ma-

2302 3973 2381 4042 gis
2403 3970 2650 4027 Christus
2681 3971 2782 4025 hoc
2809 3968 2988 4033 faciet,
3020 3965 3112 4036 qui
3136 3979 3350 4033 semper
3373 3972 3427 4018 et
3453 3962 3649 4032 ubique
3667 3975 3780 4026 eos,
3805 3960 3900 4029 qui

2303 4071 2524 4134 propter
2564 4077 2624 4117 se
2672 4060 2909 4131 pericula
2964 4056 3198 4122 adeunt,
3254 4054 3569 4124 largissimis
3630 4052 3786 4107 donis
3836 4066 3902 4105 ac

2305 4157 2541 4226 prtemiis
2572 4151 2830 4222 superat?
2860 4150 3043 4219 Neque
3081 4149 3225 4203 enim
3254 4144 3758 4218 persequutionibus
3783 4147 3902 4196 tan-

2307 4256 2439 4312 tum,
2468 4254 2559 4301 aut
2586 4242 2920 4309 verberibus,
2943 4249 3034 4295 aut
3061 4240 3390 4304 carceribus,
3416 4236 3780 4304 czedibusque,
3805 4232 3903 4289 sed

2309 4336 2470 4393 etiam
2503 4334 2844 4391 contumeliis
2869 4330 3298 4400 conviciosisque
3322 4328 3521 4393 verbis,
3550 4326 3767 4395 prmntia
3801 4340 3901 4394 po-

2306 4430 2413 4483 suit
2438 4427 2692 4481 maxima.
2714 4423 2861 4483 Beati
2888 4424 3054 4487 enim,
3084 4420 3276 4490 inquit,
3300 4419 3437 4473 eritis
3458 4434 3573 4470 cum
3601 4432 3684 4470 vos
3705 4416 3903 4468 oderint

2309 4520 2552 4585 homines,
2568 4527 2613 4571 et
2628 4533 2741 4570 cum
2755 4516 3096 4586 reparaverint
3113 4522 3221 4577 vos,
3240 4520 3284 4565 et
3301 4507 3548 4579 exprobra
3556 4507 3791 4573 verint,et
3802 4506 3904 4575 eje-

2306 4614 2466 4669 cert'nt
2503 4628 2684 4666 nomen
2713 4622 2929 4664 vestrum
2952 4617 3211 4677 tamquam
3236 4606 3448 4667 malum,
3473 4609 3678 4671 propter
3703 4597 3904 4653 Filium

2308 4708 2542 4762 hominis.
2569 4704 2795 4759 Gaudete
2814 4703 2865 4755 in
2878 4701 2967 4755 illa
2984 4700 3066 4753 die
3080 4708 3127 4753 et
3142 4697 3391 4753 exsultante
3409 4710 3426 4747 :
3443 4710 3553 4748 ecce
3566 4693 3699 4746 enim
3713 4706 3904 4745 nte-ce:

2306 4809 2470 4854 vestra
2512 4796 2671 4850 multa
2718 4804 2790 4850 est
2830 4795 2885 4847 in
2934 4792 3072 4847 cretis
3115 4788 3291 4864 (Luc.
3323 4789 3375 4841 ϐ.
3402 4785 3494 4839 22.
3522 4782 3658 4853 Ξὸ).
3708 4782 3764 4837 Si
3808 4780 3907 4851 igi-

2310 4903 2394 4948 tur
2419 4899 2475 4947 et
2507 4890 2614 4961 pati
2652 4898 2708 4944 et
2754 4886 2939 4942 audire
2970 4884 3109 4939 male
3130 4925 3145 4951 ,
3193 4878 3515 4951 patientibus
3541 4874 3787 4944 maleque
3809 4890 3903 4927 au-

2310 4985 2577 5041 dientibus
2625 4978 2933 5037 mercedem
2980 4985 3174 5047 auget,
3206 4974 3295 5044 qui
3346 4970 3573 5041 impedit
3613 4966 3905 5039 quominus

2311 5080 2581 5150 patiantur
2629 5082 2685 5131 et
2725 5074 2865 5129 male
2913 5071 3164 5132 audiant,
3208 5082 3315 5121 non
3366 5064 3503 5127 hos,
3533 5060 3629 5115 sed
3671 5073 3766 5114 eos
3808 5058 3905 5127 qui

2309 5173 2449 5228 male
2474 5171 2674 5225 faciunt
2698 5175 2752 5221 et
2776 5164 2998 5230 dicunt,
3021 5162 3189 5233 juvat.
3220 5157 3332 5214 Eos
3361 5155 3503 5211 enim
3532 5152 3709 5223 potius
3738 5164 3908 5204 nocu-

2311 5272 2492 5319 mento
2516 5260 2712 5323 affecit,
2739 5253 2953 5327 quando
2975 5251 3233 5321 majorem
3260 5249 3407 5303 illam
3434 5242 3741 5300 merCedem
3768 5256 3908 5310 pne-

2311 5352 2474 5421 cidit,
2504 5360 2557 5408 et
2583 5348 2759 5420 gaudii
2797 5344 3276 5411 exsultationisque
3305 5337 3587 5393 materiam
3618 5332 3749 5403 ipsis
3775 5330 3907 5385 abs-

2313 5444 2453 5501 tulit.
2504 5442 2763 5512 Quocirca
2818 5439 3010 5496 borum
3062 5434 3277 5506 quidem
3343 5446 3504 5488 causa
3564 5429 3680 5482 hac
3742 5426 3906 5479 etiam

2312 5540 2473 5594 silere.
2498 5549 2551 5593 et
2576 5538 2824 5590 omittere
2851 5532 3018 5586 satius
3048 5528 3275 5583 fortasse
3305 5525 3516 5587 fuerat;
3544 5537 3664 5592 qua:
3702 5518 3943 5594 scilicqt‘

2314 5631 2443 5703 ipsis
2473 5644 2692 5700 magnas
2720 5629 2983 5682 bonorum
3013 5617 3224 5676 divitias
3255 5618 3619 5688 majoremque
3658 5609 3908 5665 fiduciam

2307 5835 2339 5866 ν’
2384 5823 2402 5855 ⁸
2439 5826 2606 5878 Deest,
2624 5827 2819 5879 corpus,
2838 5809 3093 5862 iuduohus
3114 5814 3222 5856 Mss.

4086 662 4094 829 9
