4276 6316
292 257 402 318 328

293 372 673 446 procurabant.
698 372 896 428 Verum
938 371 1064 448 quia
1103 387 1286 428 sumus
1331 372 1558 426 invicem
1605 371 1842 425 membra
1867 412 1882 438 ,

290 465 393 521 etsi
420 463 520 535 ipsi
547 465 773 534 gratiam
818 464 1085 534 abnegent
1104 505 1120 529 ,
1147 479 1251 517 non
1279 462 1535 517 convenit
1553 461 1624 515 ita
1647 457 1852 515 alfe‘ctis
1871 501 1884 525 ,

294 566 352 611 ut
379 571 476 610 nos
505 569 690 610 sumus
711 595 724 619 ,
759 555 918 608 unius
942 554 1170 608 membri
1195 568 1378 608 curam
1411 553 1630 619 habere,
1661 552 1887 609 alterum

293 646 581 716 negligere.
607 645 847 714 Namque
881 644 988 699 illis
1017 644 1121 699 alia
1162 629 1475 698 meritorum
1517 642 1729 696 occasio
1763 656 1888 710 sup-

295 745 468 806 petet,
500 735 711 790 etiamsi
740 748 880 789 nunc
905 732 1059 789 malis
1087 748 1193 788 non
1217 733 1522 788 afﬁciantur
1549 748 1565 798 ;
1610 731 1727 786 istis
1760 744 1888 785 vero

293 827 396 883 nisi
422 829 490 882 ab
527 828 627 882 hac
656 841 829 896 pugna
851 813 1191 904 destiterint,
1224 826 1367 881 nulla
1395 825 1508 896 jam
1551 806 1738 880 salutis
1764 839 1887 893 spes

295 919 630 988 relinquitur.
657 918 839 987 Itaque
868 917 974 972 illis
996 917 1234 985 omissis,
1261 918 1454 971 vestris
1478 917 1641 972 rebus
1675 916 1886 982 insisto,

293 1025 529 1081 rogoque
557 1023 612 1065 et
637 1011 862 1064 obsecro
905 1009 1060 1065 nobis
1101 1010 1438 1064 hortantibus
1464 1007 1884 1077 obtemperetis,

294 1117 394 1156 nec
420 1112 607 1156 contra
635 1115 731 1156 vos
757 1101 901 1170 ipsos
930 1100 1161 1170 gladium
1203 1099 1496 1169 impellatis
1515 1141 1529 1165 ,
1560 1113 1660 1154 nec
1701 1107 1888 1153 contra

295 1191 543 1246 stimulos
583 1191 872 1246 calcitrctis
901 1207 916 1256 ;
951 1207 1016 1246 ne
1037 1233 1050 1259 ,
1085 1191 1209 1245 dum
1242 1190 1437 1260 putatis
1465 1189 1711 1243 homines
1749 1203 1887 1243 mte-

293 1299 418 1338 rore
443 1283 659 1339 afﬁcere
685 1325 699 1349 ,
722 1283 976 1354 Spiritum
1005 1293 1246 1339 sanctum
1278 1283 1370 1337 Dei
1394 1283 1741 1338 contristetis.
1765 1282 1888 1338 Scio

287 1375 436 1428 enim
485 1389 548 1428 ac
598 1389 908 1443 persuasum
963 1373 1171 1440 habeo,
1228 1389 1325 1429 vos
1375 1374 1698 1428 sententiam
1749 1372 1888 1427 hanc

293 1474 570 1530 nostram,
603 1465 702 1519 etsi
750 1479 855 1518 non
902 1465 1100 1531 modo,
1141 1475 1286 1519 certe
1335 1475 1519 1536 postea
1568 1463 1888 1537 prdbaturos

288 1567 432 1608 esse.
479 1553 592 1608 Hoc
636 1562 812 1608 autem
841 1545 965 1610 volo
995 1548 1269 1611 vos‘nunc
1309 1565 1596 1626 praestare,
1630 1571 1698 1610 ne
1737 1565 1885 1625 post-

293 1645 510 1700 modum
544 1645 738 1700 frustra
782 1645 1008 1701 faciatis.
1037 1646 1310 1717 Siquidem
1341 1646 1492 1702 dives
1540 1647 1629 1701 ille
1668 1662 1790 1701 cum
1833 1647 1884 1701 in

295 1736 393 1792 hac
421 1738 528 1791 vita
555 1745 731 1805 esset,
762 1737 1052 1808 prophetas
1071 1780 1086 1806 ,
1116 1739 1285 1809 legem
1303 1780 1318 1805 ,
1342 1753 1636 1808 eorumque
1663 1739 1882 1803 monita,

294 1842 392 1896 pro
414 1827 605 1882 fabulis
633 1835 688 1882 et
711 1828 1081 1883 deliramentis
1106 1829 1421 1898 reputabat:
1450 1844 1568 1882 cum
1617 1839 1794 1883 autem
1821 1843 1887 1883 eo

290 1916 681 1980 abscessisset,
711 1919 844 1973 adeo
889 1919 942 1973 in
982 1918 1334 1978 admiratione
1374 1930 1532 1989 atque
1581 1918 1786 1974 honore
1823 1933 1884 1972 ea

295 2007 497 2062 monita
543 2007 757 2074 habuit,
806 2016 866 2062 ut
907 2024 1027 2062 cum
1081 2009 1237 2079 plane
1282 2010 1604 2081 intelligeret
1652 2009 1787 2063 nihil
1828 2023 1886 2064 se

291 2097 562 2152 commodi
601 2113 666 2152 ex
711 2098 828 2168 ejus
864 2099 1118 2176 laudibus
1155 2100 1411 2170 consequi
1443 2114 1636 2169 posse,
1663 2100 1889 2169 patriar-

290 2189 454 2244 cham
499 2198 739 2259 rogaret,
776 2197 834 2243 ut
879 2190 1112 2260 aliquem
1179 2191 1416 2246 mitteret
1467 2205 1537 2246 ex
1600 2189 1786 2244 inferis
1831 2189 1885 2243 in

291 2289 529 2344 terram,
578 2281 668 2351 qui
714 2281 862 2336 istmc
901 2283 1281 2348 annuntiaret,
1328 2283 1531 2338 veritus
1579 2282 1784 2337 scilicet
1818 2297 1886 2338 ne

293 2373 525 2443 idipsum
555 2374 627 2427 illi
658 2383 987 2444 paterentur,
1018 2385 1177 2444 atque
1205 2376 1507 2445 Scripturas
1532 2375 1738 2430 divinas
1767 2375 1888 2430 irri-

292 2466 489 2521 dentes
513 2508 528 2532 ,
561 2477 687 2520 tunc
713 2481 805 2520 eas
830 2465 1244 2532 admirarentur,
1275 2483 1396 2522 cum
1439 2483 1506 2521 cx
1545 2482 1607 2524 ea
1648 2468 1884 2522 admira-

298 2550 443 2613 tione
474 2558 606 2613 nihil
636 2558 984 2617 emolumenti
1020 2558 1278 2628 consequi
1307 2561 1565 2612 valerent.
1598 2558 1667 2612 Et
1707 2567 1884 2612 tamen

293 2647 387 2702 ille
417 2647 547 2702 nihil
577 2647 684 2702 tale
709 2657 923 2716 egerat,
950 2648 1109 2718 quale
1136 2663 1231 2702 vos
1254 2647 1409 2718 agitis
1450 2663 1466 2704 :
1498 2649 1600 2703 etsi
1628 2647 1769 2704 enim
1799 2647 1886 2702 ille

296 2739 431 2794 nihil
459 2755 524 2794 ex
554 2740 666 2793 suis
688 2739 890 2793 Lazaro
920 2739 1246 2808 impertivit,
1280 2755 1385 2794 non
1415 2749 1594 2794 tamen
1628 2754 1726 2794 eos
1750 2779 1765 2803 ,
1795 2739 1886 2808 qui

299 2831 351 2886 id
383 2847 542 2902 agere
569 2831 800 2899 vellent,
829 2830 1122 2900 prohibuit,
1146 2839 1241 2886 aut
1271 2832 1486 2900 repulit,
1512 2840 1571 2885 ut
1600 2829 1761 2884 modo
1789 2844 1884 2883 vos

294 2923 490 2979 facitis.
523 2921 706 2992 Neque
732 2920 854 2975 hinc
876 2921 1035 2976 modo
1060 2921 1206 2974 illum
1244 2921 1556 2975 crudelitate
1580 2919 1844 2988 superatis
1869 2959 1883 2984 ,

296 3015 393 3070 sed
419 3015 633 3069 aliunde
659 3029 890 3084 quoque.
924 3013 1073 3069 Sicut
1103 3013 1243 3067 enim
1293 3028 1400 3066 non
1435 3011 1639 3081 aequale
1683 3011 1888 3065 facinus

294 3113 383 3162 est
425 3094 560 3160 nihil
588 3119 746 3174 agere
772 3104 920 3168 boni,
945 3112 1005 3158 et
1033 3103 1168 3157 alios
1196 3091 1286 3172 Qui
1318 3102 1370 3158 id
1392 3103 1561 3157 velint
1585 3100 1845 3170 impedire
1870 3115 1884 3153 :

298 3199 376 3254 sic
399 3213 506 3252 non
538 3197 649 3267 pari
680 3197 733 3251 in
755 3195 924 3266 gradu
946 3195 1161 3265 ponitur
1186 3194 1306 3248 cibo
1322 3187 1598 3268 corporeo
1621 3193 1886 3261 indigere,

295 3299 510 3344 etcum
549 3287 640 3357 qui
689 3287 741 3341 in
791 3285 993 3355 ingenti
1049 3283 1402 3354 philosophias
1454 3283 1679 3354 penuria
1710 3282 1885 3352 jacet,

296 3377 586 3449 prohibere
610 3392 679 3431 ne
708 3375 775 3429 ah
801 3376 920 3430 aliis
961 3383 1228 3444 pascatur.
1276 3373 1633 3440 Quamobrem
1683 3371 1889 3424 duabus

297 3485 367 3524 ex
396 3469 638 3540 partibus
662 3469 949 3522 immanem
982 3467 1131 3522 illum
1171 3465 1388 3521 divitem
1420 3464 1717 3534 superatis,
1746 3460 1889 3531 quod

301 3575 495 3629 nempe
520 3560 653 3613 alios
677 3559 1004 3629 prohibeatis
1034 3557 1226 3616 famem
1254 3556 1619 3624 exstinguere,
1643 3549 1890 3629 quodque

298 3666 423 3706 cum
467 3651 702 3704 animam
747 3649 1022 3719 praefocari
1059 3647 1283 3703 videatis
1308 3688 1322 3714 ,
1355 3655 1557 3700 tantam
1593 3644 1890 3699 cxhibeatis

311 3741 781 3797 inhutnanitatem.
809 3739 923 3795 Hoc
973 3747 1028 3794 et
1070 3739 1240 3794 Judaei
1287 3736 1414 3791 olim
1458 3735 1736 3791 fecerunt:
1765 3749 1888 3787 nam

301 3833 579 3906 apostolos
608 3832 962 3903 prohibebant
990 3847 1058 3886 ne
1089 3831 1398 3885 hominibus
1423 3829 1671 3883 salutaria
1702 3827 1889 3895 loque-

301 3938 510 3983 rentur.
537 3927 605 3980 At
633 3940 727 3980 vos
768 3925 875 3978 illis
901 3922 1060 3978 etiam
1105 3923 1399 3977 deteriores
1437 3921 1587 3975 estis.
1624 3919 1700 3973 Illi
1750 3917 1891 3972 enim

299 4032 424 4073 eum
470 4031 529 4071 se
575 4015 820 4070 inimicos
844 4014 1245 4084 proﬁterentur,
1273 4013 1352 4068 sic
1379 4011 1560 4066 omnia
1591 4011 1680 4064 illa
1727 4007 1890 4064 facie-

301 4108 431 4163 bant
466 4125 477 4161 :
511 4120 609 4160 vos
636 4114 813 4159 autem
859 4104 1113 4160 ementita
1163 4104 1456 4157 amicorum
1504 4115 1764 4171 persona,
1792 4099 1895 4154 ini-

304 4200 473 4256 micos
507 4215 601 4254 vos
623 4197 910 4254 exhibctis.
930 4197 1006 4251 Illi
1027 4206 1242 4252 sanctos
1264 4194 1538 4266 apostolos
1558 4191 1890 4273 verberibus,

269 4285 643 4348 contumeliis
671 4331 686 4356 ,
735 4290 1025 4360 ignominia
1099 4289 1430 4354 allecerunt,
1477 4285 1894 4356 praestigiatores

305 4400 402 4440 eos
442 4393 601 4452 atque
649 4382 962 4437 seductores
991 4381 1337 4451 appellantes.
1369 4377 1566 4433 Verum
1593 4378 1713 4431 illos
1748 4384 1892 4430 tanta

309 4473 443 4529 ultio
470 4473 769 4541 corripuit,
802 4479 860 4524 ut
886 4472 1031 4523 nulla
1056 4469 1334 4524 calamitas
1370 4468 1540 4537 possit
1566 4481 1752 4522 eorum
1779 4466 1893 4519 cla-

304 4565 464 4620 dibus
502 4562 826 4632 comparari.
851 4561 982 4615 Nam
1012 4559 1167 4631 primi
1197 4569 1254 4614 et
1291 4561 1392 4616 soli
1432 4575 1498 4614 ex
1526 4560 1672 4614 omni
1716 4559 1896 4614 homi-

307 4672 436 4710 num
473 4670 667 4724 genere
725 4669 786 4708 ea
821 4653 964 4724 passi
993 4662 1156 4718 sunt,
1188 4668 1306 4722 qua:
1342 4653 1518 4706 nullus
1568 4654 1703 4707 alius
1733 4654 1772 4705 ¹.
1802 4652 1897 4706 At-

307 4760 412 4816 que
436 4745 626 4798 horum
657 4743 762 4798 ﬁde
782 4743 974 4811 dignus
997 4745 1147 4798 testis
1169 4752 1248 4799 est
1279 4742 1543 4806 Christus,
1568 4744 1658 4811 qui
1688 4743 1766 4796 sic
1788 4745 1894 4798 ait:

312 4838 425 4892 Erit
455 4838 712 4891 tribulatio
743 4852 930 4906 magna
955 4877 970 4902 ,
998 4835 1162 4904 qualis
1185 4851 1285 4888 non
1324 4835 1420 4904 fuit
1457 4834 1520 4886 ab
1549 4833 1694 4888 initio
1720 4834 1897 4887 mundi

312 4945 469 4993 usque
490 4942 622 4981 nunc
642 4969 656 4993 ,
687 4943 844 4995 neque
868 4935 1039 4997 postea
1063 4926 1158 4981 erit
1187 4925 1400 4996 (Matth.
1425 4923 1516 4978 24.
1538 4923 1650 4995 21).
1672 4924 1746 4978 Ea
1779 4925 1898 4995 qui-

310 5019 436 5074 dem
461 5020 639 5072 omnia
661 5059 677 5083 ,
712 5033 830 5091 qua)
857 5019 930 5072 illi
959 5019 1102 5086 passi
1142 5027 1269 5072 sunt
1289 5058 1304 5082 ,
1333 5017 1580 5088 prosequi
1605 5032 1710 5072 non
1741 5017 1900 5086 hujus

313 5106 395 5167 eat
422 5111 682 5176 temporis
718 5127 729 5162 :
762 5124 927 5179 pauca
960 5119 1134 5164 tamen
1162 5126 1228 5164 ex
1253 5110 1435 5182 multis
1469 5111 1772 5164 necessario
1815 5109 1914 5164 di-—

315 5201 480 5259 eenda
508 5209 652 5256 sunt.
678 5199 871 5256 Verbis
900 5210 1076 5254 autem
1100 5212 1217 5254 utar
1248 5217 1353 5256 non
1396 5202 1528 5256 meis
1548 5243 1561 5265 ,
1603 5201 1697 5256 sed
1731 5201 1901 5272 (lose-

316 5293 432 5364 phi)
465 5292 634 5348 Juda-i
663 5333 676 5356 ,
709 5293 799 5361 qui
851 5307 969 5347 eam
1014 5292 1290 5346 historiam
1339 5293 1552 5364 scripsit
1594 5293 1898 5362 diligenter.

320 5385 455 5452 Quid
471 5399 598 5453 ergo
621 5384 693 5438 ait
710 5383 800 5439 ille
814 5385 838 5438 ?
854 5383 985 5438 Cum
1007 5392 1310 5438 enarrasset
1331 5385 1602 5440 incensum
1623 5384 1900 5454 templum,

321 5492 592 5547 novasque
619 5478 638 5509 ¹
673 5476 790 5530 illas
817 5477 1150 5532 calamitates
1191 5475 1546 5546 enuntiasset,
1576 5477 1654 5533 sic
1685 5474 1856 5547 pergit
1885 5492 1900 5531 :

385 5610 404 5646 ³
436 5615 538 5660 nuo
563 5618 669 5661 Mss.
691 5612 935 5670 omittunt,
955 5623 1065 5671 qua:
1085 5611 1244 5662 nullus
1266 5610 1407 5667 alius.

382 5672 406 5704 ⁸
437 5673 509 5722 sic
525 5671 663 5737 juxta
684 5672 822 5724 Savil.
847 5680 896 5724 In
919 5680 989 5735 8.,
1013 5686 1303 5746 communes,
1329 5687 1431 5738 pro,
1453 5686 1612 5726 nouas.

1045 258 1403 317 ADVERSUS
1441 257 1986 322 OPPUGNATORES
2024 255 2206 314 VlT/E
2243 257 2543 316 MONAST.
2587 259 2715 316 LIB.
2753 257 2796 316 Ι.

3471 258 3576 314 328

2067 370 2122 424 5.
2150 368 2218 423 Et
2244 372 2484 441 templum
2509 372 2710 439 quidem
2742 372 2836 425 hoc
2859 370 2912 424 in
2938 381 3073 425 statu
3095 381 3204 425 erat
3225 387 3245 438 ,'
3273 387 3444 428 eorum
3469 387 3583 427 vero

1995 463 2080 529 qui
2101 478 2190 532 per
2215 461 2467 515 civitatem
2493 466 2630 533 fame
2653 462 3028 527 occumbebant,
3056 462 3259 531 inﬁnita
3283 480 3406 532 pene
3432 465 3584 519 cade-

1994 555 2076 607 bat
2102 553 2372 606 multitudo
2394 593 2408 619 ,
2434 561 2581 623 atque
2617 553 2981 608 inenarrabiles
3007 554 3368 625 contingebant
3385 555 3578 610 clades.

1995 642 2136 697 Nam
2180 660 2269 713 per
2294 642 2524 715 singulas
2553 644 2732 698 domos
2757 685 2772 711 ,
2813 636 2976 698 sicubi
3013 643 3238 698 ciborum
3284 645 3361 698 vel
3403 644 3584 699 umbra

1993 741 2117 790 esset
2139 774 2156 798 ,
2191 734 2377 787 bellum
2407 733 2618 800 aderat,
2652 750 2711 788 ac
2749 734 2826 788 vel
2861 734 3163 789 amicissimi
3185 746 3360 788 mutuo
3400 752 3584 790 manus

1991 823 2352 888 conserebant,
2386 840 2447 877 ac
2482 825 2665 878 misera
2711 826 2802 878 illa
2832 825 3016 879 anima:
3040 826 3223 878 viatica
3253 825 3580 895 diripiebant.

1995 914 2080 968 Ne
2106 916 2428 969 morientibus
2457 917 2656 986 quidem
2685 917 2820 986 quod
2848 918 2956 972 cibo
3000 916 3283 989 indigerent
3327 919 3454 987 ﬁdes
3484 921 3581 973 Ita-

1992 1007 2198 1060 bebatur
2221 1026 2240 1064 :
2265 1007 2356 1061 sed
2380 1025 2463 1062 eos
2488 1025 2682 1079 quoque
2700 1010 2787 1079 qui
2813 1009 3138 1078 exspirabant
3164 1051 3178 1074 ,
3212 1011 3433 1064 latrones
3463 1028 3582 1081 per-

1992 1098 2348 1151 scrutabantur
2372 1137 2387 1161 ,
2419 1115 2482 1151 ne
2510 1099 2621 1168 quis
2661 1100 2793 1167 forte
2821 1100 3060 1154 simulata
3087 1109 3247 1154 morte
3275 1101 3441 1154 cibum
3469 1100 3584 1155 sinu

1991 1190 2284 1243 occultaret.
2304 1190 2408 1244 Alii
2432 1206 2547 1245 vero
2579 1191 2714 1260 [ante
2726 1191 2943 1258 hiantes,
2969 1202 3222 1261 tamquam
3244 1190 3410 1244 rabidi
3435 1206 3584 1244 canes

1993 1292 2155 1336 mente
2203 1283 2463 1347 destituti,
2508 1283 2808 1352 insaniaque
2862 1284 3118 1354 correpti,
3151 1282 3402 1336 ebriorum
3444 1269 3584 1336 more

1990 1377 2044 1428 in
2078 1377 2204 1430 ostia
2230 1376 2571 1446 impingebant
2602 1392 2621 1429 :
2651 1391 2710 1428 ac
2736 1375 3085 1444 desperatione
3124 1374 3295 1438 ducti,
3320 1375 3446 1427 hora
3480 1387 3583 1427 una
3640 1375 3650 1381 ’

1991 1468 2068 1521 bis
2095 1479 2224 1521 terve
2251 1469 2304 1521 in
2329 1467 2560 1521 eamdem
2594 1468 2804 1521 domum
2844 1467 3208 1538 irrumpebant.
3251 1463 3435 1519 Omnia
3462 1481 3580 1519 vero

1992 1560 2221 1614 dentibus
2260 1561 2516 1631 subigebat
2547 1562 2758 1630 penuria
2782 1601 2798 1626 ,
2828 1567 2875 1614 et
2904 1576 2962 1612 ea
2990 1575 3102 1628 qua:
3128 1575 3188 1611 ne
3215 1557 3581 1612 sordidissimis

1990 1654 2190 1722 quidem
2230 1652 2492 1706 (iratorum
2535 1653 2871 1705 animantium
2915 1651 3030 1703 usui
3067 1660 3208 1704 erant
3249 1650 3580 1718 colligentes,

1989 1744 2138 1797 edere
2163 1759 2263 1796 non
2285 1743 2600 1796 dubitabant.
2621 1742 2664 1796 Α
2689 1743 2905 1812 cingulis
2932 1742 3088 1812 igitur
3108 1749 3152 1795 et
3174 1757 3205 1794 a
3236 1738 3586 1814 calceamentis

1992 1843 2241 1905 postremo
2268 1851 2369 1887 non
2391 1831 2724 1896 abstinebant,
2753 1833 3004 1902 scutisque
3028 1832 3252 1884 detracta
3276 1831 3414 1882 coria
3437 1845 3580 1881 man—

1991 1914 2191 1980 debant.
2228 1925 2360 1979 Esca
2385 1935 2552 1978 autem
2599 1907 2902 1995 quibusdam
2932 1932 3075 1977 erant
3119 1922 3240 1992 freni
3267 1921 3420 1975 laceri
3458 1919 3580 1974 reli-

1988 2019 2120 2087 quite
2144 2033 2162 2071 :
2189 2027 2520 2088 purgamenta
2536 2017 2677 2070 ‘item
2705 2015 2940 2069 nonnulli
2966 2016 3275 2085 colligentes,
3308 2013 3572 2066 minimum

1990 2125 2162 2164 eorum
2183 2108 2384 2181 pondus
2398 2118 2616 2178 quatuor
2637 2107 2802 2161 atticis
2824 2104 3195 2160 vendebant.Et
3217 2105 3338 2173 quid
3363 2120 3489 2172 opus
3510 2112 3581 2156 est

1991 2205 2142 2273 famis
2179 2203 2549 2270 improbitatem
2575 2201 2650 2272 in_
2674 2200 2820 2254 rebus
2849 2199 3085 2252 inanimis
3135 2196 3399 2268 persequi?
3442 2194 3574 2248 Rem

1989 2304 2291 2353 narraturus
2333 2311 2443 2348 sum
2467 2335 2482 2360 ,
2515 2293 2716 2364 qualem
2741 2308 2831 2345 nec
2866 2290 3004 2359 apud
3040 2288 3252 2344 Gra’cos
3303 2303 3392 2341 nec
3444 2287 3581 2357 apud

1991 2387 2231 2440 barbaros
2258 2387 2527 2458 contigisse
2577 2393 2884 2441 memoratur
2918 2377 3166 2452 usquam,
3198 2381 3335 2433 dictu
3367 2378 3579 2431 horren-

1990 2480 2108 2542 dam
2131 2522 2146 2545 ,
2176 2489 2325 2549 atque
2352 2477 2693 2532 incredibilem
2722 2476 2922 2544 auditu.
2965 2475 3103 2528 Sane
3131 2489 3222 2540 ego
3274 2489 3335 2525 ne
3378 2469 3573 2524 viderer

1993 2579 2227 2641 portenta
2248 2569 2534 2639 con/ingere
2561 2569 2746 2638 futuris
2777 2565 3060 2619 hominibus
3078 2605 3108 2628 ,η
3130 2560 3420 2632 ltujusntodi
3442 2561 3583 2612 calu-

1989 2664 2213 2715 mitatem
2261 2661 2470 2714 libenter
2517 2658 2814 2721 tacuissem,
2865 2655 2964 2707 nisi
3011 2654 3303 2706 innumeros
3352 2651 3460 2721 ejus
3506 2648 3584 2702 rei

1991 2763 2134 2807 testes
2188 2752 2418 2805 haberem
2453 2764 2471 2802 :
2516 2757 2855 2816 prtrtereaque
2903 2738 3084 2812 patrita
3125 2738 3434 2794 levissimam
3459 2755 3582 2808 gru-

1992 2845 2111 2897 tiam
2157 2843 2433 2912 referrem,
2466 2838 2511 2892 si
2552 2852 2665 2906 qua?
2705 2836 2875 2905 reipsa
2905 2847 3055 2902 passa
3081 2839 3191 2897 est,
3224 2847 3283 2883 ea
3324 2827 3584 2882 narrando

1990 2934 2374 3004 supprimerent.
2404 2930 2593 2984 Mulier
2619 2928 2851 2997 quaedam
2877 2941 2940 2980 ex
2961 2926 3022 2979 iis
3044 2965 3055 2988 ,
3081 2939 3193 2994 qua:
3224 2923 3369 2975 ‘ultra
3397 2919 3581 2974 Iorda-

1991 3042 2104 3079 nem
2129 3024 2411 3078 incolebant
2436 3065 2451 3087 ,
2485 3020 2656 3074 Maria
2705 3018 2942 3082 nomine,
2973 3026 3117 3085 patre
3160 3014 3410 3070 Eleazaro
3431 3055 3445 3078 ,
3473 3012 3581 3066 vico

1991 3107 2376 3181 Bethezo,quod
2400 3109 2662 3181 signiﬁcat
2684 3109 2905 3163 domum
2925 3101 3168 3177 hyssopi,
3185 3117 3370 3177 genere
3387 3110 3433 3153 et
3461 3101 3583 3153 divi-

1989 3206 2075 3260 tiis
2118 3203 2360 3272 insignis,
2411 3191 2527 3254 cum
2570 3200 2764 3266 reliqua
2832 3194 3158 3250 multitudine
3210 3191 3584 3259 Jerosolymam

1991 3278 2286 3365 confugerat
2311 3333 2325 3358 ,
2354 3290 2602 3359 simulque
2629 3286 2970 3342 obsidebatur.
3005 3284 3178 3350 Huius
3203 3298 3398 3337 onmem
3425 3281 3582 3334 aliam

1993 3385 2325 3438 substantiam
2352 3381 2552 3453 tyranni
2584 3380 2902 3449 diripuerant
2926 3417 2940 3438 ,
2964 3385 3206 3447 quantam
3236 3390 3300 3426 ea:
3326 3371 3507 3426 Perco
3530 3371 3586 3424 in

1997 3473 2181 3528 Urbem
2213 3479 2656 3542 transportaverat
2688 3467 2968 3537 :reliquias
2996 3474 3162 3519 autent
3209 3463 3587 3517 reconditarum

1993 3583 2193 3631 rerum,
2222 3575 2270 3619 et
2296 3565 2338 3618 si
2369 3563 2491 3632 quid
2519 3564 2572 3616 in
2607 3562 2772 3616 cibum
2801 3566 3173 3630 prtepararetur
3197 3597 3210 3620 ,
3251 3553 3472 3624 quotidie
3509 3553 3586 3605 ir-

1993 3666 2280 3726 rumpentes
2320 3655 2558 3708 satellites
2583 3651 2908 3718 diripiebant.
2942 3647 3070 3703 Dira
3107 3657 3273 3700 autem
3303 3644 3590 3714 indignatio

1994 3746 2350 3803 mulierculam
2377 3746 2546 3810 subiit,
2577 3761 2637 3798 ac
2661 3744 3086 3816 praedonesisazpe
3115 3738 3352 3792 conviciis
3383 3747 3428 3791 et
3473 3752 3586 3789 ma-

1997 3839 2191 3895 ledictis
2230 3840 2522 3902 insectans,
2572 3836 2625 3889 in
2671 3835 2889 3904 seipsam
2943 3829 3248 3884 concitabat.
3289 3827 3416 3881 Cum
3470 3842 3592 3880 vero

1996 3933 2165 3988 nullus
2196 3939 2284 3984 aut
2313 3932 2392 3982 ira
2416 3936 2675 3996 correptus
2696 3967 2709 3990 ,
2736 3933 2824 3977 aut
2848 3924 2954 3993 ejus
2979 3922 3212 3974 misertus
3232 3961 3246 3984 ,
3291 3918 3456 3988 ipsam
3503 3916 3589 3968 in-

1996 4023 2243 4091 terﬁceret
2273 4061 2286 4084 ,
2320 4021 2527 4088 ipsaque
2571 4017 2710 4069 ’cibos
2757 4013 2887 4066 alios
2929 4012 3152 4064 invenire
3185 4008 3469 4073 laboraret,
3529 4022 3592 4057 ac

1999 4115 2196 4184 penitus
2222 4111 2421 4180 diﬁcile
2450 4115 2576 4162 esset
2603 4108 2718 4177 jam
2759 4103 3021 4174 quidpiam
3046 4099 3299 4164 invenire,
3333 4101 3592 4168 fatnesque

1995 4225 2088 4276 per
2111 4207 2303 4261 uiscera
2329 4215 2374 4258 et
2405 4203 2653 4266 medullas
2687 4207 2928 4269 serperet,
2962 4197 3193 4268 fameque
3226 4193 3589 4248 venementiore

1998 4299 2076 4352 ira
2101 4296 2336 4352 testuaret
2361 4337 2374 4359 ,
2403 4293 2670 4350 consilium
2708 4292 2927 4344 dictante
2962 4287 3310 4356 indignatione
3345 4300 3463 4337 cum
3507 4297 3594 4336 ne-

1995 4389 2226 4441 cessitate
2263 4387 2560 4454 conjuncta,
2601 4384 2653 4436 in
2691 4391 2925 4435 naturam
2970 4381 3135 4448 ipsam
3181 4375 3422 4439 vertitur,
3449 4382 3495 4427 et
3524 4373 3592 4441 ﬁ-

2000 4477 2125 4529 lium
2144 4475 2271 4545 (erat
2293 4475 2479 4541 quippe
2507 4473 2584 4524 illi
2606 4471 2845 4539 parvulus
2870 4467 3344 4535 lactens)arripiens
3367 4481 3385 4516 :
3411 4462 3590 4528 Miser,

2001 4567 2161 4636 inquit
2188 4606 2202 4628 ,
2237 4565 2445 4632 puerulo
2472 4605 2486 4627 ,
2514 4564 2568 4615 in
2591 4560 2747 4626 bello,
2780 4560 2831 4612 in
2862 4561 2996 4628 fame
3035 4566 3080 4610 et
3114 4556 3356 4610 seditione
3387 4597 3400 4629 ,
3435 4554 3518 4606 cui
3546 4563 3593 4606 te

2001 4656 2255 4712 servabo?
2283 4672 2315 4707 a
2345 4653 2609 4715 Romanis,
2643 4652 2686 4705 si
2716 4651 2981 4704 vixerimus
3002 4691 3015 4713 ,
3046 4648 3257 4701 servitus
3283 4661 3372 4699 nos
3402 4654 3593 4708 manet,

2005 4749 2294 4804 servitutem
2313 4745 2575 4801 antevertit
2595 4747 2827 4815 {ames,et
2851 4741 3076 4808 utrisque
3089 4740 3320 4793 stcviores
3347 4737 3593 4790 seditiosi.

2005 4839 2188 4910 Perge,
2221 4839 2345 4892 mihi
2362 4839 2501 4891 cibus
2528 4833 2907 4901 esto,seditiosis
2937 4829 3181 4899 Erinnys,
3203 4829 3393 4881 mundo
3414 4827 3588 4898 fabula

2001 4949 2116 5004 qua:
2151 4932 2262 4986 sola
2318 4930 2452 4983 deest
2494 4922 2864 4981 calamitatibus
2910 4919 3231 4973 Iudaeorum.
3292 4917 3388 4971 His
3447 4917 3594 4970 dictis

2006 5027 2171 5095 [ilium
2195 5031 2357 5086 necat,
2387 5020 2553 5089 coquit
2585 5017 2757 5087 postea
2781 5057 2796 5082 ,
2826 5015 3033 5085 ejusque
3061 5011 3328 5065 dimidium
3353 5009 3592 5069 comedit,

2005 5119 2245 5185 reliquias
2266 5131 2378 5169 vero
2401 5113 2677 5166 occultatas
2700 5108 2948 5163 servabat.
2977 5106 3177 5160 Adsunt
3201 5104 3437 5157 continuo
3462 5103 3598 5156 sedi-

2008 5209 2154 5272 tiosi,
2186 5205 2380 5274 nefario
2423 5204 2601 5256 nidore
2635 5199 2876 5271 pertracti
2898 5239 2912 5264 ,
2946 5198 3301 5262 minanturque
3349 5201 3556 5245 mortem
3578 5232 3592 5254 ,

2007 5298 2104 5352 nisi
2129 5296 2262 5366 quod
2303 5304 2565 5365 paraverat
2595 5297 2866 5362 proferret.
2899 5287 2964 5340 At
2995 5287 3088 5338 illa
3115 5301 3229 5337 cum
3257 5292 3451 5353 partem
3492 5281 3597 5334 illis

2008 5389 2187 5444 bonam
2219 5403 2439 5442 servasse
2475 5403 2528 5440 se
2557 5385 2763 5447 diceret,
2794 5381 2898 5433 nati
2944 5377 3199 5446 reliquias
3218 5375 3435 5443 aperuit.
3466 5372 3594 5425 Tum

2008 5480 2126 5535 illos
2155 5479 2323 5533 statim
2352 5478 2532 5530 horror
2577 5473 2852 5539 mentisque
2898 5477 3075 5536 stupor
3117 5464 3376 5533 occupavit
3404 5503 3418 5525 ,
3446 5471 3492 5514 et
3530 5462 3595 5511 ad

2009 5572 2162 5625 talem
2187 5579 2445 5638 aspectum
2470 5568 2614 5636 quasi
2646 5553 2788 5616 anei
2825 5559 2982 5628 deﬁxi
3009 5563 3265 5612 steterunt.
3311 5551 3416 5606 Illa
3443 5566 3591 5613 vero,

2015 5663 2185 5731 Meus,
2215 5662 2396 5730 inquit,
2423 5667 2495 5714 est
2529 5657 2666 5727 ﬁlius
2693 5653 2961 5726 genuinus,
2991 5664 3212 5722 opusque
3235 5661 3417 5699 mcum.
3449 5642 3601 5700 Cam—
