4276 6316
603 223 706 277 527

597 338 753 402 edite,
771 350 893 388 nam
913 344 961 387 et
992 332 1103 399 ipsa
1132 332 1332 386 comedi
1356 349 1374 386 :
1411 350 1474 387 ne
1511 334 1621 388 sitis
1648 334 1727 386 vel
1751 333 1957 386 muliere
1982 333 2174 387 mollio-

600 444 701 491 res,
730 426 810 480 cel
854 435 1014 480 ntatre
1050 425 1495 480 misericordiores.
1531 426 1680 491 Quod
1719 427 1765 481 si
1820 442 1909 480 vos
1951 428 2183 498 pietatem

601 518 787 588 colitis,
816 518 1127 589 hostiumque
1149 534 1310 571 meam
1336 517 1637 570 auersamiui
1652 533 1673 572 :
1697 534 1787 589 ego
1809 518 2010 589 quidem
2036 518 2186 571 diuti-

602 609 739 662 dium
779 598 1117 675 manducavi,
1144 609 1373 680 quodque
1412 607 1659 679 reliquum
1698 617 1770 663 est
1796 609 1921 662 mihi
1961 618 2181 663 maneat.

606 699 631 751 Ι
639 700 731 753 'ost
748 700 855 753 [nec
867 701 952 755 illi
962 700 1159 767 quidem
1180 709 1442 753 trementes
1463 701 1693 754 exierunt
1707 741 1721 765 ,
1748 700 1843 753 hac
1865 716 1967 754 una
1992 710 2186 754 tantum

601 793 652 842 in
679 806 734 843 re
761 790 1056 854 timidiores,
1071 806 1280 860 eamque
1308 791 1392 844 via:
1415 806 1581 844 escam
1608 792 1626 822 ¹
1670 792 1821 844 matri
1837 790 2183 844 concedentes.

606 878 757 933 'l'anti
796 881 966 935 statim
1010 881 1253 951 facinoris
1282 883 1422 951 fama
1470 882 1590 934 urbs
1619 889 1724 935 tota
1763 881 1952 950 repleta
1985 892 2057 933 est
2082 923 2097 946 ,
2129 897 2189 936 ac

604 986 711 1029 ora:
739 970 902 1024 oculis
930 970 1121 1040 singuli
1147 987 1257 1024 eam
1280 970 1620 1024 calamitatem
1645 982 1905 1041 ponentes,
1928 988 2027 1024 non
2047 987 2189 1024 secus

602 1076 664 1111 ac
700 1060 745 1113 si
787 1060 887 1129 ipsi
916 1061 1147 1130 fecissent
1184 1060 1653 1115 exhorrescebant'.
1682 1061 1782 1127 Qui
1813 1065 1948 1132 {ante
1991 1061 2189 1114 crucia-

605 1152 790 1205 bantur
814 1164 1025 1205 mortem
1052 1152 1381 1222 expetebant,
1412 1152 1675 1222 beatosque
1705 1151 2047 1223 prtedicabant
2072 1168 2155 1205 eos
2173 1192 2189 1217 ,

607 1245 693 1311 qui
723 1244 818 1297 hac
847 1260 901 1298 re
930 1246 1154 1298 nondum
1185 1245 1382 1308 audita,
1412 1245 1586 1313 hisque
1614 1260 1716 1297 non
1734 1245 2019 1314 conspectis
2046 1244 2193 1296 malis

607 1336 944 1388 decesserant.
962 1334 1073 1389 Cito
1098 1336 1166 1389 ad
1191 1334 1449 1388 Romanos
1467 1334 1663 1405 perlata
1684 1344 1757 1388 est
1783 1335 1889 1388 lucc
1908 1334 2191 1387 calamitas.

613 1423 699 1477 Ea:
744 1425 809 1478 iis
838 1426 928 1478 alii
969 1442 1069 1478 non
1095 1425 1400 1491 credebant,
1448 1425 1537 1477 alii
1565 1426 1958 1487 miserebantur,
1990 1423 2196 1495 plurimi

608 1530 722 1566 vero
745 1517 798 1566 in
828 1516 991 1583 majus
1016 1515 1175 1585 gentis
1200 1515 1374 1568 odium
1401 1524 1694 1569 exarserunt
1719 1513 1955 1585 (Ioseph.
1977 1514 2039 1566 de
2051 1511 2195 1568 Bello

610 1603 831 1658 Iudaico
856 1645 871 1670 ,
902 1605 991 1659 lib.
1024 1607 1076 1661 6.
1109 1622 1154 1659 c.
1180 1606 1232 1660 7.
1260 1616 1308 1660 et
1336 1607 1414 1676 8).

681 1692 736 1747 6.
763 1692 884 1747 Non
915 1694 1043 1762 ﬁdes
1063 1696 1213 1748 modo
1234 1736 1249 1761 ,
1279 1696 1368 1749 sed
1397 1696 1496 1749 vita
1520 1696 1649 1748 bona
1674 1685 2043 1766 requiritur.—
2074 1692 2197 1747 Haec

613 1784 885 1852 multoque
913 1783 995 1836 his
1023 1784 1283 1837 atrociora
1323 1785 1693 1854 patiebantur,
1735 1800 1840 1838 non
1871 1782 2031 1837 modo
2078 1784 2200 1853 quia

616 1874 881 1928 Christum
913 1875 1059 1930 cruci
1106 1873 1420 1942 afﬁxcrant,
1467 1874 1561 1929 sed
1586 1876 1708 1945 quia
1754 1883 1873 1944 post
1914 1874 2030 1930 inec
2068 1889 2201 1943 apo-

613 1966 781 2020 stolos
826 1981 888 2019 ea
936 1966 1077 2037 loqui
1119 1967 1512 2036 prohibebant,
1558 1984 1677 2038 qua:
1713 1968 1781 2022 ad
1830 1968 2058 2022 salutem
2103 1982 2202 2021 no-

614 2065 778 2109 stram
802 2057 1147 2125 pertinerent.
1167 2057 1329 2124 Quod
1358 2074 1489 2114 sane
1530 2058 1717 2114 beatus
1756 2059 1951 2115 Paulus
1996 2058 2203 2114 crimini

617 2149 753 2202 dans
780 2187 797 2213 ,
828 2148 942 2202 lucc
992 2148 1098 2206 illis
1148 2149 1286 2203 mala
1332 2151 1751 2219 praenuntiavit:
1788 2151 2020 2206 Pervenit
2073 2155 2205 2207 enim

618 2257 771 2311 super
795 2257 878 2295 eos
901 2243 979 2294 ira
1008 2242 1061 2295 in
1087 2243 1240 2311 finem
1270 2242 1343 2313 (1.
1383 2241 1562 2297 Thess.
1595 2243 1650 2298 2.
1683 2243 1788 2314 l6).
1814 2245 1880 2299 Et
1904 2245 2028 2315 quid
2070 2246 2203 2314 haec,

619 2332 839 2398 dicent,
884 2333 952 2386 ad
1006 2333 1145 2387 nos?
1192 2348 1298 2387 non
1340 2333 1483 2387 enim
1531 2334 1651 2388 illos
1678 2349 1707 2389 a
1736 2334 1839 2390 ﬁde
1864 2335 2205 2403 abducimus,

622 2437 791 2492 neque
818 2425 1268 2492 'apraedicatione.
1301 2426 1372 2479 At
1399 2426 1545 2495 quid,
1573 2441 1775 2496 quaeso,
1810 2427 1941 2482 lides
1972 2428 2211 2483 conferet

623 2515 969 2569 emolumenti
998 2557 1012 2581 ,
1036 2517 1081 2569 si
1115 2516 1219 2571 vita
1250 2532 1378 2585 pura
1404 2534 1508 2571 non
1537 2518 1733 2573 fuerit?
1762 2518 1955 2575 Verum
1983 2520 2097 2575 hate
2119 2535 2213 2575 vos

623 2606 762 2661 forte
808 2606 1099 2676 ignoratis,
1143 2608 1337 2678 quibus
1394 2619 1574 2664 nostra
1620 2610 1798 2664 omnia
1841 2611 2019 2681 ignota
2069 2620 2210 2665 sunt.

625 2697 740 2768 Ego
769 2707 947 2754 autem
974 2699 1125 2754 vobis
1151 2700 1348 2755 Christi
1378 2703 1671 2756 sententias
1697 2705 2027 2761 enumerabo
2062 2724 2076 2760 :
2118 2707 2215 2761 ob-

625 2791 852 2847 servetis
896 2791 1052 2847 vclim
1085 2808 1446 2863 numquamne
1476 2794 1543 2848 de
1588 2794 1693 2849 vita
1726 2797 2063 2865 requiratur.
2119 2797 2213 2852 sed

630 2897 728 2953 pro
756 2882 859 2937 ﬁde
891 2892 1093 2938 tantum
1141 2894 1196 2939 et
1241 2884 1576 2955 dogmatibus
1627 2887 1887 2957 supplicia
1931 2891 2215 2962 constituta

624 2975 753 3029 sint.
784 2975 920 3029 Cum
943 2975 1085 3030 enim
1118 2976 1169 3029 in
1193 2987 1430 3031 montem
1458 2977 1821 3043 ascendisset,
1851 2980 2036 3035 videns
2065 2982 2218 3036 innu-

628 3079 828 3119 meram
850 3065 1311 3122 circumlluentem
1333 3067 1748 3133 multitudinem,
1775 3072 2064 3139 pra‘missis
2102 3074 2219 3128 aliis

628 3159 880 3224 monitis,
909 3158 1120 3214 dicebat
1144 3175 1157 3211 :
1187 3158 1310 3213 Non
1336 3161 1499 3214 onmis
1527 3162 1610 3228 qui
1638 3161 1759 3215 dicit
1787 3163 1942 3228 mihi,
1967 3162 2183 3218 Domine
2201 3207 2216 3232 ,

631 3247 874 3315 Domine,
930 3250 1137 3304 intrabit
1193 3252 1247 3306 in
1293 3267 1502 3323 regnum
1530 3252 1800 3318 ca'lo‘runt,
1842 3255 1931 3307 sed
1978 3256 2062 3325 qui
2099 3256 2221 3323 facit

634 3343 948 3396 voluntatem
978 3342 1154 3397 Patris
1190 3345 1307 3398 mei.
1343 3344 1494 3412 Item,
1525 3342 1681 3397 Multi
1705 3344 1870 3399 dicent
1897 3346 2021 3399 mihi
2062 3348 2113 3399 in
2142 3347 2225 3401 die

631 3434 724 3488 illa
740 3433 964 3499 ’,nonne
997 3436 1051 3488 in
1076 3435 1276 3489 nomine
1299 3444 1385 3489 tuo
1420 3435 1846 3508 prophetavimus,
1866 3447 1911 3490 et
1943 3438 1994 3491 in
2023 3439 2223 3493 nomine

635 3535 721 3578 tuo
750 3525 1002 3579 dannonia
1034 3528 1291 3594 ejecimus,
1324 3535 1368 3580 et
1389 3528 1440 3581 in
1462 3529 1663 3582 nomine
1695 3539 1779 3583 tuo
1807 3530 2011 3584 virtutes
2040 3532 2225 3586 multas

636 3617 844 3687 fecimus
857 3619 882 3671 ?
897 3616 965 3671 Et
990 3628 1109 3671 tunc
1134 3618 1408 3688 conﬁtebor
1437 3619 1540 3673 illis
1556 3634 1575 3672 :
1597 3619 1829 3674 Reccdite
1846 3638 1876 3674 a
1899 3638 1977 3676 me
1995 3623 2083 3692 qui
2107 3639 2226 3693 ope-

631 3706 819 3759 ramini
836 3708 1182 3777 iniquitatem:
1198 3726 1298 3763 non
1321 3711 1530 3764 novivos
1548 3710 1758 3782 (Matth.
1784 3712 1835 3765 7.
1863 3709 2073 3782 21-25).
2092 3713 2223 3768 Eum

636 3800 867 3868 veroqui
895 3801 1040 3855 audit
1062 3817 1338 3857 sermones
1364 3804 1527 3871 ipsius
1547 3845 1561 3868 ,
1586 3811 1641 3858 et
1669 3795 1771 3858 utin
1806 3804 1933 3859 facit
1952 3845 1965 3870 ,
1998 3805 2225 3861 similem

636 3904 756 3943 esse
776 3889 908 3943 dixit
939 3891 1142 3944 homini
1182 3893 1355 3958 fatuo,
1379 3892 1599 3945 domum
1627 3909 1774 3945 suam
1807 3909 1967 3963 super
2004 3909 2225 3950 anenam

637 3980 943 4048 aedificanti,
974 3982 1062 4052 qui
1090 3996 1208 4035 eam
1255 3982 1558 4037 fluminibus
1582 4024 1597 4050 ,
1628 3984 1819 4053 pluviis
1864 3993 1918 4040 et
1946 3987 2119 4041 ventis
2149 3986 2223 4041 fa-

638 4074 738 4129 cile
761 4074 1074 4128 diruendam
1103 4084 1271 4144 parat.
1304 4073 1434 4130 item
1470 4090 1591 4131 cum
1625 4078 1677 4131 in
1724 4076 1830 4131 alio
1859 4078 1978 4133 loco
2018 4082 2228 4135 concio-

642 4176 858 4221 naretur
882 4185 895 4220 :
919 4167 1087 4234 Sicut,
1118 4169 1306 4237 inquit,
1340 4170 1656 4239 piscatores,
1690 4186 1812 4225 cum
1840 4188 2087 4242 sagcnam
2128 4184 2231 4228 tra-

642 4259 817 4313 xerint
843 4297 860 4324 ,
902 4258 1072 4313 malos
1102 4260 1273 4328 pisces
1320 4260 1607 4328 objiciunt,
1638 4263 1709 4314 ita
1755 4264 1857 4315 erit
1883 4265 1933 4333 in
1974 4265 2058 4317 illa
2101 4265 2188 4320 die
2214 4307 2230 4333 ,

566 4384 575 4391 -
642 4349 843 4419 angelis
869 4363 964 4403 eos
994 4364 1181 4403 omnes
1219 4349 1308 4418 qui
1352 4350 1688 4419 peccaverint
1730 4351 1781 4404 in
1826 4330 2097 4407 fornacem
2148 4354 2234 4422 ja-

643 4444 906 4499 cientibus
947 4444 1160 4515 (Matth.
1208 4446 1294 4500 15.
1326 4444 1455 4515 47).
1491 4444 1565 4498 De
1605 4442 1879 4514 ﬂagitiosis
1917 4461 2129 4516 quoque
2184 4455 2239 4502 et

644 4538 867 4606 itnpuris
908 4526 1213 4591 horninibus
1266 4537 1490 4605 loquens
1531 4535 1741 4591 dicebat
1770 4555 1785 4589 ε
1818 4535 1954 4591 Illuc
1991 4538 2234 4603 abibunt,

644 4628 729 4680 ubi
757 4627 936 4681 vermis
962 4628 1047 4696 qui
1076 4644 1175 4680 non
1201 4628 1414 4680 moritur
1437 4667 1450 4691 ,
1483 4635 1527 4678 et
1553 4626 1685 4695 ignis
1713 4627 1799 4695 qui
1823 4642 1923 4679 non
1963 4628 2240 4699 exstingui-

647 4732 730 4773 tur
754 4720 944 4791 (Marc.
967 4722 1019 4773 9.
1044 4722 1157 4790 42).
1191 4721 1255 4774 Et
1275 4735 1509 4781 rursum.
1537 4720 1870 4789 Rex,inqnit,
1893 4722 2008 4792 fecit
2039 4723 2241 4791 nuptias

644 4814 757 4882 ﬁlio
772 4825 935 4878 suo,et
960 4831 1076 4866 cum
1099 4814 1296 4867 vidisset
1317 4814 1565 4867 hominem
1592 4814 1817 4867 vestitum
1845 4816 2058 4869 vestibus
2078 4817 2243 4870 sordi-

648 4908 748 4973 dis,
765 4910 836 4961 ait
854 4908 923 4959 ad
943 4922 1092 4961 eum:
1111 4906 1299 4973 Amice,
1322 4906 1573 4978 quomodo
1604 4906 1702 4959 huc
1723 4908 1922 4961 intrasti
1942 4924 2041 4961 non
2056 4909 2242 4963 habens

651 5009 833 5052 vestem
862 4997 1140 5067 nuptialem
1159 4998 1261 5051 7A1
1287 4999 1650 5053 illeobmutuit.
1682 4997 1822 5052 Tunc
1850 5000 1974 5052 dixit
2002 5001 2243 5055 ministris

652 5093 755 5145 suis
782 5108 802 5145 :
839 5090 1036 5161 Ligatis
1070 5092 1299 5144 manibus
1326 5100 1372 5144 et
1413 5091 1620 5160 pedibus
1662 5092 1795 5162 ejus,
1828 5091 1994 5161 ejicite
2017 5090 2165 5144 illam
2190 5092 2244 5146 in

659 5186 885 5240 tenebras
914 5186 1183 5238 exteriores
1232 5183 1441 5255 (Matth.
1473 5182 1562 5237 22.
1591 5183 1672 5253 ‘2).
1708 5183 1994 5253 impudicis
2029 5224 2041 5245 ,
2074 5195 2127 5236 ut
2158 5183 2243 5237 tli-

653 5290 796 5333 ctum
828 5287 946 5342 est,
995 5283 1049 5332 et
1096 5276 1373 5348 ﬂagitiosis
1420 5274 1536 5330 hsce
1580 5275 1954 5329 comminatur.
2000 5274 2244 5345 Virgines

655 5372 781 5424 item
810 5411 825 5435 ,
858 5385 977 5439 qua:
1027 5384 1055 5421 a
1101 5367 1281 5437 sponsi
1330 5366 1565 5420 thalamo
1608 5365 1841 5419 excluszn
1889 5364 2144 5433 fuerunt,
2177 5366 2245 5422 ob

737 5476 918 5541 {Sat/il.
941 5484 993 5529 et
1022 5478 1118 5541 duo
1141 5486 1249 5528 Mss.
1273 5478 1474 5537 habent,
1497 5488 1671 5541 easque
1704 5474 1830 5526 solas
1854 5473 2073 5530 delicias.

734 5538 752 5567 ³
774 5538 941 5611 alorci.
962 5554 1027 5611 ex
1052 5540 1185 5611 edito
1205 5541 1435 5611 Josephi:
1461 5551 1556 5589 non
1576 5538 1714 5590 secus
1732 5550 1792 5588 ac
1815 5551 1980 5589 coram
1998 5542 2115 5607 ipsis
2137 5541 2241 5596 hac

661 5602 874 5655 inaudita
897 5609 1092 5662 patrata
1113 5602 1328 5665 fuissent.

727 5669 746 5700 ³
772 5669 878 5720 Duo
896 5668 1008 5719 Mss.
1025 5662 1325 5718 ltic'addunt.
1354 5662 1570 5727 nomine,
1600 5662 1815 5715 Domine.

1337 221 1395 277 S.
1435 220 1709 278 JOANNIS
1731 218 2209 280 CHRYSUSTOMI
2244 224 2562 283 ARCHIEP.
2601 228 3135 288 CONSTAN'I‘INOP.

3762 228 3873 282 3‘38

2293 338 2660 396 crudelitatem
2685 351 2739 397 et
2768 343 3205 400 inhumanitatem
3235 343 3348 398 inec
3391 355 3561 413 passm
3600 350 3740 393 sunt.
3771 340 3874 395 Alii

2287 443 2475 483 rursus
2498 430 2684 486 eadem
2723 434 2792 487 de
2811 449 2973 488 causa
3003 445 3127 492 eunt
3160 434 3214 488 in
3246 436 3418 507 ignem
3456 447 3738 498 internum,
3772 436 3865 497 qui

2291 526 2622 583 pratparatus
2643 528 2719 571 est
2746 518 2957 572 diabolo
2982 534 3032 574 et
3063 521 3259 590 angelis
3276 524 3415 590 ejus.
3462 521 3532 575 Et
3572 522 3606 574 ii
3636 535 3876 590 quoque,

2290 606 2380 676 qui
2404 615 2606 662 temere
2632 614 2687 662 et
2710 607 2825 662 sine
2840 622 2998 663 causa
3026 609 3333 679 loquuntur,
3356 609 3879 664 condemnabuntur.

2296 697 2376 753 Ea:
2395 700 2555 754 verbis
2589 700 2780 772 quippe
2806 702 2905 754 tuis
2928 742 2944 767 ,
2974 702 3080 763 ait,
3121 702 3487 771 justiﬁeaberis
3506 743 3520 767 ,
3550 711 3596 754 et
3616 717 3680 754 ex
3725 698 3890 754 verbis

2293 783 2391 845 tuis
2441 792 2458 823 ¹
2499 791 2912 846 condemnaberis
2960 792 3175 862 (Matth.
3224 792 3310 846 12.
3360 793 3475 863 37).
3528 792 3741 862 Ergone
3779 788 3886 845 tibi

2293 880 2538 936 videmur
2586 882 2779 938 frustra
2831 883 2900 938 dc
2942 885 3048 937 vita
3093 884 3315 948 timere,
3364 899 3719 953 magnamque
3770 884 3888 952 ejus

2296 969 2649 1040 philosophiae
2674 974 2857 1040 partis,
2877 987 2995 1041 qua:
3022 987 3195 1026 mores
3225 972 3473 1037 instituit,
3498 973 3756 1025 rationem
3784 972 3890 1025 ha-

2299 1061 2467 1116 bere?
2496 1062 2552 1116 ld
2580 1074 2727 1117 certe
2754 1078 2858 1116 non
2888 1072 3010 1131 puto
3039 1080 3050 1114 :
3085 1063 3187 1116 nisi
3214 1062 3441 1117 fortasse
3467 1063 3735 1117 Christum
3768 1061 3893 1115 hac

2297 1152 2473 1203 omnia
2505 1150 2691 1220 hisque
2723 1151 2871 1220 plura
2903 1163 3103 1206 temere
3129 1153 3329 1207 dixisse
3347 1153 3577 1221 jactites.
3603 1153 3715 1207 Non
3748 1152 3893 1207 enim

2299 1239 2385 1295 hic
2413 1244 2593 1296 omnia
2640 1241 3089 1309 complectimur:
3124 1241 3266 1311 quod
3312 1242 3411 1295 nisi
3460 1242 3663 1311 pigeret
3691 1242 3893 1294 oratio-

2300 1346 2423 1386 nem
2464 1333 2719 1402 prolixius
2750 1332 3037 1387 cxtendere
3056 1375 3071 1397 ,
3096 1341 3149 1386 ct
3178 1348 3243 1386 ex
3273 1332 3547 1402 prophetis
3558 1340 3617 1394 ct
3641 1347 3705 1386 ex
3738 1332 3897 1385 beato

2301 1424 2547 1504 Paulopt
2595 1439 2662 1479 ex
2684 1424 2802 1477 aliis
2825 1424 3081 1493 apostolis
3112 1423 3413 1479 docuissem
3440 1434 3689 1493 quantam
3716 1423 3814 1476 hac
3842 1422 3897 1476 in

2302 1524 2451 1584 parte
2475 1530 2658 1569 curam
2687 1516 2930 1585 posuerit
2976 1515 3136 1569 Deus.
3163 1514 3360 1569 Verum
3393 1514 3506 1568 haec
3533 1513 3768 1567 arbitror
3811 1526 3898 1565 sa-

2304 1608 2371 1661 tis
2400 1621 2552 1663 esse:
2580 1607 2690 1663 imo
2718 1622 2818 1662 nec
2857 1607 2947 1661 illa
2978 1607 3154 1661 solum
3178 1606 3377 1669 omnia,
3409 1606 3504 1660 sed
3534 1605 3614 1658 vel
3644 1605 3896 1673 exiguam

2303 1713 2488 1754 eorum
2547 1708 2771 1769 partem.
2821 1700 2954 1753 Cum
3000 1700 3143 1753 enim
3202 1700 3338 1753 Deus
3403 1697 3601 1768 aliquid
3656 1697 3899 1768 profert,

2304 1791 2515 1846 etiamsi
2541 1791 2705 1845 semel
2736 1791 2898 1857 dicat,
2930 1791 3001 1844 ita
3032 1791 3082 1844 id
3104 1789 3247 1860 quod
3295 1789 3488 1843 dicitur
3528 1788 3902 1857 accipiendum

2306 1890 2389 1936 est
2428 1896 2493 1936 ac
2535 1882 2579 1935 si
2620 1896 2764 1951 saepe
2787 1881 3037 1935 dixisset.

2381 1973 2433 2027 7.
2462 1972 2600 2039 Quid
2624 1973 2803 2043 igitur,
2838 1971 3048 2042 inquies
3075 2011 3091 2037 ,
3125 1970 3213 2040 qui
3241 1969 3388 2024 domi
3420 1979 3635 2023 manent
3663 1983 3767 2021 non
3802 1982 3898 2037 po-

2311 2072 2490 2119 terunt
2510 2080 2571 2119 ea
2596 2063 2873 2134 perlicere,
2898 2062 3132 2133 q01BlliSi
3160 2060 3523 2131 perﬁciantur,
3545 2070 3747 2114 tantum
3775 2073 3907 2128 sup-

2312 2159 2453 2227 plicii
2482 2158 2739 2228 pariunt?
2765 2155 2967 2211 Vellem
2984 2155 3236 2225 equidem
3260 2154 3397 2223 ipse,
3418 2168 3518 2207 nec
3543 2153 3722 2206 minus
3746 2166 3907 2220 quam

2316 2264 2433 2311 vos.
2466 2249 2575 2303 imo
2596 2248 2768 2302 multo
2794 2247 2966 2317 magis
2990 2288 3005 2313 ,
3047 2261 3111 2301 ac
3143 2245 3452 2315 frequenter
3492 2243 3667 2313 Optavi
3717 2258 3907 2296 mona-

2312 2342 2597 2398 steriorum
2632 2341 3004 2395 necessitatem
3031 2338 3161 2402 tolli,
3210 2351 3273 2391 ac
3314 2346 3514 2389 tantum
3544 2335 3689 2404 leges
3712 2334 3906 2402 etjura

2315 2435 2513 2503 Optima
2542 2433 2596 2486 in
2622 2431 2927 2487 civitatibus
2967 2429 3145 2484 valere
3175 2468 3193 2495 ,
3226 2437 3282 2482 ut
3309 2425 3509 2481 nemini
3535 2424 3644 2494 jam
3673 2440 3807 2494 opus
3835 2425 3907 2478 sit

2316 2527 2381 2579 ad
2404 2524 2748 2579 solitudinem
2776 2521 3065 2592 confugere
3107 2538 3121 2574 :
3155 2519 3407 2591 quoniam
3436 2533 3564 2574 vero
3586 2518 3764 2571 omnia
3795 2530 3915 2571 sns-

2318 2616 2616 2687 dequejam
2637 2629 2813 2679 versa,
2847 2613 3083 2683 ipsaeque
3109 2612 3358 2666 civitates
3377 2651 3392 2675 ,
3436 2609 3491 2664 in
3517 2607 3711 2679 quibus
3739 2606 3913 2661 tribu-

2322 2708 2460 2762 nalia
2482 2714 2536 2761 ct
2562 2706 2709 2775 leges
2731 2745 2746 2772 ,
2781 2703 2989 2774 ingenti,
3025 2702 3304 2770 iniquitate
3351 2708 3408 2755 et
3450 2700 3654 2754 scelere
3682 2698 3915 2768 impleta;

2321 2808 2464 2864 sunt,
2493 2797 2727 2852 solitudo
2771 2804 2950 2850 autem
3002 2793 3302 2848 uberrimos
3334 2789 3691 2861 philosophiae
3715 2789 3919 2843 fructus

2322 2893 2555 2960 emittit;
2585 2890 2827 2964 profecto
2852 2905 2958 2945 non
2987 2887 3062 2943 illi
3086 2889 3205 2959 jure
3248 2902 3277 2940 a
3324 2879 3554 2939 vobis'in
3582 2883 3786 2938 crimen
3817 2896 3918 2935 vo-

2324 2996 2513 3046 centur
2542 3026 2556 3051 ,
2590 2984 2680 3055 qui
2702 2983 2837 3037 alios
2875 2981 2943 3035 ab
2974 2981 3077 3034 hac
3107 2977 3344 3049 procella
3374 2986 3430 3030 et
3465 2975 3672 3030 turbine
3700 2973 3919 3028 liberari

2327 3078 2604 3147 cupientes
2636 3073 2869 3144 eripiunt
2897 3114 2911 3137 ,
2943 3081 2997 3125 et
3035 3069 3103 3124 ad
3135 3067 3475 3137 tranquillum
3502 3076 3713 3135 portmn
3750 3062 3922 3118 dedu-

2325 3173 2487 3231 cunt;
2521 3164 2615 3219 sed
2642 3165 2820 3233 potius
2853 3162 2966 3227 illi,
3010 3160 3100 3230 qui
3128 3158 3375 3213 civitates
3404 3155 3643 3225 singulas
3684 3154 3924 3224 philoso-

2328 3257 2466 3327 phiae
2495 3256 2572 3311 sic
2599 3255 2769 3309 invias
2786 3262 2839 3307 et
2865 3268 3055 3322 parum
3084 3250 3305 3305 idoneas
3332 3248 3593 3312 fecerunt,
3629 3257 3687 3300 ut
3715 3248 3806 3315 qui
3837 3260 3923 3299 sa-

2329 3347 2493 3402 lutem
2528 3345 2785 3411 consequi
2814 3345 3002 3398 volunt
3034 3382 3048 3405 ,
3080 3340 3397 3396 solitudines
3421 3339 3615 3393 sectari
3642 3346 3923 3407 cogantur.

2330 3442 2424 3495 Dic
2452 3440 2593 3495 enim
2626 3437 2754 3493 mihi
2785 3478 2801 3502 ,
2845 3438 2887 3491 si
2916 3436 3035 3505 quis
3064 3434 3117 3487 in
3150 3443 3306 3487 nocte
3343 3430 3521 3485 media
3561 3434 3777 3497 arrepta
3809 3426 3927 3482 face

2328 3534 2548 3587 domum
2576 3528 2902 3585 incendisset
2923 3541 3168 3597 magnam
3197 3523 3612 3592 hominibusque
3638 3522 3922 3590 repletam,

2330 3638 2388 3680 ut
2411 3628 2552 3681 intus
2582 3621 2973 3679 dormientibus
3002 3618 3378 3680 insidiaretur,
3410 3624 3588 3668 utrum
3618 3612 3921 3666 diceremus

2333 3718 2634 3789 improbum
2689 3729 2807 3769 csse
2832 3754 2846 3779 ,
2884 3725 3078 3767 eumne
3126 3709 3214 3778 qui
3256 3708 3588 3762 dormientes
3624 3705 3886 3759 excitaret
3910 3742 3927 3767 ,

2332 3810 2643 3877 aedibusque
2674 3806 2778 3859 illis
2803 3804 3059 3860 educeret
3083 3842 3097 3866 ,
3128 3816 3194 3854 an
3223 3815 3345 3854 cum
3372 3797 3547 3868 quiab
3568 3796 3720 3849 initio
3740 3795 3929 3849 incen-

2334 3902 2481 3956 dium
2512 3900 2801 3955 excitasset
2830 3938 2845 3962 ,
2874 3905 2931 3950 et
2966 3895 3017 3948 in
3042 3901 3241 3948 tantam
3273 3890 3647 3946 necessitatem
3672 3896 3780 3942 tum
3809 3900 3928 3950 eos,

2336 4003 2447 4048 tum
2480 3991 2795 4047 educentem
2822 3988 2942 4042 illos
2976 3985 3273 4054 redegisset
3298 3981 3479 4050 ?Quid
3510 3980 3671 4050 igitur
3691 4019 3706 4045 ,
3739 3978 3785 4032 si
3811 3978 3934 4047 quis

2336 4082 2620 4155 tyrannide
2648 4093 2959 4151 oppressam
2986 4077 3252 4132 civitatem
3274 4116 3288 4141 ,
3337 4072 3655 4143 aegritudine
3682 4072 3935 4125 laboran-

2338 4184 2470 4241 tem,
2494 4183 2549 4228 et
2584 4171 2941 4227 seditionibus
2967 4169 3217 4238 agitatam
3248 4164 3461 4227 videns,
3499 4162 3565 4216 iis
3592 4161 3783 4231 quibus
3814 4172 3938 4227 pos.

2339 4273 2423 4321 set
2449 4264 2818 4335 persuaderet,
2866 4270 2925 4314 ut
2962 4259 3148 4315 relicta
3193 4257 3409 4312 civitate
3457 4252 3760 4321 reciperent
3787 4248 3937 4304 send

2340 4357 2603 4413 montium
2633 4356 2883 4421 vertices,
2904 4354 3077 4423 iisque
3101 4350 3168 4405 ad
3187 4364 3458 4405 secessum
3478 4347 3785 4415 adjumcnta
3808 4358 3939 4399 eon-

2342 4449 2505 4504 ferret
2536 4467 2549 4502 :
2583 4462 2741 4518 quem
2768 4446 2820 4499 in
2848 4445 3054 4500 crimen
3092 4441 3353 4497 vocares?
3397 4454 3592 4494 eumne
3620 4438 3711 4507 qui
3742 4435 3810 4489 ab
3837 4434 3938 4489 hu-

2339 4540 2576 4612 iusmodi
2624 4538 2849 4594 tumultu
2893 4537 2946 4591 in
2977 4532 3416 4605 tranquillitatem
3445 4531 3693 4583 homines
3730 4538 3937 4595 tempe-

2348 4642 2485 4689 state
2505 4633 2734 4701 jactatos
2754 4629 3131 4692 transtulisset,
3158 4642 3226 4680 an
3253 4640 3377 4680 eum
3409 4622 3501 4693 qui
3530 4620 3805 4689 naufragia
3839 4620 3942 4672 ista

2346 4722 2730 4793 prmparassct?
2775 4721 2918 4776 Cave
2956 4720 3097 4774 enim
3127 4726 3279 4786 putes
3309 4716 3530 4769 meliore
3578 4711 3631 4765 in
3682 4720 3823 4764 statu
3855 4722 3941 4762 res

2348 4815 2608 4869 humanas
2626 4812 2734 4883 jam
2758 4827 2898 4877 esse,
2925 4825 3084 4881 quam
3106 4808 3377 4862 civitatem
3402 4801 3681 4875 tyrannide
3711 4814 3945 4871 oppres-

2347 4922 2496 4972 sam;
2522 4922 2706 4961 verum
2735 4906 2788 4959 in
2819 4906 2978 4973 longe
3003 4899 3277 4957 deteriori.
3313 4900 3428 4953 Non
3456 4896 3599 4952 enim
3628 4896 3809 4957 homo,
3844 4893 3941 4947 sed

2349 4999 2557 5055 dmmon
2595 4998 2810 5068 quidam
2842 4994 3223 5064 nequissimus,
3254 5000 3526 5057 tamquam
3553 4995 3815 5057 tyrannus
3839 4983 3945 5037 im-

2351 5093 2520 5147 manis
2541 5132 2555 5156 ,
2595 5104 2716 5143 cum
2748 5097 2854 5142 tota
2877 5101 2971 5141 sua
3005 5085 3265 5155 phalange
3291 5081 3600 5135 universum
3629 5078 3815 5132 urbem
3847 5089 3947 5129 oc-

2350 5197 2553 5253 cupans
2582 5222 2597 5246 ,
2633 5180 2686 5235 in
2728 5180 2989 5253 humanas
3028 5175 3235 5231 animas
3288 5178 3560 5243 grassatur
3601 5188 3613 5222 :
3649 5167 3771 5222 inde
3818 5178 3951 5221 vero

2351 5250 2503 5347 quasi
2528 5291 2592 5329 ex
2620 5289 2746 5329 arce
2774 5250 3027 5342 quadam,
3059 5264 3384 5324 exsecranda
3405 5271 3461 5321 et
3481 5263 3741 5319 scelerata
3772 5255 3954 5329 quoti-

2355 5369 2441 5423 die
2470 5375 2733 5439 prtncepta
2766 5364 3073 5419 hominibus
3097 5357 3293 5415 emittit
3316 5399 3330 5426 ,
3360 5374 3465 5412 non
3494 5354 3833 5411 matrimonia
3866 5354 3953 5409 iii-

2354 5460 2555 5518 rimens
2585 5459 2755 5513 solum
2781 5498 2797 5523 ,
2851 5470 2958 5510 non
3002 5466 3253 5524 pecunias
3278 5450 3493 5505 mittens
3519 5448 3768 5503 fercusve
3792 5489 3806 5511 ,
3843 5463 3952 5504 non

2355 5554 2531 5612 caedes
2560 5563 2877 5624 perpetrans
2901 5551 3138 5620 iniquas,
3170 5562 3355 5603 verum
3386 5545 3470 5602 his
3493 5544 3650 5615 longe
3675 5541 3954 5614 graviora,

2420 5672 2437 5702 ί
2473 5668 2687 5729 Quidam.
2712 5672 2756 5718 et
2779 5678 2843 5717 ea:
2866 5662 3088 5727 operibus
3112 5662 3208 5719 tuis
