4276 6316
306 356 414 412 39.9

310 484 500 539 nempe
552 468 891 538 conjunctam
944 472 1111 526 semel
1158 473 1268 527 Deo
1307 473 1543 528 animam
1598 477 1617 510 ⁸
1669 476 1739 528 ab
1778 470 1897 542 ejus

307 560 583 616 consortio
604 560 875 616 abducens
906 605 919 626 ,
953 562 1272 634 tradensque
1303 564 1526 635 impuris
1554 563 1667 620 suis
1692 563 1897 619 satelli-

306 650 473 715 tibus,
504 652 713 721 illisque
741 652 906 720 ipsam
938 653 1206 708 substerni
1238 669 1459 724 cogens,
1492 656 1583 725 qui
1614 663 1894 725 postquam

306 756 425 796 eam
451 742 617 796 semel
647 743 1115 811 apprehenderint,
1150 745 1219 798 ita
1250 747 1474 814 turpiter
1501 761 1622 800 eum
1651 745 1737 799 illa
1767 760 1899 798 con-

305 832 654 901 grediuntur,
704 834 775 887 ita
798 835 1216 899 contumeliose,
1249 845 1308 889 ut
1354 851 1451 904 par
1476 844 1559 890 est
1588 834 1765 890 facere
1793 850 1889 889 ne‘

304 923 593 993 quissimos
617 923 890 979 daemonas
918 926 1272 982 vehementer
1308 942 1373 983 ac
1398 943 1519 982 cum
1549 927 1726 982 furore
1770 943 1894 997 per-

307 1015 505 1070 niciem
535 1017 988 1088 ignominiamque
1012 1028 1248 1072 nostram
1281 1028 1611 1088 expetentes.
1633 1018 1894 1073 Nudalam

306 1110 507 1177 quippe
535 1110 680 1163 illam
707 1111 953 1165 omnibus
971 1111 1222 1166 virtutum
1243 1111 1589 1178 indumentis,
1617 1112 1898 1165 vitiorum-

304 1198 411 1268 tque
436 1201 623 1270 pannis
647 1203 894 1257 amictam
915 1239 930 1269 ,
963 1203 1215 1270 sordidis,
1257 1204 1543 1259 conscissis
1570 1217 1634 1258 ac
1653 1202 1850 1257 faetidis
1878 1244 1893 1268 ,

308 1294 421 1362 ipsa
451 1294 688 1349 nuditate
707 1296 996 1365 turpiorem
1014 1298 1381 1363 constitutam,
1407 1295 1660 1365 omnique
1684 1295 1898 1363 propria

307 1384 409 1437 sibi
466 1384 796 1439 iminunditia
846 1387 1104 1456 repletam
1136 1402 1242 1442 non
1293 1396 1509 1442 cessant
1560 1385 1899 1441 contumeliis

307 1491 555 1531 onerare.
587 1476 772 1548 Neque
797 1480 938 1533 enim
972 1481 1130 1535 ullam
1154 1488 1350 1533 norunt
1379 1478 1692 1533 exsecrandi
1717 1485 1771 1532 et
1798 1477 1899 1531 ini-

308 1569 398 1638 qui
440 1569 745 1639 hujusmodi
776 1573 1091 1627 concubitus
1133 1572 1458 1634 satietatem,
1502 1569 1595 1623 sed
1626 1568 1897 1622 ebriorum

307 1655 497 1719 instar,
526 1654 762 1722 quicum
794 1668 853 1709 se
876 1669 1023 1709 mero
1056 1653 1532 1723 ingurgitaverint,
1570 1660 1696 1705 tunc
1732 1651 1900 1719 magis

307 1742 683 1807 exardescunt,
713 1745 791 1797 sic
813 1752 867 1796 et
888 1741 939 1797 hi
963 1757 1171 1812 quoque
1190 1752 1313 1797 tunc
1344 1744 1583 1797 maxime
1606 1742 1896 1805 insaniunt,

308 1837 464 1905 eique
492 1846 545 1891 et
573 1836 945 1891 vehementius
968 1843 1023 1889 et
1061 1834 1295 1890 ferocius
1329 1836 1621 1900 insultant,
1666 1849 1787 1887 eum
1813 1833 1899 1887 illa

309 1927 459 1981 abusi
489 1934 614 1980 sunt
636 1968 650 1990 ,
679 1925 1047 1980 eoufodientes
1076 1940 1193 1979 eam
1216 1940 1432 1994 semper
1451 1940 1515 1979 ac
1547 1923 1858 1978 mordentes
1881 1964 1897 1991 ,

309 2034 573 2089 suumque
601 2018 652 2073 in
678 2033 794 2073 eam
819 2018 964 2072 virus
988 2015 1343 2083 eti‘undentes,
1375 2031 1473 2070 nec
1489 2016 1632 2085 prius
1648 2015 1902 2069 desinen-

310 2121 413 2177 tes,
437 2126 599 2182 quam
630 2126 748 2165 eam
781 2110 832 2163 in
863 2124 1017 2163 suum
1045 2118 1241 2164 statum
1266 2107 1651 2171 transtulerint,
1670 2107 1757 2160 vel
1783 2120 1902 2159 cer-

312 2218 441 2271 pnre
483 2203 709 2256 solutam
759 2202 1009 2256 viderint.
1051 2200 1166 2269 Qua
1213 2200 1371 2271 igitur
1415 2198 1703 2271 tyrannide
1732 2237 1749 2264 ,
1795 2212 1899 2267 qua

310 2295 651 2363 captivitate,
680 2308 781 2363 qna
812 2293 1058 2347 vastitate
1082 2334 1096 2359 ,
1123 2306 1225 2361 qua
1252 2291 1512 2345 servitute
1540 2331 1553 2353 ,
1585 2305 1689 2359 quo
1716 2288 1857 2343 bello
1880 2328 1896 2352 ,

311 2402 417 2455 quo
446 2383 725 2453 naufragio
745 2425 759 2449 ,
787 2399 891 2452 qua
916 2381 1060 2438 fame
1102 2381 1215 2436 haec
1242 2395 1346 2436 non
1378 2380 1625 2452 graviora
1652 2377 1854 2433 fuerint
1878 2378 1901 2432 ?

309 2478 439 2545 Quis
470 2487 575 2531 tam
606 2474 861 2542 crudelis,
886 2476 1004 2544 quis
1034 2484 1139 2529 tam
1171 2474 1337 2539 ferus,
1371 2474 1491 2543 quis
1515 2473 1649 2527 adeo
1684 2472 1899 2539 stultus,

313 2570 433 2638 quis
481 2568 620 2623 adeo
676 2567 1000 2622 inhumanus
1039 2575 1199 2637 atque
1230 2565 1617 2620 immiscricors
1642 2605 1657 2632 ,
1708 2564 1799 2633 qui
1828 2571 1906 2616 tot

309 2652 648 2714 contumeliis
675 2668 728 2712 et
760 2657 970 2712 damnis
1009 2655 1251 2711 aﬁectam
1282 2655 1513 2709 animam
1549 2654 1679 2708 nolit
1707 2653 1773 2707 ab
1808 2667 1904 2706 cx-

312 2752 575 2807 seerando
607 2752 697 2807 illo
725 2752 904 2805 furore
931 2760 985 2806 et
1012 2749 1301 2821 ignominia
1328 2792 1342 2817 ,
1366 2763 1465 2819 pro
1494 2747 1630 2802 virili
1659 2761 1757 2801 sua
1786 2788 1802 2813 ,
1836 2745 1904 2798 li-

310 2843 500 2897 berare
521 2884 534 2906 ,
559 2842 654 2897 sed
692 2842 836 2897 illam
868 2851 973 2895 tam
1019 2842 1157 2896 male
1179 2840 1424 2895 affectam
1452 2838 1721 2909 negligat?
1750 2836 1905 2903 Quod

312 2934 354 2987 si
381 2934 430 2987 id
462 2946 542 2989 est
566 2933 814 2986 immanis
836 2943 995 3003 atque
1017 2931 1212 3001 lapidei
1230 2931 1417 2995 animi,
1447 2948 1553 3000 quo
1581 2931 1632 2982 in
1660 2930 1801 2989 loco,
1819 2927 1906 2982 die

314 3025 466 3092 mihi,
497 3034 792 3079 statuemus
818 3035 935 3091 ees,
960 3025 1049 3094 qui
1078 3035 1276 3095 prtetcr
1302 3024 1447 3079 illam
1477 3020 1852 3092 negligentiam
1886 3060 1904 3086 ,

310 3118 452 3171 aliud
482 3116 735 3186 quiddam
764 3117 921 3185 longe
942 3116 1181 3170 deterius
1202 3124 1385 3184 agunt,
1416 3128 1539 3168 cum
1572 3128 1668 3167 eos
1689 3154 1703 3177 ,
1727 3111 1817 3181 qui
1840 3110 1908 3165 ad

313 3209 550 3281 pericula
598 3208 850 3263 alacriter
891 3208 1095 3262 insilire
1132 3206 1301 3277 parati
1350 3214 1518 3271 sunt,
1575 3203 1772 3275 quique
1800 3219 1905 3257 non

313 3310 545 3357 renuunt
588 3303 636 3354 in
679 3301 852 3369 ipsum
896 3286 1085 3355 bellum
1127 3310 1307 3369 guttur
1352 3287 1542 3352 manus
1579 3298 1903 3364 immittere,

314 3393 552 3463 quinimo
584 3393 826 3446 lictorem
843 3402 898 3447 et
922 3390 1155 3461 pericula
1192 3390 1441 3453 subeunt,
1471 3398 1527 3442 ut
1547 3389 1659 3458 jam
1682 3388 1908 3442 devora-

232 3510 235 3511 ν
317 3496 396 3540 tas
420 3486 628 3539 animas
653 3500 722 3539 ex
750 3484 877 3553 ipsis
905 3484 1167 3538 daemonis
1196 3481 1437 3537 faucibus
1463 3482 1742 3536 extrahant
1765 3523 1779 3545 ,
1803 3496 1907 3535 non

316 3578 475 3633 modo
503 3595 607 3632 non
662 3576 915 3640 laudant,
950 3591 1121 3646 neque
1162 3575 1481 3646 approbant,
1508 3573 1602 3628 sed
1632 3573 1793 3627 etiam
1814 3588 1909 3627 ex-

323 3670 523 3740 pellunt
549 3668 782 3738 undique
806 3678 859 3723 et
877 3668 1225 3738 oppugnant?

385 3761 439 3817 8.
469 3760 605 3827 Quid
636 3760 814 3829 igitur,
846 3759 985 3815 dicet
1023 3758 1322 3829 quispiam,
1358 3756 1607 3812 cunctine
1635 3756 1723 3826 qui
1752 3755 1913 3811 urbes

318 3856 556 3911 incolunt
575 3854 802 3924 periere,
826 3867 893 3907 an
916 3851 1167 3907 ﬂuetibus
1181 3851 1472 3922 jactantur,
1496 3866 1564 3905 an
1586 3861 1795 3920 oportet
1826 3866 1913 3904 ur-

320 3945 471 3999 bibus
503 3944 703 3998 relictis
729 3954 782 3999 et
808 3943 861 3997 in
903 3943 1115 3998 deserta
1145 3942 1420 3996 conversis
1439 3983 1453 4005 ,
1484 3941 1540 3995 in
1568 3939 1911 3996 solitudinem

319 4052 375 4090 se
405 4033 748 4101 transferant,
778 4043 832 4089 et
860 4035 911 4089 in
942 4033 1309 4089 cacuminibus
1334 4032 1596 4087 montium
1625 4031 1781 4087 sedes
1812 4046 1912 4101 po-

321 4127 485 4181 nant?
514 4127 578 4179 Et
606 4137 659 4179 tu
688 4125 803 4180 luce
837 4125 995 4195 jubes
1020 4134 1074 4180 et
1094 4124 1229 4179 hanc
1250 4123 1421 4195 legem
1449 4122 1678 4179 statuis?
1708 4124 1912 4194 Apage,

322 4234 442 4291 nam
473 4218 802 4273 contrarium
833 4218 1045 4288 penitus
1064 4259 1078 4283 ,
1110 4226 1167 4271 ut
1187 4217 1334 4285 prius
1354 4215 1622 4284 dicebam,
1647 4216 1789 4281 volo,
1817 4231 1913 4271 vo—

322 4313 492 4381 tisque
513 4311 760 4365 omnibus
788 4321 984 4379 exopto
1002 4325 1098 4364 nos
1118 4318 1260 4363 tanta
1295 4309 1391 4363 frui
1416 4324 1565 4378 pace,
1584 4308 1917 4365 etmalorum

324 4403 626 4474 hujusmodi
664 4404 1000 4476 tyrannidem
1038 4405 1109 4458 ita
1151 4404 1375 4469 destrui,
1422 4414 1478 4458 ut
1510 4418 1616 4459 non
1644 4404 1804 4459 modo
1829 4405 1914 4469 iis,

322 4499 411 4568 qui
444 4497 496 4551 in
524 4497 747 4552 urbibus
770 4497 991 4568 degunt,
1027 4514 1131 4552 non
1151 4500 1220 4553 sit
1244 4498 1311 4553 ad
1341 4508 1551 4553 montes
1576 4499 1915 4570 confugiendi

323 4590 638 4653 necessitas,
682 4588 776 4643 sed
819 4599 877 4643 ut
921 4590 985 4644 iis
1009 4592 1098 4660 qui
1127 4590 1442 4655 solitudines
1473 4590 1728 4665 incolunt,
1766 4592 1917 4662 quasi

324 4680 640 4751 quibusdam
680 4680 837 4751 longo
877 4691 1116 4751 tempore
1158 4681 1411 4750 fugitivis,
1444 4682 1510 4736 ad
1539 4697 1690 4736 suam
1729 4683 1918 4738 urbem

324 4788 382 4826 se
413 4772 654 4841 recipere
678 4786 815 4841 Opus
834 4773 921 4827 sit.
944 4771 1049 4828 Sed
1075 4772 1202 4843 quid
1228 4772 1460 4828 faciam?
1485 4788 1677 4829 vereor
1699 4789 1767 4829 ne
1790 4774 1917 4830 dum

328 4863 448 4917 illos
476 4862 664 4932 patria:
692 4862 977 4919 restituere
1005 4864 1217 4931 studeo,
1248 4865 1698 4934 nequissimorum
1721 4866 1923 4921 daemo-

327 4972 454 5010 num
484 4954 732 5009 manibus
775 4954 1003 5022 tradam,
1040 4970 1143 5010 neu
1187 4955 1315 5010 dum
1357 4956 1531 5011 illosa
1562 4956 1848 5013 solitudine
1868 4966 1922 5013 et

329 5047 448 5119 fuga
472 5046 733 5103 reducere
770 5048 949 5117 cupio,
993 5063 1022 5101 a
1061 5047 1395 5119 philosophia
1438 5057 1495 5104 et
1540 5052 1922 5121 tranquillitate

328 5140 477 5195 oumi
504 5139 754 5195 excidere
796 5140 1004 5196 faciam.
1034 5141 1187 5210 Quod
1216 5142 1261 5197 si
1301 5142 1697 5199 multitudinem
1726 5144 1920 5200 civium

329 5231 630 5303 proferens,
661 5230 747 5285 illa
788 5241 845 5286 ttt
882 5232 1013 5286 mihi
1057 5233 1313 5303 pudorem
1346 5246 1401 5289 et
1444 5244 1646 5289 metum
1687 5236 1924 5292 incutere

329 5336 485 5398 putes
514 5366 530 5393 ,
576 5340 645 5380 ne
694 5334 862 5379 totum
907 5325 1094 5380 orbem
1134 5326 1374 5380 damnari
1414 5328 1618 5396 patiar,
1650 5337 1922 5399 assumpta

329 5417 529 5474 Christi
560 5417 846 5480 sententia,
874 5432 995 5472 cum
1019 5417 1106 5471 illa
1134 5416 1391 5472 adversus
1425 5406 1561 5473 hanc
1602 5429 1745 5474 tuam
1768 5420 1922 5489 obje-

332 5510 562 5564 ctionem
590 5508 764 5563 stabo.
796 5507 977 5579 Neque
996 5508 1139 5563 enim
1166 5516 1273 5562 tam
1299 5509 1472 5564 audax
1501 5509 1705 5566 facinus
1734 5510 1926 5567 admit-

332 5611 431 5660 tes,
460 5608 520 5653 ut
539 5599 698 5654 etiam
722 5598 839 5669 ejus
863 5641 878 5666 ,
905 5599 993 5670 qui
1022 5613 1120 5653 nos
1142 5598 1473 5669 judicaturus
1502 5611 1582 5657 est
1606 5642 1621 5669 ,
1645 5603 1924 5658 sententiae

396 5713 412 5773 β
449 5708 587 5773 Savil.
610 5716 665 5759 et
694 5711 789 5761 duo
825 5719 951 5773 ttss.,
992 5710 1269 5773 conjunctae
1294 5710 1441 5762 semel
1477 5721 1578 5766 Deo
1598 5713 1802 5770 animas.
1829 5719 1924 5769 blo-

332 5770 427 5821 rel.
455 5778 509 5823 ut
548 5772 599 5823 in
622 5779 781 5836 textu,
806 5770 951 5837 atque
974 5776 1043 5825 sic
1072 5770 1197 5837 legit
1220 5773 1513 5827 Ambrosius.

1058 357 1420 416 ADVERSUS
1455 357 2004 416 OPPUGNATORES
2047 358 2233 417 Ἧτῶ
2270 358 2565 417 ΜΟΝΑΒΤ.
2605 360 2736 418 LIB.
2784 360 2828 419 1.

3483 366 3589 429 330

2006 468 2257 528 obsistas.
2298 470 2437 540 Quid
2468 472 2629 544 igitur
2673 474 2762 529 ille
2804 473 2967 529 dicit?
3008 474 3236 546 Angusta
3276 485 3367 543 est,
3402 476 3596 549 inquit,

1991 565 2181 635 junua,
2203 572 2252 620 et
2278 574 2420 620 arcta
2445 566 2545 634 via,
2588 582 2703 636 qua:
2726 566 2866 620 ducit
2904 566 2972 620 ad
2998 568 3151 621 vitam
3170 608 3187 634 ,
3221 576 3269 622 et
3298 571 3445 637 pauci
3481 578 3599 625 sunt

2001 658 2089 728 qui
2112 657 2370 711 inveniunt
2403 674 2513 711 eam
2558 657 2770 729 (Matth.
2802 661 2853 714 7.
2889 658 3000 732 14).
3032 659 3088 715 Si
3118 675 3247 715 vero
3275 661 3427 730 pauci
3472 672 3599 717 sunt

2002 749 2090 817 qui
2135 749 2433 816 inveniunt,
2479 765 2611 806 sane
2653 750 2809 817 longe
2849 752 3148 820 pauciores,
3194 751 3285 822 qni
3332 751 3399 806 ad
3438 750 3599 808 tinem

2001 840 2119 907 ejus
2149 841 2427 907 pervenire
2455 850 2723 911 poterunt.
2753 841 2936 912 Neque
2962 843 3101 896 enim
3129 856 3318 897 omnes
3337 845 3427 913 qui
3454 843 3600 913 prin-

2004 930 2199 998 cipium
2227 930 2491 997 adierunt,
2521 932 2586 984 ad
2617 931 2776 986 ﬁdem
2807 934 2920 1001 ejus
2953 933 3251 1002 pertingere
3277 943 3599 1002 potuerunt;
3690 1006 3695 1009 ῆ

2004 1022 2097 1075 sed
2141 1022 2230 1075 alii
2256 1021 2372 1092 ipso
2413 1022 2591 1077 statim
2619 1023 2799 1089 initio,
2838 1024 2929 1078 alii
2959 1024 3009 1078 in
3041 1023 3254 1087 medio,
3282 1024 3372 1077 alii
3406 1024 3456 1077 in
3478 1024 3594 1093 ipso

2005 1110 2115 1167 fere
2147 1122 2304 1183 portu
2332 1112 2662 1183 naufragium
2682 1114 2920 1180 fecerunt
2944 1112 3157 1182 (Matth.
3183 1113 3273 1170 20.
3310 1113 3421 1184 l6).
3450 1114 3594 1169 Rur-

2004 1216 2230 1272 sumque
2266 1204 2463 1258 multos
2488 1204 2565 1258 ait
2605 1219 2728 1260 esse
2753 1214 3003 1271 vocatos,
3038 1220 3341 1275 paucosque
3379 1206 3600 1259 electos.

2004 1292 2134 1346 Cum
2150 1294 2327 1363 itaque
2344 1293 2588 1350 Christus
2609 1294 2863 1363 majorem
2893 1309 3015 1349 esse
3040 1295 3377 1363 pereuntium
3396 1302 3601 1364 partem

2003 1381 2167 1448 dicat,
2197 1383 2249 1436 in
2280 1383 2460 1453 paucis
2480 1399 2612 1439 vero
2639 1383 2866 1438 Salutem
2900 1382 3213 1453 praefinitam
3241 1398 3365 1439 esse
3390 1397 3607 1438 asseve-

2002 1482 2106 1538 ret,
2134 1472 2263 1543 quid
2307 1474 2590 1528 adversum
2621 1488 2706 1527 me
2741 1472 2985 1543 pugnas?
3017 1471 3249 1541 ldipsum
3290 1473 3433 1527 enim
3474 1472 3605 1527 facis

2004 1579 2067 1618 ac
2093 1564 2138 1618 si
2168 1564 2236 1620 de
2255 1564 2369 1620 Noe
2398 1581 2460 1619 ac
2480 1565 2547 1620 de
2572 1565 2772 1620 diluvio
2803 1566 2961 1619 verba
2989 1563 3305 1619 facientibus
3327 1564 3480 1618 nobis
3505 1564 3603 1618 ad-

2004 1654 2299 1719 mirareris,
2324 1654 2367 1708 εἰ
2384 1669 2573 1709 omnes
2590 1655 2868 1723 perierint,
2889 1653 2996 1709 duo
3012 1662 3187 1709 autem
3203 1661 3405 1708 tantum
3427 1661 3606 1709 tresve

2006 1744 2256 1799 homines
2284 1744 2602 1813 supplicium
2633 1743 2917 1814 effugerint
2941 1787 2955 1811 ,
3001 1758 3122 1799 cum
3150 1743 3250 1798 hac
3278 1745 3484 1798 ratione
3510 1757 3610 1797 no-

2006 1835 2087 1899 bis
2130 1850 2191 1889 os
2230 1834 2510 1889 obstruere
2555 1849 2712 1904 posse
2754 1847 2928 1905 putas,
2971 1843 3030 1889 ut
3071 1848 3179 1889 non
3217 1835 3403 1889 ausuri
3438 1834 3609 1887 simus

2005 1925 2262 1979 damnare
2293 1925 2711 1980 multitudinem.
2746 1925 2803 1979 ld
2834 1939 2961 1979 sane
2991 1924 3147 1979 nobis
3177 1938 3282 1979 non
3319 1922 3607 1993 persuade-

2007 2014 2152 2069 bitur
2181 2031 2353 2084 neque
2399 2016 2791 2075 multitudinem
2824 2015 2968 2070 illam
2997 2015 3204 2069 veritati
3235 2012 3604 2085 praeferemus.

2004 2105 2188 2177 Neque
2212 2108 2355 2162 enim
2384 2108 2469 2173 iis,
2512 2124 2630 2177 qua)
2674 2117 2801 2161 tune
2844 2108 3204 2176 contigerunt,
3243 2106 3449 2161 minora
3477 2113 3607 2160 sunt

2009 2198 2264 2252 hodierna
2288 2214 2304 2263 ;
2334 2199 2425 2253 sed
2458 2200 2625 2252 multo
2653 2199 2939 2266 deteriora,
2971 2213 3143 2269 eoque
3168 2197 3356 2267 magis,
3377 2210 3485 2271 quo
3510 2212 3608 2267 ge-

2008 2288 2202 2344 hennae
2231 2291 2578 2344 comminatio
2610 2290 2921 2356 intentatur,
2951 2298 3005 2345 ct
3034 2306 3099 2344 ne
3130 2290 3207 2343 sic
3236 2288 3452 2360 quidem
3485 2288 3609 2343 vitia

2007 2381 2346 2438 exciduntur.
2375 2382 2508 2451 Quis
2533 2384 2677 2439 enim
2700 2423 2716 2450 ,
2749 2398 2933 2453 quaeso
2955 2423 2973 2449 ,
3002 2382 3202 2437 fatuum
3234 2396 3342 2436 non
3378 2380 3614 2451 appellat

2009 2474 2271 2530 fratrem?
2314 2475 2442 2530 illud
2470 2484 2650 2531 autem
2679 2476 2939 2546 gehennae
2978 2475 3116 2547 ignis
3145 2475 3271 2530 facit
3296 2476 3609 2531 obnoxium.

2008 2565 2139 2634 Quis
2169 2582 2275 2620 non
2302 2566 2583 2637 impudicis
2610 2568 2780 2623 oculis
2801 2568 3080 2623 mulierem
3098 2566 3354 2636 respicit?
3384 2566 3487 2622 hoc
3514 2583 3606 2621 au-

2010 2665 2116 2712 tem
2148 2665 2231 2711 est
2257 2667 2685 2713 consummatum
2715 2658 3034 2713 adulterium
3065 2675 3078 2712 :
3107 2657 3375 2714 moechum
3399 2672 3528 2712 vero
3558 2657 3614 2712 in

2010 2748 2256 2805 eamdem
2304 2748 2606 2818 gehennam
2649 2750 2885 2806 incidere
2927 2759 3133 2806 certum
3162 2759 3245 2806 est
3266 2751 3283 2783 ί
3307 2789 3320 2803 .
3350 2750 3480 2816 Quis
3504 2765 3610 2804 non

2004 2840 2244 2911 juravit?
2272 2840 2373 2898 hoe
2406 2853 2585 2898 autem
2618 2858 2682 2898 ex
2725 2844 2867 2898 malo
2889 2858 3109 2921 prorsus
3136 2853 3219 2898 est
3253 2862 3267 2898 :
3306 2842 3521 2913 atquod
3548 2858 3614 2897 ex

2011 2933 2155 2987 malo
2191 2944 2295 2999 est,
2327 2934 2587 3005 supplicio
2628 2935 2769 2989 haud
2809 2935 2970 2991 dubie
3003 2936 3314 2991 obnoxium.
3339 2936 3470 3005 Quis
3508 2949 3615 2991 non

2011 3024 2186 3078 amico
2206 3025 2399 3080 invidit
2424 3027 2716 3096 umquam?
2745 3026 2794 3080 id
2820 3040 2948 3080 vero
2985 3026 3213 3081 ethnicis
3235 3035 3289 3082 et
3314 3026 3612 3097 publicanis

2015 3117 2226 3186 pejores
2256 3118 2385 3172 facit
2414 3135 2427 3172 :
2456 3130 2752 3173 eosautem
2782 3118 2873 3188 qui
2899 3118 3004 3174 illis
3026 3118 3323 3175 deteriores
3342 3127 3485 3185 sunt,
3508 3133 3616 3173 non

2013 3224 2173 3280 posse
2194 3209 2516 3278 supplicium
2540 3209 2775 3281 effugere
2802 3211 3003 3266 nemini
3028 3226 3132 3266 non
3155 3220 3340 3266 notum
3362 3219 3461 3267 est.
3485 3211 3617 3281 Quis

2013 3300 2344 3355 iracundiam
2373 3316 2590 3355 omnem
2639 3317 2707 3357 ex
2743 3302 2906 3357 corde
2948 3302 3127 3372 ejecit,
3154 3309 3207 3356 et
3229 3302 3492 3369 omnium,
3524 3302 3615 3372 qui

2014 3391 2068 3445 in
2110 3407 2168 3446 se
2212 3390 2588 3461 deliquerunt,
2633 3402 2847 3461 peccata
2878 3393 3122 3448 remisit?
3149 3408 3273 3446 eum
3311 3402 3489 3447 autem
3526 3391 3616 3462 qui

2015 3496 2123 3534 non
2170 3481 2441 3536 remiserit
2469 3483 2751 3537 tormentis
2777 3484 3084 3547 necessario
3116 3483 3431 3538 tradendum
3461 3498 3621 3549 esse,

2016 3572 2196 3626 nullus
2222 3586 2408 3626 eorum
2429 3613 2444 3637 ,
2494 3573 2584 3643 qui
2614 3570 2886 3629 Christum
2911 3570 3172 3642 audierit,
3202 3583 3487 3644 negaturus
3509 3584 3614 3629 est.

2017 3664 2151 3732 Quis
2181 3679 2286 3719 non
2315 3664 2537 3720 servivit
2588 3668 2900 3722 mamonae?
2929 3682 3051 3722 eum
3080 3682 3210 3722 vero
3239 3668 3331 3737 qui
3359 3665 3460 3735 ipsi
3499 3680 3617 3721 ser-

2016 3757 2192 3819 vierit,
2221 3755 2416 3810 Christi
2444 3757 2755 3811 servitutem
2787 3758 3048 3826 abjecisse
3079 3766 3284 3811 certum
3311 3765 3415 3821 est,
3440 3766 3495 3810 at
3527 3758 3621 3827 qui

2018 3848 2214 3904 Christi
2275 3848 2587 3903 servitutem
2637 3847 2852 3918 abjecit,
2896 3849 3165 3918 propriam
3209 3849 3437 3903 salutem
3478 3847 3627 3903 baud-

2016 3938 2179 3994 dubie
2204 3938 2505 4008 abnegavit.
2537 3938 2667 4005 Quis
2690 3956 2795 3992 non
2825 3941 3031 3995 occulte
3057 3940 3365 3995 maledixit?
3392 3940 3491 3995 hos
3524 3954 3620 3995 au-

2020 4040 2127 4086 tem
2156 4041 2308 4086 vetus
2322 4046 2534 4101 quoque
2564 4030 2647 4085 lex
2687 4032 2914 4088 interfici
2937 4033 3126 4102 jubet,
3159 4043 3215 4089 et
3234 4032 3487 4104 jugulari.
3514 4034 3631 4090 Sed.

2022 4140 2142 4193 qua:
2171 4125 2466 4179 consolatio
2516 4125 2568 4178 in
2615 4125 2844 4196 prepriis
2874 4125 3076 4180 malis?
3121 4126 3274 4192 Quod
3304 4141 3494 4182 omnes
3523 4142 3623 4181 ceu

2019 4230 2086 4270 ex
2112 4214 2360 4270 condicto
2381 4214 2433 4269 in
2453 4215 2709 4285 ‘nequitite
2739 4214 3050 4270 barathrum
3070 4216 3344 4283 decidant,
3376 4216 3516 4287 quod
3536 4216 3615 4285 ip-

2020 4323 2137 4363 sum
2184 4306 2322 4377 ejus,
2363 4306 2451 4377 qui
2493 4321 2638 4361 nunc
2674 4306 2903 4375 obtinet,
2933 4308 3106 4363 morbi
3136 4317 3511 4378 argumentum
3542 4317 3626 4362 est

2023 4400 2350 4465 niaximum;
2377 4414 2499 4453 cum
2524 4399 2727 4453 scilicet
2752 4399 2803 4453 id
2830 4400 2881 4453 in
2912 4400 3067 4455 malis
3097 4399 3343 4454 solatium
3372 4396 3525 4453 nobis
3547 4397 3627 4450 af-

2024 4491 2148 4557 fert,
2178 4490 2323 4562 quod
2363 4491 2586 4558 majoris
2610 4489 2814 4544 doloris
2842 4489 3065 4545 materia
3096 4504 3217 4546 esse
3244 4489 3485 4545 deberet.
3521 4486 3628 4543 Ne-

2024 4599 2128 4653 que
2158 4583 2299 4638 enim
2333 4581 2617 4636 multitudo
2641 4580 2693 4635 in
2722 4580 2998 4651 peccando
3027 4581 3295 4636 sociorum
3326 4594 3425 4634 nos
3457 4593 3489 4633 a
3517 4578 3625 4633 cri-

2024 4674 2259 4730 minibus
2288 4683 2343 4729 et
2382 4674 2660 4744 suppliciis
2696 4673 2873 4743 eripit.
2906 4671 3061 4741 Quod
3090 4672 3272 4753 siquis
3298 4687 3361 4726 ex
3392 4671 3477 4735 iis,
3505 4685 3628 4740 qua:

2024 4781 2182 4836 supra
2226 4765 2494 4833 diximus,
2522 4766 2573 4819 in
2614 4764 3044 4834 desperationem
3080 4765 3317 4827 incidat,
3359 4762 3630 4833 paulisper

2026 4864 2324 4927 exspectet,
2358 4865 2414 4910 et
2461 4865 2589 4911 tunc
2629 4856 2800 4926 magis
2833 4854 3159 4924 desperabit,
3194 4869 3315 4908 eum
3348 4852 3429 4907 his
3459 4852 3631 4907 multo

2024 4949 2269 5020 graviora
2294 4946 2613 5013 dixerimus,
2642 4946 2820 5016 qualia
2848 4955 2975 5000 sunt
3010 4945 3244 5015 perjuria
3270 4962 3283 4999 :
3324 4958 3447 5001 nam
3478 4944 3523 4999 si
3545 4944 3631 5013 ju-

2028 5057 2149 5096 rare
2178 5040 2505 5095 diabolicum
2535 5047 2637 5105 est,
2664 5042 2969 5107 iuramenta
2996 5038 3314 5103 conculcare
3350 5036 3492 5107 quod
3532 5050 3631 5089 no-

2027 5134 2111 5189 bis
2129 5133 2320 5189 aﬂ‘eret
2333 5132 2654 5203 supplicium
2678 5131 2701 5186 ?
2722 5130 2777 5187 Si
2803 5131 3006 5186 fatuum
3032 5130 3303 5200 appellare
3328 5128 3631 5199 gehennam

2028 5226 2269 5290 attrahit,
2299 5225 2567 5281 sexcentis
2591 5224 2849 5281 conviciis
2873 5224 3233 5280 dehonestare
3258 5222 3504 5289 fratrem,
3528 5221 3623 5292 qui

2030 5333 2174 5387 satpe
2204 5316 2334 5372 nihil
2357 5331 2455 5372 nos
2472 5317 2626 5383 laesit,
2647 5316 2790 5387 quod
2818 5332 2924 5373 non
2949 5316 3179 5372 adducet
3199 5314 3555 5385 supplicium?
3575 5313 3631 5369 Si

2032 5412 2345 5482 injuriarum
2378 5411 2689 5467 meminisse
2718 5419 2927 5465 tantum
2951 5409 3227 5480 punitione
3250 5408 3470 5479 dignum
3510 5413 3627 5471 est,

2031 5505 2190 5559 etiam
2217 5504 2400 5559 ulcisci
2428 5513 2657 5575 quantos
2677 5503 2948 5559 cruciatus
2971 5500 3465 5575 promeretur?Sed
3489 5514 3632 5555 non-

2098 5658 2113 5691 ¹
2150 5666 2279 5716 ttae,
2302 5656 2542 5709 melunn
2565 5670 2757 5709 verm...
2783 5671 2853 5709 te.
2867 5662 2971 5709 tum
3000 5662 3088 5718 est,
3123 5658 3303 5708 desunt
3325 5658 3375 5707 in
3398 5654 3517 5718 Edit.
3541 5662 3636 5706 Ilo—

2031 5718 2158 5831 23:1;
2182 5719 2272 5771 sed
2289 5722 2337 5771 in
2357 5719 2495 5773 savil.
2522 5723 2642 5773 etin
2659 5728 2770 5775 Mss.
2794 5719 3054 5783 habentur,
3075 5717 3132 5772 et
3152 5720 3216 5772 ab
3238 5719 3486 5770 Αωυιιοιίο
3503 5717 3636 5771 lecta
