4276 6316
677 334 772 390 351
1401 334 1458 389 5.
1487 335 1762 391 JOANNIS
1798 335 2270 392 CllRYSOSTOMl
2313 336 2632 392 ARCHIEP.
2674 336 3210 393 CONSTANTINOP.

679 451 806 503 dum
827 448 895 503 de
925 448 1007 504 his
1031 450 1313 519 agendum,
1341 448 1454 503 lucc
1480 452 1620 503 enim
1659 466 1756 504 suo
1794 451 1913 504 loco
1942 449 2260 505 reservanda

679 546 826 594 sunt.
859 538 926 593 Ut
955 540 1096 592 enim
1131 539 1233 592 alia
1259 539 1522 606 omittam,
1555 540 1656 593 hoc
1681 541 1852 609 ipsum
1879 541 2020 611 quod
2060 556 2156 595 nos
2193 540 2261 594 ad

684 629 798 683 hazc
844 628 1124 684 scribenda
1171 630 1398 698 impulit,
1429 645 1606 684 nonne
1644 631 1725 684 vel
1769 633 1941 685 solum
1970 632 2162 685 sufficit
2191 631 2259 686 ad

683 720 962 786 prmsentis
989 719 1156 772 morbi
1200 729 1399 789 pestem
1445 720 1816 775 indicandam?
1854 722 1908 776 Si
1951 723 2092 776 enim
2137 737 2236 791 pro

682 809 918 876 priorum
945 823 1104 862 sensu
1131 821 1467 878 peccatorum
1518 825 1624 864 non
1665 811 1824 874 affici,
1868 813 1960 866 sed
2005 814 2122 868 sine
2151 814 2260 869 ullo

678 896 864 952 dolore
885 898 1090 952 scelera
1117 907 1440 967 perpetrare,
1470 912 1740 956 extremus
1767 902 1980 956 malitiae
2003 906 2261 958 terminus

681 997 783 1052 est,
813 988 898 1041 ubi
926 987 1142 1042 tandem
1169 1004 1336 1044 novos
1368 992 1498 1046 istos
1521 992 1869 1062 legislatorcs,
1903 995 2134 1049 recentis
2157 995 2260 1048 hu-

677 1078 766 1144 jus
807 1075 1306 1149 absurdissimarque
1354 1081 1484 1150 legis
1526 1091 1772 1136 auctores
1811 1091 2123 1150 statuemus,
2166 1085 2259 1154 qui

685 1166 867 1235 majori
884 1182 1004 1222 cum
1034 1169 1226 1223 fiducia
1253 1171 1462 1225 virtutis
1482 1172 1785 1240 magistros,
1806 1189 1964 1242 quam
1990 1174 2078 1227 alii
2105 1174 2257 1228 mali-

3855 339 3962 390 ’ὀξξέ

2373 449 2461 503 tia:
2483 449 2765 517 repellunt,
2786 465 2986 520 eosque
3003 449 3170 502 multo
3192 449 3370 502 acrius
3391 459 3697 518 Oppugnant
3723 451 3810 519 qui
3836 465 3930 517 pm-

2371 551 2486 595 cata
2505 542 2790 596 emendare
2809 543 3014 605 volunt,
3037 556 3194 610 quam
3212 555 3306 594 eos
3329 541 3418 609 qui
3442 542 3539 609 ipsi
3566 541 3944 609 peccaverunt?

2369 632 2478 687 imo
2498 634 2671 702 potius
2691 648 2805 697 eos,
2830 648 2927 687 nec
2944 632 3210 686 illibenter
3232 631 3427 695 ferunt,
3447 647 3546 685 nec
3567 632 3952 692 criminantur;

2371 725 2470 778 hos
2495 734 2671 778 autem
2699 724 2786 777 vix
2833 724 2974 777 ferre
3005 729 3248 792 possunt,
3279 720 3671 790 quodammodo
3697 732 3747 774 et
3778 721 3961 774 verbis

2367 815 2685 884 etopcribus
2707 815 3020 878 clamantes,
3039 813 3284 883 nequitia:
3301 811 3574 865 mordicus
3593 811 3959 864 inhmrendum

2367 919 2508 970 esse,
2540 915 2698 973 atque
2717 904 2783 958 ad
2812 905 3062 958 virtutem
3090 915 3379 970 numquam
3407 899 3740 954 redeundum
3762 914 3775 963 ;
3799 898 3866 952 ita
3898 906 3960 951 ut

2366 1008 2470 1048 non
2502 993 2662 1048 modo
2701 1007 2816 1054 eos,
2863 993 2951 1062 qui
2997 992 3096 1060 ipsi
3138 1005 3357 1061 operam
3385 989 3534 1057 dant,
3577 1003 3759 1042 verum
3797 987 3964 1041 etiam

2365 1101 2495 1152 cos,
2547 1087 2636 1156 qui
2689 1101 2872 1141 vocem
2925 1101 3022 1155 pro
3070 1085 3158 1139 illa
3212 1084 3458 1138 emittere
3506 1082 3742 1148 audent,
3773 1080 3961 1135 ulcisci

2361 1185 2628 1245 Oporteaf.

1317 1355 1551 1462 ΑΙ)
1622 1355 2552 1467 INFIDELEM
2610 1361 3006 1469 PATI

1630 1355 2552 1467 INFIDELEM
2610 1361 3319 1479 ΡΑΤΒΕΜ,

1881 1557 2158 1650 artae:
2207 1556 2667 1655 πέπωκε·
2713 1627 2734 1646 .

2129 1727 2493 1784 comae

763 1821 816 1877 i.
847 1820 986 1877 Satis
1011 1823 1223 1892 quidem
1269 1825 1383 1879 lucc
1427 1835 1618 1892 erant,
1652 1836 1709 1883 ut
1750 1837 1936 1899 stupor
1975 1838 2029 1883 et
2073 1828 2266 1883 horror

678 1910 1026 1966 incuteretur.
1053 1913 1204 1979 Quod
1231 1914 1274 1968 si
1300 1916 1420 1984 quis
1444 1917 1584 1971 circa
1609 1932 1702 1971 eos
1743 1920 2105 1988 propheticum
2137 1920 2268 1974 illud

676 1999 1236 2073 proferatz0batupuit
1285 2006 1462 2059 malum
1518 2023 1668 2077 super
1720 2008 1814 2061 hoc
1843 2051 1857 2074 ,
1903 2019 1948 2063 et
2001 2011 2260 2064 exhorruit

679 2101 814 2144 terra
862 2093 1203 2158 vehementer;
1237 2094 1470 2164 itemque
1513 2098 1754 2168 :Stupor
1805 2108 1953 2169 atque
2011 2099 2262 2153 horrenda

677 2183 814 2252 facta
863 2194 979 2238 sunt
1028 2186 1080 2239 in
1125 2195 1256 2240 terra
1306 2186 1530 2258 (Jerem.
1555 2190 1610 2243 2.
1642 2191 1727 2244 i2.
1751 2201 1798 2244 et
1825 2191 1876 2246 5.
1903 2191 1992 2262 ’50)
2018 2232 2032 2255 ,
2062 2207 2260 2261 oppor-

677 2282 805 2327 tune
845 2273 1148 2343 hujusmodi
1197 2278 1374 2331 omnia
1416 2277 1577 2333 dicat.
1609 2279 1759 2346 Quod
1787 2291 1964 2336 autem
1997 2283 2078 2337 his
2104 2283 2262 2352 longe

675 2364 886 2434 gravius
935 2375 1041 2433 est,
1070 2384 1176 2423 non
1227 2369 1387 2424 modo
1435 2371 1594 2426 alieni
1641 2373 1875 2443 quidam,
1908 2385 1964 2430 et
1999 2377 2147 2430 nullo
2199 2377 2263 2431 iis

675 2456 866 2524 quibus
890 2459 1187 2514 consulitur
1235 2462 1643 2532 propinquitatis
1685 2464 1804 2534 jure
1852 2467 2158 2535 conjuncti,
2190 2467 2262 2521 ita

677 2547 1017 2616 indignantur
1073 2560 1128 2604 et
1189 2567 1331 2622 mgre
1397 2552 1615 2621 ferunt;
1663 2571 1844 2610 verum
1889 2558 1988 2627 ipsi
2031 2573 2264 2612 consan-

675 2638 851 2707 guinei
907 2649 962 2694 et
1045 2651 1294 2710 parentes
1361 2657 1524 2714 super
1588 2646 1670 2700 his
1723 2647 1879 2702 irasci
1940 2648 2259 2703 didicerunt.

674 2729 909 2787 Tametsi
955 2748 1060 2788 non
1105 2735 1290 2803 ignoro
1331 2739 1632 2807 complures
1674 2755 1831 2808 esse,
1865 2741 1952 2810 qui
2003 2749 2181 2809 patres
2210 2741 2263 2795 id

674 2837 835 2891 agere
878 2840 983 2878 non
1029 2827 1313 2904 admodum
1357 2839 1574 2899 stupent
1621 2849 1636 2884 :
1685 2832 1929 2887 suffocari
1974 2845 2150 2888 autem
2203 2849 2264 2890 se

675 2913 894 2982 dicunt,
926 2930 989 2970 ac
1018 2915 1287 2972 iracundia
1327 2920 1542 2975 incendi
1571 2962 1584 2984 ,
1617 2937 1738 2977 cum
1768 2923 1983 2979 videant
2009 2940 2102 2978 eos
2125 2926 2262 2995 ,Iqui

676 3020 849 3075 neque
878 3016 1056 3076 patres
1082 3020 1225 3076 sunt,
1253 3026 1428 3081 neque
1453 3015 1628 3078 amici,
1661 3031 1832 3085 neque
1858 3016 2259 3086 consanguinei,

676 3111 848 3167 neque
874 3098 977 3152 alia
1022 3115 1088 3154 ex
1119 3109 1269 3169 parte
1310 3105 1634 3170 necessarii,
1667 3105 1775 3159 imo
1803 3121 1946 3177 stepe
1992 3107 2155 3177 ignoti
2198 3107 2264 3164 iis

675 3187 764 3255 qui
796 3187 1155 3260 phllOSOpllari
1185 3192 1486 3261 instituunt,
1520 3193 1620 3249 hoc
1651 3196 1822 3263 ipsum
1854 3199 1982 3267 pati,
2015 3213 2078 3252 ac
2120 3199 2261 3268 plus,

674 3293 834 3344 quam
883 3279 980 3348 ipsi
1029 3291 1207 3350 patres
1250 3282 1431 3338 dolere
1454 3325 1470 3348 ,
1501 3300 1810 3356 oppugnare
1831 3327 1846 3349 ,
1877 3296 1932 3341 et
1961 3288 2013 3341 in
2059 3289 2260 3342 crimen

675 3381 870 3424 vocare
911 3385 1005 3424 eos
1027 3411 1044 3436 ,
1073 3372 1162 3441 qui
1194 3371 1351 3442 hujus
1378 3376 1635 3444 propositi
1661 3384 1906 3432 auctores
1934 3378 2067 3448 ipsis
2093 3380 2260 3434 fuere.

677 3457 800 3512 Mihi
845 3475 974 3514 vero
1016 3462 1156 3531 quod
1186 3465 1490 3532 oppositum
1535 3475 1617 3520 est
1647 3466 1840 3520 mirum
1869 3482 1990 3522 esse
2032 3469 2260 3523 videtur.

678 3549 782 3605 Eos
806 3552 948 3605 enim
965 3553 1055 3621 qui
1082 3553 1225 3607 nullo
1243 3554 1326 3608 vel
1356 3553 1533 3611 tutela:
1549 3556 1632 3610 vel
1660 3557 1909 3610 amicitia:
1929 3558 2050 3628 jure
2079 3568 2266 3615 tenen-

677 3657 782 3710 tur,
813 3644 1000 3699 alienis
1045 3646 1096 3699 in
1129 3646 1281 3700 bonis
1308 3647 1452 3716 angi,
1487 3663 1595 3702 non
1623 3647 1817 3702 mirum
1845 3650 2088 3705 videatur
2115 3666 2259 3719 esse,

675 3745 859 3805 utpote
905 3738 1095 3806 partim
1145 3737 1340 3792 invidia
1382 3747 1700 3808 correptos,
1737 3727 1938 3809 'partim
1983 3758 2111 3797 vero
2157 3760 2265 3812 pra:

677 3827 875 3881 malitia
935 3843 1031 3882 sua
1089 3828 1313 3884 aliorum
1370 3830 1661 3900 perniciem
1721 3830 2090 3886 felicitatem!
2147 3848 2267 3887 esse

677 3935 829 3976 suam
877 3920 1234 3987 arbitrantes;
1269 3924 1461 3978 misere
1505 3923 1556 3977 id
1583 3924 1799 3993 quidem
1842 3933 1896 3979 et
1941 3924 2262 3991 infeliciter,

678 4015 998 4070 arbitrantes
1039 4026 1214 4070 tamen
1249 4032 1262 4069 :
1295 4015 1437 4085 quod
1481 4025 1659 4071 autem
1687 4018 1762 4082 ii,
1791 4018 1881 4087 qui
1924 4026 2261 4087 genuerunt,

680 4109 768 4176 qui
795 4107 1172 4174 educaverunt,
1203 4108 1292 4177 qui
1319 4107 1640 4178 quotidianis
1665 4109 1805 4163 votis
1833 4118 2086 4179 exoptant
2112 4119 2266 4164 natos

679 4213 806 4252 suos
848 4213 906 4252 se
947 4199 1078 4267 ipsis
1124 4198 1492 4267 praeclariorcs
1519 4198 1702 4253 videre
1727 4239 1740 4262 ,
1772 4200 1862 4268 qui
1904 4215 1966 4254 ea
1994 4199 2062 4254 de
2105 4215 2264 4254 causa

680 4301 870 4345 cuncta
899 4289 1096 4344 faciunt
1118 4298 1171 4345 et
1197 4290 1493 4358 patiuntur;
1515 4304 1608 4345 eos
1633 4305 1730 4344 ceu
1756 4288 1983 4358 quadam
2011 4290 2266 4344 ebrietate

681 4391 957 4451 correptos
971 4390 1192 4450 repente
1217 4381 1410 4435 mutari
1427 4390 1480 4435 et
1501 4381 1622 4448 angi
1639 4380 1706 4436 de
1723 4378 2074 4450 phil050phia:
2090 4383 2267 4437 studio

681 4489 710 4525 a
740 4473 861 4527 filiis
890 4481 1177 4542 suscepto;
1208 4471 1337 4526 illud
1365 4480 1445 4526 est
1471 4473 1613 4542 quod
1639 4487 1738 4541 ego
1770 4473 2005 4526 maxime
2031 4473 2266 4527 omnium

683 4563 918 4618 admiror
939 4606 953 4629 ,
985 4563 1112 4619 illud
1151 4579 1249 4634 ego
1275 4573 1646 4634 argumentum
1670 4578 1790 4617 esse
1819 4573 1946 4632 puto
1973 4563 2224 4618 idoneum
2249 4605 2264 4630 ,

683 4655 825 4723 quod
867 4657 1044 4710 omnia
1092 4663 1340 4725 corrupta
1383 4655 1693 4724 perditaque
1741 4655 1865 4709 sint.
1916 4655 2028 4710 lloc
2071 4656 2270 4723 elapsis

684 4747 968 4817 contigisse
999 4747 1323 4816 temporibus
1351 4761 1509 4801 nemo
1550 4746 1781 4811 dixerit,
1816 4761 1884 4801 ne
1913 4754 2021 4799 tum
2053 4746 2268 4815 quidem

685 4856 806 4895 cum
856 4841 1028 4910 palam
1075 4829 1440 4895 dominaretur
1490 4856 1661 4894 error.
1711 4840 1789 4894 Ac
1836 4839 2005 4894 semel
2055 4838 2270 4908 quidem

686 4931 878 4986 accidit
907 4931 962 4985 in
997 4931 1210 4986 civitate
1236 4932 1420 4987 Graeca
1445 4975 1459 4999 ,
1490 4934 1583 4995 sed
1609 4948 1768 5002 quam
1807 4932 2016 5003 tyranni
2041 4947 2272 5002 occupa-

688 5026 814 5078 bant
845 5041 858 5075 :
893 5039 1061 5092 neque
1088 5031 1262 5077 tamen
1287 5032 1412 5078 tunc
1439 5032 1718 5093 parentum
1745 5024 1935 5093 aliquis
1956 5065 1972 5090 ,
2006 5032 2063 5077 ut
2087 5039 2229 5078 nunc
2252 5063 2268 5091 ,

687 5117 780 5170 sed
827 5117 914 5185 qui
963 5131 1139 5170 arcem
1191 5125 1615 5184 occupaverant;
1651 5133 1751 5170 nec
1793 5132 1982 5171 omnes
2013 5117 2267 5186 quidem,

689 5222 871 5260 verum
902 5208 990 5276 qui
1040 5207 1230 5262 horum
1277 5217 1392 5262 erat
1437 5207 1878 5276 flagitiosissimus
1903 5249 1917 5272 ,
1951 5208 2270 5262 accersitum

689 5296 963 5352 Socratem
1007 5297 1220 5366 iubebat
1249 5312 1278 5350 a
1313 5297 1660 5365 phil030phiae
1702 5296 1943 5350 doctrina
1988 5297 2266 5352 absistere.

691 5391 759 5442 At
785 5387 875 5442 ille
898 5387 1108 5456 quidem
1130 5426 1149 5453 ,
1180 5397 1435 5458 tyrannus
1457 5428 1471 5451 ,
1504 5387 1733 5442 infidelis
1754 5390 1808 5443 el
1843 5401 2016 5442 smvus
2041 5429 2056 5455 ,
2085 5388 2174 5457 qui
2203 5388 2271 5443 ad

755 5588 772 5618 ι
808 5587 997 5635 Librum
1021 5587 1148 5636 hunc
1168 5600 1418 5645 vocamus,
1442 5587 1726 5643 sectmdum,
1752 5600 1814 5637 ex
1841 5589 2127 5637 auctoritate
2151 5587 2267 5636 duo-

695 5656 930 5711 rumuss.
966 5656 1016 5697 Et
1037 5663 1156 5696 sane
1181 5649 1256 5698 hic
1279 5648 1403 5697 liber
1426 5649 1505 5699 vel
1530 5663 1591 5699 ex
1610 5650 1750 5698 modo
1772 5649 1991 5700 ordiendi
2013 5650 2071 5699 ad
2096 5662 2273 5711 praece-

690 5709 853 5760 dentis
872 5712 1054 5772 seriem
1068 5711 1283 5772 respicit.

755 5772 776 5803 ³
813 5778 907 5821 vox
926 5804 943 5834 ,
965 5770 1270 5835 felicitatem,
1299 5771 1442 5823 deest
1465 5773 1513 5822 in
1529 5772 1715 5823 duobus
1738 5780 1843 5822 uss.

2368 1831 2708 1886 evertendam
2723 1833 3101 1903 rempublicam
3115 1841 3304 1888 cuncta
3318 1832 3648 1896 moliebatur,
3665 1831 3969 1902 alienisque

2369 1923 2424 1975 in
2473 1923 2628 1976 malis
2680 1925 3042 1992 gloriabatur,
3098 1939 3295 1994 gnarus
3342 1924 3474 1978 nihil
3524 1924 3745 1994 perinde
3795 1933 3960 1993 atque

2372 2015 2531 2068 talem
2570 2015 2864 2085 jussioncm
2896 2017 3155 2086 optimum
3209 2016 3515 2085 reipublicae
3555 2025 3749 2070 statum
3801 2031 3961 2086 posse

2367 2115 2674 2174 pervertere
2697 2148 2713 2173 ,
2743 2107 2858 2162 haec
2885 2123 3047 2162 ausus
3073 2117 3174 2163 est.
3206 2109 3275 2162 At
3313 2107 3368 2161 bi
3397 2107 3584 2163 ﬁdeles
3605 2149 3620 2174 ,
3648 2117 3703 2163 et
3741 2109 3791 2162 in
3821 2107 3964 2163 bene

2368 2196 2622 2251 institutis
2668 2199 2971 2255 civitatibus
2999 2199 3254 2269 degentes
3278 2242 3293 2265 ,
3327 2200 3620 2269 liberisque
3667 2201 3779 2254 suis
3824 2213 3958 2254 con-

2366 2290 2563 2342 sultum
2607 2291 2924 2359 cupientes,
2975 2292 3089 2346 haec
3131 2291 3318 2346 eadem
3368 2291 3514 2363 loqui
3557 2293 3793 2360 audent,
3839 2308 3960 2362 qua:

2367 2385 2621 2447 tyrannus
2669 2380 2758 2434 ille
2786 2381 2928 2435 circa
2979 2381 3221 2436 subditos
3269 2396 3435 2450 suos,
3469 2397 3569 2437 nec
3616 2383 3957 2437 erubescunt.

2366 2467 2542 2534 Quare
2559 2469 2611 2523 bi
2630 2471 2718 2539 qui
2748 2471 2824 2525 sic
2853 2471 3218 2540 indignantur,
3237 2473 3410 2542 magis
3425 2487 3582 2542 quam
3614 2472 3962 2538 illi,admira.

2369 2557 2514 2613 tione
2553 2559 2696 2629 digni
2724 2569 2867 2614 sunt.
2911 2560 3116 2617 Idcirco
3144 2573 3196 2617 et
3223 2578 3322 2633 ego
3349 2564 3466 2617 illos
3496 2563 3690 2617 missos
3719 2563 3920 2619 faciens
3941 2605 3957 2629 ,

2368 2646 2466 2702 hos
2492 2649 2581 2718 qui
2614 2649 2666 2703 in
2694 2651 2878 2718 primis
2905 2666 3087 2706 curam
3119 2651 3347 2706 filiorum
3374 2661 3566 2722 gerunt
3591 2693 3604 2716 ,
3635 2654 3744 2707 imo
3783 2655 3962 2721 potius

2367 2751 2554 2806 gerere
2601 2739 2932 2808 debuerant,
2989 2757 3095 2796 non
3124 2754 3328 2797 -autem
3382 2752 3607 2811 gerunt,
3670 2743 3862 2798 leniter
3908 2755 3964 2797 et

2367 2845 2571 2885 summa
2588 2847 2706 2887 cum
2727 2832 3094 2888 moderatione
3114 2835 3386 2903 alloquar:
3406 2833 3473 2887 ab
3494 2827 3598 2887 illis
3618 2834 3961 2902 impetratum

2365 2920 2585 2990 cupiens
2612 2964 2626 2988 ,
2660 2931 2718 2976 ut
2763 2939 2868 2978 non
2914 2925 3137 2979 moleste
3183 2925 3357 2978 l'erant
3383 2964 3398 2988 ,
3432 2939 3530 2978 nec
3578 2924 3920 2993 indignentur
3944 2967 3960 2990 ,

2367 3013 2412 3065 si
2455 3014 2572 3080 quis
2613 3027 2672 3067 se
2715 3029 2778 3068 ea
2820 3031 2939 3085 qua:
2984 3017 3218 3083 ipsorum
3267 3014 3389 3069 filiis
3435 3013 3727 3083 expediunt
3772 3015 3964 3068 melius

2366 3119 2525 3160 nosse
2569 3104 2749 3174 dicat,
2779 3122 2939 3177 quam
2987 3107 3146 3162 iidem
3197 3107 3318 3177 ipsi.
3349 3105 3530 3176 Neque
3577 3107 3721 3162 enim
3765 3105 3965 3161 sufﬁcit

2367 3195 2535 3250 lilium
2564 3208 2896 3264 procreasse,
2929 3207 2984 3251 ut
3010 3198 3179 3268 possit
3205 3207 3331 3252 nato
3363 3212 3556 3266 parens
3580 3206 3964 3267 congruentem

2367 3286 2751 3340 institutionem
2780 3286 2937 3354 dare;
2957 3289 3050 3342 sed
3079 3288 3378 3357 procreatio
3404 3288 3627 3341 multum
3658 3288 3868 3342 confert
3893 3289 3962 3341 ad

2367 3377 2533 3446 prolis
2574 3393 2811 3432 amorem
2836 3419 2850 3444 ,
2883 3378 2950 3432 ad
2996 3378 3112 3448 ejus
3141 3394 3269 3433 vero
3299 3378 3543 3434 idoneam
3589 3378 3962 3433 educationem

2367 3477 2422 3523 et
2463 3469 2793 3538 disciplinam
2843 3485 3014 3540 neque
3063 3471 3364 3540 procreatio
3411 3483 3585 3539 neque
3631 3484 3785 3524 amor
3832 3469 3964 3522 satis

2368 3570 2512 3616 sunt.
2543 3561 2677 3615 Nam
2707 3562 2750 3615 si
2775 3560 2878 3616 hoc
2907 3570 3067 3627 esset,
3091 3562 3267 3615 nullus
3293 3560 3564 3614 hominum
3593 3568 3746 3629 patre
3772 3559 3966 3613 melius

2368 3665 2528 3706 nosse
2554 3651 2998 3722 possetquidnam
3015 3659 3159 3706 esset
3177 3650 3286 3703 filio
3312 3651 3512 3716 utilius,
3529 3648 3962 3719 quandoquidem

2369 3759 2528 3797 nemo
2568 3753 2651 3797 est
2678 3743 2766 3813 qui
2813 3743 2984 3812 possit
3027 3743 3120 3796 illo
3167 3741 3335 3811 magis
3379 3740 3543 3794 ﬁlium
3574 3755 3778 3793 amare.
3811 3738 3966 3794 Nunc

2369 3848 2498 3886 vero
2535 3843 2712 3902 patres
2742 3848 2801 3888 se
2830 3832 2960 3887 illud
3003 3832 3250 3901 ignorare
3277 3831 3439 3899 gestis
3462 3831 3573 3883 suis
3597 3829 3919 3884 confitentur
3943 3847 3961 3892 ;

2369 3940 2489 3980 cum
2523 3925 2586 3979 ad
2618 3924 2901 3995 magistros
2940 3924 3179 3990 ducunt,
3207 3939 3328 3978 cum
3375 3922 3674 3992 pmdagngis
3705 3920 3958 3986 tradunt,

2371 4034 2490 4074 cum
2521 4019 2828 4072 innumeros
2857 4017 3188 4072 consiliarios
3230 4007 3524 4081 adhibent,
3559 4024 3614 4068 ut
3660 4014 3832 4069 sciant
3876 4014 3961 4068 cui

2370 4110 2493 4164 vita:
2521 4109 2762 4163 instituto
2792 4107 2929 4162 filius
2959 4106 3247 4162 tradendus
3276 4106 3364 4160 sit.
3393 4105 3576 4175 Neque
3606 4105 3802 4159 mirum
3833 4104 3960 4158 illud

2368 4210 2489 4264 est,
2522 4198 2617 4253 sed
2652 4199 2794 4269 quod
2820 4213 2940 4252 cum
2966 4198 3033 4252 de
3063 4198 3184 4252 filiis
3211 4198 3519 4252 consultant
3541 4237 3554 4259 ,
3583 4197 3809 4249 aliorum
3835 4211 3959 4249 sen-

2370 4291 2631 4358 tentiam,
2691 4306 2786 4346 sua
2843 4306 2986 4361 saepe
3046 4290 3358 4360 repudiata,
3417 4289 3826 4359 amplectantur.
3883 4287 3962 4342 Ne

2370 4385 2551 4454 itaque
2599 4385 2825 4439 moleste
2855 4397 2955 4437 nos
3003 4379 3214 4447 ferant,
3246 4381 3292 4434 si
3338 4379 3579 4434 dicamus
3629 4393 3728 4432 nos
3775 4379 3963 4432 melius

2371 4491 2532 4531 nosse
2557 4475 2681 4545 quid
2725 4476 2827 4530 illis
2870 4477 3190 4538 conveniat;
3221 4472 3314 4527 sed
3343 4473 3443 4526 nisi
3494 4472 3544 4526 id
3585 4484 3730 4526 certa
3760 4473 3964 4526 ratione

2374 4567 2795 4639 probaverimus,
2815 4575 2940 4621 tunc
2959 4574 3231 4632 accusent,
3255 4573 3380 4618 tunc
3401 4563 3611 4632 probris
3634 4565 3886 4631 impctant
3909 4573 3967 4617 ut

2375 4667 2773 4728 arrogantes,ac
2795 4665 3158 4726 corruptores,
3185 4657 3450 4723 totiusque
3473 4664 3676 4707 natura:
3698 4654 3962 4707 inimicos.

2442 4748 2498 4802 2.
2541 4748 2782 4815 Quonam
2809 4763 2938 4817 ergo
2964 4747 3123 4801 modo
3149 4744 3280 4800 illud
3318 4742 3658 4798 manifestum
3695 4745 3838 4808 erit,
3876 4757 3966 4798 aut

2375 4857 2476 4911 qua
2500 4843 2704 4895 ratione
2729 4841 2980 4904 sciemus,
3013 4838 3261 4907 quisnam
3291 4836 3362 4890 sit
3384 4836 3472 4906 qui
3502 4835 3644 4905 quod
3673 4845 3958 4889 conscnta~

2376 4949 2533 4987 neum
2558 4942 2640 4987 est
2664 4931 2857 4996 videat,
2881 4939 2936 4985 et
2960 4931 3205 5000 quisnam
3228 4929 3278 4983 id
3299 4928 3512 4998 quidem
3541 4929 3681 4984 scire
3701 4928 3963 4991 videatur,

2378 5025 2678 5078 nullatenus
2709 5037 2834 5076 vero
2864 5022 3029 5076 sciat?
3057 5021 3111 5076 Si
3137 5020 3274 5074 dicta
3306 5035 3443 5086 mea,
3463 5035 3561 5074 ceu
3587 5019 3839 5089 quasdam
3861 5019 3960 5075 ob-

2371 5115 2649 5185 jectiones,
2669 5114 2736 5170 ad
2754 5129 2976 5169 examen
2995 5112 3321 5169 descendere
3339 5127 3403 5166 ac
3421 5113 3671 5181 congredi
3689 5121 3966 5181 cogentes,

2377 5207 2697 5278 incorruptis
2733 5206 3002 5276 judicibus
3041 5207 3155 5260 hmo
3192 5203 3535 5273 disquirenda
3577 5203 3966 5272 permittamus.

2378 5301 2484 5356 Lex
2532 5303 2708 5372 itaque
2751 5300 3058 5354 certaminis
3087 5313 3185 5351 nos
3221 5295 3479 5350 adversus
3511 5293 3874 5349 Christianum
3903 5294 3972 5349 ad

2378 5409 2606 5464 pugnam
2636 5393 2782 5447 exire
2809 5391 2994 5459 jubet,
3023 5398 3184 5458 atque
3213 5402 3334 5440 cum
3360 5386 3452 5440 illo
3481 5393 3684 5438 tantum
3712 5399 3970 5453 pugnare,

2379 5483 2620 5552 nihilque
2647 5482 2879 5552 amplius
2907 5479 3131 5547 requirit
3162 5493 3193 5531 a
3223 5476 3397 5531 nobis.
3430 5475 3566 5540 Quid
3596 5476 3727 5528 enim
3759 5475 3881 5526 milii
3911 5477 3974 5528 de

2377 5578 2440 5628 iis
2483 5576 2632 5629 etiam
2673 5575 2760 5644 qui
2785 5574 2909 5641 {oris
2945 5581 3061 5625 sunt
3083 5570 3316 5638 judicare
3344 5567 3434 5635 (1.
3466 5565 3587 5620 Cor.
3638 5567 3692 5620 5.
3722 5565 3864 5632 1‘2)?
3901 5566 3972 5618 ait

2381 5668 2570 5723 beatus
2620 5665 2840 5720 Paulus.
2886 5663 3082 5717 Verum
3139 5661 3260 5731 quia
3311 5660 3623 5729 plerumque
3675 5655 3972 5724 contingit,

2389 5759 2587 5820 multos
2625 5773 2809 5814 eorum
2841 5757 2928 5826 qui
2983 5753 3048 5809 ad
3093 5753 3284 5808 czclum
3331 5748 3749 5821 pertrahuntur,
3784 5746 3974 5801 infide.
