4276 6316
151 445 251 502 331

147 557 341 631 γὰρτά
360 557 498 612 ἀλλα
518 557 701 629 παρῶ,
726 557 859 612 αὐτὸ
883 557 946 629 δὴ
966 558 1124 612 τοῦτο
1142 558 1203 612 τὸ
1225 559 1647 626 καταναγκάσαν
1671 561 1821 629 ἡμᾶς

144 647 226 709 είς
250 644 436 699 τοῦτον
464 646 713 699 καθεῖναι
740 649 832 700 τὸν
860 646 1037 715 λόγον,
1070 647 1169 717 οὐχ
1202 645 1386 700 ἱκανὸν
1412 647 1507 701 καὶ
1535 646 1693 717 μόνον
1721 648 1821 717 τῆς

144 732 480 803 κατεχούσης
521 732 678 786 νόσου
726 735 826 803 τὴν
858 735 1058 787 κακίαν
1097 734 1470 799 ἐνδείξασθαι;
1505 735 1568 787 Εἰ
1611 734 1719 805 γὰρ
1760 736 1823 789 τὸ

141 818 253 871 τῶν
275 818 493 871 οἰκείων
513 819 930 891 ἁμαρτημάτων
954 821 1027 891 μὴ
1049 820 1494 886 ὲπαισθάνεσθαι,
1520 822 1635 874 ἀλλ’
1656 821 1821 874 ἀναλ-

144 905 325 975 γήτως
354 904 721 975 πλημμελεῖν,
754 905 982 974 ἔσχατος
1012 908 1138 977 ὄρος
1184 908 1385 971 κακίας
1416 908 1556 971 ἐστὶ,
1594 906 1696 959 ποῦ
1729 907 1824 959 τά·

146 990 306 1061 ξομεν
337 993 465 1054 τοὺς
510 992 661 1056 νέους
691 992 915 1056 τούτους
948 993 1245 1063 νομοθέτας
1268 995 1367 1064 τῆς
1402 995 1596 1064 καινῆς
1620 994 1824 1063 ταύτης

144 1078 240 1131 καὶ
277 1077 636 1148 ἀτοπωτάτης
659 1078 999 1149 νομοθεσίας,
1039 1078 1089 1132 οἳ
1125 1080 1262 1149 μετά
1292 1079 1536 1143 πλείονος
1562 1080 1664 1151 τῆς
1686 1084 1827 1153 παρ-

147 1164 340 1235 ῥησίας
384 1166 513 1228 τοὺς
554 1168 657 1235 τῆς
692 1167 897 1238 ἀρετῆς
940 1167 1309 1221 ἀπελαύνουσι
1356 1168 1731 1233 διδασκάλους,
1788 1169 1822 1241 ἢ

967 442 1339 499 ADVERSUS
1371 440 1927 500 OPPUGNATORES
1964 441 2152 499 ῊΤᾹΞ
2193 440 2498 497 MONAST.
2541 440 2671 498 LIB.
2714 440 2779 495 ll.

3492 439 3601 495 552

1927 559 2052 621 τοὺς
2073 558 2171 628 τῆς
2201 556 2399 618 κακίας
2419 554 2506 608 Et:
2516 573 2620 627 ροι,
2652 556 2746 609 καὶ
2767 554 2875 609 τῶν
2898 556 3005 626 πλη
3014 552 3409 626 μμελησάντων
3438 553 3602 607 πλέον

1926 645 2038 707 τοῖς
2065 642 2311 714 διορθοῦν
2343 642 2685 713 βουλομένοις
2714 655 2740 683 ι
2769 642 3284 713 ἐκπεπολέμωνται;
3324 641 3608 712 μᾶλλονδὲ

1929 732 2066 804 πρὸς
2099 732 2342 795 ἐκείνους
2384 732 2484 801 μὲν
2520 730 2644 784 οὐτε
2678 732 2859 803 ἀηδῶς
2884 733 3118 804 ἔχουσιν,
3156 730 3280 785 οὔτε
3317 732 3609 801 ἐγκαλοῦσί

1927 835 2060 871 ποτε
2082 861 2097 886 ,
2141 819 2348 872 τούτων
2398 820 2455 872 δὲ
2508 818 2610 872 κᾶν
2657 812 3053 888 ἀπογεύσαιντο
3098 819 3269 890 ἡδέως
3329 822 3611 891 μονονουχὶ

1931 905 2162 975 βοῶντες
2202 907 2295 958 καὶ
2322 906 2388 958 δι’
2416 899 2490 958 ὧν
2522 905 2739 974 λέγουσι
2783 906 2877 958 καὶ
2903 906 2971 957 δι’
3001 900 3076 960 ὧν
3115 907 3384 967 ποιοῦσιν,
3420 909 3503 960 ὅτι
3530 908 3614 961 δεῖ

1928 994 2027 1061 τῆς
2050 992 2250 1054 κακίας
2271 992 2441 1065 ἀπρὶξ
2460 992 2699 1063 ἔχεσθαι,
2727 992 2821 1047 καὶ
2845 992 3111 1064 μηδέποτε
3134 994 3447 1048 ἐπανελθεῖν
3473 993 3610 1064 πρὸς

1928 1078 2149 1150 ἀρετὴν,
2196 1080 2272 1143 ὠς
2304 1080 2366 1133 οὐ
2425 1080 2587 1152 μόνον
2628 1080 2757 1144 τοὺς
2806 1080 3089 1150 μετιόντας
3128 1081 3322 1152 αὐτὴν,
3350 1080 3486 1134 ἀλλά
3516 1081 3612 1133 καὶ

1927 1171 2054 1234 τοὺς
2072 1170 2255 1241 φωνὴν
2269 1171 2409 1242 ὑπὲρ
2425 1171 2627 1241 ταύτης
2645 1170 2805 1243 ῥῆξαι
2821 1171 3133 1242 τολμῶντας
3150 1170 3455 1242 ἀμύνεσθαι
3469 1170 3607 1224 δέον.

206 1255 236 1287 ⁸
251 1255 336 1306 δίο
358 1256 472 1306 Sav.
498 1261 554 1306 et
570 1256 741 1307 Morel.
762 1258 873 1309 Duo
893 1264 1062 1308 autem
1077 1271 1196 1308 mss.
1216 1260 1538 1322 πειρωμένοις.
1566 1258 1695 1308 Infra
1718 1273 1809 1321 pro

1944 1262 2289 1324 ἀπογεύσαιντο
2307 1263 2575 1325 legendum
2597 1263 2792 1313 videtur
2813 1264 2901 1312 οὐκ
2923 1263 2979 1311 ἂν
3001 1262 3362 1325 ἀποχεύσαιντο.

823 1503 941 1578 [δη
1009 1519 1423 1634 ΠΡΟΣ
1511 1521 2199 1639 ΑΠΙΣΤΟΝ
2288 1525 2933 1662 ΠΑΤΕΡΑ,

1575 1713 1797 1768 ΛΟΓΟΣ
1835 1715 2211 1773 ΔΕΥΤΕΡΟΣ.

214 1968 285 2016 α’.
303 1960 487 2016 Ἱκανὰ
524 1960 624 2031 μὲν
655 1957 747 2039 οὖν
769 1962 864 2015 καὶ
893 1962 1065 2017 ταῦτα
1091 1960 1347 2017 ἔκστασιν
1377 1963 1712 2032 ἐργάσασθαι
1740 1965 1834 2019 καὶ

142 2052 370 2123 φρίκηνο
405 2039 510 2105 κᾶν
536 2052 599 2104 τὸ
623 2052 962 2122 προφητικόν
985 2069 1071 2115 τις
1096 2053 1273 2104 ἐκεῖνο
1301 2054 1394 2105 ἐπὶ
1421 2052 1635 2117 τούτοις
1664 2053 1835 2123 φθέγ-

142 2157 311 2209 γηται
330 2138 446 2203 νῦν,
476 2141 559 2193 ὅτι
580 2138 835 2208 Ἐξέστη
864 2143 898 2193 ό
925 2140 1183 2207 οὐρανὸς
1196 2140 1294 2193 ἐπὶ
1318 2142 1530 2207 τούτῳ,
1545 2141 1644 2195 καί
1668 2143 1833 2212 ἔφρι-

146 2226 258 2290 ξεν
285 2226 324 2292 ἠ
353 2225 429 2296 τῆ
458 2226 557 2279 ἐπὶ
582 2226 797 2281 πλεῖον
823 2226 1080 2299 σφόδρα·
1119 2228 1236 2291 καὶ,
1266 2229 1349 2281 ὅτι
1374 2229 1709 2295 Ἔχστιισις
1733 2229 1834 2283 καί

143 2316 369 2385 φρικτά
421 2316 677 2386 ἐγενήθη
734 2317 835 2372 ἐπὶ
884 2316 994 2386 τῆς
1036 2314 1168 2388 γῆς,
1214 2318 1487 2390 εὐκαίρως
1538 2321 1717 2374 πάντα
1764 2320 1835 2374 τὰ

145 2402 378 2458 τοιαῦτα
406 2406 542 2475 ὲρεῖ.
569 2405 644 2458 Τὺ
681 2405 739 2459 δὲ
780 2405 989 2459 τούτων
1027 2405 1432 2478 χαλεπώτερον,
1468 2408 1550 2461 ὅτι
1579 2407 1639 2461 οὐ
1674 2406 1835 2479 μόνον

144 2490 420 2562 ἀλλότριοι
448 2507 622 2554 τινες,
653 2491 747 2545 καὶ
766 2492 922 2545 οὐδὲν
941 2494 1055 2555 τοῖς
1088 2492 1615 2563 συμϐουλευομένοις
1659 2512 1835 2567 προσ-

143 2578 377 2649 ήκοντες
402 2577 627 2632 τοιαῦτα
662 2578 1033 2647 ἀγανακτοῦσι
1075 2580 1171 2633 κςιιλ⁵
1204 2581 1670 2652 δυσχεραίνουσιν,
1698 2582 1835 2635 ἀλλά

145 2668 435 2733 συγγενεῖς
468 2667 562 2718 καὶ
600 2665 838 2737 πατέρες
871 2665 1073 2737 ἔμαθον
1095 2668 1236 2739 ὑπὲρ
1263 2668 1470 2721 τούτων
1495 2668 1831 2739 ὀργίζεσθαι.

144 2754 343 2807 Καίτοι
372 2770 439 2821 γε
468 2754 570 2807 οὐκ
601 2753 783 2823 ἀγνοῶ
810 2755 893 2808 ὃτι
918 2755 1106 2809 πολλοὶ
1139 2756 1277 2827 πρὸς
1314 2757 1412 2828 μὲν
1438 2758 1562 2820 τοὺς
1592 2756 1834 2826 πατέρας

143 2840 308 2894 τοῦτο
334 2841 624 2905 ποιοῦντας
655 2842 716 2894 οὐ
748 2842 965 2913 σφόδρα¹
992 2842 1405 2915 ἐκπλήττονται⁹
1430 2842 1834 2912 ἀποπνίγεσθαι

142 2930 207 2983 δέ
238 2947 372 3000 φασι
410 2929 489 2999 τῷ
510 2928 700 3000 θυμῷ,
741 2930 873 2983 ὅταν
897 2929 1048 2983 ῖδωσι
1068 2932 1197 2995 τοὺς
1230 2933 1369 3002 μήτε
1398 2932 1664 3002 πατέρας,
1697 2931 1833 3001 μήτε

143 3017 355 3086 φίλους,
390 3017 530 3088 μήτε
552 3018 856 3085 συγγενεῖς,
879 3019 1018 3089 μήτε
1037 3018 1259 3072 ἄλλοθέν
1282 3019 1446 3072 ποθεν
1468 3018 1832 3087 ἐπιτηδείους,

143 3102 412 3166 πολλάκις
447 3103 504 3156 δέ
543 3103 639 3156 καὶ
676 3103 927 3172 ἀγνῶτας
959 3103 1120 3168 ὄντας
1158 3108 1273 3169 τοῖς
1311 3106 1620 3176 φιλοσοφεῖν
1647 3109 1836 3177 αἱρου-

149 3190 339 3262 μένοις
360 3189 424 3243 τὸ
451 3189 583 3243 αὐτὸ
604 3189 764 3244 τοῦτο
794 3190 1128 3261 πάσχοντας,
1167 3192 1263 3246 καὶ
1294 3191 1492 3263 μᾶλλον
1519 3192 1630 3248 τῶν
1661 3193 1834 3247 πατέ-

152 3287 269 3343 ρων
295 3275 680 3347 δακνομένους,
712 3276 808 3328 καὶ
836 3275 1232 3347 πολεμοῦντας,
1265 3279 1360 3332 καὶ
1396 3279 1837 3351 κατηγοροῦντας

144 3361 260 3420 τῶν
295 3365 709 3420 ἀναπεισάντων
761 3363 983 3428 αὐτούς.
1032 3364 1191 3436 Ἐμοὶ
1235 3366 1293 3419 δὲ
1333 3368 1647 3421 τούναντίον
1696 3364 1837 3422 εἶναι

143 3454 299 3506 δοκεῖ
322 3451 636 3523 θαυμαστόν
655 3463 706 3503 ι.
731 3452 871 3515 Τοὺς
904 3452 1003 3523 μὲν
1021 3453 1132 3524 γὰρ
1155 3454 1293 3525 μήτε
1319 3454 1669 3526 κηδεμονίας,
1699 3456 1836 3528 μήτε

146 3540 335 3609 φιλίας
358 3538 581 3610 ἔχοντάς
604 3557 656 3592 τι
677 3539 974 3611 δικαίωμα,
998 3539 1152 3593 οὐδὲν
1171 3541 1403 3605 ἀπεικός
1430 3544 1579 3595 ἐστιν
1608 3543 1701 3595 ἐπὶ
1724 3545 1838 3606 τοῖς

146 3628 452 3701 ἀλλοτρίοις
481 3626 668 3695 ἀλγεῖν
710 3625 968 3695 ἀγαθοῖς,
1000 3626 1077 3698 πὴ
1120 3626 1219 3700 μὲν
1249 3626 1355 3681 ὑπὸ
1391 3627 1691 3699 βασκανίας
1723 3630 1839 3685 ἀλι-

149 3717 490 3787 σκομένους,
537 3714 615 3786 πὴ
648 3714 705 3768 δὲ
736 3716 837 3786 τῆς
890 3715 1097 3779 οίκείας
1131 3715 1333 3779 κακίας
1380 3716 1481 3787 τὴν
1518 3718 1627 3770 τῶν
1658 3716 1837 3770 ἄλλων

152 3803 436 3858 ἀπώλειαν
459 3802 753 3873 εὐτυχίανιι
769 3800 1262 3870 εἷναινομίζοντας,
1276 3802 1478 3867 ἀθλίως
1505 3805 1603 3876 μέν
1625 3804 1721 3858 καὶ
1740 3822 1839 3859 τα-

150 3887 481 3963 λαιπώρως,
512 3892 839 3962 νομίζοντας
865 3893 911 3946 δ’
939 3888 1033 3949 οῦν
1062 3894 1235 3964 ὅμως·
1286 3894 1349 3947 τὸ
1392 3894 1449 3948 δὲ
1481 3897 1608 3959 τοὺς
1639 3913 1837 3968 γεννη-

152 3979 447 4050 σαμένους,
491 3978 619 4041 τοὺς
666 3978 1186 4051 ἀναθρεψαμένους,
1235 3982 1364 4046 τοὺς
1427 3982 1550 4036 καθ’
1598 3985 1839 4054 ἑκάστην

150 4065 484 4135 εὐχομένους
530 4066 746 4139 ἡμέραν
783 4066 1253 4139 εὐδοκιμωτέρους
1303 4068 1455 4137 σφῶν
1494 4069 1675 4123 αὐτῶν
1708 4071 1837 4135 τοὺς

153 4153 357 4229 παῖδας
393 4152 545 4216 ίδεῖν,
599 4156 727 4217 τοὺς
758 4154 936 4209 πάντα
968 4154 1058 4208 διὰ
1088 4154 1249 4213 τοῦτο
1290 4156 1386 4210 καὶ
1418 4158 1710 4219 ποιοῦντας
1743 4158 1839 4211 καὶ

151 4240 465 4309 πάσχοντας
483 4259 498 4272 ο
534 4240 759 4304 τούτους
786 4242 842 4295 δὲ
892 4242 1085 4314 ὥσπερ
1118 4243 1183 4297 ἐκ
1208 4261 1354 4307 τινος
1380 4245 1552 4316 μέθης
1578 4245 1838 4317 ἐξαίφνης

158 4326 669 4398 μεταϐαλλομένους
691 4328 899 4398 ἀλγεῖν,
918 4332 1011 4384 ἐπὶ
1036 4331 1328 4403 φιλοσοφίᾳ
1354 4332 1463 4387 τῶν
1479 4333 1685 4387 παίδων
1710 4335 1838 4402 ἀγο-

158 4415 340 4486 μένων
378 4417 585 4480 αὐτοῖς’
616 4417 776 4472 τοῦτό
806 4421 954 4473 ἐστιν
985 4420 1014 4473 ὃ
1051 4421 1288 4492 μάλιστα
1317 4424 1536 4477 πάντων
1568 4422 1677 4493 ἐγὼ
1710 4425 1839 4477 θαυ·

158 4501 340 4573 μάξω,
373 4505 469 4557 καὶ
505 4504 601 4558 τοῦ
634 4505 810 4559 πάντα
838 4507 1162 4582 διεφθάρθαι
1190 4512 1489 4583 τεκμήριον
1521 4508 1661 4565 εἷναί
1696 4530 1837 4584 φημι

156 4591 365 4645 ἱκανόν.
396 4590 570 4646 Τοῦτο
599 4593 709 4664 γὰρ
738 4595 847 4647 οὐδ’
877 4596 970 4649 ἐπὶ
1009 4595 1119 4649 τῶν
1145 4596 1457 4669 ἔμπροσθεν
1486 4599 1695 4671 χρόνων
1725 4600 1839 4671 ἔχοι

154 4695 244 4743 τις
274 4679 343 4733 ἂν
378 4682 746 4751 γεγενημένον
784 4684 978 4749 εἰπεῖν,
1017 4685 1105 4737 ὅτε
1138 4686 1231 4738 καὶ
1255 4686 1357 4756 τῆς
1380 4686 1589 4751 πλάνης
1616 4688 1839 4759 ἐκράτει

156 4767 452 4839 λαμπρῶς·
501 4768 617 4823 ἀλλ’
663 4770 881 4838 ἐγένετο
926 4773 1028 4842 μὲν
1069 4772 1217 4839 ἅπαξ
1254 4775 1312 4827 ἐν
1357 4775 1621 4847 Ἑλληνίδι
1659 4776 1835 4842 πόλει,

156 4857 565 4928 τυραννουμένῃ
584 4858 661 4911 δέ.
679 4858 814 4912 Οὐδὲ
836 4859 946 4931 γάρ
964 4861 1028 4931 δὴ
1044 4862 1165 4915 τότε
1196 4863 1306 4917 τῶν
1332 4866 1535 4933 γονέων
1556 4884 1642 4930 τις
1670 4866 1840 4920 καθά-

158 4960 268 5014 περ
329 4940 447 5007 νῦν,
479 4946 595 4998 ἀλλ’
625 4949 673 4999 οί
714 4948 813 5019 τὴν
841 4950 1139 5021 ἀκρόπολιν
1184 4953 1604 5020 καταλαϐόντες,
1639 4956 1839 5026 μᾶλλον

158 5032 216 5084 δὲ
245 5033 369 5087 οὐδὲ
400 5028 546 5087 οὗτοι
573 5036 795 5100 πάντες,
824 5037 963 5092 ἀλλά
999 5040 1094 5093 καὶ
1131 5040 1337 5095 τούτων
1363 5043 1545 5095 αὐτῶν
1572 5046 1600 5097 ὁ
1625 5041 1837 5114 μιαρώ-

156 5136 322 5184 τατος
350 5120 443 5174 τδν
474 5121 772 5193 Σωκράτην
802 5124 1061 5187 καλέσας,
1097 5127 1317 5181 ἐκέλευε
1338 5128 1447 5181 τῶν
1469 5130 1612 5201 ὑπὲρ
1633 5131 1839 5198 φιλοσο-

160 5205 291 5275 φίας
330 5207 638 5279 ἀποστῆναι
671 5210 866 5278 λόγων.
900 5213 1043 5266 Ἀλλ’
1077 5215 1284 5279 ἐκεῖνος
1315 5217 1416 5285 μὲν
1448 5218 1544 5272 καὶ
1576 5217 1837 5289 τύραννος

160 5295 255 5347 καὶ
286 5293 517 5358 ἄπιστος
549 5296 644 5349 καὶ
683 5296 833 5368 ὠμδς
861 5301 959 5353 καὶ
983 5301 1073 5354 ἐπ’
1112 5302 1393 5375 ἀνατροπῇ
1427 5305 1526 5375 τῆς
1558 5305 1838 5371 πολιτείας

160 5380 379 5434 ἅπαντα
411 5384 690 5452 πράττων,
717 5385 811 5438 καὶ
846 5388 960 5450 τοῖς
983 5387 1287 5460 ἀλλοτρίοις
1319 5392 1598 5462 ἐντρυφῶν
1622 5396 1834 5459 κακοῖς,

161 5467 253 5521 καὶ
279 5466 436 5532 εἰδὼς
457 5469 539 5523 ὅτι
567 5471 847 5525 πολιτείαν
868 5475 1103 5544 ἀρίστην
1129 5476 1285 5530 οὐδὲν
1315 5478 1506 5549 ἕτερον
1534 5481 1836 5552 ἀνατρέψαι

157 5553 421 5638 δύναται,
452 5553 529 5618 ῶς
564 5555 628 5608 τὸ
670 5557 916 5612 τοιοῦτον
961 5562 1265 5633 ἐπίταγμα,
1302 5564 1478 5619 ταῦτα
1509 5568 1828 5638 ἐτόλμησεν·

160 5632 308 5695 οὗτοι
334 5641 393 5695 δὲ
417 5644 620 5708 πιστοὶ,
652 5646 747 5697 καὶ
766 5648 826 5700 ἐν
853 5632 1277 5720 εὐνομουμέναις
1300 5651 1462 5722 δῆθεν
1492 5632 1680 5708 πόλεσι
1701 5632 1837 5720 ἰζῶν-

159 5746 272 5793 τες,
316 5731 413 5783 καὶ
444 5731 576 5801 περὶ
621 5732 829 5786 παίδων
859 5734 969 5787 τῶν
1006 5736 1186 5789 αὐτῶν
1220 5736 1618 5810 βουλευόμενοι.
1656 5744 1834 5798 ταῦτα

161 5814 496 5885 φθέγγεσθαι
518 5817 812 5887 τολμῶσιν,
838 5818 875 5873 ἀ
908 5822 1037 5892 περὶ
1064 5822 1171 5875 τῶν
1195 5828 1646 5897 τυραννουμένων
1680 5831 1708 5883 ὁ
1739 5831 1835 5884 τύ-

222 5985 566 6070 ξξίρᾴξεχᾷθξ
575 5991 681 6070 ρμο
702 6005 817 6070 ius;
841 5992 906 6070 ᾼὶῑ
928 5995 1046 6046 Mor.
1069 5998 1336 6049 τούναντίον
1360 6002 1459 6052 ἐστὶ
1486 6006 1623 6070 θαυμ.

221 6046 253 6091 δ
274 6050 511 6114 Εὐπχίαν
535 6052 680 6103 deos!
703 6051 752 6103 in
774 6054 966 6108 duobus
985 6071 1101 6109 mss.

1940 1981 2149 2036 ραννος,
2175 1965 2269 2018 καὶ
2296 1966 2396 2019 οὐκ
2418 1966 2782 2035 αἰσχύνονται·
2807 1966 2949 2020 ὥστε
2973 1968 3115 2039 ὑπὲρ
3137 1968 3341 2023 τούτων
3365 1970 3570 2041 μᾶλλον
3589 1984 3612 2013 ο

1933 2053 2419 2125 δυσχεραινόντων,
2454 2054 2487 2124 ἣ
2519 2056 2627 2107 τῶν
2660 2054 2835 2109 ἀλλων
2880 2054 3182 2126 θαυμάζειν
3215 2058 3344 2129 χρή.
3387 2061 3499 2114 Καὶ¹
3528 2061 3617 2115 διὰ

1932 2141 2093 2195 τοῦτο
2119 2142 2215 2196 καὶ
2247 2142 2412 2205 αὐτὸς
2437 2141 2663 2196 ἐκείνων
2701 2145 2994 2214 ἀφέμενος,
3026 2144 3238 2207 τούτοις
3270 2143 3352 2208 οἷς
3383 2147 3616 2217 μάλιστα

1937 2228 2090 2299 μέλει
2118 2229 2227 2283 τῶν
2254 2229 2483 2292 παίδων,
2530 2230 2731 2301 μᾶλλον
2758 2230 2814 2283 δὲ
2850 2224 2932 2294 οἷς
2962 2232 3146 2301 μέλειν
3179 2233 3275 2304 μὲν
3302 2233 3432 2303 ἔδει,
3466 2234 3619 2306 μέλει

1931 2314 1989 2368 δὲ
2031 2314 2308 2386 οὐδαμῶς,
2345 2315 2663 2385 διαλέξομαι
2705 2317 2999 2389 προσηνῶς
3024 2320 3120 2371 καὶ
3169 2321 3285 2389 μετ’
3315 2322 3619 2386 ἐπιεικείας

1933 2401 2155 2472 πολλῆς,
2180 2401 2295 2475 [58]
2317 2401 2572 2457 τοσοῦτον
2599 2404 2799 2467 αὐτοὺς
2816 2406 3298 2477 παραιτησάμενος
3322 2408 3398 2479 μὴ
3427 2408 3621 2479 δυσχε-

1937 2490 2162 2561 ραίνειν,
2195 2490 2332 2561 μηδέ
2349 2491 2697 2559 ἀγανακτεῖν,
2713 2492 2765 2544 ετ
2779 2508 2864 2554 τις
2882 2491 2945 2544 τὸ
2970 2491 3246 2557 λυσιτελὲς
3263 2495 3376 2558 τοῖς
3396 2494 3623 2548 ἐκείνων

1933 2579 2090 2631 παισὶ
2114 2578 2317 2649 μᾶλλον
2343 2578 2526 2633 αὐτῶν
2555 2578 2786 2632 ἐκείνων
2812 2578 3013 2633 εἰδέναι
3040 2579 3254 2648 λέγοιά.
3283 2582 3357 2634 Οὐ
3391 2582 3500 2654 γὰρ
3522 2583 3623 2653 ἀρ-

1934 2667 2023 2717 κεῖ
2051 2665 2113 2718 τὸ
2155 2666 2379 2734 σπεῖραι
2422 2664 2589 2718 παῖδα
2628 2664 2767 2734 πρὸς
2806 2665 2868 2717 τὸ
2919 2667 3197 2737 συμφέρον
3235 2679 3259 2707 θ
3292 2668 3388 2722 τὸν
3427 2685 3623 2738 γεννη-

1932 2751 2097 2807 θέντα
2122 2752 2328 2819 διδάξαι
2354 2751 2444 2805 τὸν
2460 2752 2879 2823 γεννησάμενον,
2900 2752 3035 2807 ἀλλά
3063 2754 3201 2825 πρὸς
3232 2754 3331 2825 μὲν
3346 2754 3445 2824 τὴν
3468 2755 3623 2824 φιλο-

1935 2840 2195 2911 στοργίαν
2258 2837 2352 2892 τοῦ
2395 2838 2681 2910 τεχθέντος
2749 2838 2963 2910 μεγάλα
2991 2840 3057 2895 ἂν
3083 2840 3244 2895 τοῦτο
3272 2842 3623 2913 συμϐάλοιτιλ

1935 2927 2070 2998 πρὸς
2100 2927 2157 2980 δὲ
2192 2926 2254 2979 τὸ
2286 2925 2483 2998 μαθεῖν
2514 2926 2681 2979 αὐτοῦ
2712 2925 2774 2979 τὸ
2806 2927 3084 2992 λυσιτελὲς
3110 2928 3378 3001 ἀκριϐῶς,
3405 2928 3529 2982 οὔτε
3562 2931 3627 2983 τὸ

1936 3013 2183 3084 σπείρειν
2212 3012 2339 3066 οὐτε
2364 3014 2425 3066 τὺ
2454 3013 2631 3081 φιλεῖν
2664 3013 2951 3085 ἀρκέσειεν
2971 3014 3058 3070 ἀν.
3096 3014 3251 3069 Ἐπεὶ
3274 3019 3322 3069 εί
3356 3016 3514 3070 τοῦτο
3534 3013 3624 3089 ἦν,

1935 3100 2125 3154 οὐδένα
2148 3099 2246 3153 ἀνθ
2258 3094 2455 3172 ρώπων
2472 3099 2679 3171 πατρὸς
2706 3100 2909 3170 μᾶλλον
2928 3101 2989 3154 τὸ
3003 3102 3274 3173 χρήσιμον
3299 3103 3469 3173 ἐχρῆν
3492 3106 3627 3177 ὁρᾷν

1934 3185 2015 3258 τῷ
2044 3186 2228 3251 παιδὶ,
2264 3186 2453 3259 ἐπειδὴ
2494 3188 2633 3259 μήτε
2665 3186 2841 3257 φιλεῖν
2873 3188 3075 3258 μᾶλλον
3115 3189 3281 3242 αὐτοῦ
3316 3189 3425 3243 τῶν
3452 3190 3628 3246 ἀλλων

1942 3273 2161 3330 δύναιτό
2202 3292 2288 3338 τις
2318 3274 2528 3328 τοῦτον·
2567 3274 2663 3329 νῦν
2699 3274 2758 3329 δὲ
2792 3274 2887 3329 καὶ
2918 3276 3074 3328 αὐτοὶ
3103 3277 3153 3329 οί
3182 3276 3419 3347 πατέρες
3455 3277 3522 3331 δι’
3552 3272 3629 3335 ὧν

1945 3360 2194 3415 ποιοῦσιν
2223 3360 2550 3433 ὁμολογοῦσι
2587 3360 2748 3415 τοῦτο
2782 3362 3018 3431 ἀγνοεῖν,
3052 3362 3179 3416 ὅταν
3208 3363 3346 3435 πρὸς
3375 3363 3629 3420 διδασκάσ

1943 3447 2067 3512 λους
2107 3448 2314 3518 ἄγωσιν
2354 3446 2401 3513 ί,
2443 3449 2571 3502 ὅταν
2627 3448 3002 3516 παιδαγωγοῖς
3038 3448 3449 3521 ἐγχειρίζωσιν,
3500 3451 3632 3506 ὃταν

1948 3534 2176 3608 μυρίους
2202 3534 2675 3608 παραλαμϐάνωσι
2697 3535 3036 3606 συμϐούλους
3056 3575 3072 3600 ,
3105 3536 3235 3607 περὶ
3259 3537 3357 3607 τῆς
3385 3536 3479 3590 τοῦ
3513 3538 3630 3608 βίου

1944 3624 2347 3696 προαιρέσεως,
2376 3626 2461 3695 ἐφ’
2490 3626 2558 3696 ἢν
2581 3624 2674 3678 τὸν
2703 3624 2866 3678 παῖδα
2896 3625 3054 3693 ἄγειν
3092 3625 3193 3690 δεῖ,
3225 3625 3627 3696 βουλευόμενοι.

1943 3712 2055 3765 Καὶ
2086 3711 2146 3763 οὐ
2182 3710 2339 3764 τοῦτό
2378 3729 2465 3765 πω
2502 3710 2835 3782 θαυμαστὸν,
2867 3711 2983 3764 ἀλλ’
3009 3713 3091 3765 ὅτι
3123 3712 3389 3778 πολλάκις
3433 3714 3630 3785 βουλῆς

1943 3799 2257 3869 γινομένης,
2283 3797 2383 3870 τὴν
2410 3797 2591 3852 αὐτῶν
2615 3795 3025 3870 ἀκυρώσαντες,
3046 3798 3146 3870 τὴν
3172 3799 3375 3872 ἐτέρων
3396 3800 3632 3871 ἔστησαν

1945 3886 2088 3958 ὑπὲρ
2112 3886 2220 3940 τῶν
2251 3886 2468 3941 οἰκείων
2499 3885 2878 3957 βουλευόμενοι
2901 3886 3128 3940 παίδων.
3159 3887 3251 3959 Μὴ
3276 3889 3457 3942 τοίνυν
3497 3890 3632 3963 μηδέ

1947 3976 2083 4046 πρὸς
2110 3976 2260 4045 ἡμᾶς
2282 3974 2561 4047 δυσχερῶς
2589 3974 2885 4047 ἐχέτωσαν,
2919 3975 2968 4027 εί
2991 3974 3245 4045 λέγοιμεν
3267 3977 3328 4029 τὸ
3351 3977 3631 4050 συμφέρον

1943 4063 2129 4127 αὐτοῖς
2160 4062 2360 4117 εἰδέναι
2392 4062 2613 4133 μᾶλλον·
2643 4061 2760 4115 ἀλλ’
2784 4064 2832 4114 εί
2863 4062 2939 4134 μὴ
2970 4061 3060 4115 διά
3090 4062 3201 4116 τῶν
3223 4062 3397 4132 λόγων
3417 4065 3631 4119 ἀποδεί-

1945 4148 2159 4219 ξαιμεν,
2195 4150 2317 4203 τότε
2347 4152 2675 4222 κατηγορεῖν
2702 4151 2748 4214 ε,
2778 4149 2901 4203 τότε
2927 4149 3235 4205 διαϐάλλειν
3261 4152 3338 4216 ὠς
3365 4153 3631 4218 ἀλαζόνας

1946 4240 2107 4303 ὂντας
2144 4241 2239 4294 καὶ
2285 4240 2568 4311 λυμεῶνας
2601 4239 2695 4294 καὶ
2726 4240 2827 4310 τῆς
2858 4239 3074 4308 φύσεως
3115 4241 3337 4313 ἀπάσης
3375 4242 3628 4314 ἐχθρούς.

2019 4328 2088 4399 β’.
2111 4328 2235 4391 Πῶς
2252 4323 2344 4382 οῦν
2358 4315 2516 4382 τοῦτο
2528 4327 2677 4382 ἔσται
2689 4328 2849 4399 δῆλον
2870 4329 2964 4382 καὶ
2981 4327 3145 4382 πόθεν
3163 4329 3421 4401 εἰσόμεθα
3431 4330 3514 4395 τίς
3533 4333 3630 4403 μὲν

1944 4418 1972 4470 ό
1989 4417 2050 4471 τὸ
2074 4416 2352 4488 συμφέρον
2373 4416 2542 4480 ὅντως
2567 4416 2730 4490 ὀρῶν,
2753 4416 2837 4480 τίς
2865 4417 2921 4470 δὲ
2946 4419 2974 4470 ό
2997 4416 3169 4472 δοκῶν
3196 4418 3295 4487 μὲν
3315 4421 3470 4492 όρᾷν,
3487 4421 3631 4490 ὀρῶν

1945 4502 2001 4556 δὲ
2035 4502 2321 4574 οὐδαμῶς;
2357 4504 2454 4557 Ἂν
2480 4503 2608 4566 τοὺς
2640 4504 2771 4575 παρ’
2797 4503 2933 4575 ἐμοῦ
2962 4503 3155 4574 λόγους
3185 4505 3437 4579 καθάπερ
3478 4510 3629 4573 τινάς

1947 4592 2357 4661 ἀνταγωνιστάς
2398 4592 2479 4655 εἰς
2529 4591 2779 4656 ἐξέτασιν
2824 4592 3069 4646 κατιέναι
3113 4597 3630 4664 καταναγκάσαντες

1948 4679 2042 4732 καὶ
2073 4678 2481 4750 συμπλακῆναι,
2514 4680 2642 4751 περὶ
2673 4678 2882 4733 τούτων
2908 4680 3233 4745 ἀδεκάστοις
3264 4687 3478 4753 κριταῖς
3508 4687 3629 4739 ἐπι-

1943 4766 2237 4838 τρέψωμεν
2273 4768 2374 4837 τὴν
2416 4764 2680 4831 ἐξέτασιν.
2720 4767 2778 4820 '0
2820 4767 2920 4838 μὲν
2951 4763 3047 4821 οῦν
3081 4768 3179 4822 τοῦ
3217 4769 3431 4838 ἀγῶνος
3463 4772 3627 4844 νόμος

1946 4854 2084 4926 πρὸς
2111 4854 2198 4908 τὸν
2226 4855 2549 4927 Χριστιανὸν
2576 4854 2907 4909 ἀποδύεσθαι
2939 4856 3174 4918 κελεύει,
3202 4858 3297 4910 καλ⁵
3320 4859 3457 4930 πρὸς
3481 4862 3626 4915 ἐκεῖ·

1947 4958 2035 4995 νον
2062 4940 2427 5010 ἀγωνίζεσθαι
2459 4943 2616 5014 μόνον
2639 4941 2690 5006 1³,
2723 4943 2818 4996 καὶ
2847 4943 3030 4996 πλεῖον
3062 4944 3215 4998 οὐδὲν
3244 4946 3468 4999 ἀπαιτεῖ
3494 4950 3625 5018 παρ’

1945 5029 2123 5099 ἡμῶν.
2173 5029 2236 5082 Τί
2263 5028 2375 5099 γάρ
2401 5047 2501 5098 μοι
2530 5030 2630 5083 καὶ
2671 5030 2814 5096 τοὺς
2842 5029 2959 5095 ἔξω
2997 5032 3263 5099 κρίνειν;
3294 5032 3323 5084 ό
3356 5034 3627 5105 μακάριος

1945 5116 2158 5180 Παῦλός
2184 5134 2370 5187 φησιν.
2392 5118 2533 5170 Ἀλλ’
2558 5117 2747 5188 ἐπειδὴ
2780 5118 3073 5189 συμϐαίνει
3105 5120 3335 5185 πολλοὺς
3371 5123 3465 5175 καὶ
3498 5123 3626 5176 ἀπί-

1946 5220 2105 5268 στους
2125 5202 2264 5258 εἶναι
2286 5204 2396 5258 τῶν
2420 5204 2557 5277 πρὸς
2582 5206 2673 5259 τὸν
2697 5206 2928 5277 οὐρανὸν
2955 5205 3266 5277 ἑλκομένων
3292 5208 3499 5263 παίδων
3522 5227 3625 5265 πα-

1942 5291 2141 5361 τέρας·
2172 5292 2351 5344 καίτοι
2383 5307 2449 5360 γε
2481 5291 2574 5345 τοῦ
2607 5292 2776 5362 νόμου
2805 5291 2915 5345 τῶν
2954 5293 3182 5361 ἀγώνων
3207 5295 3457 5363 ἀφιέντος
3476 5299 3625 5367 ἡμᾶς

1941 5376 2044 5446 τῆς
2071 5378 2211 5450 πρὸς
2241 5376 2468 5442 τούτους
2505 5378 2686 5450 μάχης
2708 5420 2721 5442 ,
2752 5380 2970 5443 ἑκόντες
2999 5376 3155 5434 αὐτοὶ⁵
3193 5384 3290 5436 καὶ¹
3321 5384 3459 5454 μετά
3488 5402 3625 5455 προ-

1943 5465 2146 5538 θυμίας
2168 5466 2262 5521 καὶ
2282 5467 2421 5539 πρὸς
2441 5466 2666 5531 τούτους
2687 5467 3070 5539 ἀποδυσόμεθα
3084 5469 3355 5540 πρώτους.
3380 5472 3492 5527 Καὶ
3511 5472 3623 5526 εἴθε

2008 5642 2031 5706 ε
2056 5640 2138 5706 δίο
2160 5654 2336 5691 omnes
2355 5647 2538 5704 praeter
2561 5641 2682 5706 Μοῖ·
2708 5644 2794 5703 qui
2817 5642 2969 5706 habﬁ‘
2994 5644 3220 5706 μάλιστα·
3279 5705 3282 5706 ν
3328 5670 3329 5673 ‘

1981 5701 2033 5778 ἐἰ
2055 5701 2148 5778 Sig
2161 5701 2469 5754 cormximus
2493 5717 2523 5753 e
2548 5701 2743 5754 duobus
2760 5718 2876 5755 mss.
2900 5701 3020 5755 Mai.
3051 5711 3106 5754 el
3128 5705 3296 5756 Monlf.
3318 5707 3431 5771 λέγῃ
3448 5744 3462 5768 ,
3506 5706 3623 5757 Sav.

1941 5764 2347 5902 λῗῖεέἱέἳῖίηιὶ
2381 5826 2494 5877 Sav.
2518 5828 2689 5905 παῖδα,
2709 5828 2794 5905 καὶ
2812 5827 2868 5875 τὸ
2886 5828 3145 5900 συμφέρον,
3159 5833 3255 5905 ριρ.
3284 5830 3394 5880 Duo
3413 5830 3625 5881 manu

1939 5890 1995 5934 τὸ
2024 5890 2265 5951 συμφέρον
2285 5890 2358 5950 τῷ
2380 5890 2639 5950 γεννηθέντι
2664 5890 2845 5944 διδάξαι
2864 5890 2946 5938 τὸν
2966 5892 3333 5953 φυτευοάμενον.

2010 5947 2033 6011 ί
2058 5947 2171 6011 Duo
2192 5963 2307 5997 mss.
2336 5951 2574 6011 ἀγάγωσι.

2010 6010 2035 6070 β
2061 6010 2245 6070 ςιιρρισι
2272 6010 2358 6059 δεῖ.
2384 6010 2525 6061 Eorr.

2007 6067 2032 6109 κ
2059 6067 2144 6123 Sic‘
2169 6067 2280 6123 Sav.
2306 6079 2356 6124 cl
2382 6074 2480 6125 duo
2500 6088 2614 6125 mss.
2642 6076 2707 6127 At
2730 6075 2848 6127 Mor.
2869 6076 3175 6139 ἀγωνίζεσθαι
3199 6076 3395 6141 μᾶλλον.
