  <div class='ocr_page' id='page_1' title='image "/cluster/home/n/w/nwhite01/storage/ocr_20150623/47/pst.000005712441/294.png"; bbox 0 0 4276 6316; ppageno 0'>
   <div class='ocr_carea' id='block_1_1' title="bbox 182 480 392 570">
    <p class='ocr_par' dir='ltr' id='par_1_1' title="bbox 182 480 392 570">
     <span class='ocr_line' id='line_1_1' title="bbox 182 480 392 570; baseline -0.01 1"><span class='ocrx_word' id='word_1_1' title='bbox 182 480 185 481; x_wconf 21' lang='grc' dir='ltr'>ί</span> <span class='ocrx_word' id='word_1_2' title='bbox 279 514 392 570; x_wconf 72' lang='lat'><strong>533</strong></span> 
     </span>
    </p>
   </div>
   <div class='ocr_carea' id='block_1_2' title="bbox 280 599 1884 689">
    <p class='ocr_par' dir='ltr' id='par_1_2' title="bbox 280 599 1884 689">
     <span class='ocr_line' id='line_1_2' title="bbox 280 599 1884 689; baseline -0.015 -10"><span class='ocrx_word' id='word_1_3' title='bbox 280 624 424 680; x_wconf 84' lang='lat' dir='ltr'><strong>libus</strong></span> <span class='ocrx_word' id='word_1_4' title='bbox 462 617 700 689; x_wconf 76' lang='lat' dir='ltr'><strong>patribus</strong></span> <span class='ocrx_word' id='word_1_5' title='bbox 726 620 881 669; x_wconf 89' lang='lat' dir='ltr'><strong>natos</strong></span> <span class='ocrx_word' id='word_1_6' title='bbox 908 623 1028 666; x_wconf 84' lang='lat' dir='ltr'><strong>esse</strong></span> <span class='ocrx_word' id='word_1_7' title='bbox 1048 648 1062 673; x_wconf 92' lang='lat'><strong>,</strong></span> <span class='ocrx_word' id='word_1_8' title='bbox 1092 604 1302 663; x_wconf 87' lang='lat' dir='ltr'><strong>etiamsi</strong></span> <span class='ocrx_word' id='word_1_9' title='bbox 1332 604 1422 658; x_wconf 85' lang='lat' dir='ltr'><strong>lex</strong></span> <span class='ocrx_word' id='word_1_10' title='bbox 1449 599 1759 657; x_wconf 74' lang='lat' dir='ltr'><strong>certaminis</strong></span> <span class='ocrx_word' id='word_1_11' title='bbox 1785 612 1884 655; x_wconf 78' lang='lat' dir='ltr'><strong>nos</strong></span> 
     </span>
    </p>
   </div>
   <div class='ocr_carea' id='block_1_3' title="bbox 281 693 1888 783">
    <p class='ocr_par' dir='ltr' id='par_1_3' title="bbox 281 693 1888 783">
     <span class='ocr_line' id='line_1_3' title="bbox 281 693 1888 783; baseline -0.016 -15"><span class='ocrx_word' id='word_1_12' title='bbox 281 728 315 769; x_wconf 87' lang='lat' dir='ltr'><strong>a</strong></span> <span class='ocrx_word' id='word_1_13' title='bbox 339 724 517 783; x_wconf 89' lang='lat' dir='ltr'><strong>pugna</strong></span> <span class='ocrx_word' id='word_1_14' title='bbox 548 721 672 763; x_wconf 90' lang='lat' dir='ltr'><strong>cum</strong></span> <span class='ocrx_word' id='word_1_15' title='bbox 702 703 787 759; x_wconf 86' lang='lat' dir='ltr'><strong>his</strong></span> <span class='ocrx_word' id='word_1_16' title='bbox 807 699 1041 757; x_wconf 90' lang='lat' dir='ltr'><strong>ineunda</strong></span> <span class='ocrx_word' id='word_1_17' title='bbox 1072 698 1271 752; x_wconf 91' lang='lat' dir='ltr'><strong>libero’s</strong></span> <span class='ocrx_word' id='word_1_18' title='bbox 1300 693 1465 759; x_wconf 90' lang='lat' dir='ltr'><strong>sinat,</strong></span> <span class='ocrx_word' id='word_1_19' title='bbox 1494 698 1687 762; x_wconf 89' lang='lat' dir='ltr'><strong>sponte</strong></span> <span class='ocrx_word' id='word_1_20' title='bbox 1710 698 1888 743; x_wconf 77' lang='lat' dir='ltr'><strong>tamet.</strong></span> 
     </span>
    </p>
   </div>
   <div class='ocr_carea' id='block_1_4' title="bbox 280 777 1890 875">
    <p class='ocr_par' dir='ltr' id='par_1_4' title="bbox 280 777 1890 875">
     <span class='ocr_line' id='line_1_4' title="bbox 280 777 1890 875; baseline -0.017 -16"><span class='ocrx_word' id='word_1_21' title='bbox 280 777 387 875; x_wconf 69' lang='lat' dir='ltr'><strong>ipsi</strong></span> <span class='ocrx_word' id='word_1_22' title='bbox 413 777 468 858; x_wconf 77' lang='lat' dir='ltr'><strong>et</strong></span> <span class='ocrx_word' id='word_1_23' title='bbox 493 799 744 855; x_wconf 81' lang='lat' dir='ltr'><strong>alacriter</strong></span> <span class='ocrx_word' id='word_1_24' title='bbox 773 795 907 850; x_wconf 89' lang='lat' dir='ltr'><strong>istos</strong></span> <span class='ocrx_word' id='word_1_25' title='bbox 947 791 1146 862; x_wconf 89' lang='lat' dir='ltr'><strong>primos</strong></span> <span class='ocrx_word' id='word_1_26' title='bbox 1170 785 1531 858; x_wconf 77' lang='lat' dir='ltr'><strong>aggredimur.</strong></span> <span class='ocrx_word' id='word_1_27' title='bbox 1563 783 1736 851; x_wconf 84' lang='lat' dir='ltr'><strong>Atque</strong></span> <span class='ocrx_word' id='word_1_28' title='bbox 1782 777 1890 833; x_wconf 55' lang='lat' dir='ltr'><strong>utia</strong></span> 
     </span>
    </p>
   </div>
   <div class='ocr_carea' id='block_1_5' title="bbox 280 883 1890 959">
    <p class='ocr_par' dir='ltr' id='par_1_5' title="bbox 280 883 1890 959">
     <span class='ocr_line' id='line_1_5' title="bbox 280 883 1890 959; baseline -0.015 -9"><span class='ocrx_word' id='word_1_29' title='bbox 280 911 407 950; x_wconf 88' lang='lat' dir='ltr'><strong>nam</strong></span> <span class='ocrx_word' id='word_1_30' title='bbox 430 893 689 959; x_wconf 82' lang='lat' dir='ltr'><strong>adversus</strong></span> <span class='ocrx_word' id='word_1_31' title='bbox 710 890 809 943; x_wconf 90' lang='lat' dir='ltr'><strong>hos</strong></span> <span class='ocrx_word' id='word_1_32' title='bbox 826 895 1029 941; x_wconf 87' lang='lat' dir='ltr'><strong>tantum</strong></span> <span class='ocrx_word' id='word_1_33' title='bbox 1052 883 1206 938; x_wconf 87' lang='lat' dir='ltr'><strong>nobis</strong></span> <span class='ocrx_word' id='word_1_34' title='bbox 1223 889 1497 935; x_wconf 82' lang='lat' dir='ltr'><strong>certamen</strong></span> <span class='ocrx_word' id='word_1_35' title='bbox 1516 884 1679 941; x_wconf 85' lang='lat' dir='ltr'><strong>esset,</strong></span> <span class='ocrx_word' id='word_1_36' title='bbox 1704 888 1890 945; x_wconf 88' lang='lat' dir='ltr'><strong>quam-</strong></span> 
     </span>
    </p>
   </div>
   <div class='ocr_carea' id='block_1_6' title="bbox 282 965 1888 1055">
    <p class='ocr_par' dir='ltr' id='par_1_6' title="bbox 282 965 1888 1055">
     <span class='ocr_line' id='line_1_6' title="bbox 282 965 1888 1055; baseline -0.014 -16"><span class='ocrx_word' id='word_1_37' title='bbox 282 1000 443 1055; x_wconf 83' lang='lat' dir='ltr'><strong>quam</strong></span> <span class='ocrx_word' id='word_1_38' title='bbox 472 982 575 1036; x_wconf 87' lang='lat' dir='ltr'><strong>hoc</strong></span> <span class='ocrx_word' id='word_1_39' title='bbox 603 979 873 1035; x_wconf 84' lang='lat' dir='ltr'><strong>difficilius</strong></span> <span class='ocrx_word' id='word_1_40' title='bbox 898 977 1020 1053; x_wconf 80' lang='lat' dir='ltr'><strong>sit,</strong></span> <span class='ocrx_word' id='word_1_41' title='bbox 1052 973 1411 1044; x_wconf 84' lang='lat' dir='ltr'><strong>plurimasque</strong></span> <span class='ocrx_word' id='word_1_42' title='bbox 1449 981 1612 1023; x_wconf 80' lang='lat' dir='ltr'><strong>ansas</strong></span> <span class='ocrx_word' id='word_1_43' title='bbox 1660 965 1888 1023; x_wconf 84' lang='lat' dir='ltr'><strong>habeat:</strong></span> 
     </span>
    </p>
   </div>
   <div class='ocr_carea' id='block_1_7' title="bbox 282 1050 1885 1135">
    <p class='ocr_par' dir='ltr' id='par_1_7' title="bbox 282 1050 1885 1135">
     <span class='ocr_line' id='line_1_7' title="bbox 282 1050 1885 1135; baseline -0.014 -6"><span class='ocrx_word' id='word_1_44' title='bbox 282 1050 537 1129; x_wconf 51' lang='lat' dir='ltr'><strong>Animalia</strong></span> <span class='ocrx_word' id='word_1_45' title='bbox 567 1071 706 1125; x_wconf 86' lang='lat' dir='ltr'><strong>enim</strong></span> <span class='ocrx_word' id='word_1_46' title='bbox 738 1050 899 1122; x_wconf 84' lang='lat' dir='ltr'><strong>homo</strong></span> <span class='ocrx_word' id='word_1_47' title='bbox 916 1083 1017 1119; x_wconf 87' lang='lat' dir='ltr'><strong>non</strong></span> <span class='ocrx_word' id='word_1_48' title='bbox 1040 1061 1251 1135; x_wconf 76' lang='lat' dir='ltr'><strong>percipit</strong></span> <span class='ocrx_word' id='word_1_49' title='bbox 1270 1077 1332 1114; x_wconf 86' lang='lat' dir='ltr'><strong>ea</strong></span> <span class='ocrx_word' id='word_1_50' title='bbox 1358 1074 1471 1130; x_wconf 75' lang='lat' dir='ltr'><strong>qua:</strong></span> <span class='ocrx_word' id='word_1_51' title='bbox 1493 1065 1607 1112; x_wconf 82' lang='lat' dir='ltr'><strong>sunt</strong></span> <span class='ocrx_word' id='word_1_52' title='bbox 1631 1054 1885 1125; x_wconf 76' lang='lat' dir='ltr'><strong>Spiritus;</strong></span> 
     </span>
    </p>
   </div>
   <div class='ocr_carea' id='block_1_8' title="bbox 281 1149 1893 1233">
    <p class='ocr_par' dir='ltr' id='par_1_8' title="bbox 281 1149 1893 1233">
     <span class='ocr_line' id='line_1_8' title="bbox 281 1149 1893 1233; baseline -0.014 -12"><span class='ocrx_word' id='word_1_53' title='bbox 281 1165 496 1221; x_wconf 72' lang='lat' dir='ltr'><strong>stultitia</strong></span> <span class='ocrx_word' id='word_1_54' title='bbox 538 1164 725 1233; x_wconf 79' lang='lat' dir='ltr'><strong>quippe</strong></span> <span class='ocrx_word' id='word_1_55' title='bbox 752 1170 822 1215; x_wconf 83' lang='lat' dir='ltr'><strong>est</strong></span> <span class='ocrx_word' id='word_1_56' title='bbox 850 1159 929 1212; x_wconf 87' lang='lat' dir='ltr'><strong>illi</strong></span> <span class='ocrx_word' id='word_1_57' title='bbox 954 1156 1044 1229; x_wconf 85' lang='lat' dir='ltr'><strong>(l.</strong></span> <span class='ocrx_word' id='word_1_58' title='bbox 1073 1154 1193 1209; x_wconf 90' lang='lat' dir='ltr'><strong>Cor.</strong></span> <span class='ocrx_word' id='word_1_59' title='bbox 1223 1153 1275 1207; x_wconf 78' lang='lat' dir='ltr'><strong>l.</strong></span> <span class='ocrx_word' id='word_1_60' title='bbox 1302 1153 1367 1209; x_wconf 65' lang='lat' dir='ltr'><strong>l4</strong></span> <span class='ocrx_word' id='word_1_61' title='bbox 1388 1150 1443 1221; x_wconf 88' lang='lat'><strong>):</strong></span> <span class='ocrx_word' id='word_1_62' title='bbox 1488 1149 1735 1218; x_wconf 84' lang='lat' dir='ltr'><strong>idemque</strong></span> <span class='ocrx_word' id='word_1_63' title='bbox 1764 1161 1893 1201; x_wconf 88' lang='lat' dir='ltr'><strong>con-</strong></span> 
     </span>
    </p>
   </div>
   <div class='ocr_carea' id='block_1_9' title="bbox 284 1239 1893 1327">
    <p class='ocr_par' dir='ltr' id='par_1_9' title="bbox 284 1239 1893 1327">
     <span class='ocr_line' id='line_1_9' title="bbox 284 1239 1893 1327; baseline -0.013 -15"><span class='ocrx_word' id='word_1_64' title='bbox 284 1256 443 1327; x_wconf 71' lang='lat' dir='ltr'><strong>tiu‘git</strong></span> <span class='ocrx_word' id='word_1_65' title='bbox 466 1270 528 1310; x_wconf 89' lang='lat' dir='ltr'><strong>ac</strong></span> <span class='ocrx_word' id='word_1_66' title='bbox 557 1255 602 1309; x_wconf 89' lang='lat' dir='ltr'><strong>si</strong></span> <span class='ocrx_word' id='word_1_67' title='bbox 632 1252 945 1323; x_wconf 79' lang='lat' dir='ltr'><strong>quisvellet</strong></span> <span class='ocrx_word' id='word_1_68' title='bbox 973 1248 1039 1302; x_wconf 90' lang='lat' dir='ltr'><strong>ad</strong></span> <span class='ocrx_word' id='word_1_69' title='bbox 1069 1259 1308 1301; x_wconf 89' lang='lat' dir='ltr'><strong>amorem</strong></span> <span class='ocrx_word' id='word_1_70' title='bbox 1348 1242 1507 1313; x_wconf 85' lang='lat' dir='ltr'><strong>regni</strong></span> <span class='ocrx_word' id='word_1_71' title='bbox 1534 1241 1773 1310; x_wconf 87' lang='lat' dir='ltr'><strong>aliquem</strong></span> <span class='ocrx_word' id='word_1_72' title='bbox 1807 1239 1893 1292; x_wconf 89' lang='lat' dir='ltr'><strong>in-</strong></span> 
     </span>
    </p>
   </div>
   <div class='ocr_carea' id='block_1_10' title="bbox 284 1331 1891 1416">
    <p class='ocr_par' dir='ltr' id='par_1_10' title="bbox 284 1331 1891 1416">
     <span class='ocr_line' id='line_1_10' title="bbox 284 1331 1891 1416; baseline -0.013 -12"><span class='ocrx_word' id='word_1_73' title='bbox 284 1349 521 1411; x_wconf 90' lang='lat' dir='ltr'><strong>ducere,</strong></span> <span class='ocrx_word' id='word_1_74' title='bbox 570 1345 658 1416; x_wconf 90' lang='lat' dir='ltr'><strong>qui</strong></span> <span class='ocrx_word' id='word_1_75' title='bbox 690 1342 928 1415; x_wconf 87' lang='lat' dir='ltr'><strong>nondum</strong></span> <span class='ocrx_word' id='word_1_76' title='bbox 971 1338 1217 1395; x_wconf 85' lang='lat' dir='ltr'><strong>crederet</strong></span> <span class='ocrx_word' id='word_1_77' title='bbox 1249 1350 1363 1391; x_wconf 85' lang='lat' dir='ltr'><strong>rem</strong></span> <span class='ocrx_word' id='word_1_78' title='bbox 1395 1331 1565 1403; x_wconf 74' lang='lat' dir='ltr'><strong>ipsam</strong></span> <span class='ocrx_word' id='word_1_79' title='bbox 1608 1332 1891 1411; x_wconf 78' lang='lat' dir='ltr'><strong>exsistere.</strong></span> 
     </span>
    </p>
   </div>
   <div class='ocr_carea' id='block_1_11' title="bbox 282 1419 1898 1499">
    <p class='ocr_par' dir='ltr' id='par_1_11' title="bbox 282 1419 1898 1499">
     <span class='ocr_line' id='line_1_11' title="bbox 282 1419 1898 1499; baseline -0.012 -3"><span class='ocrx_word' id='word_1_80' title='bbox 282 1441 537 1496; x_wconf 81' lang='lat' dir='ltr'><strong>Attamen</strong></span> <span class='ocrx_word' id='word_1_81' title='bbox 566 1419 729 1493; x_wconf 72' lang='lat' dir='ltr'><strong>rebus</strong></span> <span class='ocrx_word' id='word_1_82' title='bbox 754 1434 951 1489; x_wconf 89' lang='lat' dir='ltr'><strong>nostris</strong></span> <span class='ocrx_word' id='word_1_83' title='bbox 986 1433 1065 1488; x_wconf 87' lang='lat' dir='ltr'><strong>sic</strong></span> <span class='ocrx_word' id='word_1_84' title='bbox 1102 1430 1155 1484; x_wconf 89' lang='lat' dir='ltr'><strong>in</strong></span> <span class='ocrx_word' id='word_1_85' title='bbox 1186 1437 1467 1499; x_wconf 90' lang='lat' dir='ltr'><strong>angustum</strong></span> <span class='ocrx_word' id='word_1_86' title='bbox 1501 1424 1767 1489; x_wconf 89' lang='lat' dir='ltr'><strong>redactis,</strong></span> <span class='ocrx_word' id='word_1_87' title='bbox 1800 1421 1898 1477; x_wconf 80' lang='lat' dir='ltr'><strong>ad-</strong></span> 
     </span>
    </p>
   </div>
   <div class='ocr_carea' id='block_1_12' title="bbox 282 1514 1894 1608">
    <p class='ocr_par' dir='ltr' id='par_1_12' title="bbox 282 1514 1894 1608">
     <span class='ocr_line' id='line_1_12' title="bbox 282 1514 1894 1608; baseline -0.013 -20"><span class='ocrx_word' id='word_1_88' title='bbox 282 1547 472 1608; x_wconf 80' lang='lat' dir='ltr'><strong>versus</strong></span> <span class='ocrx_word' id='word_1_89' title='bbox 497 1531 625 1583; x_wconf 91' lang='lat' dir='ltr'><strong>istos</strong></span> <span class='ocrx_word' id='word_1_90' title='bbox 648 1538 850 1582; x_wconf 86' lang='lat' dir='ltr'><strong>tantum</strong></span> <span class='ocrx_word' id='word_1_91' title='bbox 872 1533 1144 1579; x_wconf 84' lang='lat' dir='ltr'><strong>certamen</strong></span> <span class='ocrx_word' id='word_1_92' title='bbox 1169 1521 1296 1575; x_wconf 89' lang='lat' dir='ltr'><strong>mihi</strong></span> <span class='ocrx_word' id='word_1_93' title='bbox 1318 1534 1438 1574; x_wconf 90' lang='lat' dir='ltr'><strong>esse</strong></span> <span class='ocrx_word' id='word_1_94' title='bbox 1465 1531 1740 1588; x_wconf 90' lang='lat' dir='ltr'><strong>cuperem.</strong></span> <span class='ocrx_word' id='word_1_95' title='bbox 1764 1514 1894 1569; x_wconf 85' lang='lat' dir='ltr'><strong>Nam</strong></span> 
     </span>
    </p>
   </div>
   <div class='ocr_carea' id='block_1_13' title="bbox 283 1608 1892 1688">
    <p class='ocr_par' dir='ltr' id='par_1_13' title="bbox 283 1608 1892 1688">
     <span class='ocr_line' id='line_1_13' title="bbox 283 1608 1892 1688; baseline -0.011 -10"><span class='ocrx_word' id='word_1_96' title='bbox 283 1625 543 1679; x_wconf 84' lang='lat' dir='ltr'><strong>adversus</strong></span> <span class='ocrx_word' id='word_1_97' title='bbox 563 1621 776 1676; x_wconf 89' lang='lat' dir='ltr'><strong>lidelcm</strong></span> <span class='ocrx_word' id='word_1_98' title='bbox 798 1626 1110 1688; x_wconf 86' lang='lat' dir='ltr'><strong>argumenta</strong></span> <span class='ocrx_word' id='word_1_99' title='bbox 1133 1619 1424 1686; x_wconf 88' lang='lat' dir='ltr'><strong>suppetunt</strong></span> <span class='ocrx_word' id='word_1_100' title='bbox 1458 1625 1618 1681; x_wconf 91' lang='lat' dir='ltr'><strong>quam</strong></span> <span class='ocrx_word' id='word_1_101' title='bbox 1641 1608 1892 1678; x_wconf 89' lang='lat' dir='ltr'><strong>plurima,</strong></span> 
     </span>
    </p>
   </div>
   <div class='ocr_carea' id='block_1_14' title="bbox 282 1700 1895 1781">
    <p class='ocr_par' dir='ltr' id='par_1_14' title="bbox 282 1700 1895 1781">
     <span class='ocr_line' id='line_1_14' title="bbox 282 1700 1895 1781; baseline -0.012 -9"><span class='ocrx_word' id='word_1_102' title='bbox 282 1716 384 1772; x_wconf 91' lang='lat' dir='ltr'><strong>etsi</strong></span> <span class='ocrx_word' id='word_1_103' title='bbox 408 1723 567 1769; x_wconf 84' lang='lat' dir='ltr'><strong>tantae</strong></span> <span class='ocrx_word' id='word_1_104' title='bbox 586 1712 755 1781; x_wconf 78' lang='lat' dir='ltr'><strong>copiae</strong></span> <span class='ocrx_word' id='word_1_105' title='bbox 776 1711 1105 1779; x_wconf 84' lang='lat' dir='ltr'><strong>voluptatem</strong></span> <span class='ocrx_word' id='word_1_106' title='bbox 1137 1707 1389 1763; x_wconf 87' lang='lat' dir='ltr'><strong>obscuret</strong></span> <span class='ocrx_word' id='word_1_107' title='bbox 1420 1700 1759 1757; x_wconf 66' lang='lat' dir='ltr'><strong>verecundiae</strong></span> <span class='ocrx_word' id='word_1_108' title='bbox 1783 1715 1895 1753; x_wconf 86' lang='lat' dir='ltr'><strong>ma-</strong></span> 
     </span>
    </p>
   </div>
   <div class='ocr_carea' id='block_1_15' title="bbox 280 1790 1897 1895">
    <p class='ocr_par' dir='ltr' id='par_1_15' title="bbox 280 1790 1897 1895">
     <span class='ocr_line' id='line_1_15' title="bbox 280 1790 1897 1895; baseline -0.009 -36"><span class='ocrx_word' id='word_1_109' title='bbox 280 1806 526 1878; x_wconf 83' lang='lat' dir='ltr'><strong>gnitudo.</strong></span> <span class='ocrx_word' id='word_1_110' title='bbox 559 1804 724 1895; x_wconf 65' lang='lat' dir='ltr'><strong>Pudet</strong></span> <span class='ocrx_word' id='word_1_111' title='bbox 768 1804 911 1859; x_wconf 90' lang='lat' dir='ltr'><strong>enim</strong></span> <span class='ocrx_word' id='word_1_112' title='bbox 942 1815 1030 1855; x_wconf 92' lang='lat' dir='ltr'><strong>me</strong></span> <span class='ocrx_word' id='word_1_113' title='bbox 1057 1798 1199 1871; x_wconf 90' lang='lat' dir='ltr'><strong>quod</strong></span> <span class='ocrx_word' id='word_1_114' title='bbox 1220 1797 1489 1854; x_wconf 86' lang='lat' dir='ltr'><strong>adversus</strong></span> <span class='ocrx_word' id='word_1_115' title='bbox 1518 1793 1660 1848; x_wconf 90' lang='lat' dir='ltr'><strong>hunc</strong></span> <span class='ocrx_word' id='word_1_116' title='bbox 1684 1807 1783 1862; x_wconf 88' lang='lat' dir='ltr'><strong>pro</strong></span> <span class='ocrx_word' id='word_1_117' title='bbox 1811 1790 1897 1845; x_wconf 89' lang='lat' dir='ltr'><strong>his</strong></span> 
     </span>
    </p>
   </div>
   <div class='ocr_carea' id='block_1_16' title="bbox 286 1884 1895 1971">
    <p class='ocr_par' dir='ltr' id='par_1_16' title="bbox 286 1884 1895 1971">
     <span class='ocr_line' id='line_1_16' title="bbox 286 1884 1895 1971; baseline -0.01 -18"><span class='ocrx_word' id='word_1_118' title='bbox 286 1915 517 1971; x_wconf 79' lang='lat' dir='ltr'><strong>pugnam</strong></span> <span class='ocrx_word' id='word_1_119' title='bbox 547 1884 888 1953; x_wconf 75' lang='lat' dir='ltr'><strong>committere</strong></span> <span class='ocrx_word' id='word_1_120' title='bbox 912 1909 1092 1963; x_wconf 90' lang='lat' dir='ltr'><strong>cogar,</strong></span> <span class='ocrx_word' id='word_1_121' title='bbox 1144 1904 1442 1959; x_wconf 79' lang='lat' dir='ltr'><strong>vereorque</strong></span> <span class='ocrx_word' id='word_1_122' title='bbox 1470 1902 1540 1942; x_wconf 89' lang='lat' dir='ltr'><strong>ne</strong></span> <span class='ocrx_word' id='word_1_123' title='bbox 1576 1885 1681 1940; x_wconf 89' lang='lat' dir='ltr'><strong>hoc</strong></span> <span class='ocrx_word' id='word_1_124' title='bbox 1720 1884 1895 1939; x_wconf 90' lang='lat' dir='ltr'><strong>solum</strong></span> 
     </span>
    </p>
   </div>
   <div class='ocr_carea' id='block_1_17' title="bbox 284 1975 1896 2060">
    <p class='ocr_par' dir='ltr' id='par_1_17' title="bbox 284 1975 1896 2060">
     <span class='ocr_line' id='line_1_17' title="bbox 284 1975 1896 2060; baseline -0.012 -13"><span class='ocrx_word' id='word_1_125' title='bbox 284 1994 495 2047; x_wconf 82' lang='lat' dir='ltr'><strong>crimen</strong></span> <span class='ocrx_word' id='word_1_126' title='bbox 520 1991 733 2060; x_wconf 81' lang='lat' dir='ltr'><strong>gentilis</strong></span> <span class='ocrx_word' id='word_1_127' title='bbox 772 1989 894 2058; x_wconf 86' lang='lat' dir='ltr'><strong>jure</strong></span> <span class='ocrx_word' id='word_1_128' title='bbox 925 1984 1056 2040; x_wconf 87' lang='lat' dir='ltr'><strong>mihi</strong></span> <span class='ocrx_word' id='word_1_129' title='bbox 1086 1983 1253 2053; x_wconf 84' lang='lat' dir='ltr'><strong>possit</strong></span> <span class='ocrx_word' id='word_1_130' title='bbox 1277 1980 1549 2049; x_wconf 90' lang='lat' dir='ltr'><strong>objicere:</strong></span> <span class='ocrx_word' id='word_1_131' title='bbox 1580 1991 1703 2031; x_wconf 85' lang='lat' dir='ltr'><strong>nam</strong></span> <span class='ocrx_word' id='word_1_132' title='bbox 1729 1975 1781 2029; x_wconf 91' lang='lat' dir='ltr'><strong>in</strong></span> <span class='ocrx_word' id='word_1_133' title='bbox 1807 1990 1896 2029; x_wconf 84' lang='lat' dir='ltr'><strong>re-</strong></span> 
     </span>
    </p>
   </div>
   <div class='ocr_carea' id='block_1_18' title="bbox 286 2060 1898 2153">
    <p class='ocr_par' dir='ltr' id='par_1_18' title="bbox 286 2060 1898 2153">
     <span class='ocr_line' id='line_1_18' title="bbox 286 2060 1898 2153; baseline -0.01 -16"><span class='ocrx_word' id='word_1_134' title='bbox 286 2084 444 2153; x_wconf 79' lang='lat' dir='ltr'><strong>liquis</strong></span> <span class='ocrx_word' id='word_1_135' title='bbox 464 2082 613 2136; x_wconf 91' lang='lat' dir='ltr'><strong>illum</strong></span> <span class='ocrx_word' id='word_1_136' title='bbox 641 2095 742 2150; x_wconf 89' lang='lat' dir='ltr'><strong>ope</strong></span> <span class='ocrx_word' id='word_1_137' title='bbox 768 2077 961 2133; x_wconf 66' lang='lat' dir='ltr'><strong>divinae</strong></span> <span class='ocrx_word' id='word_1_138' title='bbox 987 2060 1172 2146; x_wconf 61' lang='lat' dir='ltr'><strong>gratiae</strong></span> <span class='ocrx_word' id='word_1_139' title='bbox 1200 2072 1356 2127; x_wconf 77' lang='lat' dir='ltr'><strong>facile</strong></span> <span class='ocrx_word' id='word_1_140' title='bbox 1394 2072 1667 2137; x_wconf 86' lang='lat' dir='ltr'><strong>capiemus</strong></span> <span class='ocrx_word' id='word_1_141' title='bbox 1693 2085 1706 2120; x_wconf 92' lang='lat'>:</span> <span class='ocrx_word' id='word_1_142' title='bbox 1737 2076 1898 2135; x_wconf 85' lang='lat' dir='ltr'><strong>atque</strong></span> 
     </span>
    </p>
   </div>
   <div class='ocr_carea' id='block_1_19' title="bbox 283 2155 1897 2241">
    <p class='ocr_par' dir='ltr' id='par_1_19' title="bbox 283 2155 1897 2241">
     <span class='ocr_line' id='line_1_19' title="bbox 283 2155 1897 2241; baseline -0.012 -13"><span class='ocrx_word' id='word_1_143' title='bbox 283 2173 328 2228; x_wconf 82' lang='lat' dir='ltr'><strong>si</strong></span> <span class='ocrx_word' id='word_1_144' title='bbox 352 2173 579 2228; x_wconf 88' lang='lat' dir='ltr'><strong>voluerit</strong></span> <span class='ocrx_word' id='word_1_145' title='bbox 604 2180 756 2241; x_wconf 86' lang='lat' dir='ltr'><strong>grato</strong></span> <span class='ocrx_word' id='word_1_146' title='bbox 776 2168 956 2223; x_wconf 89' lang='lat' dir='ltr'><strong>animo</strong></span> <span class='ocrx_word' id='word_1_147' title='bbox 980 2163 1288 2236; x_wconf 91' lang='lat' dir='ltr'><strong>procedere,</strong></span> <span class='ocrx_word' id='word_1_148' title='bbox 1313 2162 1419 2216; x_wconf 91' lang='lat' dir='ltr'><strong>cito</strong></span> <span class='ocrx_word' id='word_1_149' title='bbox 1440 2160 1588 2215; x_wconf 91' lang='lat' dir='ltr'><strong>illum</strong></span> <span class='ocrx_word' id='word_1_150' title='bbox 1608 2173 1716 2212; x_wconf 89' lang='lat' dir='ltr'><strong>non</strong></span> <span class='ocrx_word' id='word_1_151' title='bbox 1736 2155 1897 2209; x_wconf 92' lang='lat' dir='ltr'><strong>modo</strong></span> 
     </span>
    </p>
   </div>
   <div class='ocr_carea' id='block_1_20' title="bbox 283 2246 1898 2328">
    <p class='ocr_par' dir='ltr' id='par_1_20' title="bbox 283 2246 1898 2328">
     <span class='ocr_line' id='line_1_20' title="bbox 283 2246 1898 2328; baseline -0.009 -13"><span class='ocrx_word' id='word_1_152' title='bbox 283 2262 351 2317; x_wconf 87' lang='lat' dir='ltr'><strong>ad</strong></span> <span class='ocrx_word' id='word_1_153' title='bbox 389 2276 629 2316; x_wconf 87' lang='lat' dir='ltr'><strong>amorem</strong></span> <span class='ocrx_word' id='word_1_154' title='bbox 666 2260 825 2328; x_wconf 90' lang='lat' dir='ltr'><strong>hujus</strong></span> <span class='ocrx_word' id='word_1_155' title='bbox 850 2257 973 2312; x_wconf 81' lang='lat' dir='ltr'><strong>vitae</strong></span> <span class='ocrx_word' id='word_1_156' title='bbox 1017 2253 1355 2310; x_wconf 85' lang='lat' dir='ltr'><strong>traducemus</strong></span> <span class='ocrx_word' id='word_1_157' title='bbox 1374 2291 1391 2317; x_wconf 85' lang='lat'><strong>,</strong></span> <span class='ocrx_word' id='word_1_158' title='bbox 1419 2264 1605 2306; x_wconf 86' lang='lat' dir='ltr'><strong>verum</strong></span> <span class='ocrx_word' id='word_1_159' title='bbox 1636 2248 1702 2303; x_wconf 91' lang='lat' dir='ltr'><strong>ad</strong></span> <span class='ocrx_word' id='word_1_160' title='bbox 1732 2246 1898 2317; x_wconf 88' lang='lat' dir='ltr'><strong>ipsius</strong></span> 
     </span>
    </p>
   </div>
   <div class='ocr_carea' id='block_1_21' title="bbox 286 2340 1896 2425">
    <p class='ocr_par' dir='ltr' id='par_1_21' title="bbox 286 2340 1896 2425">
     <span class='ocr_line' id='line_1_21' title="bbox 286 2340 1896 2425; baseline -0.01 -18"><span class='ocrx_word' id='word_1_161' title='bbox 286 2368 502 2425; x_wconf 88' lang='lat' dir='ltr'><strong>quoque</strong></span> <span class='ocrx_word' id='word_1_162' title='bbox 539 2352 798 2407; x_wconf 68' lang='lat' dir='ltr'><strong>doctrina:</strong></span> <span class='ocrx_word' id='word_1_163' title='bbox 824 2348 1150 2404; x_wconf 90' lang='lat' dir='ltr'><strong>desiderium</strong></span> <span class='ocrx_word' id='word_1_164' title='bbox 1171 2385 1184 2410; x_wconf 92' lang='lat'><strong>,</strong></span> <span class='ocrx_word' id='word_1_165' title='bbox 1231 2359 1260 2397; x_wconf 89' lang='lat' dir='ltr'><strong>a</strong></span> <span class='ocrx_word' id='word_1_166' title='bbox 1305 2357 1411 2414; x_wconf 90' lang='lat' dir='ltr'><strong>quo</strong></span> <span class='ocrx_word' id='word_1_167' title='bbox 1437 2342 1541 2396; x_wconf 86' lang='lat' dir='ltr'><strong>vita</strong></span> <span class='ocrx_word' id='word_1_168' title='bbox 1574 2340 1690 2394; x_wconf 70' lang='lat' dir='ltr'><strong>haec</strong></span> <span class='ocrx_word' id='word_1_169' title='bbox 1734 2354 1896 2407; x_wconf 86' lang='lat' dir='ltr'><strong>argu—</strong></span> 
     </span>
    </p>
   </div>
   <div class='ocr_carea' id='block_1_22' title="bbox 288 2434 1895 2502">
    <p class='ocr_par' dir='ltr' id='par_1_22' title="bbox 288 2434 1895 2502">
     <span class='ocr_line' id='line_1_22' title="bbox 288 2434 1895 2502; baseline -0.011 -1"><span class='ocrx_word' id='word_1_170' title='bbox 288 2455 532 2502; x_wconf 86' lang='lat' dir='ltr'><strong>mentum</strong></span> <span class='ocrx_word' id='word_1_171' title='bbox 561 2454 614 2499; x_wconf 90' lang='lat' dir='ltr'><strong>et</strong></span> <span class='ocrx_word' id='word_1_172' title='bbox 645 2443 854 2499; x_wconf 90' lang='lat' dir='ltr'><strong>initium</strong></span> <span class='ocrx_word' id='word_1_173' title='bbox 886 2440 1055 2495; x_wconf 90' lang='lat' dir='ltr'><strong>ducit.</strong></span> <span class='ocrx_word' id='word_1_174' title='bbox 1085 2438 1314 2493; x_wconf 86' lang='lat' dir='ltr'><strong>Tantum</strong></span> <span class='ocrx_word' id='word_1_175' title='bbox 1342 2435 1489 2490; x_wconf 88' lang='lat' dir='ltr'><strong>enim</strong></span> <span class='ocrx_word' id='word_1_176' title='bbox 1515 2434 1665 2488; x_wconf 91' lang='lat' dir='ltr'><strong>abest</strong></span> <span class='ocrx_word' id='word_1_177' title='bbox 1690 2438 1747 2486; x_wconf 91' lang='lat' dir='ltr'><strong>ut</strong></span> <span class='ocrx_word' id='word_1_178' title='bbox 1768 2445 1895 2484; x_wconf 66' lang='grc' dir='ltr'><strong>θεν-ι</strong></span> 
     </span>
    </p>
   </div>
   <div class='ocr_carea' id='block_1_23' title="bbox 286 2531 1900 2595">
    <p class='ocr_par' dir='ltr' id='par_1_23' title="bbox 286 2531 1900 2595">
     <span class='ocr_line' id='line_1_23' title="bbox 286 2531 1900 2595; baseline -0.012 0"><span class='ocrx_word' id='word_1_179' title='bbox 286 2551 467 2595; x_wconf 89' lang='lat' dir='ltr'><strong>tamen</strong></span> <span class='ocrx_word' id='word_1_180' title='bbox 493 2538 753 2592; x_wconf 88' lang='lat' dir='ltr'><strong>adversus</strong></span> <span class='ocrx_word' id='word_1_181' title='bbox 780 2535 929 2588; x_wconf 92' lang='lat' dir='ltr'><strong>illum</strong></span> <span class='ocrx_word' id='word_1_182' title='bbox 958 2531 1143 2586; x_wconf 90' lang='lat' dir='ltr'><strong>subire</strong></span> <span class='ocrx_word' id='word_1_183' title='bbox 1168 2538 1406 2584; x_wconf 88' lang='lat' dir='ltr'><strong>metuam</strong></span> <span class='ocrx_word' id='word_1_184' title='bbox 1437 2567 1452 2592; x_wconf 91' lang='lat'><strong>,</strong></span> <span class='ocrx_word' id='word_1_185' title='bbox 1496 2533 1555 2579; x_wconf 90' lang='lat' dir='ltr'><strong>ut</strong></span> <span class='ocrx_word' id='word_1_186' title='bbox 1578 2539 1701 2580; x_wconf 89' lang='lat' dir='ltr'><strong>cum</strong></span> <span class='ocrx_word' id='word_1_187' title='bbox 1728 2539 1900 2593; x_wconf 88' lang='lat' dir='ltr'><strong>expu-</strong></span> 
     </span>
    </p>
   </div>
   <div class='ocr_carea' id='block_1_24' title="bbox 283 2617 1897 2700">
    <p class='ocr_par' dir='ltr' id='par_1_24' title="bbox 283 2617 1897 2700">
     <span class='ocr_line' id='line_1_24' title="bbox 283 2617 1897 2700; baseline -0.011 -15"><span class='ocrx_word' id='word_1_188' title='bbox 283 2637 446 2700; x_wconf 85' lang='lat' dir='ltr'><strong>gnatu</strong></span> <span class='ocrx_word' id='word_1_189' title='bbox 494 2627 853 2684; x_wconf 80' lang='lat' dir='ltr'><strong>difﬁciliorem</strong></span> <span class='ocrx_word' id='word_1_190' title='bbox 898 2637 1017 2678; x_wconf 88' lang='lat' dir='ltr'><strong>mea</strong></span> <span class='ocrx_word' id='word_1_191' title='bbox 1059 2621 1302 2677; x_wconf 89' lang='lat' dir='ltr'><strong>oratione</strong></span> <span class='ocrx_word' id='word_1_192' title='bbox 1349 2617 1728 2682; x_wconf 88' lang='lat' dir='ltr'><strong>constituero,</strong></span> <span class='ocrx_word' id='word_1_193' title='bbox 1784 2624 1897 2669; x_wconf 90' lang='lat' dir='ltr'><strong>tum</strong></span> 
     </span>
    </p>
   </div>
   <div class='ocr_carea' id='block_1_25' title="bbox 283 2708 1895 2789">
    <p class='ocr_par' dir='ltr' id='par_1_25' title="bbox 283 2708 1895 2789">
     <span class='ocr_line' id='line_1_25' title="bbox 283 2708 1895 2789; baseline -0.01 -12"><span class='ocrx_word' id='word_1_194' title='bbox 283 2721 500 2777; x_wconf 89' lang='lat' dir='ltr'><strong>demum</strong></span> <span class='ocrx_word' id='word_1_195' title='bbox 540 2732 772 2789; x_wconf 86' lang='lat' dir='ltr'><strong>pugnam</strong></span> <span class='ocrx_word' id='word_1_196' title='bbox 826 2713 1126 2785; x_wconf 89' lang='lat' dir='ltr'><strong>aggrediar.</strong></span> <span class='ocrx_word' id='word_1_197' title='bbox 1170 2710 1460 2780; x_wconf 80' lang='lat' dir='ltr'><strong>Fingamus</strong></span> <span class='ocrx_word' id='word_1_198' title='bbox 1504 2708 1648 2763; x_wconf 91' lang='lat' dir='ltr'><strong>enim</strong></span> <span class='ocrx_word' id='word_1_199' title='bbox 1688 2714 1895 2777; x_wconf 87' lang='lat' dir='ltr'><strong>patrem</strong></span> 
     </span>
    </p>
   </div>
   <div class='ocr_carea' id='block_1_26' title="bbox 285 2798 1900 2882">
    <p class='ocr_par' dir='ltr' id='par_1_26' title="bbox 285 2798 1900 2882">
     <span class='ocr_line' id='line_1_26' title="bbox 285 2798 1900 2882; baseline -0.011 -15"><span class='ocrx_word' id='word_1_200' title='bbox 285 2811 595 2882; x_wconf 89' lang='lat' dir='ltr'><strong>hujusmodi</strong></span> <span class='ocrx_word' id='word_1_201' title='bbox 623 2824 731 2864; x_wconf 90' lang='lat' dir='ltr'><strong>non</strong></span> <span class='ocrx_word' id='word_1_202' title='bbox 759 2808 918 2862; x_wconf 91' lang='lat' dir='ltr'><strong>modo</strong></span> <span class='ocrx_word' id='word_1_203' title='bbox 953 2804 1211 2875; x_wconf 87' lang='lat' dir='ltr'><strong>gentilem</strong></span> <span class='ocrx_word' id='word_1_204' title='bbox 1253 2815 1374 2857; x_wconf 84' lang='lat' dir='ltr'><strong>esse</strong></span> <span class='ocrx_word' id='word_1_205' title='bbox 1397 2842 1411 2865; x_wconf 92' lang='lat'><strong>,</strong></span> <span class='ocrx_word' id='word_1_206' title='bbox 1457 2800 1553 2855; x_wconf 89' lang='lat' dir='ltr'><strong>sed</strong></span> <span class='ocrx_word' id='word_1_207' title='bbox 1583 2814 1694 2869; x_wconf 83' lang='lat' dir='ltr'><strong>prae</strong></span> <span class='ocrx_word' id='word_1_208' title='bbox 1722 2798 1900 2851; x_wconf 89' lang='lat' dir='ltr'><strong>omni-</strong></span> 
     </span>
    </p>
   </div>
   <div class='ocr_carea' id='block_1_27' title="bbox 284 2888 1898 2964">
    <p class='ocr_par' dir='ltr' id='par_1_27' title="bbox 284 2888 1898 2964">
     <span class='ocr_line' id='line_1_27' title="bbox 284 2888 1898 2964; baseline -0.009 -5"><span class='ocrx_word' id='word_1_209' title='bbox 284 2904 384 2959; x_wconf 89' lang='lat' dir='ltr'><strong>bus</strong></span> <span class='ocrx_word' id='word_1_210' title='bbox 411 2902 717 2957; x_wconf 90' lang='lat' dir='ltr'><strong>hominibus</strong></span> <span class='ocrx_word' id='word_1_211' title='bbox 755 2900 998 2963; x_wconf 85' lang='lat' dir='ltr'><strong>divitem,</strong></span> <span class='ocrx_word' id='word_1_212' title='bbox 1041 2895 1324 2964; x_wconf 87' lang='lat' dir='ltr'><strong>insignem,</strong></span> <span class='ocrx_word' id='word_1_213' title='bbox 1364 2890 1602 2962; x_wconf 88' lang='lat' dir='ltr'><strong>potentia</strong></span> <span class='ocrx_word' id='word_1_214' title='bbox 1640 2888 1898 2959; x_wconf 81' lang='lat' dir='ltr'><strong>singulari</strong></span> 
     </span>
    </p>
   </div>
   <div class='ocr_carea' id='block_1_28' title="bbox 285 2978 1896 3065">
    <p class='ocr_par' dir='ltr' id='par_1_28' title="bbox 285 2978 1896 3065">
     <span class='ocr_line' id='line_1_28' title="bbox 285 2978 1896 3065; baseline -0.011 -15"><span class='ocrx_word' id='word_1_215' title='bbox 285 2994 599 3065; x_wconf 74' lang='lat' dir='ltr'><strong>pnedilum:</strong></span> <span class='ocrx_word' id='word_1_216' title='bbox 630 2992 826 3046; x_wconf 85' lang='lat' dir='ltr'><strong>habeat</strong></span> <span class='ocrx_word' id='word_1_217' title='bbox 852 3001 1011 3058; x_wconf 83' lang='lat' dir='ltr'><strong>agros</strong></span> <span class='ocrx_word' id='word_1_218' title='bbox 1041 2986 1319 3055; x_wconf 84' lang='lat' dir='ltr'><strong>plurimos,</strong></span> <span class='ocrx_word' id='word_1_219' title='bbox 1353 2981 1497 3037; x_wconf 70' lang='lat' dir='ltr'><strong>mdes</strong></span> <span class='ocrx_word' id='word_1_220' title='bbox 1526 2979 1746 3048; x_wconf 89' lang='lat' dir='ltr'><strong>multas,</strong></span> <span class='ocrx_word' id='word_1_221' title='bbox 1776 2978 1896 3033; x_wconf 89' lang='lat' dir='ltr'><strong>auri</strong></span> 
     </span>
    </p>
   </div>
   <div class='ocr_carea' id='block_1_29' title="bbox 285 3068 1898 3143">
    <p class='ocr_par' dir='ltr' id='par_1_29' title="bbox 285 3068 1898 3143">
     <span class='ocr_line' id='line_1_29' title="bbox 285 3068 1898 3143; baseline -0.011 -6"><span class='ocrx_word' id='word_1_222' title='bbox 285 3085 567 3138; x_wconf 90' lang='lat' dir='ltr'><strong>innumera</strong></span> <span class='ocrx_word' id='word_1_223' title='bbox 602 3082 820 3135; x_wconf 90' lang='lat' dir='ltr'><strong>talenta.</strong></span> <span class='ocrx_word' id='word_1_224' title='bbox 856 3078 938 3133; x_wconf 89' lang='lat' dir='ltr'><strong>Sit</strong></span> <span class='ocrx_word' id='word_1_225' title='bbox 967 3076 1189 3143; x_wconf 89' lang='lat' dir='ltr'><strong>insuper</strong></span> <span class='ocrx_word' id='word_1_226' title='bbox 1218 3072 1363 3142; x_wconf 88' lang='lat' dir='ltr'><strong>regia</strong></span> <span class='ocrx_word' id='word_1_227' title='bbox 1404 3070 1573 3140; x_wconf 89' lang='lat' dir='ltr'><strong>patria</strong></span> <span class='ocrx_word' id='word_1_228' title='bbox 1595 3110 1611 3136; x_wconf 90' lang='lat'><strong>,</strong></span> <span class='ocrx_word' id='word_1_229' title='bbox 1642 3068 1898 3122; x_wconf 86' lang='lat' dir='ltr'><strong>illustris-</strong></span> 
     </span>
    </p>
   </div>
   <div class='ocr_carea' id='block_1_30' title="bbox 286 3159 1901 3247">
    <p class='ocr_par' dir='ltr' id='par_1_30' title="bbox 286 3159 1901 3247">
     <span class='ocr_line' id='line_1_30' title="bbox 286 3159 1901 3247; baseline -0.012 -15"><span class='ocrx_word' id='word_1_230' title='bbox 286 3178 425 3231; x_wconf 89' lang='lat' dir='ltr'><strong>simo</strong></span> <span class='ocrx_word' id='word_1_231' title='bbox 453 3190 675 3247; x_wconf 80' lang='lat' dir='ltr'><strong>genere,</strong></span> <span class='ocrx_word' id='word_1_232' title='bbox 708 3172 845 3227; x_wconf 88' lang='lat' dir='ltr'><strong>lilios</strong></span> <span class='ocrx_word' id='word_1_233' title='bbox 872 3169 1005 3224; x_wconf 91' lang='lat' dir='ltr'><strong>alios</strong></span> <span class='ocrx_word' id='word_1_234' title='bbox 1046 3180 1220 3237; x_wconf 93' lang='lat' dir='ltr'><strong>neque</strong></span> <span class='ocrx_word' id='word_1_235' title='bbox 1252 3164 1479 3228; x_wconf 88' lang='lat' dir='ltr'><strong>habeat,</strong></span> <span class='ocrx_word' id='word_1_236' title='bbox 1511 3176 1686 3232; x_wconf 91' lang='lat' dir='ltr'><strong>neque</strong></span> <span class='ocrx_word' id='word_1_237' title='bbox 1711 3175 1773 3216; x_wconf 85' lang='lat' dir='ltr'><strong>se</strong></span> <span class='ocrx_word' id='word_1_238' title='bbox 1802 3159 1901 3213; x_wconf 83' lang='lat' dir='ltr'><strong>ha-</strong></span> 
     </span>
    </p>
   </div>
   <div class='ocr_carea' id='block_1_31' title="bbox 284 3249 1888 3335">
    <p class='ocr_par' dir='ltr' id='par_1_31' title="bbox 284 3249 1888 3335">
     <span class='ocr_line' id='line_1_31' title="bbox 284 3249 1888 3335; baseline -0.012 -11"><span class='ocrx_word' id='word_1_239' title='bbox 284 3270 523 3324; x_wconf 88' lang='lat' dir='ltr'><strong>biturum</strong></span> <span class='ocrx_word' id='word_1_240' title='bbox 550 3271 753 3335; x_wconf 87' lang='lat' dir='ltr'><strong>speret;</strong></span> <span class='ocrx_word' id='word_1_241' title='bbox 785 3261 879 3317; x_wconf 90' lang='lat' dir='ltr'><strong>sed</strong></span> <span class='ocrx_word' id='word_1_242' title='bbox 906 3275 987 3315; x_wconf 90' lang='lat' dir='ltr'><strong>ex-</strong></span> <span class='ocrx_word' id='word_1_243' title='bbox 1002 3259 1105 3313; x_wconf 89' lang='lat' dir='ltr'><strong>hoc</strong></span> <span class='ocrx_word' id='word_1_244' title='bbox 1131 3255 1249 3311; x_wconf 90' lang='lat' dir='ltr'><strong>solo</strong></span> <span class='ocrx_word' id='word_1_245' title='bbox 1276 3252 1525 3325; x_wconf 88' lang='lat' dir='ltr'><strong>pendeat.</strong></span> <span class='ocrx_word' id='word_1_246' title='bbox 1553 3252 1668 3307; x_wconf 81' lang='lat' dir='ltr'><strong>lino</strong></span> <span class='ocrx_word' id='word_1_247' title='bbox 1694 3259 1749 3307; x_wconf 91' lang='lat' dir='ltr'><strong>et</strong></span> <span class='ocrx_word' id='word_1_248' title='bbox 1770 3249 1888 3320; x_wconf 88' lang='lat' dir='ltr'><strong>ipse</strong></span> 
     </span>
    </p>
   </div>
   <div class='ocr_carea' id='block_1_32' title="bbox 287 3348 1899 3427">
    <p class='ocr_par' dir='ltr' id='par_1_32' title="bbox 287 3348 1899 3427">
     <span class='ocr_line' id='line_1_32' title="bbox 287 3348 1899 3427; baseline -0.012 -10"><span class='ocrx_word' id='word_1_249' title='bbox 287 3364 359 3417; x_wconf 91' lang='lat' dir='ltr'><strong>sit</strong></span> <span class='ocrx_word' id='word_1_250' title='bbox 401 3375 625 3416; x_wconf 73' lang='lat' dir='ltr'><strong>summa:</strong></span> <span class='ocrx_word' id='word_1_251' title='bbox 655 3357 769 3427; x_wconf 86' lang='lat' dir='ltr'><strong>spei</strong></span> <span class='ocrx_word' id='word_1_252' title='bbox 793 3397 807 3421; x_wconf 93' lang='lat'><strong>,</strong></span> <span class='ocrx_word' id='word_1_253' title='bbox 835 3363 997 3424; x_wconf 89' lang='lat' dir='ltr'><strong>atque</strong></span> <span class='ocrx_word' id='word_1_254' title='bbox 1041 3351 1109 3406; x_wconf 91' lang='lat' dir='ltr'><strong>ad</strong></span> <span class='ocrx_word' id='word_1_255' title='bbox 1152 3348 1374 3419; x_wconf 88' lang='lat' dir='ltr'><strong>imperia</strong></span> <span class='ocrx_word' id='word_1_256' title='bbox 1408 3354 1617 3401; x_wconf 88' lang='lat' dir='ltr'><strong>mature</strong></span> <span class='ocrx_word' id='word_1_257' title='bbox 1643 3358 1899 3399; x_wconf 83' lang='lat' dir='ltr'><strong>ascensu-</strong></span> 
     </span>
    </p>
   </div>
   <div class='ocr_carea' id='block_1_33' title="bbox 286 3445 1904 3523">
    <p class='ocr_par' dir='ltr' id='par_1_33' title="bbox 286 3445 1904 3523">
     <span class='ocr_line' id='line_1_33' title="bbox 286 3445 1904 3523; baseline -0.011 -15"><span class='ocrx_word' id='word_1_258' title='bbox 286 3470 380 3509; x_wconf 91' lang='lat' dir='ltr'><strong>rus</strong></span> <span class='ocrx_word' id='word_1_259' title='bbox 400 3496 416 3520; x_wconf 91' lang='lat'><strong>,</strong></span> <span class='ocrx_word' id='word_1_260' title='bbox 445 3462 757 3523; x_wconf 89' lang='lat' dir='ltr'><strong>patremque</strong></span> <span class='ocrx_word' id='word_1_261' title='bbox 798 3445 1089 3518; x_wconf 89' lang='lat' dir='ltr'><strong>splendore</strong></span> <span class='ocrx_word' id='word_1_262' title='bbox 1124 3448 1482 3511; x_wconf 84' lang='lat' dir='ltr'><strong>superaturos</strong></span> <span class='ocrx_word' id='word_1_263' title='bbox 1510 3445 1857 3508; x_wconf 80' lang='lat' dir='ltr'><strong>exspectetur</strong></span> <span class='ocrx_word' id='word_1_264' title='bbox 1881 3476 1904 3502; x_wconf 86' lang='lat'><strong>,.</strong></span> 
     </span>
    </p>
   </div>
   <div class='ocr_carea' id='block_1_34' title="bbox 287 3529 1899 3613">
    <p class='ocr_par' dir='ltr' id='par_1_34' title="bbox 287 3529 1899 3613">
     <span class='ocr_line' id='line_1_34' title="bbox 287 3529 1899 3613; baseline -0.011 -13"><span class='ocrx_word' id='word_1_265' title='bbox 287 3545 642 3613; x_wconf 89' lang='lat' dir='ltr'><strong>omnibusque</strong></span> <span class='ocrx_word' id='word_1_266' title='bbox 679 3541 802 3595; x_wconf 72' lang='lat' dir='ltr'><strong>vita:</strong></span> <span class='ocrx_word' id='word_1_267' title='bbox 846 3535 1144 3593; x_wconf 89' lang='lat' dir='ltr'><strong>commodis</strong></span> <span class='ocrx_word' id='word_1_268' title='bbox 1187 3534 1346 3603; x_wconf 90' lang='lat' dir='ltr'><strong>longe</strong></span> <span class='ocrx_word' id='word_1_269' title='bbox 1396 3530 1716 3585; x_wconf 86' lang='lat' dir='ltr'><strong>anteiturus.</strong></span> <span class='ocrx_word' id='word_1_270' title='bbox 1763 3529 1899 3584; x_wconf 85' lang='lat' dir='ltr'><strong>Tum</strong></span> 
     </span>
    </p>
   </div>
   <div class='ocr_carea' id='block_1_35' title="bbox 286 3619 1904 3697">
    <p class='ocr_par' dir='ltr' id='par_1_35' title="bbox 286 3619 1904 3697">
     <span class='ocr_line' id='line_1_35' title="bbox 286 3619 1904 3697; baseline -0.011 -6"><span class='ocrx_word' id='word_1_271' title='bbox 286 3652 417 3693; x_wconf 87' lang='lat' dir='ltr'><strong>vero</strong></span> <span class='ocrx_word' id='word_1_272' title='bbox 465 3635 520 3691; x_wconf 90' lang='lat' dir='ltr'><strong>in</strong></span> <span class='ocrx_word' id='word_1_273' title='bbox 550 3633 728 3689; x_wconf 90' lang='lat' dir='ltr'><strong>medio</strong></span> <span class='ocrx_word' id='word_1_274' title='bbox 759 3640 920 3685; x_wconf 82' lang='lat' dir='ltr'><strong>tant-.e</strong></span> <span class='ocrx_word' id='word_1_275' title='bbox 948 3627 1064 3697; x_wconf 85' lang='lat' dir='ltr'><strong>spei</strong></span> <span class='ocrx_word' id='word_1_276' title='bbox 1094 3624 1315 3681; x_wconf 86' lang='lat' dir='ltr'><strong>accedat</strong></span> <span class='ocrx_word' id='word_1_277' title='bbox 1340 3621 1533 3691; x_wconf 91' lang='lat' dir='ltr'><strong>aliquis</strong></span> <span class='ocrx_word' id='word_1_278' title='bbox 1554 3662 1568 3687; x_wconf 92' lang='lat'><strong>,</strong></span> <span class='ocrx_word' id='word_1_279' title='bbox 1602 3620 1777 3689; x_wconf 86' lang='lat' dir='ltr'><strong>deque</strong></span> <span class='ocrx_word' id='word_1_280' title='bbox 1805 3619 1904 3674; x_wconf 91' lang='lat' dir='ltr'><strong>hac</strong></span> 
     </span>
    </p>
   </div>
   <div class='ocr_carea' id='block_1_36' title="bbox 290 3711 1905 3809">
    <p class='ocr_par' dir='ltr' id='par_1_36' title="bbox 290 3711 1905 3809">
     <span class='ocr_line' id='line_1_36' title="bbox 290 3711 1905 3809; baseline -0.019 -15"><span class='ocrx_word' id='word_1_281' title='bbox 290 3724 626 3809; x_wconf 68' lang='lat' dir='ltr'><strong>philosophia</strong></span> <span class='ocrx_word' id='word_1_282' title='bbox 666 3734 835 3787; x_wconf 86' lang='lat' dir='ltr'><strong>verba</strong></span> <span class='ocrx_word' id='word_1_283' title='bbox 876 3719 1114 3789; x_wconf 84' lang='lat' dir='ltr'><strong>faciens,</strong></span> <span class='ocrx_word' id='word_1_284' title='bbox 1164 3712 1487 3793; x_wconf 77' lang='lat' dir='ltr'><strong>persuadeat</strong></span> <span class='ocrx_word' id='word_1_285' title='bbox 1514 3712 1574 3769; x_wconf 92' lang='lat' dir='ltr'><strong>ei</strong></span> <span class='ocrx_word' id='word_1_286' title='bbox 1617 3719 1677 3766; x_wconf 90' lang='lat' dir='ltr'><strong>ut</strong></span> <span class='ocrx_word' id='word_1_287' title='bbox 1708 3711 1905 3809; x_wconf 68' lang='lat' dir='ltr'><strong>spretis</strong></span> 
     </span>
    </p>
   </div>
   <div class='ocr_carea' id='block_1_37' title="bbox 286 3799 1906 3884">
    <p class='ocr_par' dir='ltr' id='par_1_37' title="bbox 286 3799 1906 3884">
     <span class='ocr_line' id='line_1_37' title="bbox 286 3799 1906 3884; baseline -0.013 -1"><span class='ocrx_word' id='word_1_288' title='bbox 286 3799 539 3884; x_wconf 76' lang='lat' dir='ltr'><strong>omnibus</strong></span> <span class='ocrx_word' id='word_1_289' title='bbox 561 3834 763 3879; x_wconf 91' lang='lat' dir='ltr'><strong>vestem</strong></span> <span class='ocrx_word' id='word_1_290' title='bbox 793 3834 852 3876; x_wconf 90' lang='lat' dir='ltr'><strong>se</strong></span> <span class='ocrx_word' id='word_1_291' title='bbox 878 3818 1128 3873; x_wconf 90' lang='lat' dir='ltr'><strong>rusticam</strong></span> <span class='ocrx_word' id='word_1_292' title='bbox 1156 3813 1361 3880; x_wconf 89' lang='lat' dir='ltr'><strong>induat,</strong></span> <span class='ocrx_word' id='word_1_293' title='bbox 1388 3826 1450 3866; x_wconf 88' lang='lat' dir='ltr'><strong>ac</strong></span> <span class='ocrx_word' id='word_1_294' title='bbox 1466 3808 1649 3866; x_wconf 89' lang='lat' dir='ltr'><strong>relicta</strong></span> <span class='ocrx_word' id='word_1_295' title='bbox 1678 3804 1811 3864; x_wconf 84' lang='lat' dir='ltr'><strong>urbe</strong></span> <span class='ocrx_word' id='word_1_296' title='bbox 1837 3799 1906 3862; x_wconf 78' lang='lat' dir='ltr'><strong>ad</strong></span> 
     </span>
    </p>
   </div>
   <div class='ocr_carea' id='block_1_38' title="bbox 291 3898 1902 3984">
    <p class='ocr_par' dir='ltr' id='par_1_38' title="bbox 291 3898 1902 3984">
     <span class='ocr_line' id='line_1_38' title="bbox 291 3898 1902 3984; baseline -0.016 -8"><span class='ocrx_word' id='word_1_297' title='bbox 291 3908 853 3984; x_wconf 86' lang='lat' dir='ltr'><strong>montemconfugiat:</strong></span> <span class='ocrx_word' id='word_1_298' title='bbox 884 3910 1061 3980; x_wconf 87' lang='lat' dir='ltr'><strong>ibique</strong></span> <span class='ocrx_word' id='word_1_299' title='bbox 1089 3908 1308 3979; x_wconf 85' lang='lat' dir='ltr'><strong>plantet,</strong></span> <span class='ocrx_word' id='word_1_300' title='bbox 1340 3904 1498 3974; x_wconf 83' lang='lat' dir='ltr'><strong>riget,</strong></span> <span class='ocrx_word' id='word_1_301' title='bbox 1528 3915 1723 3972; x_wconf 90' lang='lat' dir='ltr'><strong>aquam</strong></span> <span class='ocrx_word' id='word_1_302' title='bbox 1747 3898 1902 3964; x_wconf 88' lang='lat' dir='ltr'><strong>ferat,</strong></span> 
     </span>
    </p>
   </div>
   <div class='ocr_carea' id='block_1_39' title="bbox 293 3990 1905 4080">
    <p class='ocr_par' dir='ltr' id='par_1_39' title="bbox 293 3990 1905 4080">
     <span class='ocr_line' id='line_1_39' title="bbox 293 3990 1905 4080; baseline -0.016 -11"><span class='ocrx_word' id='word_1_303' title='bbox 293 4024 600 4080; x_wconf 70' lang='lat' dir='ltr'><strong>cmteraque</strong></span> <span class='ocrx_word' id='word_1_304' title='bbox 645 4003 1030 4062; x_wconf 79' lang='lat' dir='ltr'><strong>monachorum</strong></span> <span class='ocrx_word' id='word_1_305' title='bbox 1077 3997 1238 4053; x_wconf 89' lang='lat' dir='ltr'><strong>faciat</strong></span> <span class='ocrx_word' id='word_1_306' title='bbox 1277 4009 1475 4065; x_wconf 92' lang='lat' dir='ltr'><strong>opera,</strong></span> <span class='ocrx_word' id='word_1_307' title='bbox 1514 4006 1635 4063; x_wconf 69' lang='lat' dir='ltr'><strong>qua:</strong></span> <span class='ocrx_word' id='word_1_308' title='bbox 1683 3990 1806 4044; x_wconf 85' lang='lat' dir='ltr'><strong>vilia</strong></span> <span class='ocrx_word' id='word_1_309' title='bbox 1849 3997 1905 4044; x_wconf 90' lang='lat' dir='ltr'><strong>et</strong></span> 
     </span>
    </p>
   </div>
   <div class='ocr_carea' id='block_1_40' title="bbox 293 4080 1905 4171">
    <p class='ocr_par' dir='ltr' id='par_1_40' title="bbox 293 4080 1905 4171">
     <span class='ocr_line' id='line_1_40' title="bbox 293 4080 1905 4171; baseline -0.016 -14"><span class='ocrx_word' id='word_1_310' title='bbox 293 4103 509 4171; x_wconf 87' lang='lat' dir='ltr'><strong>indigna</strong></span> <span class='ocrx_word' id='word_1_311' title='bbox 546 4113 668 4155; x_wconf 86' lang='lat' dir='ltr'><strong>esse</strong></span> <span class='ocrx_word' id='word_1_312' title='bbox 716 4096 1032 4150; x_wconf 86' lang='lat' dir='ltr'><strong>videantur:</strong></span> <span class='ocrx_word' id='word_1_313' title='bbox 1063 4090 1133 4145; x_wconf 89' lang='lat' dir='ltr'><strong>sit</strong></span> <span class='ocrx_word' id='word_1_314' title='bbox 1172 4097 1430 4158; x_wconf 64' lang='lat' dir='ltr'><strong>praaterea</strong></span> <span class='ocrx_word' id='word_1_315' title='bbox 1453 4083 1610 4139; x_wconf 90' lang='lat' dir='ltr'><strong>nudis</strong></span> <span class='ocrx_word' id='word_1_316' title='bbox 1646 4080 1905 4152; x_wconf 86' lang='lat' dir='ltr'><strong>pedibus,</strong></span> 
     </span>
    </p>
   </div>
   <div class='ocr_carea' id='block_1_41' title="bbox 294 4174 1907 4253">
    <p class='ocr_par' dir='ltr' id='par_1_41' title="bbox 294 4174 1907 4253">
     <span class='ocr_line' id='line_1_41' title="bbox 294 4174 1907 4253; baseline -0.013 -6"><span class='ocrx_word' id='word_1_317' title='bbox 294 4193 443 4247; x_wconf 90' lang='lat' dir='ltr'><strong>humi</strong></span> <span class='ocrx_word' id='word_1_318' title='bbox 472 4190 664 4253; x_wconf 87' lang='lat' dir='ltr'><strong>cubet;</strong></span> <span class='ocrx_word' id='word_1_319' title='bbox 697 4186 1069 4253; x_wconf 90' lang='lat' dir='ltr'><strong>efficiaturque</strong></span> <span class='ocrx_word' id='word_1_320' title='bbox 1090 4193 1272 4235; x_wconf 88' lang='lat' dir='ltr'><strong>macer</strong></span> <span class='ocrx_word' id='word_1_321' title='bbox 1298 4186 1353 4232; x_wconf 93' lang='lat' dir='ltr'><strong>et</strong></span> <span class='ocrx_word' id='word_1_322' title='bbox 1380 4175 1607 4246; x_wconf 87' lang='lat' dir='ltr'><strong>pallidus</strong></span> <span class='ocrx_word' id='word_1_323' title='bbox 1634 4174 1907 4227; x_wconf 80' lang='lat' dir='ltr'><strong>formosus</strong></span> 
     </span>
    </p>
   </div>
   <div class='ocr_carea' id='block_1_42' title="bbox 294 4263 1909 4345">
    <p class='ocr_par' dir='ltr' id='par_1_42' title="bbox 294 4263 1909 4345">
     <span class='ocr_line' id='line_1_42' title="bbox 294 4263 1909 4345; baseline -0.014 -6"><span class='ocrx_word' id='word_1_324' title='bbox 294 4286 386 4339; x_wconf 86' lang='lat' dir='ltr'><strong>ille</strong></span> <span class='ocrx_word' id='word_1_325' title='bbox 410 4283 539 4337; x_wconf 90' lang='lat' dir='ltr'><strong>olim</strong></span> <span class='ocrx_word' id='word_1_326' title='bbox 566 4279 900 4340; x_wconf 88' lang='lat' dir='ltr'><strong>adolescens,</strong></span> <span class='ocrx_word' id='word_1_327' title='bbox 928 4275 1016 4345; x_wconf 91' lang='lat' dir='ltr'><strong>qui</strong></span> <span class='ocrx_word' id='word_1_328' title='bbox 1048 4271 1207 4329; x_wconf 88' lang='lat' dir='ltr'><strong>tantis</strong></span> <span class='ocrx_word' id='word_1_329' title='bbox 1235 4277 1390 4325; x_wconf 90' lang='lat' dir='ltr'><strong>antea</strong></span> <span class='ocrx_word' id='word_1_330' title='bbox 1416 4268 1467 4321; x_wconf 92' lang='lat' dir='ltr'><strong>in</strong></span> <span class='ocrx_word' id='word_1_331' title='bbox 1506 4265 1712 4321; x_wconf 87' lang='lat' dir='ltr'><strong>deliciis</strong></span> <span class='ocrx_word' id='word_1_332' title='bbox 1740 4263 1909 4318; x_wconf 82' lang='lat' dir='ltr'><strong>hono-</strong></span> 
     </span>
    </p>
   </div>
   <div class='ocr_carea' id='block_1_43' title="bbox 295 4359 1906 4445">
    <p class='ocr_par' dir='ltr' id='par_1_43' title="bbox 295 4359 1906 4445">
     <span class='ocr_line' id='line_1_43' title="bbox 295 4359 1906 4445; baseline -0.013 -14"><span class='ocrx_word' id='word_1_333' title='bbox 295 4376 550 4445; x_wconf 90' lang='lat' dir='ltr'><strong>ribusque</strong></span> <span class='ocrx_word' id='word_1_334' title='bbox 570 4371 829 4442; x_wconf 90' lang='lat' dir='ltr'><strong>degebat,</strong></span> <span class='ocrx_word' id='word_1_335' title='bbox 855 4376 1121 4437; x_wconf 69' lang='lat' dir='ltr'><strong>tantaeque</strong></span> <span class='ocrx_word' id='word_1_336' title='bbox 1144 4364 1259 4435; x_wconf 90' lang='lat' dir='ltr'><strong>spei</strong></span> <span class='ocrx_word' id='word_1_337' title='bbox 1279 4370 1414 4427; x_wconf 89' lang='lat' dir='ltr'><strong>erat,</strong></span> <span class='ocrx_word' id='word_1_338' title='bbox 1443 4359 1726 4428; x_wconf 90' lang='lat' dir='ltr'><strong>viliorique</strong></span> <span class='ocrx_word' id='word_1_339' title='bbox 1748 4372 1906 4427; x_wconf 91' lang='lat' dir='ltr'><strong>quam</strong></span> 
     </span>
    </p>
   </div>
   <div class='ocr_carea' id='block_1_44' title="bbox 296 4450 1910 4523">
    <p class='ocr_par' dir='ltr' id='par_1_44' title="bbox 296 4450 1910 4523">
     <span class='ocr_line' id='line_1_44' title="bbox 296 4450 1910 4523; baseline -0.012 0"><span class='ocrx_word' id='word_1_340' title='bbox 296 4469 437 4523; x_wconf 83' lang='lat' dir='ltr'><strong>servi</strong></span> <span class='ocrx_word' id='word_1_341' title='bbox 463 4467 546 4521; x_wconf 87' lang='lat' dir='ltr'><strong>sui</strong></span> <span class='ocrx_word' id='word_1_342' title='bbox 576 4474 725 4520; x_wconf 89' lang='lat' dir='ltr'><strong>veste</strong></span> <span class='ocrx_word' id='word_1_343' title='bbox 752 4461 1034 4519; x_wconf 88' lang='lat' dir='ltr'><strong>induatur:</strong></span> <span class='ocrx_word' id='word_1_344' title='bbox 1062 4474 1188 4514; x_wconf 91' lang='lat' dir='ltr'><strong>num</strong></span> <span class='ocrx_word' id='word_1_345' title='bbox 1218 4456 1347 4512; x_wconf 85' lang='lat' dir='ltr'><strong>satis</strong></span> <span class='ocrx_word' id='word_1_346' title='bbox 1384 4454 1579 4509; x_wconf 90' lang='lat' dir='ltr'><strong>multas</strong></span> <span class='ocrx_word' id='word_1_347' title='bbox 1608 4450 1910 4506; x_wconf 86' lang='lat' dir='ltr'><strong>accusatori</strong></span> 
     </span>
    </p>
   </div>
   <div class='ocr_carea' id='block_1_45' title="bbox 298 4541 1908 4622">
    <p class='ocr_par' dir='ltr' id='par_1_45' title="bbox 298 4541 1908 4622">
     <span class='ocr_line' id='line_1_45' title="bbox 298 4541 1908 4622; baseline -0.014 -5"><span class='ocrx_word' id='word_1_348' title='bbox 298 4561 545 4617; x_wconf 86' lang='lat' dir='ltr'><strong>dedimus</strong></span> <span class='ocrx_word' id='word_1_349' title='bbox 574 4572 766 4622; x_wconf 88' lang='lat' dir='ltr'><strong>ansas,</strong></span> <span class='ocrx_word' id='word_1_350' title='bbox 807 4570 876 4609; x_wconf 92' lang='lat' dir='ltr'><strong>an</strong></span> <span class='ocrx_word' id='word_1_351' title='bbox 914 4552 1045 4607; x_wconf 88' lang='lat' dir='ltr'><strong>satis</strong></span> <span class='ocrx_word' id='word_1_352' title='bbox 1088 4546 1454 4604; x_wconf 87' lang='lat' dir='ltr'><strong>adversarium</strong></span> <span class='ocrx_word' id='word_1_353' title='bbox 1510 4541 1908 4597; x_wconf 77' lang='lat' dir='ltr'><strong>instruximus?</strong></span> 
     </span>
    </p>
   </div>
   <div class='ocr_carea' id='block_1_46' title="bbox 302 4634 1907 4711">
    <p class='ocr_par' dir='ltr' id='par_1_46' title="bbox 302 4634 1907 4711">
     <span class='ocr_line' id='line_1_46' title="bbox 302 4634 1907 4711; baseline -0.016 0"><span class='ocrx_word' id='word_1_354' title='bbox 302 4656 360 4711; x_wconf 87' lang='lat' dir='ltr'><strong>Si</strong></span> <span class='ocrx_word' id='word_1_355' title='bbox 402 4653 518 4708; x_wconf 69' lang='lat' dir='ltr'><strong>bare</strong></span> <span class='ocrx_word' id='word_1_356' title='bbox 556 4666 661 4705; x_wconf 91' lang='lat' dir='ltr'><strong>non</strong></span> <span class='ocrx_word' id='word_1_357' title='bbox 706 4648 839 4703; x_wconf 91' lang='lat' dir='ltr'><strong>satis</strong></span> <span class='ocrx_word' id='word_1_358' title='bbox 882 4645 1026 4709; x_wconf 86' lang='lat' dir='ltr'><strong>sint,</strong></span> <span class='ocrx_word' id='word_1_359' title='bbox 1073 4642 1178 4696; x_wconf 91' lang='lat' dir='ltr'><strong>alia</strong></span> <span class='ocrx_word' id='word_1_360' title='bbox 1225 4652 1439 4709; x_wconf 91' lang='lat' dir='ltr'><strong>quoque</strong></span> <span class='ocrx_word' id='word_1_361' title='bbox 1477 4634 1907 4704; x_wconf 89' lang='lat' dir='ltr'><strong>suppeditemus.</strong></span> 
     </span>
    </p>
   </div>
   <div class='ocr_carea' id='block_1_47' title="bbox 291 4724 1909 4812">
    <p class='ocr_par' dir='ltr' id='par_1_47' title="bbox 291 4724 1909 4812">
     <span class='ocr_line' id='line_1_47' title="bbox 291 4724 1909 4812; baseline -0.017 -8"><span class='ocrx_word' id='word_1_362' title='bbox 291 4750 579 4812; x_wconf 61' lang='lat' dir='ltr'><strong>Praeterea</strong></span> <span class='ocrx_word' id='word_1_363' title='bbox 608 4756 797 4796; x_wconf 84' lang='lat' dir='ltr'><strong>omnes</strong></span> <span class='ocrx_word' id='word_1_364' title='bbox 827 4746 1038 4793; x_wconf 88' lang='lat' dir='ltr'><strong>moveat</strong></span> <span class='ocrx_word' id='word_1_365' title='bbox 1070 4732 1346 4788; x_wconf 86' lang='lat' dir='ltr'><strong>machinas</strong></span> <span class='ocrx_word' id='word_1_366' title='bbox 1370 4738 1525 4799; x_wconf 89' lang='lat' dir='ltr'><strong>pater</strong></span> <span class='ocrx_word' id='word_1_367' title='bbox 1544 4768 1558 4794; x_wconf 92' lang='lat'><strong>,</strong></span> <span class='ocrx_word' id='word_1_368' title='bbox 1588 4734 1645 4780; x_wconf 93' lang='lat' dir='ltr'><strong>ut</strong></span> <span class='ocrx_word' id='word_1_369' title='bbox 1674 4724 1841 4778; x_wconf 86' lang='lat' dir='ltr'><strong>lilium</strong></span> <span class='ocrx_word' id='word_1_370' title='bbox 1867 4737 1909 4776; x_wconf 53' lang='lat' dir='ltr'><strong>&#39;a</strong></span> 
     </span>
    </p>
   </div>
   <div class='ocr_carea' id='block_1_48' title="bbox 303 4817 1912 4911">
    <p class='ocr_par' dir='ltr' id='par_1_48' title="bbox 303 4817 1912 4911">
     <span class='ocr_line' id='line_1_48' title="bbox 303 4817 1912 4911; baseline -0.014 -19"><span class='ocrx_word' id='word_1_371' title='bbox 303 4839 581 4911; x_wconf 83' lang='lat' dir='ltr'><strong>proposito</strong></span> <span class='ocrx_word' id='word_1_372' title='bbox 622 4834 887 4897; x_wconf 87' lang='lat' dir='ltr'><strong>deducat;</strong></span> <span class='ocrx_word' id='word_1_373' title='bbox 934 4830 1029 4885; x_wconf 87' lang='lat' dir='ltr'><strong>sed</strong></span> <span class='ocrx_word' id='word_1_374' title='bbox 1069 4829 1372 4889; x_wconf 90' lang='lat' dir='ltr'><strong>incassum,</strong></span> <span class='ocrx_word' id='word_1_375' title='bbox 1431 4829 1615 4892; x_wconf 89' lang='lat' dir='ltr'><strong>utpote</strong></span> <span class='ocrx_word' id='word_1_376' title='bbox 1654 4834 1776 4873; x_wconf 90' lang='lat' dir='ltr'><strong>cum</strong></span> <span class='ocrx_word' id='word_1_377' title='bbox 1823 4817 1912 4871; x_wconf 88' lang='lat' dir='ltr'><strong>ille</strong></span> 
     </span>
    </p>
   </div>
   <div class='ocr_carea' id='block_1_49' title="bbox 303 4910 1913 5004">
    <p class='ocr_par' dir='ltr' id='par_1_49' title="bbox 303 4910 1913 5004">
     <span class='ocr_line' id='line_1_49' title="bbox 303 4910 1913 5004; baseline -0.016 -16"><span class='ocrx_word' id='word_1_378' title='bbox 303 4910 464 5004; x_wconf 77' lang='lat' dir='ltr'><strong>supra</strong></span> <span class='ocrx_word' id='word_1_379' title='bbox 496 4940 699 5001; x_wconf 87' lang='lat' dir='ltr'><strong>petram</strong></span> <span class='ocrx_word' id='word_1_380' title='bbox 727 4925 1022 4982; x_wconf 85' lang='lat' dir='ltr'><strong>collocatus</strong></span> <span class='ocrx_word' id='word_1_381' title='bbox 1053 4920 1142 4984; x_wconf 90' lang='lat' dir='ltr'><strong>sit,</strong></span> <span class='ocrx_word' id='word_1_382' title='bbox 1190 4933 1253 4972; x_wconf 88' lang='lat' dir='ltr'><strong>ac</strong></span> <span class='ocrx_word' id='word_1_383' title='bbox 1280 4914 1609 4979; x_wconf 82' lang='lat' dir='ltr'><strong>ﬂuminibus,</strong></span> <span class='ocrx_word' id='word_1_384' title='bbox 1640 4910 1833 4982; x_wconf 86' lang='lat' dir='ltr'><strong>pluviis</strong></span> <span class='ocrx_word' id='word_1_385' title='bbox 1858 4918 1913 4963; x_wconf 89' lang='lat' dir='ltr'><strong>et</strong></span> 
     </span>
    </p>
   </div>
   <div class='ocr_carea' id='block_1_50' title="bbox 303 5000 1910 5083">
    <p class='ocr_par' dir='ltr' id='par_1_50' title="bbox 303 5000 1910 5083">
     <span class='ocr_line' id='line_1_50' title="bbox 303 5000 1910 5083; baseline -0.016 -3"><span class='ocrx_word' id='word_1_386' title='bbox 303 5000 481 5083; x_wconf 81' lang='lat' dir='ltr'><strong>ventis</strong></span> <span class='ocrx_word' id='word_1_387' title='bbox 502 5000 710 5078; x_wconf 85' lang='lat' dir='ltr'><strong>cedere</strong></span> <span class='ocrx_word' id='word_1_388' title='bbox 746 5032 853 5072; x_wconf 90' lang='lat' dir='ltr'><strong>non</strong></span> <span class='ocrx_word' id='word_1_389' title='bbox 880 5015 1053 5073; x_wconf 80' lang='lat' dir='ltr'><strong>norit;</strong></span> <span class='ocrx_word' id='word_1_390' title='bbox 1083 5012 1262 5080; x_wconf 81' lang='lat' dir='ltr'><strong>lugeat</strong></span> <span class='ocrx_word' id='word_1_391' title='bbox 1289 5009 1415 5063; x_wconf 89' lang='lat' dir='ltr'><strong>item</strong></span> <span class='ocrx_word' id='word_1_392' title='bbox 1444 5015 1596 5075; x_wconf 89' lang='lat' dir='ltr'><strong>pater</strong></span> <span class='ocrx_word' id='word_1_393' title='bbox 1643 5000 1804 5073; x_wconf 86' lang='lat' dir='ltr'><strong>atque</strong></span> <span class='ocrx_word' id='word_1_394' title='bbox 1831 5002 1910 5055; x_wconf 88' lang='lat' dir='ltr'><strong>la-</strong></span> 
     </span>
    </p>
   </div>
   <div class='ocr_carea' id='block_1_51' title="bbox 305 5095 1911 5188">
    <p class='ocr_par' dir='ltr' id='par_1_51' title="bbox 305 5095 1911 5188">
     <span class='ocr_line' id='line_1_51' title="bbox 305 5095 1911 5188; baseline -0.017 -16"><span class='ocrx_word' id='word_1_395' title='bbox 305 5131 518 5188; x_wconf 77' lang='lat' dir='ltr'><strong>crymas</strong></span> <span class='ocrx_word' id='word_1_396' title='bbox 546 5112 773 5171; x_wconf 89' lang='lat' dir='ltr'><strong>emittat,</strong></span> <span class='ocrx_word' id='word_1_397' title='bbox 808 5109 878 5161; x_wconf 87' lang='lat' dir='ltr'><strong>ita</strong></span> <span class='ocrx_word' id='word_1_398' title='bbox 908 5114 969 5159; x_wconf 86' lang='lat' dir='ltr'><strong>ut</strong></span> <span class='ocrx_word' id='word_1_399' title='bbox 998 5100 1424 5172; x_wconf 80' lang='lat' dir='ltr'><strong>indignationem</strong></span> <span class='ocrx_word' id='word_1_400' title='bbox 1448 5095 1690 5150; x_wconf 89' lang='lat' dir='ltr'><strong>omnium</strong></span> <span class='ocrx_word' id='word_1_401' title='bbox 1724 5103 1911 5148; x_wconf 89' lang='lat' dir='ltr'><strong>contra</strong></span> 
     </span>
    </p>
   </div>
   <div class='ocr_carea' id='block_1_52' title="bbox 309 5187 1910 5264">
    <p class='ocr_par' dir='ltr' id='par_1_52' title="bbox 309 5187 1910 5264">
     <span class='ocr_line' id='line_1_52' title="bbox 309 5187 1910 5264; baseline -0.015 -1"><span class='ocrx_word' id='word_1_402' title='bbox 309 5187 406 5264; x_wconf 83' lang='lat' dir='ltr'><strong>nos</strong></span> <span class='ocrx_word' id='word_1_403' title='bbox 439 5204 726 5261; x_wconf 80' lang='lat' dir='ltr'><strong>incendat:</strong></span> <span class='ocrx_word' id='word_1_404' title='bbox 772 5199 1054 5254; x_wconf 88' lang='lat' dir='ltr'><strong>universos</strong></span> <span class='ocrx_word' id='word_1_405' title='bbox 1096 5193 1404 5262; x_wconf 81' lang='lat' dir='ltr'><strong>frequenter</strong></span> <span class='ocrx_word' id='word_1_406' title='bbox 1446 5188 1603 5243; x_wconf 83' lang='lat' dir='ltr'><strong>adeat</strong></span> <span class='ocrx_word' id='word_1_407' title='bbox 1634 5195 1691 5241; x_wconf 90' lang='lat' dir='ltr'><strong>ut</strong></span> <span class='ocrx_word' id='word_1_408' title='bbox 1729 5200 1828 5242; x_wconf 88' lang='lat' dir='ltr'><strong>nos</strong></span> <span class='ocrx_word' id='word_1_409' title='bbox 1860 5187 1910 5239; x_wconf 91' lang='lat' dir='ltr'><strong>in</strong></span> 
     </span>
    </p>
   </div>
   <div class='ocr_carea' id='block_1_53' title="bbox 306 5277 1909 5357">
    <p class='ocr_par' dir='ltr' id='par_1_53' title="bbox 306 5277 1909 5357">
     <span class='ocr_line' id='line_1_53' title="bbox 306 5277 1909 5357; baseline -0.018 0"><span class='ocrx_word' id='word_1_410' title='bbox 306 5301 510 5357; x_wconf 84' lang='lat' dir='ltr'><strong>crimen</strong></span> <span class='ocrx_word' id='word_1_411' title='bbox 542 5302 723 5349; x_wconf 88' lang='lat' dir='ltr'><strong>vocet:</strong></span> <span class='ocrx_word' id='word_1_412' title='bbox 751 5289 960 5354; x_wconf 86' lang='lat' dir='ltr'><strong>Genui,</strong></span> <span class='ocrx_word' id='word_1_413' title='bbox 984 5284 1202 5341; x_wconf 85' lang='lat' dir='ltr'><strong>educavi</strong></span> <span class='ocrx_word' id='word_1_414' title='bbox 1229 5324 1243 5347; x_wconf 91' lang='lat'><strong>,</strong></span> <span class='ocrx_word' id='word_1_415' title='bbox 1274 5291 1594 5349; x_wconf 58' lang='lat' dir='ltr'><strong>aetatemque</strong></span> <span class='ocrx_word' id='word_1_416' title='bbox 1616 5293 1829 5333; x_wconf 90' lang='lat' dir='ltr'><strong>omnem</strong></span> <span class='ocrx_word' id='word_1_417' title='bbox 1860 5277 1909 5330; x_wconf 88' lang='lat' dir='ltr'><strong>in</strong></span> 
     </span>
    </p>
   </div>
   <div class='ocr_carea' id='block_1_54' title="bbox 308 5369 1913 5445">
    <p class='ocr_par' dir='ltr' id='par_1_54' title="bbox 308 5369 1913 5445">
     <span class='ocr_line' id='line_1_54' title="bbox 308 5369 1913 5445; baseline -0.014 -1"><span class='ocrx_word' id='word_1_418' title='bbox 308 5388 563 5445; x_wconf 73' lang='lat' dir='ltr'><strong>mrumnis</strong></span> <span class='ocrx_word' id='word_1_419' title='bbox 587 5382 837 5445; x_wconf 87' lang='lat' dir='ltr'><strong>contrivi,</strong></span> <span class='ocrx_word' id='word_1_420' title='bbox 883 5375 1079 5433; x_wconf 89' lang='lat' dir='ltr'><strong>cuncta</strong></span> <span class='ocrx_word' id='word_1_421' title='bbox 1119 5388 1283 5445; x_wconf 87' lang='lat' dir='ltr'><strong>agens</strong></span> <span class='ocrx_word' id='word_1_422' title='bbox 1327 5379 1383 5426; x_wconf 91' lang='lat' dir='ltr'><strong>et</strong></span> <span class='ocrx_word' id='word_1_423' title='bbox 1412 5369 1623 5439; x_wconf 89' lang='lat' dir='ltr'><strong>patiens</strong></span> <span class='ocrx_word' id='word_1_424' title='bbox 1650 5375 1820 5437; x_wconf 73' lang='lat' dir='ltr'><strong>,‘qua:</strong></span> <span class='ocrx_word' id='word_1_425' title='bbox 1846 5382 1913 5421; x_wconf 83' lang='lat' dir='ltr'><strong>ex</strong></span> 
     </span>
    </p>
   </div>
   <div class='ocr_carea' id='block_1_55' title="bbox 313 5457 1915 5537">
    <p class='ocr_par' dir='ltr' id='par_1_55' title="bbox 313 5457 1915 5537">
     <span class='ocr_line' id='line_1_55' title="bbox 313 5457 1915 5537; baseline -0.017 -1"><span class='ocrx_word' id='word_1_426' title='bbox 313 5480 413 5537; x_wconf 87' lang='lat' dir='ltr'><strong>hac</strong></span> <span class='ocrx_word' id='word_1_427' title='bbox 454 5480 744 5533; x_wconf 90' lang='lat' dir='ltr'><strong>liberorum</strong></span> <span class='ocrx_word' id='word_1_428' title='bbox 771 5470 1092 5528; x_wconf 87' lang='lat' dir='ltr'><strong>educatione</strong></span> <span class='ocrx_word' id='word_1_429' title='bbox 1116 5464 1363 5519; x_wconf 82' lang='lat' dir='ltr'><strong>accidere</strong></span> <span class='ocrx_word' id='word_1_430' title='bbox 1391 5461 1567 5516; x_wconf 87' lang='lat' dir='ltr'><strong>solent</strong></span> <span class='ocrx_word' id='word_1_431' title='bbox 1598 5476 1611 5512; x_wconf 91' lang='lat'><strong>:</strong></span> <span class='ocrx_word' id='word_1_432' title='bbox 1637 5473 1787 5527; x_wconf 79' lang='lat' dir='ltr'><strong>Spem</strong></span> <span class='ocrx_word' id='word_1_433' title='bbox 1821 5457 1915 5509; x_wconf 92' lang='lat' dir='ltr'><strong>ha-</strong></span> 
     </span>
    </p>
   </div>
   <div class='ocr_carea' id='block_1_56' title="bbox 314 5548 1914 5638">
    <p class='ocr_par' dir='ltr' id='par_1_56' title="bbox 314 5548 1914 5638">
     <span class='ocr_line' id='line_1_56' title="bbox 314 5548 1914 5638; baseline -0.014 -13"><span class='ocrx_word' id='word_1_434' title='bbox 314 5571 399 5625; x_wconf 89' lang='lat' dir='ltr'><strong>bui</strong></span> <span class='ocrx_word' id='word_1_435' title='bbox 423 5569 681 5638; x_wconf 88' lang='lat' dir='ltr'><strong>optimam</strong></span> <span class='ocrx_word' id='word_1_436' title='bbox 705 5607 720 5633; x_wconf 90' lang='lat'><strong>,</strong></span> <span class='ocrx_word' id='word_1_437' title='bbox 750 5563 1072 5633; x_wconf 73' lang='lat' dir='ltr'><strong>pmdagogos</strong></span> <span class='ocrx_word' id='word_1_438' title='bbox 1094 5557 1400 5638; x_wconf 79' lang='lat' dir='ltr'><strong>alloquutus</strong></span> <span class='ocrx_word' id='word_1_439' title='bbox 1425 5566 1543 5605; x_wconf 88' lang='lat' dir='ltr'><strong>sum</strong></span> <span class='ocrx_word' id='word_1_440' title='bbox 1564 5590 1580 5618; x_wconf 90' lang='lat'><strong>,</strong></span> <span class='ocrx_word' id='word_1_441' title='bbox 1626 5548 1914 5618; x_wconf 80' lang='lat' dir='ltr'><strong>magistros</strong></span> 
     </span>
    </p>
   </div>
   <div class='ocr_carea' id='block_1_57' title="bbox 313 5634 1912 5725">
    <p class='ocr_par' dir='ltr' id='par_1_57' title="bbox 313 5634 1912 5725">
     <span class='ocr_line' id='line_1_57' title="bbox 313 5634 1912 5725; baseline -0.014 -10"><span class='ocrx_word' id='word_1_442' title='bbox 313 5658 635 5724; x_wconf 89' lang='lat' dir='ltr'><strong>obsecravi,</strong></span> <span class='ocrx_word' id='word_1_443' title='bbox 686 5654 941 5725; x_wconf 87' lang='lat' dir='ltr'><strong>pecunias</strong></span> <span class='ocrx_word' id='word_1_444' title='bbox 984 5634 1260 5719; x_wconf 77' lang='lat' dir='ltr'><strong>impendi,</strong></span> <span class='ocrx_word' id='word_1_445' title='bbox 1308 5642 1527 5714; x_wconf 88' lang='lat' dir='ltr'><strong>vigilavi</strong></span> <span class='ocrx_word' id='word_1_446' title='bbox 1556 5656 1701 5711; x_wconf 67' lang='lat' dir='ltr'><strong>saepe</strong></span> <span class='ocrx_word' id='word_1_447' title='bbox 1726 5655 1912 5694; x_wconf 79' lang='lat' dir='ltr'><strong>curam</strong></span> 
     </span>
    </p>
   </div>
   <div class='ocr_carea' id='block_1_58' title="bbox 314 5733 1914 5820">
    <p class='ocr_par' dir='ltr' id='par_1_58' title="bbox 314 5733 1914 5820">
     <span class='ocr_line' id='line_1_58' title="bbox 314 5733 1914 5820; baseline -0.013 -14"><span class='ocrx_word' id='word_1_448' title='bbox 314 5765 507 5820; x_wconf 86' lang='lat' dir='ltr'><strong>gerens</strong></span> <span class='ocrx_word' id='word_1_449' title='bbox 528 5748 594 5802; x_wconf 87' lang='lat' dir='ltr'><strong>de</strong></span> <span class='ocrx_word' id='word_1_450' title='bbox 618 5753 831 5809; x_wconf 88' lang='lat' dir='ltr'><strong>ornatu,</strong></span> <span class='ocrx_word' id='word_1_451' title='bbox 858 5743 925 5797; x_wconf 87' lang='lat' dir='ltr'><strong>de</strong></span> <span class='ocrx_word' id='word_1_452' title='bbox 947 5739 1300 5801; x_wconf 89' lang='lat' dir='ltr'><strong>institutione,</strong></span> <span class='ocrx_word' id='word_1_453' title='bbox 1326 5744 1383 5789; x_wconf 90' lang='lat' dir='ltr'><strong>ut</strong></span> <span class='ocrx_word' id='word_1_454' title='bbox 1402 5733 1669 5801; x_wconf 85' lang='lat' dir='ltr'><strong>majorum</strong></span> <span class='ocrx_word' id='word_1_455' title='bbox 1695 5745 1914 5785; x_wconf 90' lang='lat' dir='ltr'><strong>suorum</strong></span> 
     </span>
    </p>
   </div>
   <div class='ocr_carea' id='block_1_59' title="bbox 316 5822 1911 5901">
    <p class='ocr_par' dir='ltr' id='par_1_59' title="bbox 316 5822 1911 5901">
     <span class='ocr_line' id='line_1_59' title="bbox 316 5822 1911 5901; baseline -0.012 -4"><span class='ocrx_word' id='word_1_456' title='bbox 316 5840 516 5897; x_wconf 85' lang='lat' dir='ltr'><strong>nemini</strong></span> <span class='ocrx_word' id='word_1_457' title='bbox 539 5838 759 5893; x_wconf 85' lang='lat' dir='ltr'><strong>inferior</strong></span> <span class='ocrx_word' id='word_1_458' title='bbox 779 5843 943 5901; x_wconf 91' lang='lat' dir='ltr'><strong>esset,</strong></span> <span class='ocrx_word' id='word_1_459' title='bbox 964 5841 1022 5888; x_wconf 89' lang='lat' dir='ltr'><strong>ut</strong></span> <span class='ocrx_word' id='word_1_460' title='bbox 1044 5828 1295 5885; x_wconf 83' lang='lat' dir='ltr'><strong>erunibus</strong></span> <span class='ocrx_word' id='word_1_461' title='bbox 1314 5831 1599 5897; x_wconf 83' lang='lat' dir='ltr'><strong>appareret</strong></span> <span class='ocrx_word' id='word_1_462' title='bbox 1619 5822 1911 5879; x_wconf 89' lang='lat' dir='ltr'><strong>illustrior:</strong></span> 
     </span>
    </p>
   </div>
   <div class='ocr_carea' id='block_1_60' title="bbox 320 5914 1910 6005">
    <p class='ocr_par' dir='ltr' id='par_1_60' title="bbox 320 5914 1910 6005">
     <span class='ocr_line' id='line_1_60' title="bbox 320 5914 1910 6005; baseline -0.011 -14"><span class='ocrx_word' id='word_1_463' title='bbox 320 5931 696 6005; x_wconf 71' lang='lat' dir='ltr'><strong>cx&lt;pcctabam</strong></span> <span class='ocrx_word' id='word_1_464' title='bbox 724 5928 868 5987; x_wconf 90' lang='lat' dir='ltr'><strong>hunc</strong></span> <span class='ocrx_word' id='word_1_465' title='bbox 904 5922 1168 5986; x_wconf 83' lang='lat' dir='ltr'><strong>senectuti</strong></span> <span class='ocrx_word' id='word_1_466' title='bbox 1208 5935 1344 5981; x_wconf 79' lang='lat' dir='ltr'><strong>mea:</strong></span> <span class='ocrx_word' id='word_1_467' title='bbox 1372 5918 1563 5979; x_wconf 85' lang='lat' dir='ltr'><strong>solatio</strong></span> <span class='ocrx_word' id='word_1_468' title='bbox 1590 5914 1705 5976; x_wconf 82' lang='lat' dir='ltr'><strong>lore</strong></span> <span class='ocrx_word' id='word_1_469' title='bbox 1737 5934 1749 5971; x_wconf 92' lang='lat'><strong>:</strong></span> <span class='ocrx_word' id='word_1_470' title='bbox 1785 5933 1910 5989; x_wconf 79' lang='lat' dir='ltr'><strong>pro-</strong></span> 
     </span>
    </p>
   </div>
   <div class='ocr_carea' id='block_1_61' title="bbox 1044 481 2838 575">
    <p class='ocr_par' dir='ltr' id='par_1_61' title="bbox 1044 481 2838 575">
     <span class='ocr_line' id='line_1_61' title="bbox 1044 481 2838 575; baseline -0.007 -23"><span class='ocrx_word' id='word_1_471' title='bbox 1044 490 1411 552; x_wconf 77' lang='lat' dir='ltr'><strong>ADVERSUS</strong></span> <span class='ocrx_word' id='word_1_472' title='bbox 1449 485 2002 575; x_wconf 76' lang='lat' dir='ltr'><strong>OPPUGNATQRES</strong></span> <span class='ocrx_word' id='word_1_473' title='bbox 2039 483 2230 542; x_wconf 69' lang='lat' dir='ltr'><strong>YITE</strong></span> <span class='ocrx_word' id='word_1_474' title='bbox 2266 482 2559 542; x_wconf 76' lang='lat' dir='ltr'><strong>MONAST.</strong></span> <span class='ocrx_word' id='word_1_475' title='bbox 2598 482 2732 541; x_wconf 83' lang='lat' dir='ltr'><strong>LIB.</strong></span> <span class='ocrx_word' id='word_1_476' title='bbox 2774 481 2838 540; x_wconf 87' lang='lat' dir='ltr'><strong>ll.</strong></span> 
     </span>
    </p>
   </div>
   <div class='ocr_carea' id='block_1_62' title="bbox 3482 483 3589 541">
    <p class='ocr_par' dir='ltr' id='par_1_62' title="bbox 3482 483 3589 541">
     <span class='ocr_line' id='line_1_62' title="bbox 3482 483 3589 541; baseline 0.019 -2"><span class='ocrx_word' id='word_1_477' title='bbox 3482 483 3589 541; x_wconf 67' lang='lat'><strong>33-5</strong></span> 
     </span>
    </p>
   </div>
   <div class='ocr_carea' id='block_1_63' title="bbox 1997 595 3585 669">
    <p class='ocr_par' dir='ltr' id='par_1_63' title="bbox 1997 595 3585 669">
     <span class='ocr_line' id='line_1_63' title="bbox 1997 595 3585 669; baseline -0.001 -15"><span class='ocrx_word' id='word_1_478' title='bbox 1997 614 2152 655; x_wconf 88' lang='lat' dir='ltr'><strong>cessu</strong></span> <span class='ocrx_word' id='word_1_479' title='bbox 2173 598 2429 669; x_wconf 87' lang='lat' dir='ltr'><strong>temporis</strong></span> <span class='ocrx_word' id='word_1_480' title='bbox 2448 597 2515 653; x_wconf 93' lang='lat' dir='ltr'><strong>de</strong></span> <span class='ocrx_word' id='word_1_481' title='bbox 2536 612 2704 653; x_wconf 86' lang='lat' dir='ltr'><strong>uxore</strong></span> <span class='ocrx_word' id='word_1_482' title='bbox 2728 604 2783 653; x_wconf 89' lang='lat' dir='ltr'><strong>et</strong></span> <span class='ocrx_word' id='word_1_483' title='bbox 2807 595 2876 654; x_wconf 88' lang='lat' dir='ltr'><strong>de</strong></span> <span class='ocrx_word' id='word_1_484' title='bbox 2903 596 3249 653; x_wconf 89' lang='lat' dir='ltr'><strong>matrimonio</strong></span> <span class='ocrx_word' id='word_1_485' title='bbox 3266 596 3585 668; x_wconf 85' lang='lat' dir='ltr'><strong>cogitabam,</strong></span> 
     </span>
    </p>
   </div>
   <div class='ocr_carea' id='block_1_64' title="bbox 1995 686 3589 761">
    <p class='ocr_par' dir='ltr' id='par_1_64' title="bbox 1995 686 3589 761">
     <span class='ocr_line' id='line_1_64' title="bbox 1995 686 3589 761; baseline -0.004 -14"><span class='ocrx_word' id='word_1_486' title='bbox 1995 690 2063 747; x_wconf 92' lang='lat' dir='ltr'><strong>de</strong></span> <span class='ocrx_word' id='word_1_487' title='bbox 2084 689 2341 761; x_wconf 87' lang='lat' dir='ltr'><strong>imperio,</strong></span> <span class='ocrx_word' id='word_1_488' title='bbox 2373 688 2442 744; x_wconf 91' lang='lat' dir='ltr'><strong>de</strong></span> <span class='ocrx_word' id='word_1_489' title='bbox 2482 689 2829 759; x_wconf 85' lang='lat' dir='ltr'><strong>magistratu;</strong></span> <span class='ocrx_word' id='word_1_490' title='bbox 2872 702 2996 744; x_wconf 92' lang='lat' dir='ltr'><strong>cum</strong></span> <span class='ocrx_word' id='word_1_491' title='bbox 3037 687 3329 759; x_wconf 88' lang='lat' dir='ltr'><strong>derepente</strong></span> <span class='ocrx_word' id='word_1_492' title='bbox 3357 702 3456 744; x_wconf 87' lang='lat' dir='ltr'><strong>ceu</strong></span> <span class='ocrx_word' id='word_1_493' title='bbox 3488 686 3589 742; x_wconf 82' lang='lat' dir='ltr'><strong>ful-</strong></span> 
     </span>
    </p>
   </div>
   <div class='ocr_carea' id='block_1_65' title="bbox 1998 776 3591 849">
    <p class='ocr_par' dir='ltr' id='par_1_65' title="bbox 1998 776 3591 849">
     <span class='ocr_line' id='line_1_65' title="bbox 1998 776 3591 849; baseline -0.003 -12"><span class='ocrx_word' id='word_1_494' title='bbox 1998 794 2119 837; x_wconf 90' lang='lat' dir='ltr'><strong>men</strong></span> <span class='ocrx_word' id='word_1_495' title='bbox 2147 792 2201 835; x_wconf 89' lang='lat' dir='ltr'><strong>et</strong></span> <span class='ocrx_word' id='word_1_496' title='bbox 2233 777 2469 848; x_wconf 91' lang='lat' dir='ltr'><strong>procella</strong></span> <span class='ocrx_word' id='word_1_497' title='bbox 2499 777 2683 832; x_wconf 89' lang='lat' dir='ltr'><strong>nescio</strong></span> <span class='ocrx_word' id='word_1_498' title='bbox 2721 776 2865 833; x_wconf 92' lang='lat' dir='ltr'><strong>unde</strong></span> <span class='ocrx_word' id='word_1_499' title='bbox 2907 777 3121 833; x_wconf 85' lang='lat' dir='ltr'><strong>irruens</strong></span> <span class='ocrx_word' id='word_1_500' title='bbox 3148 779 3591 849; x_wconf 87' lang='lat' dir='ltr'><strong>pretiosissimam</strong></span> 
     </span>
    </p>
   </div>
   <div class='ocr_carea' id='block_1_66' title="bbox 1998 870 3594 942">
    <p class='ocr_par' dir='ltr' id='par_1_66' title="bbox 1998 870 3594 942">
     <span class='ocr_line' id='line_1_66' title="bbox 1998 870 3594 942; baseline -0.003 -13"><span class='ocrx_word' id='word_1_501' title='bbox 1998 889 2190 929; x_wconf 87' lang='lat' dir='ltr'><strong>navem</strong></span> <span class='ocrx_word' id='word_1_502' title='bbox 2214 916 2228 942; x_wconf 89' lang='lat'><strong>,</strong></span> <span class='ocrx_word' id='word_1_503' title='bbox 2260 873 2440 927; x_wconf 88' lang='lat' dir='ltr'><strong>multis</strong></span> <span class='ocrx_word' id='word_1_504' title='bbox 2485 873 2710 928; x_wconf 83' lang='lat' dir='ltr'><strong>sarcinis</strong></span> <span class='ocrx_word' id='word_1_505' title='bbox 2744 872 3034 937; x_wconf 90' lang='lat' dir='ltr'><strong>refertam,</strong></span> <span class='ocrx_word' id='word_1_506' title='bbox 3060 871 3336 942; x_wconf 89' lang='lat' dir='ltr'><strong>latumque</strong></span> <span class='ocrx_word' id='word_1_507' title='bbox 3376 870 3594 942; x_wconf 80' lang='lat' dir='ltr'><strong>pelagus</strong></span> 
     </span>
    </p>
   </div>
   <div class='ocr_carea' id='block_1_67' title="bbox 1998 964 3592 1035">
    <p class='ocr_par' dir='ltr' id='par_1_67' title="bbox 1998 964 3592 1035">
     <span class='ocr_line' id='line_1_67' title="bbox 1998 964 3592 1035; baseline -0.002 -14"><span class='ocrx_word' id='word_1_508' title='bbox 1998 981 2294 1031; x_wconf 90' lang='lat' dir='ltr'><strong>emensam,</strong></span> <span class='ocrx_word' id='word_1_509' title='bbox 2314 966 2551 1021; x_wconf 88' lang='lat' dir='ltr'><strong>secundo</strong></span> <span class='ocrx_word' id='word_1_510' title='bbox 2568 974 2727 1021; x_wconf 89' lang='lat' dir='ltr'><strong>vento</strong></span> <span class='ocrx_word' id='word_1_511' title='bbox 2749 968 3108 1035; x_wconf 81' lang='lat' dir='ltr'><strong>navigantem,</strong></span> <span class='ocrx_word' id='word_1_512' title='bbox 3127 979 3246 1019; x_wconf 89' lang='lat' dir='ltr'><strong>cum</strong></span> <span class='ocrx_word' id='word_1_513' title='bbox 3257 964 3367 1035; x_wconf 88' lang='lat' dir='ltr'><strong>jam</strong></span> <span class='ocrx_word' id='word_1_514' title='bbox 3383 974 3592 1034; x_wconf 88' lang='lat' dir='ltr'><strong>portum</strong></span> 
     </span>
    </p>
   </div>
   <div class='ocr_carea' id='block_1_68' title="bbox 1997 1054 3596 1135">
    <p class='ocr_par' dir='ltr' id='par_1_68' title="bbox 1997 1054 3596 1135">
     <span class='ocr_line' id='line_1_68' title="bbox 1997 1054 3596 1135; baseline -0.004 -21"><span class='ocrx_word' id='word_1_515' title='bbox 1997 1059 2327 1135; x_wconf 63' lang='lat' dir='ltr'><strong>attingeret,</strong></span> <span class='ocrx_word' id='word_1_516' title='bbox 2349 1072 2513 1126; x_wconf 91' lang='lat' dir='ltr'><strong>prope</strong></span> <span class='ocrx_word' id='word_1_517' title='bbox 2552 1057 2726 1126; x_wconf 89' lang='lat' dir='ltr'><strong>ipsum</strong></span> <span class='ocrx_word' id='word_1_518' title='bbox 2751 1056 2948 1112; x_wconf 91' lang='lat' dir='ltr'><strong>ostium</strong></span> <span class='ocrx_word' id='word_1_519' title='bbox 2989 1054 3279 1111; x_wconf 87' lang='lat' dir='ltr'><strong>demersit:</strong></span> <span class='ocrx_word' id='word_1_520' title='bbox 3314 1064 3596 1125; x_wconf 90' lang='lat' dir='ltr'><strong>metusque</strong></span> 
     </span>
    </p>
   </div>
   <div class='ocr_carea' id='block_1_69' title="bbox 2000 1147 3594 1220">
    <p class='ocr_par' dir='ltr' id='par_1_69' title="bbox 2000 1147 3594 1220">
     <span class='ocr_line' id='line_1_69' title="bbox 2000 1147 3594 1220; baseline -0.003 -17"><span class='ocrx_word' id='word_1_521' title='bbox 2000 1151 2188 1220; x_wconf 89' lang='lat' dir='ltr'><strong>ingens</strong></span> <span class='ocrx_word' id='word_1_522' title='bbox 2217 1149 2397 1214; x_wconf 90' lang='lat' dir='ltr'><strong>adest,</strong></span> <span class='ocrx_word' id='word_1_523' title='bbox 2433 1163 2499 1203; x_wconf 90' lang='lat' dir='ltr'><strong>ne</strong></span> <span class='ocrx_word' id='word_1_524' title='bbox 2544 1163 2650 1203; x_wconf 90' lang='lat' dir='ltr'><strong>non</strong></span> <span class='ocrx_word' id='word_1_525' title='bbox 2679 1147 2840 1203; x_wconf 92' lang='lat' dir='ltr'><strong>modo</strong></span> <span class='ocrx_word' id='word_1_526' title='bbox 2880 1156 3179 1202; x_wconf 81' lang='lat' dir='ltr'><strong>extremam</strong></span> <span class='ocrx_word' id='word_1_527' title='bbox 3203 1155 3594 1216; x_wconf 87' lang='lat' dir='ltr'><strong>paupertatem,</strong></span> 
     </span>
    </p>
   </div>
   <div class='ocr_carea' id='block_1_70' title="bbox 1998 1238 3600 1311">
    <p class='ocr_par' dir='ltr' id='par_1_70' title="bbox 1998 1238 3600 1311">
     <span class='ocr_line' id='line_1_70' title="bbox 1998 1238 3600 1311; baseline -0.003 -13"><span class='ocrx_word' id='word_1_528' title='bbox 1998 1243 2094 1299; x_wconf 87' lang='lat' dir='ltr'><strong>sed</strong></span> <span class='ocrx_word' id='word_1_529' title='bbox 2114 1243 2273 1297; x_wconf 80' lang='lat' dir='ltr'><strong>etiam</strong></span> <span class='ocrx_word' id='word_1_530' title='bbox 2290 1240 2649 1296; x_wconf 88' lang='lat' dir='ltr'><strong>miserabilem</strong></span> <span class='ocrx_word' id='word_1_531' title='bbox 2673 1251 2900 1295; x_wconf 90' lang='lat' dir='ltr'><strong>mortem</strong></span> <span class='ocrx_word' id='word_1_532' title='bbox 2918 1255 2981 1295; x_wconf 90' lang='lat' dir='ltr'><strong>ac</strong></span> <span class='ocrx_word' id='word_1_533' title='bbox 2998 1240 3290 1311; x_wconf 89' lang='lat' dir='ltr'><strong>perniciem</strong></span> <span class='ocrx_word' id='word_1_534' title='bbox 3307 1238 3425 1293; x_wconf 92' lang='lat' dir='ltr'><strong>viro</strong></span> <span class='ocrx_word' id='word_1_535' title='bbox 3439 1239 3600 1294; x_wconf 85' lang='lat' dir='ltr'><strong>tantis</strong></span> 
     </span>
    </p>
   </div>
   <div class='ocr_carea' id='block_1_71' title="bbox 2000 1328 3599 1401">
    <p class='ocr_par' dir='ltr' id='par_1_71' title="bbox 2000 1328 3599 1401">
     <span class='ocr_line' id='line_1_71' title="bbox 2000 1328 3599 1401; baseline -0.003 -12"><span class='ocrx_word' id='word_1_536' title='bbox 2000 1332 2204 1389; x_wconf 86' lang='lat' dir='ltr'><strong>divitiis</strong></span> <span class='ocrx_word' id='word_1_537' title='bbox 2242 1334 2505 1388; x_wconf 90' lang='lat' dir='ltr'><strong>instructo</strong></span> <span class='ocrx_word' id='word_1_538' title='bbox 2547 1348 2686 1388; x_wconf 71' lang='lat' dir='ltr'><strong>sreva</strong></span> <span class='ocrx_word' id='word_1_539' title='bbox 2744 1340 3036 1401; x_wconf 89' lang='lat' dir='ltr'><strong>tempestas</strong></span> <span class='ocrx_word' id='word_1_540' title='bbox 3079 1329 3286 1385; x_wconf 84' lang='lat' dir='ltr'><strong>all&#39;erat.</strong></span> <span class='ocrx_word' id='word_1_541' title='bbox 3333 1328 3423 1385; x_wconf 91' lang='lat' dir='ltr'><strong>Sic</strong></span> <span class='ocrx_word' id='word_1_542' title='bbox 3474 1344 3599 1399; x_wconf 84' lang='lat' dir='ltr'><strong>pro-</strong></span> 
     </span>
    </p>
   </div>
   <div class='ocr_carea' id='block_1_72' title="bbox 2003 1420 3592 1494">
    <p class='ocr_par' dir='ltr' id='par_1_72' title="bbox 2003 1420 3592 1494">
     <span class='ocr_line' id='line_1_72' title="bbox 2003 1420 3592 1494; baseline -0.003 -14"><span class='ocrx_word' id='word_1_543' title='bbox 2003 1424 2142 1482; x_wconf 88' lang='lat' dir='ltr'><strong>fecto</strong></span> <span class='ocrx_word' id='word_1_544' title='bbox 2183 1425 2311 1479; x_wconf 92' lang='lat' dir='ltr'><strong>mihi</strong></span> <span class='ocrx_word' id='word_1_545' title='bbox 2353 1440 2493 1480; x_wconf 88' lang='lat' dir='ltr'><strong>nunc</strong></span> <span class='ocrx_word' id='word_1_546' title='bbox 2521 1424 2762 1494; x_wconf 87' lang='lat' dir='ltr'><strong>contigit.</strong></span> <span class='ocrx_word' id='word_1_547' title='bbox 2805 1422 3051 1493; x_wconf 87' lang='lat' dir='ltr'><strong>Namque</strong></span> <span class='ocrx_word' id='word_1_548' title='bbox 3094 1420 3459 1476; x_wconf 80' lang='lat' dir='ltr'><strong>exsecrabiles</strong></span> <span class='ocrx_word' id='word_1_549' title='bbox 3492 1420 3592 1487; x_wconf 93' lang='lat' dir='ltr'><strong>illi,</strong></span> 
     </span>
    </p>
   </div>
   <div class='ocr_carea' id='block_1_73' title="bbox 2004 1512 3596 1588">
    <p class='ocr_par' dir='ltr' id='par_1_73' title="bbox 2004 1512 3596 1588">
     <span class='ocr_line' id='line_1_73' title="bbox 2004 1512 3596 1588; baseline -0.003 -16"><span class='ocrx_word' id='word_1_550' title='bbox 2004 1529 2347 1588; x_wconf 86' lang='lat' dir='ltr'><strong>corruptores</strong></span> <span class='ocrx_word' id='word_1_551' title='bbox 2367 1558 2381 1584; x_wconf 91' lang='lat'><strong>,</strong></span> <span class='ocrx_word' id='word_1_552' title='bbox 2431 1517 2745 1572; x_wconf 90' lang='lat' dir='ltr'><strong>seductores</strong></span> <span class='ocrx_word' id='word_1_553' title='bbox 2773 1512 2932 1588; x_wconf 74' lang='lat' dir='ltr'><strong>(&#39;htec</strong></span> <span class='ocrx_word' id='word_1_554' title='bbox 2956 1513 3101 1569; x_wconf 89' lang='lat' dir='ltr'><strong>enim</strong></span> <span class='ocrx_word' id='word_1_555' title='bbox 3129 1513 3272 1568; x_wconf 90' lang='lat' dir='ltr'><strong>dicat</strong></span> <span class='ocrx_word' id='word_1_556' title='bbox 3294 1554 3310 1577; x_wconf 86' lang='lat'><strong>,</strong></span> <span class='ocrx_word' id='word_1_557' title='bbox 3341 1512 3473 1567; x_wconf 90' lang='lat' dir='ltr'><strong>nihil</strong></span> <span class='ocrx_word' id='word_1_558' title='bbox 3518 1512 3596 1567; x_wconf 89' lang='lat' dir='ltr'><strong>illi</strong></span> 
     </span>
    </p>
   </div>
   <div class='ocr_carea' id='block_1_74' title="bbox 2004 1602 3612 1678">
    <p class='ocr_par' dir='ltr' id='par_1_74' title="bbox 2004 1602 3612 1678">
     <span class='ocr_line' id='line_1_74' title="bbox 2004 1602 3612 1678; baseline -0.003 -16"><span class='ocrx_word' id='word_1_559' title='bbox 2004 1605 2483 1678; x_wconf 88' lang='lat' dir='ltr'><strong>succensebimus)</strong></span> <span class='ocrx_word' id='word_1_560' title='bbox 2530 1615 2691 1661; x_wconf 79' lang='lat' dir='ltr'><strong>tanta:</strong></span> <span class='ocrx_word' id='word_1_561' title='bbox 2727 1606 2840 1675; x_wconf 90' lang='lat' dir='ltr'><strong>spei</strong></span> <span class='ocrx_word' id='word_1_562' title='bbox 2879 1604 3082 1670; x_wconf 91' lang='lat' dir='ltr'><strong>filium,</strong></span> <span class='ocrx_word' id='word_1_563' title='bbox 3121 1602 3414 1658; x_wconf 89' lang='lat' dir='ltr'><strong>senectutis</strong></span> <span class='ocrx_word' id='word_1_564' title='bbox 3462 1617 3612 1657; x_wconf 64' lang='lat' dir='ltr'><strong>tuear</strong></span> 
     </span>
    </p>
   </div>
   <div class='ocr_carea' id='block_1_75' title="bbox 2002 1692 3607 1768">
    <p class='ocr_par' dir='ltr' id='par_1_75' title="bbox 2002 1692 3607 1768">
     <span class='ocr_line' id='line_1_75' title="bbox 2002 1692 3607 1768; baseline -0.004 -15"><span class='ocrx_word' id='word_1_565' title='bbox 2002 1700 2299 1765; x_wconf 90' lang='lat' dir='ltr'><strong>nutritium,</strong></span> <span class='ocrx_word' id='word_1_566' title='bbox 2323 1713 2420 1753; x_wconf 91' lang='lat' dir='ltr'><strong>ceu</strong></span> <span class='ocrx_word' id='word_1_567' title='bbox 2440 1696 2654 1768; x_wconf 86' lang='lat' dir='ltr'><strong>quidam</strong></span> <span class='ocrx_word' id='word_1_568' title='bbox 2682 1696 2964 1765; x_wconf 74' lang='lat' dir='ltr'><strong>prmdones</strong></span> <span class='ocrx_word' id='word_1_569' title='bbox 2984 1695 3035 1750; x_wconf 91' lang='lat' dir='ltr'><strong>in</strong></span> <span class='ocrx_word' id='word_1_570' title='bbox 3066 1693 3284 1749; x_wconf 89' lang='lat' dir='ltr'><strong>latibula</strong></span> <span class='ocrx_word' id='word_1_571' title='bbox 3301 1708 3397 1748; x_wconf 89' lang='lat' dir='ltr'><strong>sua</strong></span> <span class='ocrx_word' id='word_1_572' title='bbox 3426 1692 3607 1748; x_wconf 79' lang='lat' dir='ltr'><strong>abdu-</strong></span> 
     </span>
    </p>
   </div>
   <div class='ocr_carea' id='block_1_76' title="bbox 2006 1786 3595 1860">
    <p class='ocr_par' dir='ltr' id='par_1_76' title="bbox 2006 1786 3595 1860">
     <span class='ocr_line' id='line_1_76' title="bbox 2006 1786 3595 1860; baseline -0.004 -15"><span class='ocrx_word' id='word_1_573' title='bbox 2006 1805 2166 1845; x_wconf 84' lang='lat' dir='ltr'><strong>xere:</strong></span> <span class='ocrx_word' id='word_1_574' title='bbox 2190 1790 2430 1860; x_wconf 86' lang='lat' dir='ltr'><strong>adeoque</strong></span> <span class='ocrx_word' id='word_1_575' title='bbox 2457 1789 2606 1843; x_wconf 88' lang='lat' dir='ltr'><strong>illum</strong></span> <span class='ocrx_word' id='word_1_576' title='bbox 2627 1788 2740 1843; x_wconf 89' lang='lat' dir='ltr'><strong>suis</strong></span> <span class='ocrx_word' id='word_1_577' title='bbox 2778 1786 3108 1842; x_wconf 89' lang='lat' dir='ltr'><strong>carminibus</strong></span> <span class='ocrx_word' id='word_1_578' title='bbox 3143 1793 3595 1849; x_wconf 76' lang='lat' dir='ltr'><strong>excantaverunt,</strong></span> 
     </span>
    </p>
   </div>
   <div class='ocr_carea' id='block_1_77' title="bbox 2001 1874 3595 1948">
    <p class='ocr_par' dir='ltr' id='par_1_77' title="bbox 2001 1874 3595 1948">
     <span class='ocr_line' id='line_1_77' title="bbox 2001 1874 3595 1948; baseline -0.003 -13"><span class='ocrx_word' id='word_1_579' title='bbox 2001 1891 2058 1935; x_wconf 93' lang='lat' dir='ltr'><strong>ut</strong></span> <span class='ocrx_word' id='word_1_580' title='bbox 2085 1879 2235 1933; x_wconf 89' lang='lat' dir='ltr'><strong>malit</strong></span> <span class='ocrx_word' id='word_1_581' title='bbox 2264 1878 2524 1934; x_wconf 89' lang='lat' dir='ltr'><strong>adversus</strong></span> <span class='ocrx_word' id='word_1_582' title='bbox 2553 1878 2778 1943; x_wconf 90' lang='lat' dir='ltr'><strong>ferrum,</strong></span> <span class='ocrx_word' id='word_1_583' title='bbox 2815 1877 2992 1948; x_wconf 87' lang='lat' dir='ltr'><strong>ignem</strong></span> <span class='ocrx_word' id='word_1_584' title='bbox 3020 1919 3030 1940; x_wconf 84' lang='lat'><strong>,</strong></span> <span class='ocrx_word' id='word_1_585' title='bbox 3062 1875 3297 1942; x_wconf 86' lang='lat' dir='ltr'><strong>belluas,</strong></span> <span class='ocrx_word' id='word_1_586' title='bbox 3331 1874 3595 1931; x_wconf 79' lang='lat' dir='ltr'><strong>adversus</strong></span> 
     </span>
    </p>
   </div>
   <div class='ocr_carea' id='block_1_78' title="bbox 2003 1968 3598 2041">
    <p class='ocr_par' dir='ltr' id='par_1_78' title="bbox 2003 1968 3598 2041">
     <span class='ocr_line' id='line_1_78' title="bbox 2003 1968 3598 2041; baseline -0.002 -15"><span class='ocrx_word' id='word_1_587' title='bbox 2003 1972 2181 2027; x_wconf 90' lang='lat' dir='ltr'><strong>omnia</strong></span> <span class='ocrx_word' id='word_1_588' title='bbox 2216 1971 2450 2041; x_wconf 89' lang='lat' dir='ltr'><strong>denique</strong></span> <span class='ocrx_word' id='word_1_589' title='bbox 2477 1982 2642 2035; x_wconf 90' lang='lat' dir='ltr'><strong>stare,</strong></span> <span class='ocrx_word' id='word_1_590' title='bbox 2661 1985 2822 2041; x_wconf 90' lang='lat' dir='ltr'><strong>quam</strong></span> <span class='ocrx_word' id='word_1_591' title='bbox 2857 1968 2927 2024; x_wconf 87' lang='lat' dir='ltr'><strong>ad</strong></span> <span class='ocrx_word' id='word_1_592' title='bbox 2957 1968 3191 2039; x_wconf 90' lang='lat' dir='ltr'><strong>priorem</strong></span> <span class='ocrx_word' id='word_1_593' title='bbox 3216 1968 3481 2022; x_wconf 88' lang='lat' dir='ltr'><strong>fortunam</strong></span> <span class='ocrx_word' id='word_1_594' title='bbox 3510 1982 3598 2023; x_wconf 83' lang='lat' dir='ltr'><strong>re-</strong></span> 
     </span>
    </p>
   </div>
   <div class='ocr_carea' id='block_1_79' title="bbox 2002 2058 3603 2133">
    <p class='ocr_par' dir='ltr' id='par_1_79' title="bbox 2002 2058 3603 2133">
     <span class='ocr_line' id='line_1_79' title="bbox 2002 2058 3603 2133; baseline -0.004 -15"><span class='ocrx_word' id='word_1_595' title='bbox 2002 2078 2204 2118; x_wconf 89' lang='lat' dir='ltr'><strong>meare.</strong></span> <span class='ocrx_word' id='word_1_596' title='bbox 2219 2061 2477 2133; x_wconf 84' lang='lat' dir='ltr'><strong>Quodque</strong></span> <span class='ocrx_word' id='word_1_597' title='bbox 2491 2064 2706 2133; x_wconf 85' lang='lat' dir='ltr'><strong>gravius</strong></span> <span class='ocrx_word' id='word_1_598' title='bbox 2726 2069 2829 2126; x_wconf 90' lang='lat' dir='ltr'><strong>est,</strong></span> <span class='ocrx_word' id='word_1_599' title='bbox 2844 2068 3126 2129; x_wconf 88' lang='lat' dir='ltr'><strong>postquam</strong></span> <span class='ocrx_word' id='word_1_600' title='bbox 3150 2059 3264 2113; x_wconf 66' lang='lat' dir='ltr'><strong>haec</strong></span> <span class='ocrx_word' id='word_1_601' title='bbox 3285 2058 3357 2113; x_wconf 90' lang='lat' dir='ltr'><strong>illi</strong></span> <span class='ocrx_word' id='word_1_602' title='bbox 3381 2073 3603 2127; x_wconf 85' lang='lat' dir='ltr'><strong>persua-</strong></span> 
     </span>
    </p>
   </div>
   <div class='ocr_carea' id='block_1_80' title="bbox 2003 2148 3600 2223">
    <p class='ocr_par' dir='ltr' id='par_1_80' title="bbox 2003 2148 3600 2223">
     <span class='ocr_line' id='line_1_80' title="bbox 2003 2148 3600 2223; baseline -0.004 -14"><span class='ocrx_word' id='word_1_603' title='bbox 2003 2162 2209 2223; x_wconf 88' lang='lat' dir='ltr'><strong>serunt,</strong></span> <span class='ocrx_word' id='word_1_604' title='bbox 2227 2153 2418 2209; x_wconf 88' lang='lat' dir='ltr'><strong>melius</strong></span> <span class='ocrx_word' id='word_1_605' title='bbox 2438 2168 2497 2208; x_wconf 90' lang='lat' dir='ltr'><strong>se</strong></span> <span class='ocrx_word' id='word_1_606' title='bbox 2514 2152 2641 2223; x_wconf 91' lang='lat' dir='ltr'><strong>quid</strong></span> <span class='ocrx_word' id='word_1_607' title='bbox 2672 2152 2801 2207; x_wconf 92' lang='lat' dir='ltr'><strong>utile</strong></span> <span class='ocrx_word' id='word_1_608' title='bbox 2818 2152 2887 2205; x_wconf 90' lang='lat' dir='ltr'><strong>sit</strong></span> <span class='ocrx_word' id='word_1_609' title='bbox 2910 2152 3051 2207; x_wconf 80' lang='lat' dir='ltr'><strong>scire</strong></span> <span class='ocrx_word' id='word_1_610' title='bbox 3083 2148 3421 2219; x_wconf 77' lang='lat' dir='ltr'><strong>profitentur,</strong></span> <span class='ocrx_word' id='word_1_611' title='bbox 3440 2163 3600 2217; x_wconf 89' lang='lat' dir='ltr'><strong>quam</strong></span> 
     </span>
    </p>
   </div>
   <div class='ocr_carea' id='block_1_81' title="bbox 2003 2239 3605 2315">
    <p class='ocr_par' dir='ltr' id='par_1_81' title="bbox 2003 2239 3605 2315">
     <span class='ocr_line' id='line_1_81' title="bbox 2003 2239 3605 2315; baseline -0.003 -15"><span class='ocrx_word' id='word_1_612' title='bbox 2003 2259 2123 2300; x_wconf 89' lang='lat' dir='ltr'><strong>nos.</strong></span> <span class='ocrx_word' id='word_1_613' title='bbox 2149 2246 2383 2301; x_wconf 68' lang='lat' dir='ltr'><strong>Desertae</strong></span> <span class='ocrx_word' id='word_1_614' title='bbox 2417 2244 2529 2315; x_wconf 85' lang='lat' dir='ltr'><strong>jam</strong></span> <span class='ocrx_word' id='word_1_615' title='bbox 2570 2243 2761 2298; x_wconf 91' lang='lat' dir='ltr'><strong>domus</strong></span> <span class='ocrx_word' id='word_1_616' title='bbox 2781 2284 2797 2311; x_wconf 91' lang='lat'><strong>,</strong></span> <span class='ocrx_word' id='word_1_617' title='bbox 2829 2241 3030 2297; x_wconf 89' lang='lat' dir='ltr'><strong>deserti</strong></span> <span class='ocrx_word' id='word_1_618' title='bbox 3054 2241 3196 2312; x_wconf 86' lang='lat' dir='ltr'><strong>agri:</strong></span> <span class='ocrx_word' id='word_1_619' title='bbox 3233 2240 3333 2311; x_wconf 91' lang='lat' dir='ltr'><strong>ipsi</strong></span> <span class='ocrx_word' id='word_1_620' title='bbox 3356 2239 3605 2310; x_wconf 69' lang='lat' dir='ltr'><strong>agricolas</strong></span> 
     </span>
    </p>
   </div>
   <div class='ocr_carea' id='block_1_82' title="bbox 2005 2332 3606 2405">
    <p class='ocr_par' dir='ltr' id='par_1_82' title="bbox 2005 2332 3606 2405">
     <span class='ocr_line' id='line_1_82' title="bbox 2005 2332 3606 2405; baseline -0.002 -16"><span class='ocrx_word' id='word_1_621' title='bbox 2005 2350 2068 2391; x_wconf 92' lang='lat' dir='ltr'><strong>ac</strong></span> <span class='ocrx_word' id='word_1_622' title='bbox 2094 2334 2235 2391; x_wconf 88' lang='lat' dir='ltr'><strong>servi</strong></span> <span class='ocrx_word' id='word_1_623' title='bbox 2264 2334 2480 2390; x_wconf 83' lang='lat' dir='ltr'><strong>tristitia</strong></span> <span class='ocrx_word' id='word_1_624' title='bbox 2517 2349 2581 2390; x_wconf 89' lang='lat' dir='ltr'><strong>ac</strong></span> <span class='ocrx_word' id='word_1_625' title='bbox 2606 2333 2809 2405; x_wconf 90' lang='lat' dir='ltr'><strong>pudore</strong></span> <span class='ocrx_word' id='word_1_626' title='bbox 2837 2333 3015 2403; x_wconf 91' lang='lat' dir='ltr'><strong>pleni;</strong></span> <span class='ocrx_word' id='word_1_627' title='bbox 3055 2332 3331 2389; x_wconf 80' lang='lat' dir='ltr'><strong>exsultant</strong></span> <span class='ocrx_word' id='word_1_628' title='bbox 3371 2332 3422 2386; x_wconf 93' lang='lat' dir='ltr'><strong>in</strong></span> <span class='ocrx_word' id='word_1_629' title='bbox 3448 2332 3606 2386; x_wconf 89' lang='lat' dir='ltr'><strong>malis</strong></span> 
     </span>
    </p>
   </div>
   <div class='ocr_carea' id='block_1_83' title="bbox 2003 2422 3595 2497">
    <p class='ocr_par' dir='ltr' id='par_1_83' title="bbox 2003 2422 3595 2497">
     <span class='ocr_line' id='line_1_83' title="bbox 2003 2422 3595 2497; baseline -0.003 -13"><span class='ocrx_word' id='word_1_630' title='bbox 2003 2428 2141 2484; x_wconf 90' lang='lat' dir='ltr'><strong>meis</strong></span> <span class='ocrx_word' id='word_1_631' title='bbox 2170 2428 2407 2495; x_wconf 89' lang='lat' dir='ltr'><strong>inimici,</strong></span> <span class='ocrx_word' id='word_1_632' title='bbox 2438 2442 2503 2484; x_wconf 89' lang='lat' dir='ltr'><strong>ac</strong></span> <span class='ocrx_word' id='word_1_633' title='bbox 2531 2426 2735 2497; x_wconf 87' lang='lat' dir='ltr'><strong>pudore</strong></span> <span class='ocrx_word' id='word_1_634' title='bbox 2760 2426 3077 2496; x_wconf 85' lang='lat' dir='ltr'><strong>operiuntur</strong></span> <span class='ocrx_word' id='word_1_635' title='bbox 3104 2424 3290 2479; x_wconf 87' lang='lat' dir='ltr'><strong>amici.</strong></span> <span class='ocrx_word' id='word_1_636' title='bbox 3322 2422 3478 2494; x_wconf 89' lang='lat' dir='ltr'><strong>Apud</strong></span> <span class='ocrx_word' id='word_1_637' title='bbox 3506 2437 3595 2479; x_wconf 85' lang='lat' dir='ltr'><strong>me</strong></span> 
     </span>
    </p>
   </div>
   <div class='ocr_carea' id='block_1_84' title="bbox 2004 2516 3605 2591">
    <p class='ocr_par' dir='ltr' id='par_1_84' title="bbox 2004 2516 3605 2591">
     <span class='ocr_line' id='line_1_84' title="bbox 2004 2516 3605 2591; baseline -0.002 -18"><span class='ocrx_word' id='word_1_638' title='bbox 2004 2529 2181 2575; x_wconf 89' lang='lat' dir='ltr'><strong>autem</strong></span> <span class='ocrx_word' id='word_1_639' title='bbox 2211 2519 2357 2573; x_wconf 84' lang='lat' dir='ltr'><strong>nulla</strong></span> <span class='ocrx_word' id='word_1_640' title='bbox 2386 2518 2651 2574; x_wconf 87' lang='lat' dir='ltr'><strong>sententia</strong></span> <span class='ocrx_word' id='word_1_641' title='bbox 2677 2517 2902 2585; x_wconf 90' lang='lat' dir='ltr'><strong>obtinet,</strong></span> <span class='ocrx_word' id='word_1_642' title='bbox 2931 2518 3035 2573; x_wconf 91' lang='lat' dir='ltr'><strong>nisi</strong></span> <span class='ocrx_word' id='word_1_643' title='bbox 3064 2527 3141 2591; x_wconf 89' lang='lat' dir='ltr'><strong>ut,</strong></span> <span class='ocrx_word' id='word_1_644' title='bbox 3173 2516 3433 2586; x_wconf 86' lang='lat' dir='ltr'><strong>subjectis</strong></span> <span class='ocrx_word' id='word_1_645' title='bbox 3463 2516 3605 2587; x_wconf 82' lang='lat' dir='ltr'><strong>igni-</strong></span> 
     </span>
    </p>
   </div>
   <div class='ocr_carea' id='block_1_85' title="bbox 2003 2609 3613 2679">
    <p class='ocr_par' dir='ltr' id='par_1_85' title="bbox 2003 2609 3613 2679">
     <span class='ocr_line' id='line_1_85' title="bbox 2003 2609 3613 2679; baseline -0.002 -14"><span class='ocrx_word' id='word_1_646' title='bbox 2003 2611 2104 2665; x_wconf 92' lang='lat' dir='ltr'><strong>bus</strong></span> <span class='ocrx_word' id='word_1_647' title='bbox 2129 2650 2143 2675; x_wconf 86' lang='lat'><strong>,</strong></span> <span class='ocrx_word' id='word_1_648' title='bbox 2176 2620 2367 2666; x_wconf 88' lang='lat' dir='ltr'><strong>cuncta</strong></span> <span class='ocrx_word' id='word_1_649' title='bbox 2408 2610 2568 2665; x_wconf 88' lang='lat' dir='ltr'><strong>simul</strong></span> <span class='ocrx_word' id='word_1_650' title='bbox 2614 2624 2835 2665; x_wconf 84' lang='lat' dir='ltr'><strong>exuram</strong></span> <span class='ocrx_word' id='word_1_651' title='bbox 2858 2651 2873 2676; x_wconf 89' lang='lat'><strong>,</strong></span> <span class='ocrx_word' id='word_1_652' title='bbox 2906 2609 3050 2667; x_wconf 67' lang='lat' dir='ltr'><strong>aedes</strong></span> <span class='ocrx_word' id='word_1_653' title='bbox 3074 2649 3091 2676; x_wconf 93' lang='lat'><strong>,</strong></span> <span class='ocrx_word' id='word_1_654' title='bbox 3124 2623 3284 2679; x_wconf 88' lang='lat' dir='ltr'><strong>agros</strong></span> <span class='ocrx_word' id='word_1_655' title='bbox 3308 2651 3323 2673; x_wconf 87' lang='lat'><strong><em>.</em></strong></span> <span class='ocrx_word' id='word_1_656' title='bbox 3355 2616 3613 2663; x_wconf 75' lang='lat' dir='ltr'><strong>armenta</strong></span> 
     </span>
    </p>
   </div>
   <div class='ocr_carea' id='block_1_86' title="bbox 2003 2696 3601 2771">
    <p class='ocr_par' dir='ltr' id='par_1_86' title="bbox 2003 2696 3601 2771">
     <span class='ocr_line' id='line_1_86' title="bbox 2003 2696 3601 2771; baseline -0.001 -16"><span class='ocrx_word' id='word_1_657' title='bbox 2003 2700 2186 2769; x_wconf 89' lang='lat' dir='ltr'><strong>boum,</strong></span> <span class='ocrx_word' id='word_1_658' title='bbox 2212 2715 2403 2771; x_wconf 87' lang='lat' dir='ltr'><strong>greges</strong></span> <span class='ocrx_word' id='word_1_659' title='bbox 2426 2715 2697 2770; x_wconf 89' lang='lat' dir='ltr'><strong>pecorum.</strong></span> <span class='ocrx_word' id='word_1_660' title='bbox 2722 2699 2819 2755; x_wconf 88' lang='lat' dir='ltr'><strong>Cui</strong></span> <span class='ocrx_word' id='word_1_661' title='bbox 2859 2700 3002 2754; x_wconf 91' lang='lat' dir='ltr'><strong>enim</strong></span> <span class='ocrx_word' id='word_1_662' title='bbox 3041 2699 3174 2755; x_wconf 90' lang='lat' dir='ltr'><strong>mihi</strong></span> <span class='ocrx_word' id='word_1_663' title='bbox 3201 2699 3319 2753; x_wconf 90' lang='lat' dir='ltr'><strong>usui</strong></span> <span class='ocrx_word' id='word_1_664' title='bbox 3346 2696 3462 2753; x_wconf 71' lang='lat' dir='ltr'><strong>hmc</strong></span> <span class='ocrx_word' id='word_1_665' title='bbox 3491 2697 3601 2768; x_wconf 90' lang='lat' dir='ltr'><strong>jam</strong></span> 
     </span>
    </p>
   </div>
   <div class='ocr_carea' id='block_1_87' title="bbox 2003 2789 3606 2861">
    <p class='ocr_par' dir='ltr' id='par_1_87' title="bbox 2003 2789 3606 2861">
     <span class='ocr_line' id='line_1_87' title="bbox 2003 2789 3606 2861; baseline -0.003 -13"><span class='ocrx_word' id='word_1_666' title='bbox 2003 2800 2181 2856; x_wconf 88' lang='lat' dir='ltr'><strong>erunt,</strong></span> <span class='ocrx_word' id='word_1_667' title='bbox 2200 2805 2321 2846; x_wconf 90' lang='lat' dir='ltr'><strong>cum</strong></span> <span class='ocrx_word' id='word_1_668' title='bbox 2353 2790 2444 2846; x_wconf 92' lang='lat' dir='ltr'><strong>ille</strong></span> <span class='ocrx_word' id='word_1_669' title='bbox 2468 2805 2575 2845; x_wconf 92' lang='lat' dir='ltr'><strong>non</strong></span> <span class='ocrx_word' id='word_1_670' title='bbox 2607 2789 2748 2845; x_wconf 88' lang='lat' dir='ltr'><strong>adsit</strong></span> <span class='ocrx_word' id='word_1_671' title='bbox 2775 2790 2929 2861; x_wconf 88' lang='lat' dir='ltr'><strong>cujus</strong></span> <span class='ocrx_word' id='word_1_672' title='bbox 2953 2804 3048 2844; x_wconf 90' lang='lat' dir='ltr'><strong>usu</strong></span> <span class='ocrx_word' id='word_1_673' title='bbox 3077 2789 3191 2843; x_wconf 67' lang='lat' dir='ltr'><strong>hzec</strong></span> <span class='ocrx_word' id='word_1_674' title='bbox 3208 2798 3390 2859; x_wconf 85' lang='lat' dir='ltr'><strong>parata</strong></span> <span class='ocrx_word' id='word_1_675' title='bbox 3416 2798 3606 2855; x_wconf 89' lang='lat' dir='ltr'><strong>erant,</strong></span> 
     </span>
    </p>
   </div>
   <div class='ocr_carea' id='block_1_88' title="bbox 2004 2876 3606 2955">
    <p class='ocr_par' dir='ltr' id='par_1_88' title="bbox 2004 2876 3606 2955">
     <span class='ocr_line' id='line_1_88' title="bbox 2004 2876 3606 2955; baseline -0.004 -16"><span class='ocrx_word' id='word_1_676' title='bbox 2004 2884 2247 2955; x_wconf 87' lang='lat' dir='ltr'><strong>captivus</strong></span> <span class='ocrx_word' id='word_1_677' title='bbox 2262 2882 2466 2938; x_wconf 90' lang='lat' dir='ltr'><strong>scilicet</strong></span> <span class='ocrx_word' id='word_1_678' title='bbox 2484 2882 2764 2947; x_wconf 88' lang='lat' dir='ltr'><strong>abductus,</strong></span> <span class='ocrx_word' id='word_1_679' title='bbox 2789 2890 2948 2952; x_wconf 90' lang='lat' dir='ltr'><strong>atque</strong></span> <span class='ocrx_word' id='word_1_680' title='bbox 2967 2880 3106 2950; x_wconf 89' lang='lat' dir='ltr'><strong>apud</strong></span> <span class='ocrx_word' id='word_1_681' title='bbox 3128 2876 3391 2936; x_wconf 86' lang='lat' dir='ltr'><strong>immanes</strong></span> <span class='ocrx_word' id='word_1_682' title='bbox 3410 2879 3606 2935; x_wconf 59' lang='lat' dir='ltr'><strong>barba-</strong></span> 
     </span>
    </p>
   </div>
   <div class='ocr_carea' id='block_1_89' title="bbox 2006 2972 3607 3030">
    <p class='ocr_par' dir='ltr' id='par_1_89' title="bbox 2006 2972 3607 3030">
     <span class='ocr_line' id='line_1_89' title="bbox 2006 2972 3607 3030; baseline -0.001 0"><span class='ocrx_word' id='word_1_683' title='bbox 2006 2990 2097 3030; x_wconf 89' lang='lat' dir='ltr'><strong>ros</strong></span> <span class='ocrx_word' id='word_1_684' title='bbox 2139 2975 2382 3029; x_wconf 85' lang='lat' dir='ltr'><strong>servituti</strong></span> <span class='ocrx_word' id='word_1_685' title='bbox 2412 2974 2654 3029; x_wconf 88' lang='lat' dir='ltr'><strong>addictus</strong></span> <span class='ocrx_word' id='word_1_686' title='bbox 2698 2973 2846 3028; x_wconf 92' lang='lat' dir='ltr'><strong>omni</strong></span> <span class='ocrx_word' id='word_1_687' title='bbox 2878 2982 3051 3028; x_wconf 90' lang='lat' dir='ltr'><strong>morte</strong></span> <span class='ocrx_word' id='word_1_688' title='bbox 3086 2972 3383 3028; x_wconf 83' lang='lat' dir='ltr'><strong>acerbiori‘l</strong></span> <span class='ocrx_word' id='word_1_689' title='bbox 3411 2972 3607 3028; x_wconf 88' lang='lat' dir='ltr'><strong>Dome-</strong></span> 
     </span>
    </p>
   </div>
   <div class='ocr_carea' id='block_1_90' title="bbox 2005 3062 3611 3133">
    <p class='ocr_par' dir='ltr' id='par_1_90' title="bbox 2005 3062 3611 3133">
     <span class='ocr_line' id='line_1_90' title="bbox 2005 3062 3611 3133; baseline -0.002 -13"><span class='ocrx_word' id='word_1_690' title='bbox 2005 3066 2170 3121; x_wconf 91' lang='lat' dir='ltr'><strong>sticos</strong></span> <span class='ocrx_word' id='word_1_691' title='bbox 2194 3079 2385 3120; x_wconf 89' lang='lat' dir='ltr'><strong>omnes</strong></span> <span class='ocrx_word' id='word_1_692' title='bbox 2424 3065 2653 3133; x_wconf 89' lang='lat' dir='ltr'><strong>pullatos</strong></span> <span class='ocrx_word' id='word_1_693' title='bbox 2690 3063 2939 3120; x_wconf 87' lang='lat' dir='ltr'><strong>incedere</strong></span> <span class='ocrx_word' id='word_1_694' title='bbox 2962 3063 3131 3132; x_wconf 92' lang='lat' dir='ltr'><strong>jussi,</strong></span> <span class='ocrx_word' id='word_1_695' title='bbox 3162 3062 3367 3132; x_wconf 89' lang='lat' dir='ltr'><strong>aspersi</strong></span> <span class='ocrx_word' id='word_1_696' title='bbox 3421 3063 3611 3119; x_wconf 83' lang='lat' dir='ltr'><strong>cinere</strong></span> 
     </span>
    </p>
   </div>
   <div class='ocr_carea' id='block_1_91' title="bbox 2006 3153 3608 3227">
    <p class='ocr_par' dir='ltr' id='par_1_91' title="bbox 2006 3153 3608 3227">
     <span class='ocr_line' id='line_1_91' title="bbox 2006 3153 3608 3227; baseline -0.002 -15"><span class='ocrx_word' id='word_1_697' title='bbox 2006 3156 2219 3227; x_wconf 89' lang='lat' dir='ltr'><strong>capita,</strong></span> <span class='ocrx_word' id='word_1_698' title='bbox 2265 3154 2552 3210; x_wconf 91' lang='lat' dir='ltr'><strong>mulierum</strong></span> <span class='ocrx_word' id='word_1_699' title='bbox 2591 3155 2787 3209; x_wconf 90' lang='lat' dir='ltr'><strong>choros</strong></span> <span class='ocrx_word' id='word_1_700' title='bbox 2830 3154 3067 3217; x_wconf 85' lang='lat' dir='ltr'><strong>institui,</strong></span> <span class='ocrx_word' id='word_1_701' title='bbox 3092 3153 3337 3223; x_wconf 87' lang='lat' dir='ltr'><strong>jussique</strong></span> <span class='ocrx_word' id='word_1_702' title='bbox 3372 3154 3608 3208; x_wconf 89' lang='lat' dir='ltr'><strong>amarius</strong></span> 
     </span>
    </p>
   </div>
   <div class='ocr_carea' id='block_1_92' title="bbox 2007 3245 3607 3319">
    <p class='ocr_par' dir='ltr' id='par_1_92' title="bbox 2007 3245 3607 3319">
     <span class='ocr_line' id='line_1_92' title="bbox 2007 3245 3607 3319; baseline -0.001 -18"><span class='ocrx_word' id='word_1_703' title='bbox 2007 3248 2284 3319; x_wconf 88' lang='lat' dir='ltr'><strong>plangere,</strong></span> <span class='ocrx_word' id='word_1_704' title='bbox 2327 3261 2488 3317; x_wconf 92' lang='lat' dir='ltr'><strong>quam</strong></span> <span class='ocrx_word' id='word_1_705' title='bbox 2527 3246 2573 3301; x_wconf 88' lang='lat' dir='ltr'><strong>si</strong></span> <span class='ocrx_word' id='word_1_706' title='bbox 2617 3255 2889 3301; x_wconf 90' lang='lat' dir='ltr'><strong>mortuum</strong></span> <span class='ocrx_word' id='word_1_707' title='bbox 2918 3246 3202 3301; x_wconf 82' lang='lat' dir='ltr'><strong>vidissent.</strong></span> <span class='ocrx_word' id='word_1_708' title='bbox 3234 3247 3366 3301; x_wconf 89' lang='lat' dir='ltr'><strong>Date</strong></span> <span class='ocrx_word' id='word_1_709' title='bbox 3392 3245 3607 3301; x_wconf 88' lang='lat' dir='ltr'><strong>veniam</strong></span> 
     </span>
    </p>
   </div>
   <div class='ocr_carea' id='block_1_93' title="bbox 2008 3327 3605 3407">
    <p class='ocr_par' dir='ltr' id='par_1_93' title="bbox 2008 3327 3605 3407">
     <span class='ocr_line' id='line_1_93' title="bbox 2008 3327 3605 3407; baseline -0.003 -12"><span class='ocrx_word' id='word_1_710' title='bbox 2008 3338 2126 3395; x_wconf 70' lang='lat' dir='ltr'><strong>hazc</strong></span> <span class='ocrx_word' id='word_1_711' title='bbox 2150 3327 2367 3394; x_wconf 84' lang='lat' dir='ltr'><strong>facienti</strong></span> <span class='ocrx_word' id='word_1_712' title='bbox 2398 3338 2564 3393; x_wconf 91' lang='lat' dir='ltr'><strong>mihi:</strong></span> <span class='ocrx_word' id='word_1_713' title='bbox 2598 3336 2687 3393; x_wconf 80' lang='lat' dir='ltr'><strong>hic</strong></span> <span class='ocrx_word' id='word_1_714' title='bbox 2717 3336 2851 3391; x_wconf 88' lang='lat' dir='ltr'><strong>mihi</strong></span> <span class='ocrx_word' id='word_1_715' title='bbox 2876 3336 3053 3393; x_wconf 87' lang='lat' dir='ltr'><strong>luctus</strong></span> <span class='ocrx_word' id='word_1_716' title='bbox 3097 3336 3258 3407; x_wconf 90' lang='lat' dir='ltr'><strong>longe</strong></span> <span class='ocrx_word' id='word_1_717' title='bbox 3284 3336 3378 3391; x_wconf 80' lang='lat' dir='ltr'><strong>illo</strong></span> <span class='ocrx_word' id='word_1_718' title='bbox 3401 3335 3605 3405; x_wconf 90' lang='lat' dir='ltr'><strong>major:</strong></span> 
     </span>
    </p>
   </div>
   <div class='ocr_carea' id='block_1_94' title="bbox 2002 3430 3610 3503">
    <p class='ocr_par' dir='ltr' id='par_1_94' title="bbox 2002 3430 3610 3503">
     <span class='ocr_line' id='line_1_94' title="bbox 2002 3430 3610 3503; baseline -0.001 -16"><span class='ocrx_word' id='word_1_719' title='bbox 2002 3432 2114 3503; x_wconf 88' lang='lat' dir='ltr'><strong>jam</strong></span> <span class='ocrx_word' id='word_1_720' title='bbox 2148 3432 2277 3487; x_wconf 90' lang='lat' dir='ltr'><strong>mihi</strong></span> <span class='ocrx_word' id='word_1_721' title='bbox 2318 3431 2409 3486; x_wconf 85' lang='lat' dir='ltr'><strong>lux</strong></span> <span class='ocrx_word' id='word_1_722' title='bbox 2445 3431 2558 3503; x_wconf 89' lang='lat' dir='ltr'><strong>ipsa</strong></span> <span class='ocrx_word' id='word_1_723' title='bbox 2585 3430 2812 3487; x_wconf 90' lang='lat' dir='ltr'><strong>molesta</strong></span> <span class='ocrx_word' id='word_1_724' title='bbox 2837 3438 2959 3497; x_wconf 87' lang='lat' dir='ltr'><strong>est,</strong></span> <span class='ocrx_word' id='word_1_725' title='bbox 2988 3431 3241 3502; x_wconf 90' lang='lat' dir='ltr'><strong>ipsosque</strong></span> <span class='ocrx_word' id='word_1_726' title='bbox 3268 3430 3400 3485; x_wconf 90' lang='lat' dir='ltr'><strong>solis</strong></span> <span class='ocrx_word' id='word_1_727' title='bbox 3426 3430 3610 3486; x_wconf 87' lang='lat' dir='ltr'><strong>radios</strong></span> 
     </span>
    </p>
   </div>
   <div class='ocr_carea' id='block_1_95' title="bbox 2008 3514 3604 3593">
    <p class='ocr_par' dir='ltr' id='par_1_95' title="bbox 2008 3514 3604 3593">
     <span class='ocr_line' id='line_1_95' title="bbox 2008 3514 3604 3593; baseline -0.002 -15"><span class='ocrx_word' id='word_1_728' title='bbox 2008 3514 2220 3593; x_wconf 87' lang='lat' dir='ltr'><strong>ingrate</strong></span> <span class='ocrx_word' id='word_1_729' title='bbox 2244 3522 2503 3591; x_wconf 88' lang='lat' dir='ltr'><strong>suspicio,</strong></span> <span class='ocrx_word' id='word_1_730' title='bbox 2538 3537 2658 3577; x_wconf 92' lang='lat' dir='ltr'><strong>cum</strong></span> <span class='ocrx_word' id='word_1_731' title='bbox 2699 3522 2753 3576; x_wconf 92' lang='lat' dir='ltr'><strong>in</strong></span> <span class='ocrx_word' id='word_1_732' title='bbox 2798 3530 3035 3577; x_wconf 87' lang='lat' dir='ltr'><strong>mentem</strong></span> <span class='ocrx_word' id='word_1_733' title='bbox 3066 3522 3214 3577; x_wconf 90' lang='lat' dir='ltr'><strong>venit</strong></span> <span class='ocrx_word' id='word_1_734' title='bbox 3240 3521 3471 3577; x_wconf 90' lang='lat' dir='ltr'><strong>infelicis</strong></span> <span class='ocrx_word' id='word_1_735' title='bbox 3509 3521 3604 3577; x_wconf 87' lang='lat' dir='ltr'><strong>lilii</strong></span> 
     </span>
    </p>
   </div>
   <div class='ocr_carea' id='block_1_96' title="bbox 2011 3612 3610 3682">
    <p class='ocr_par' dir='ltr' id='par_1_96' title="bbox 2011 3612 3610 3682">
     <span class='ocr_line' id='line_1_96' title="bbox 2011 3612 3610 3682; baseline 0.001 -15"><span class='ocrx_word' id='word_1_736' title='bbox 2011 3613 2261 3679; x_wconf 90' lang='lat' dir='ltr'><strong>habitus;</strong></span> <span class='ocrx_word' id='word_1_737' title='bbox 2311 3628 2433 3667; x_wconf 90' lang='lat' dir='ltr'><strong>cum</strong></span> <span class='ocrx_word' id='word_1_738' title='bbox 2478 3612 2625 3667; x_wconf 90' lang='lat' dir='ltr'><strong>illum</strong></span> <span class='ocrx_word' id='word_1_739' title='bbox 2657 3612 2933 3668; x_wconf 90' lang='lat' dir='ltr'><strong>vilissimis</strong></span> <span class='ocrx_word' id='word_1_740' title='bbox 2980 3612 3228 3682; x_wconf 81' lang='lat' dir='ltr'><strong>agricolis</strong></span> <span class='ocrx_word' id='word_1_741' title='bbox 3273 3612 3610 3670; x_wconf 82' lang='lat' dir='ltr'><strong>inhonestius</strong></span> 
     </span>
    </p>
   </div>
   <div class='ocr_carea' id='block_1_97' title="bbox 2013 3703 3612 3775">
    <p class='ocr_par' dir='ltr' id='par_1_97' title="bbox 2013 3703 3612 3775">
     <span class='ocr_line' id='line_1_97' title="bbox 2013 3703 3612 3775; baseline -0.002 -14"><span class='ocrx_word' id='word_1_742' title='bbox 2013 3706 2266 3761; x_wconf 90' lang='lat' dir='ltr'><strong>vestitum</strong></span> <span class='ocrx_word' id='word_1_743' title='bbox 2288 3718 2483 3773; x_wconf 89' lang='lat' dir='ltr'><strong>cerno,</strong></span> <span class='ocrx_word' id='word_1_744' title='bbox 2508 3710 2669 3775; x_wconf 89' lang='lat' dir='ltr'><strong>atque</strong></span> <span class='ocrx_word' id='word_1_745' title='bbox 2706 3704 2772 3758; x_wconf 90' lang='lat' dir='ltr'><strong>ad</strong></span> <span class='ocrx_word' id='word_1_746' title='bbox 2818 3703 3109 3772; x_wconf 90' lang='lat' dir='ltr'><strong>abjectiora</strong></span> <span class='ocrx_word' id='word_1_747' title='bbox 3138 3719 3301 3773; x_wconf 84' lang='lat' dir='ltr'><strong>Opera</strong></span> <span class='ocrx_word' id='word_1_748' title='bbox 3341 3706 3562 3759; x_wconf 89' lang='lat' dir='ltr'><strong>missum</strong></span> <span class='ocrx_word' id='word_1_749' title='bbox 3589 3722 3612 3771; x_wconf 82' lang='lat'><strong>;</strong></span> 
     </span>
    </p>
   </div>
   <div class='ocr_carea' id='block_1_98' title="bbox 2009 3792 3610 3867">
    <p class='ocr_par' dir='ltr' id='par_1_98' title="bbox 2009 3792 3610 3867">
     <span class='ocr_line' id='line_1_98' title="bbox 2009 3792 3610 3867; baseline -0.006 -8"><span class='ocrx_word' id='word_1_750' title='bbox 2009 3817 2134 3859; x_wconf 90' lang='lat' dir='ltr'><strong>cum</strong></span> <span class='ocrx_word' id='word_1_751' title='bbox 2178 3795 2453 3856; x_wconf 87' lang='lat' dir='ltr'><strong>immobile</strong></span> <span class='ocrx_word' id='word_1_752' title='bbox 2481 3794 2816 3867; x_wconf 87' lang='lat' dir='ltr'><strong>propositum</strong></span> <span class='ocrx_word' id='word_1_753' title='bbox 2842 3794 2957 3865; x_wconf 88' lang='lat' dir='ltr'><strong>ejus</strong></span> <span class='ocrx_word' id='word_1_754' title='bbox 2986 3793 3305 3860; x_wconf 88' lang='lat' dir='ltr'><strong>considero,</strong></span> <span class='ocrx_word' id='word_1_755' title='bbox 3336 3809 3465 3849; x_wconf 92' lang='lat' dir='ltr'><strong>uror</strong></span> <span class='ocrx_word' id='word_1_756' title='bbox 3483 3835 3499 3862; x_wconf 95' lang='lat'><strong>,</strong></span> <span class='ocrx_word' id='word_1_757' title='bbox 3530 3792 3610 3850; x_wconf 84' lang='lat' dir='ltr'><strong>la-</strong></span> 
     </span>
    </p>
   </div>
   <div class='ocr_carea' id='block_1_99' title="bbox 2012 3890 2546 3963">
    <p class='ocr_par' dir='ltr' id='par_1_99' title="bbox 2012 3890 2546 3963">
     <span class='ocr_line' id='line_1_99' title="bbox 2012 3890 2546 3963; baseline -0.011 -13"><span class='ocrx_word' id='word_1_758' title='bbox 2012 3908 2191 3959; x_wconf 92' lang='lat' dir='ltr'><strong>ceror,</strong></span> <span class='ocrx_word' id='word_1_759' title='bbox 2218 3890 2546 3963; x_wconf 73' lang='lat' dir='ltr'><strong>disrumpar.</strong></span> 
     </span>
    </p>
   </div>
   <div class='ocr_carea' id='block_1_100' title="bbox 2085 3975 3610 4053">
    <p class='ocr_par' dir='ltr' id='par_1_100' title="bbox 2085 3975 3610 4053">
     <span class='ocr_line' id='line_1_100' title="bbox 2085 3975 3610 4053; baseline -0.009 -14"><span class='ocrx_word' id='word_1_760' title='bbox 2085 3986 2139 4039; x_wconf 83' lang='lat'><strong>&#39;5.</strong></span> <span class='ocrx_word' id='word_1_761' title='bbox 2182 3983 2307 4039; x_wconf 72' lang='lat' dir='ltr'><strong>llmc</strong></span> <span class='ocrx_word' id='word_1_762' title='bbox 2334 3982 2540 4050; x_wconf 89' lang='lat' dir='ltr'><strong>dicens,</strong></span> <span class='ocrx_word' id='word_1_763' title='bbox 2570 3975 2916 4053; x_wconf 88' lang='lat' dir='ltr'><strong>provolvatur</strong></span> <span class='ocrx_word' id='word_1_764' title='bbox 2939 3976 3099 4035; x_wconf 88' lang='lat' dir='ltr'><strong>etiam</strong></span> <span class='ocrx_word' id='word_1_765' title='bbox 3134 3975 3466 4032; x_wconf 86' lang='lat' dir='ltr'><strong>audientium</strong></span> <span class='ocrx_word' id='word_1_766' title='bbox 3509 3992 3610 4050; x_wconf 79' lang='lat' dir='ltr'><strong>pe-</strong></span> 
     </span>
    </p>
   </div>
   <div class='ocr_carea' id='block_1_101' title="bbox 2013 4072 3613 4148">
    <p class='ocr_par' dir='ltr' id='par_1_101' title="bbox 2013 4072 3613 4148">
     <span class='ocr_line' id='line_1_101' title="bbox 2013 4072 3613 4148; baseline -0.004 -15"><span class='ocrx_word' id='word_1_767' title='bbox 2013 4077 2203 4142; x_wconf 90' lang='lat' dir='ltr'><strong>dibus,</strong></span> <span class='ocrx_word' id='word_1_768' title='bbox 2234 4083 2481 4148; x_wconf 89' lang='lat' dir='ltr'><strong>aspergat</strong></span> <span class='ocrx_word' id='word_1_769' title='bbox 2521 4075 2701 4130; x_wconf 89' lang='lat' dir='ltr'><strong>cinere</strong></span> <span class='ocrx_word' id='word_1_770' title='bbox 2750 4080 2911 4143; x_wconf 89' lang='lat' dir='ltr'><strong>caput</strong></span> <span class='ocrx_word' id='word_1_771' title='bbox 2934 4113 2949 4138; x_wconf 92' lang='lat'><strong>,</strong></span> <span class='ocrx_word' id='word_1_772' title='bbox 2982 4072 3234 4142; x_wconf 89' lang='lat' dir='ltr'><strong>deturpet</strong></span> <span class='ocrx_word' id='word_1_773' title='bbox 3271 4072 3492 4142; x_wconf 90' lang='lat' dir='ltr'><strong>pulvere</strong></span> <span class='ocrx_word' id='word_1_774' title='bbox 3532 4072 3613 4127; x_wconf 74' lang='lat' dir='ltr'><strong>fa-</strong></span> 
     </span>
    </p>
   </div>
   <div class='ocr_carea' id='block_1_102' title="bbox 2013 4158 3615 4238">
    <p class='ocr_par' dir='ltr' id='par_1_102' title="bbox 2013 4158 3615 4238">
     <span class='ocr_line' id='line_1_102' title="bbox 2013 4158 3615 4238; baseline -0.003 -12"><span class='ocrx_word' id='word_1_775' title='bbox 2013 4173 2150 4226; x_wconf 90' lang='lat' dir='ltr'><strong>ciem</strong></span> <span class='ocrx_word' id='word_1_776' title='bbox 2176 4211 2191 4238; x_wconf 93' lang='lat'><strong>,</strong></span> <span class='ocrx_word' id='word_1_777' title='bbox 2220 4183 2514 4238; x_wconf 90' lang='lat' dir='ltr'><strong>omnesque</strong></span> <span class='ocrx_word' id='word_1_778' title='bbox 2535 4158 2789 4237; x_wconf 78' lang='lat' dir='ltr'><strong>precetur</strong></span> <span class='ocrx_word' id='word_1_779' title='bbox 2803 4173 2863 4221; x_wconf 88' lang='lat' dir='ltr'><strong>ut</strong></span> <span class='ocrx_word' id='word_1_780' title='bbox 2882 4164 3157 4236; x_wconf 87' lang='lat' dir='ltr'><strong>porrigant</strong></span> <span class='ocrx_word' id='word_1_781' title='bbox 3177 4179 3417 4231; x_wconf 90' lang='lat' dir='ltr'><strong>manum,</strong></span> <span class='ocrx_word' id='word_1_782' title='bbox 3442 4178 3615 4221; x_wconf 82' lang='lat' dir='ltr'><strong>canos</strong></span> 
     </span>
    </p>
   </div>
   <div class='ocr_carea' id='block_1_103' title="bbox 2016 4255 3612 4329">
    <p class='ocr_par' dir='ltr' id='par_1_103' title="bbox 2016 4255 3612 4329">
     <span class='ocr_line' id='line_1_103' title="bbox 2016 4255 3612 4329; baseline -0.003 -15"><span class='ocrx_word' id='word_1_783' title='bbox 2016 4262 2247 4317; x_wconf 85' lang='lat' dir='ltr'><strong>vellicet.</strong></span> <span class='ocrx_word' id='word_1_784' title='bbox 2279 4261 2420 4315; x_wconf 84' lang='lat' dir='ltr'><strong>Satis</strong></span> <span class='ocrx_word' id='word_1_785' title='bbox 2461 4268 2588 4329; x_wconf 87' lang='lat' dir='ltr'><strong>puto</strong></span> <span class='ocrx_word' id='word_1_786' title='bbox 2628 4257 2912 4327; x_wconf 81' lang='lat' dir='ltr'><strong>diligenter</strong></span> <span class='ocrx_word' id='word_1_787' title='bbox 2948 4255 3612 4323; x_wconf 60' lang='lat' dir='ltr'><strong>accusatorcmiustruxi-</strong></span> 
     </span>
    </p>
   </div>
   <div class='ocr_carea' id='block_1_104' title="bbox 2015 4346 3613 4422">
    <p class='ocr_par' dir='ltr' id='par_1_104' title="bbox 2015 4346 3613 4422">
     <span class='ocr_line' id='line_1_104' title="bbox 2015 4346 3613 4422; baseline -0.004 -13"><span class='ocrx_word' id='word_1_788' title='bbox 2015 4369 2156 4422; x_wconf 90' lang='lat' dir='ltr'><strong>mus,</strong></span> <span class='ocrx_word' id='word_1_789' title='bbox 2186 4353 2252 4408; x_wconf 90' lang='lat' dir='ltr'><strong>ad</strong></span> <span class='ocrx_word' id='word_1_790' title='bbox 2290 4349 2697 4407; x_wconf 86' lang='lat' dir='ltr'><strong>inﬂammandos</strong></span> <span class='ocrx_word' id='word_1_791' title='bbox 2726 4348 2996 4402; x_wconf 88' lang='lat' dir='ltr'><strong>auditores</strong></span> <span class='ocrx_word' id='word_1_792' title='bbox 3022 4362 3211 4403; x_wconf 91' lang='lat' dir='ltr'><strong>omnes</strong></span> <span class='ocrx_word' id='word_1_793' title='bbox 3239 4387 3255 4412; x_wconf 90' lang='lat'><strong>,</strong></span> <span class='ocrx_word' id='word_1_794' title='bbox 3289 4346 3613 4402; x_wconf 87' lang='lat' dir='ltr'><strong>incitandos-</strong></span> 
     </span>
    </p>
   </div>
   <div class='ocr_carea' id='block_1_105' title="bbox 2015 4428 3614 4521">
    <p class='ocr_par' dir='ltr' id='par_1_105' title="bbox 2015 4428 3614 4521">
     <span class='ocr_line' id='line_1_105' title="bbox 2015 4428 3614 4521; baseline -0.004 -19"><span class='ocrx_word' id='word_1_795' title='bbox 2015 4465 2122 4521; x_wconf 89' lang='lat' dir='ltr'><strong>que</strong></span> <span class='ocrx_word' id='word_1_796' title='bbox 2145 4489 2161 4516; x_wconf 92' lang='lat'><strong>,</strong></span> <span class='ocrx_word' id='word_1_797' title='bbox 2190 4455 2249 4502; x_wconf 90' lang='lat' dir='ltr'><strong>ut</strong></span> <span class='ocrx_word' id='word_1_798' title='bbox 2277 4428 2467 4500; x_wconf 67' lang='lat' dir='ltr'><strong>horum</strong></span> <span class='ocrx_word' id='word_1_799' title='bbox 2494 4452 2742 4499; x_wconf 87' lang='lat' dir='ltr'><strong>auctores</strong></span> <span class='ocrx_word' id='word_1_800' title='bbox 2770 4458 2865 4512; x_wconf 89' lang='lat' dir='ltr'><strong>per</strong></span> <span class='ocrx_word' id='word_1_801' title='bbox 2887 4440 3178 4512; x_wconf 58' lang='lat' dir='ltr'><strong>praecipitia</strong></span> <span class='ocrx_word' id='word_1_802' title='bbox 3204 4448 3383 4510; x_wconf 87' lang='lat' dir='ltr'><strong>agant.</strong></span> <span class='ocrx_word' id='word_1_803' title='bbox 3410 4438 3614 4495; x_wconf 89' lang='lat' dir='ltr'><strong>Idcirco</strong></span> 
     </span>
    </p>
   </div>
   <div class='ocr_carea' id='block_1_106' title="bbox 2016 4531 3619 4608">
    <p class='ocr_par' dir='ltr' id='par_1_106' title="bbox 2016 4531 3619 4608">
     <span class='ocr_line' id='line_1_106' title="bbox 2016 4531 3619 4608; baseline -0.007 -11"><span class='ocrx_word' id='word_1_804' title='bbox 2016 4542 2160 4597; x_wconf 89' lang='lat' dir='ltr'><strong>enim</strong></span> <span class='ocrx_word' id='word_1_805' title='bbox 2186 4552 2465 4608; x_wconf 89' lang='lat' dir='ltr'><strong>supremas</strong></span> <span class='ocrx_word' id='word_1_806' title='bbox 2493 4535 2734 4590; x_wconf 90' lang='lat' dir='ltr'><strong>omnium</strong></span> <span class='ocrx_word' id='word_1_807' title='bbox 2758 4533 3125 4590; x_wconf 87' lang='lat' dir='ltr'><strong>accusationes</strong></span> <span class='ocrx_word' id='word_1_808' title='bbox 3146 4532 3324 4587; x_wconf 88' lang='lat' dir='ltr'><strong>verbis</strong></span> <span class='ocrx_word' id='word_1_809' title='bbox 3350 4531 3619 4599; x_wconf 76' lang='lat' dir='ltr'><strong>expressi,</strong></span> 
     </span>
    </p>
   </div>
   <div class='ocr_carea' id='block_1_107' title="bbox 2019 4622 3617 4700">
    <p class='ocr_par' dir='ltr' id='par_1_107' title="bbox 2019 4622 3617 4700">
     <span class='ocr_line' id='line_1_107' title="bbox 2019 4622 3617 4700; baseline -0.007 -12"><span class='ocrx_word' id='word_1_810' title='bbox 2019 4643 2110 4700; x_wconf 86' lang='lat' dir='ltr'><strong>ut,</strong></span> <span class='ocrx_word' id='word_1_811' title='bbox 2135 4632 2239 4688; x_wconf 90' lang='lat' dir='ltr'><strong>hoc</strong></span> <span class='ocrx_word' id='word_1_812' title='bbox 2269 4630 2339 4685; x_wconf 89' lang='lat' dir='ltr'><strong>ita</strong></span> <span class='ocrx_word' id='word_1_813' title='bbox 2381 4637 2690 4698; x_wconf 84' lang='lat' dir='ltr'><strong>comparato</strong></span> <span class='ocrx_word' id='word_1_814' title='bbox 2733 4634 3047 4682; x_wconf 86' lang='lat' dir='ltr'><strong>accusatore</strong></span> <span class='ocrx_word' id='word_1_815' title='bbox 3079 4639 3176 4694; x_wconf 90' lang='lat' dir='ltr'><strong>per</strong></span> <span class='ocrx_word' id='word_1_816' title='bbox 3216 4622 3450 4678; x_wconf 89' lang='lat' dir='ltr'><strong>divinam</strong></span> <span class='ocrx_word' id='word_1_817' title='bbox 3494 4638 3617 4693; x_wconf 89' lang='lat' dir='ltr'><strong>gra-</strong></span> 
     </span>
    </p>
   </div>
   <div class='ocr_carea' id='block_1_108' title="bbox 2020 4701 3612 4796">
    <p class='ocr_par' dir='ltr' id='par_1_108' title="bbox 2020 4701 3612 4796">
     <span class='ocr_line' id='line_1_108' title="bbox 2020 4701 3612 4796; baseline -0.006 -15"><span class='ocrx_word' id='word_1_818' title='bbox 2020 4728 2148 4781; x_wconf 90' lang='lat' dir='ltr'><strong>tiam</strong></span> <span class='ocrx_word' id='word_1_819' title='bbox 2196 4732 2496 4796; x_wconf 89' lang='lat' dir='ltr'><strong>proslrato,</strong></span> <span class='ocrx_word' id='word_1_820' title='bbox 2525 4736 2590 4776; x_wconf 84' lang='lat' dir='ltr'><strong>ex</strong></span> <span class='ocrx_word' id='word_1_821' title='bbox 2625 4719 2847 4789; x_wconf 88' lang='lat' dir='ltr'><strong>reliquis</strong></span> <span class='ocrx_word' id='word_1_822' title='bbox 2885 4732 3044 4773; x_wconf 88' lang='lat' dir='ltr'><strong>nemo</strong></span> <span class='ocrx_word' id='word_1_823' title='bbox 3070 4726 3254 4787; x_wconf 90' lang='lat' dir='ltr'><strong>postea</strong></span> <span class='ocrx_word' id='word_1_824' title='bbox 3296 4701 3491 4771; x_wconf 80' lang='lat' dir='ltr'><strong>mutire</strong></span> <span class='ocrx_word' id='word_1_825' title='bbox 3521 4731 3612 4771; x_wconf 87' lang='lat' dir='ltr'><strong>va-</strong></span> 
     </span>
    </p>
   </div>
   <div class='ocr_carea' id='block_1_109' title="bbox 2020 4809 3622 4884">
    <p class='ocr_par' dir='ltr' id='par_1_109' title="bbox 2020 4809 3622 4884">
     <span class='ocr_line' id='line_1_109' title="bbox 2020 4809 3622 4884; baseline -0.006 -10"><span class='ocrx_word' id='word_1_826' title='bbox 2020 4820 2148 4875; x_wconf 91' lang='lat' dir='ltr'><strong>leat.</strong></span> <span class='ocrx_word' id='word_1_827' title='bbox 2188 4817 2359 4884; x_wconf 85' lang='lat' dir='ltr'><strong>Nam,</strong></span> <span class='ocrx_word' id='word_1_828' title='bbox 2383 4830 2449 4871; x_wconf 92' lang='lat' dir='ltr'><strong>eo</strong></span> <span class='ocrx_word' id='word_1_829' title='bbox 2487 4816 2572 4870; x_wconf 88' lang='lat' dir='ltr'><strong>cui</strong></span> <span class='ocrx_word' id='word_1_830' title='bbox 2614 4813 2729 4868; x_wconf 66' lang='lat' dir='ltr'><strong>haic</strong></span> <span class='ocrx_word' id='word_1_831' title='bbox 2769 4811 2951 4867; x_wconf 91' lang='lat' dir='ltr'><strong>omnia</strong></span> <span class='ocrx_word' id='word_1_832' title='bbox 2998 4810 3158 4867; x_wconf 85' lang='lat' dir='ltr'><strong>simul</strong></span> <span class='ocrx_word' id='word_1_833' title='bbox 3200 4819 3512 4880; x_wconf 90' lang='lat' dir='ltr'><strong>competunt</strong></span> <span class='ocrx_word' id='word_1_834' title='bbox 3548 4809 3622 4864; x_wconf 84' lang='lat' dir='ltr'><strong>ad</strong></span> 
     </span>
    </p>
   </div>
   <div class='ocr_carea' id='block_1_110' title="bbox 2020 4901 3616 4978">
    <p class='ocr_par' dir='ltr' id='par_1_110' title="bbox 2020 4901 3616 4978">
     <span class='ocr_line' id='line_1_110' title="bbox 2020 4901 3616 4978; baseline -0.006 -11"><span class='ocrx_word' id='word_1_835' title='bbox 2020 4912 2289 4969; x_wconf 85' lang='lat' dir='ltr'><strong>silentium</strong></span> <span class='ocrx_word' id='word_1_836' title='bbox 2321 4908 2536 4965; x_wconf 89' lang='lat' dir='ltr'><strong>redacto</strong></span> <span class='ocrx_word' id='word_1_837' title='bbox 2555 4949 2570 4974; x_wconf 89' lang='lat'><strong>,</strong></span> <span class='ocrx_word' id='word_1_838' title='bbox 2597 4907 2690 4978; x_wconf 92' lang='lat' dir='ltr'><strong>qui</strong></span> <span class='ocrx_word' id='word_1_839' title='bbox 2712 4923 2818 4961; x_wconf 92' lang='lat' dir='ltr'><strong>non</strong></span> <span class='ocrx_word' id='word_1_840' title='bbox 2856 4904 3034 4961; x_wconf 88' lang='lat' dir='ltr'><strong>omnia</strong></span> <span class='ocrx_word' id='word_1_841' title='bbox 3060 4903 3221 4959; x_wconf 88' lang='lat' dir='ltr'><strong>simul</strong></span> <span class='ocrx_word' id='word_1_842' title='bbox 3248 4902 3466 4960; x_wconf 88' lang='lat' dir='ltr'><strong>habebit</strong></span> <span class='ocrx_word' id='word_1_843' title='bbox 3494 4901 3616 4974; x_wconf 87' lang='lat' dir='ltr'><strong>(ne-</strong></span> 
     </span>
    </p>
   </div>
   <div class='ocr_carea' id='block_1_111' title="bbox 2019 4996 3612 5075">
    <p class='ocr_par' dir='ltr' id='par_1_111' title="bbox 2019 4996 3612 5075">
     <span class='ocr_line' id='line_1_111' title="bbox 2019 4996 3612 5075; baseline -0.008 -16"><span class='ocrx_word' id='word_1_844' title='bbox 2019 5020 2125 5075; x_wconf 90' lang='lat' dir='ltr'><strong>que</strong></span> <span class='ocrx_word' id='word_1_845' title='bbox 2155 5004 2295 5057; x_wconf 79' lang='lat' dir='ltr'><strong>enim</strong></span> <span class='ocrx_word' id='word_1_846' title='bbox 2342 5001 2456 5056; x_wconf 85' lang='lat' dir='ltr'><strong>ﬁeri</strong></span> <span class='ocrx_word' id='word_1_847' title='bbox 2501 5008 2714 5071; x_wconf 89' lang='lat' dir='ltr'><strong>potest,</strong></span> <span class='ocrx_word' id='word_1_848' title='bbox 2746 5006 2807 5053; x_wconf 92' lang='lat' dir='ltr'><strong>ut</strong></span> <span class='ocrx_word' id='word_1_849' title='bbox 2855 4998 2972 5052; x_wconf 68' lang='lat' dir='ltr'><strong>haec</strong></span> <span class='ocrx_word' id='word_1_850' title='bbox 3015 4996 3196 5050; x_wconf 90' lang='lat' dir='ltr'><strong>omnia</strong></span> <span class='ocrx_word' id='word_1_851' title='bbox 3243 4997 3612 5066; x_wconf 85' lang='lat' dir='ltr'><strong>concurrant),</strong></span> 
     </span>
    </p>
   </div>
   <div class='ocr_carea' id='block_1_112' title="bbox 2020 5086 3620 5173">
    <p class='ocr_par' dir='ltr' id='par_1_112' title="bbox 2020 5086 3620 5173">
     <span class='ocr_line' id='line_1_112' title="bbox 2020 5086 3620 5173; baseline -0.007 -21"><span class='ocrx_word' id='word_1_852' title='bbox 2020 5097 2177 5152; x_wconf 90' lang='lat' dir='ltr'><strong>facile</strong></span> <span class='ocrx_word' id='word_1_853' title='bbox 2206 5096 2360 5150; x_wconf 91' lang='lat' dir='ltr'><strong>nobis</strong></span> <span class='ocrx_word' id='word_1_854' title='bbox 2398 5093 2676 5149; x_wconf 89' lang='lat' dir='ltr'><strong>victoriam</strong></span> <span class='ocrx_word' id='word_1_855' title='bbox 2717 5090 2993 5173; x_wconf 80' lang='lat' dir='ltr'><strong>concedet.</strong></span> <span class='ocrx_word' id='word_1_856' title='bbox 3024 5088 3122 5144; x_wconf 91' lang='lat' dir='ltr'><strong>llic</strong></span> <span class='ocrx_word' id='word_1_857' title='bbox 3171 5087 3351 5158; x_wconf 88' lang='lat' dir='ltr'><strong>itaque</strong></span> <span class='ocrx_word' id='word_1_858' title='bbox 3396 5086 3496 5143; x_wconf 84' lang='lat' dir='ltr'><strong>ista</strong></span> <span class='ocrx_word' id='word_1_859' title='bbox 3520 5128 3533 5149; x_wconf 86' lang='lat'><strong>,</strong></span> <span class='ocrx_word' id='word_1_860' title='bbox 3562 5094 3620 5141; x_wconf 86' lang='lat' dir='ltr'><strong>et</strong></span> 
     </span>
    </p>
   </div>
   <div class='ocr_carea' id='block_1_113' title="bbox 2020 5178 3614 5258">
    <p class='ocr_par' dir='ltr' id='par_1_113' title="bbox 2020 5178 3614 5258">
     <span class='ocr_line' id='line_1_113' title="bbox 2020 5178 3614 5258; baseline -0.008 -15"><span class='ocrx_word' id='word_1_861' title='bbox 2020 5189 2104 5244; x_wconf 90' lang='lat' dir='ltr'><strong>his</strong></span> <span class='ocrx_word' id='word_1_862' title='bbox 2144 5189 2298 5258; x_wconf 87' lang='lat' dir='ltr'><strong>plura</strong></span> <span class='ocrx_word' id='word_1_863' title='bbox 2328 5188 2345 5219; x_wconf 74' lang='grc' dir='ltr'>ί</span> <span class='ocrx_word' id='word_1_864' title='bbox 2374 5186 2535 5241; x_wconf 90' lang='lat' dir='ltr'><strong>etiam</strong></span> <span class='ocrx_word' id='word_1_865' title='bbox 2575 5185 2839 5254; x_wconf 90' lang='lat' dir='ltr'><strong>loquatur.</strong></span> <span class='ocrx_word' id='word_1_866' title='bbox 2878 5181 2991 5252; x_wconf 87' lang='lat' dir='ltr'><strong>Ego</strong></span> <span class='ocrx_word' id='word_1_867' title='bbox 3017 5195 3148 5236; x_wconf 87' lang='lat' dir='ltr'><strong>vero</strong></span> <span class='ocrx_word' id='word_1_868' title='bbox 3187 5180 3396 5250; x_wconf 86' lang='lat' dir='ltr'><strong>judices</strong></span> <span class='ocrx_word' id='word_1_869' title='bbox 3424 5178 3614 5241; x_wconf 87' lang='lat' dir='ltr'><strong>orabo,</strong></span> 
     </span>
    </p>
   </div>
   <div class='ocr_carea' id='block_1_114' title="bbox 2021 5272 3627 5344">
    <p class='ocr_par' dir='ltr' id='par_1_114' title="bbox 2021 5272 3627 5344">
     <span class='ocr_line' id='line_1_114' title="bbox 2021 5272 3627 5344; baseline -0.009 -7"><span class='ocrx_word' id='word_1_870' title='bbox 2021 5298 2089 5337; x_wconf 90' lang='lat' dir='ltr'><strong>ne</strong></span> <span class='ocrx_word' id='word_1_871' title='bbox 2133 5279 2312 5335; x_wconf 89' lang='lat' dir='ltr'><strong>statim</strong></span> <span class='ocrx_word' id='word_1_872' title='bbox 2376 5279 2731 5334; x_wconf 83' lang='lat' dir='ltr'><strong>misereantur</strong></span> <span class='ocrx_word' id='word_1_873' title='bbox 2777 5274 2922 5329; x_wconf 86' lang='lat' dir='ltr'><strong>senis</strong></span> <span class='ocrx_word' id='word_1_874' title='bbox 2975 5272 3172 5344; x_wconf 87' lang='lat' dir='ltr'><strong>hujus,</strong></span> <span class='ocrx_word' id='word_1_875' title='bbox 3204 5272 3297 5327; x_wconf 89' lang='lat' dir='ltr'><strong>sed</strong></span> <span class='ocrx_word' id='word_1_876' title='bbox 3340 5280 3627 5341; x_wconf 87' lang='lat' dir='ltr'><strong>postquam</strong></span> 
     </span>
    </p>
   </div>
   <div class='ocr_carea' id='block_1_115' title="bbox 2020 5365 3620 5445">
    <p class='ocr_par' dir='ltr' id='par_1_115' title="bbox 2020 5365 3620 5445">
     <span class='ocr_line' id='line_1_115' title="bbox 2020 5365 3620 5445; baseline -0.008 -15"><span class='ocrx_word' id='word_1_877' title='bbox 2020 5376 2195 5445; x_wconf 87' lang='lat' dir='ltr'><strong>ipsum</strong></span> <span class='ocrx_word' id='word_1_878' title='bbox 2238 5371 2635 5429; x_wconf 88' lang='lat' dir='ltr'><strong>ostenderimus</strong></span> <span class='ocrx_word' id='word_1_879' title='bbox 2690 5369 2855 5423; x_wconf 90' lang='lat' dir='ltr'><strong>lilium</strong></span> <span class='ocrx_word' id='word_1_880' title='bbox 2905 5370 3127 5437; x_wconf 87' lang='lat' dir='ltr'><strong>lugere,</strong></span> <span class='ocrx_word' id='word_1_881' title='bbox 3157 5365 3292 5420; x_wconf 89' lang='lat' dir='ltr'><strong>nihil</strong></span> <span class='ocrx_word' id='word_1_882' title='bbox 3334 5365 3458 5420; x_wconf 87' lang='lat' dir='ltr'><strong>mali</strong></span> <span class='ocrx_word' id='word_1_883' title='bbox 3490 5379 3620 5433; x_wconf 85' lang='lat' dir='ltr'><strong>per-</strong></span> 
     </span>
    </p>
   </div>
   <div class='ocr_carea' id='block_1_116' title="bbox 2021 5454 3629 5538">
    <p class='ocr_par' dir='ltr' id='par_1_116' title="bbox 2021 5454 3629 5538">
     <span class='ocr_line' id='line_1_116' title="bbox 2021 5454 3629 5538; baseline -0.008 -16"><span class='ocrx_word' id='word_1_884' title='bbox 2021 5481 2236 5538; x_wconf 87' lang='lat' dir='ltr'><strong>pessum</strong></span> <span class='ocrx_word' id='word_1_885' title='bbox 2259 5507 2274 5533; x_wconf 91' lang='lat'><strong>,</strong></span> <span class='ocrx_word' id='word_1_886' title='bbox 2297 5479 2481 5519; x_wconf 90' lang='lat' dir='ltr'><strong>verum</strong></span> <span class='ocrx_word' id='word_1_887' title='bbox 2510 5460 2760 5518; x_wconf 78' lang='lat' dir='ltr'><strong>maximis</strong></span> <span class='ocrx_word' id='word_1_888' title='bbox 2783 5460 3011 5530; x_wconf 90' lang='lat' dir='ltr'><strong>potitum</strong></span> <span class='ocrx_word' id='word_1_889' title='bbox 3035 5458 3210 5525; x_wconf 88' lang='lat' dir='ltr'><strong>bonis,</strong></span> <span class='ocrx_word' id='word_1_890' title='bbox 3232 5456 3425 5527; x_wconf 90' lang='lat' dir='ltr'><strong>quibus</strong></span> <span class='ocrx_word' id='word_1_891' title='bbox 3444 5454 3629 5510; x_wconf 76' lang='lat' dir='ltr'><strong>excel-</strong></span> 
     </span>
    </p>
   </div>
   <div class='ocr_carea' id='block_1_117' title="bbox 2021 5546 3628 5633">
    <p class='ocr_par' dir='ltr' id='par_1_117' title="bbox 2021 5546 3628 5633">
     <span class='ocr_line' id='line_1_117' title="bbox 2021 5546 3628 5633; baseline -0.007 -20"><span class='ocrx_word' id='word_1_892' title='bbox 2021 5559 2243 5633; x_wconf 83' lang='lat' dir='ltr'><strong>lentiora</strong></span> <span class='ocrx_word' id='word_1_893' title='bbox 2294 5555 2519 5627; x_wconf 90' lang='lat' dir='ltr'><strong>reperiri</strong></span> <span class='ocrx_word' id='word_1_894' title='bbox 2567 5568 2675 5609; x_wconf 91' lang='lat' dir='ltr'><strong>non</strong></span> <span class='ocrx_word' id='word_1_895' title='bbox 2716 5559 2964 5622; x_wconf 90' lang='lat' dir='ltr'><strong>possunt.</strong></span> <span class='ocrx_word' id='word_1_896' title='bbox 2995 5550 3156 5605; x_wconf 70' lang='lat' dir='ltr'><strong>Tunc</strong></span> <span class='ocrx_word' id='word_1_897' title='bbox 3186 5549 3331 5604; x_wconf 89' lang='lat' dir='ltr'><strong>enim</strong></span> <span class='ocrx_word' id='word_1_898' title='bbox 3382 5546 3628 5615; x_wconf 83' lang='lat' dir='ltr'><strong>profecto</strong></span> 
     </span>
    </p>
   </div>
   <div class='ocr_carea' id='block_1_118' title="bbox 2020 5638 3618 5715">
    <p class='ocr_par' dir='ltr' id='par_1_118' title="bbox 2020 5638 3618 5715">
     <span class='ocr_line' id='line_1_118' title="bbox 2020 5638 3618 5715; baseline -0.009 -10"><span class='ocrx_word' id='word_1_899' title='bbox 2020 5649 2367 5705; x_wconf 88' lang='lat' dir='ltr'><strong>miseratione</strong></span> <span class='ocrx_word' id='word_1_900' title='bbox 2413 5655 2467 5700; x_wconf 90' lang='lat' dir='ltr'><strong>et</strong></span> <span class='ocrx_word' id='word_1_901' title='bbox 2533 5644 2785 5715; x_wconf 83' lang='lat' dir='ltr'><strong>lacrymis</strong></span> <span class='ocrx_word' id='word_1_902' title='bbox 2826 5642 3019 5712; x_wconf 89' lang='lat' dir='ltr'><strong>dignus</strong></span> <span class='ocrx_word' id='word_1_903' title='bbox 3061 5638 3450 5696; x_wconf 79' lang='lat' dir='ltr'><strong>existimandus</strong></span> <span class='ocrx_word' id='word_1_904' title='bbox 3496 5646 3618 5703; x_wconf 88' lang='lat' dir='ltr'><strong>est,</strong></span> 
     </span>
    </p>
   </div>
   <div class='ocr_carea' id='block_1_119' title="bbox 2022 5730 3632 5807">
    <p class='ocr_par' dir='ltr' id='par_1_119' title="bbox 2022 5730 3632 5807">
     <span class='ocr_line' id='line_1_119' title="bbox 2022 5730 3632 5807; baseline -0.007 -11"><span class='ocrx_word' id='word_1_905' title='bbox 2022 5756 2141 5797; x_wconf 72' lang='lat' dir='ltr'><strong>cum</strong></span> <span class='ocrx_word' id='word_1_906' title='bbox 2171 5740 2280 5794; x_wconf 91' lang='lat' dir='ltr'><strong>nati</strong></span> <span class='ocrx_word' id='word_1_907' title='bbox 2303 5738 2607 5793; x_wconf 81' lang='lat' dir='ltr'><strong>felicitatem</strong></span> <span class='ocrx_word' id='word_1_908' title='bbox 2630 5735 2943 5803; x_wconf 87' lang='lat' dir='ltr'><strong>conspicere</strong></span> <span class='ocrx_word' id='word_1_909' title='bbox 2964 5746 3071 5786; x_wconf 88' lang='lat' dir='ltr'><strong>non</strong></span> <span class='ocrx_word' id='word_1_910' title='bbox 3097 5730 3283 5807; x_wconf 85' lang='lat' dir='ltr'><strong>possit,</strong></span> <span class='ocrx_word' id='word_1_911' title='bbox 3309 5737 3632 5799; x_wconf 81' lang='lat' dir='ltr'><strong>tantumun</strong></span> 
     </span>
    </p>
   </div>
   <div class='ocr_carea' id='block_1_120' title="bbox 2023 5817 3637 5894">
    <p class='ocr_par' dir='ltr' id='par_1_120' title="bbox 2023 5817 3637 5894">
     <span class='ocr_line' id='line_1_120' title="bbox 2023 5817 3637 5894; baseline -0.008 -6"><span class='ocrx_word' id='word_1_912' title='bbox 2023 5833 2165 5889; x_wconf 90' lang='lat' dir='ltr'><strong>absit</strong></span> <span class='ocrx_word' id='word_1_913' title='bbox 2205 5840 2264 5886; x_wconf 93' lang='lat' dir='ltr'><strong>ut</strong></span> <span class='ocrx_word' id='word_1_914' title='bbox 2305 5831 2450 5886; x_wconf 86' lang='lat' dir='ltr'><strong>illam</strong></span> <span class='ocrx_word' id='word_1_915' title='bbox 2500 5829 2712 5894; x_wconf 86' lang='lat' dir='ltr'><strong>videat,</strong></span> <span class='ocrx_word' id='word_1_916' title='bbox 2742 5836 2804 5881; x_wconf 90' lang='lat' dir='ltr'><strong>ut</strong></span> <span class='ocrx_word' id='word_1_917' title='bbox 2834 5835 3102 5894; x_wconf 88' lang='lat' dir='ltr'><strong>tamquam</strong></span> <span class='ocrx_word' id='word_1_918' title='bbox 3156 5824 3208 5880; x_wconf 90' lang='lat' dir='ltr'><strong>in</strong></span> <span class='ocrx_word' id='word_1_919' title='bbox 3245 5820 3470 5879; x_wconf 81' lang='lat' dir='ltr'><strong>summis</strong></span> <span class='ocrx_word' id='word_1_920' title='bbox 3507 5817 3637 5891; x_wconf 71' lang='lat' dir='ltr'><strong>eius.</strong></span> 
     </span>
    </p>
   </div>
   <div class='ocr_carea' id='block_1_121' title="bbox 2088 5935 3142 6010">
    <p class='ocr_par' dir='ltr' id='par_1_121' title="bbox 2088 5935 3142 6010">
     <span class='ocr_line' id='line_1_121' title="bbox 2088 5935 3142 6010; baseline -0.011 -10"><span class='ocrx_word' id='word_1_921' title='bbox 2088 5947 2106 5983; x_wconf 79' lang='grc'>⁸</span> <span class='ocrx_word' id='word_1_922' title='bbox 2147 5946 2327 6010; x_wconf 81' lang='lat' dir='ltr'><strong>verba,</strong></span> <span class='ocrx_word' id='word_1_923' title='bbox 2352 5951 2398 5997; x_wconf 82' lang='lat' dir='ltr'><strong>et</strong></span> <span class='ocrx_word' id='word_1_924' title='bbox 2415 5944 2491 5997; x_wconf 76' lang='lat' dir='ltr'><strong>lus</strong></span> <span class='ocrx_word' id='word_1_925' title='bbox 2512 5941 2681 6008; x_wconf 83' lang='lat' dir='ltr'><strong>plura,</strong></span> <span class='ocrx_word' id='word_1_926' title='bbox 2708 5939 2953 5993; x_wconf 84' lang='lat' dir='ltr'><strong>desuntin</strong></span> <span class='ocrx_word' id='word_1_927' title='bbox 2974 5935 3142 5990; x_wconf 65' lang='lat' dir='ltr'><strong>alorci.</strong></span> 
     </span>
    </p>
   </div>
  </div>
