4276 6316
696 418 800 475 355

696 536 849 592 malis
872 534 1215 589 ianmntetur.
1255 527 1534 595 Quodnam
1567 541 1694 595 ergo
1722 525 1826 579 erit
1854 531 2051 577 nostr-.e
2081 519 2278 573 oratio-

696 629 780 682 nis
800 623 1127 682 exordium?
1157 620 1239 675 Ab
1269 621 1401 690 ipsis
1426 618 1616 688 apibus
1644 631 1706 670 ac
1739 614 2009 686 pecuniis,
2035 608 2281 678 quando-

695 718 909 789 quidem
943 716 995 771 id
1024 716 1114 769 ille
1151 713 1383 768 maxime
1408 711 1646 765 onmium
1678 706 1957 775 deplorat,
1990 702 2151 771 idque
2180 701 2279 768 ipsi

696 812 908 867 videtur
934 806 1372 868 acerbissimum,
1404 802 1448 857 si
1485 801 1683 855 divites
1714 798 1804 853 filii
1837 796 1903 850 ad
1947 795 2083 849 hanc
2117 795 2280 846 vitam

699 902 1098 973 pertrahantur.
1130 898 1225 952 Dic
1260 909 1388 964 ergo
1432 892 1593 958 mihi,
1622 899 1800 945 utrum
1836 901 2024 942 onmes
2067 884 2281 939 beatum

697 994 928 1049 dicunus
977 998 1033 1045 et
1081 990 1237 1058 plane
1278 984 1683 1046 felicissimum,
1722 996 1915 1044 eumne
1958 979 2049 1050 qui
2102 978 2153 1031 in
2195 976 2281 1030 siti

698 1099 915 1153 semper
955 1086 1178 1145 aestuat,
1209 1077 1406 1149 quique
1426 1116 1442 1142 ,
1472 1084 1757 1144 antequam
1800 1073 2029 1141 priorem
2063 1068 2281 1125 calicem

698 1175 998 1240 sorbuerit,
1029 1186 1213 1226 rursus
1252 1170 1358 1225 alio
1399 1168 1635 1237 indiget,
1672 1175 1831 1235 atque
1857 1177 2069 1231 semper
2100 1161 2151 1215 in
2183 1160 2285 1214 hoc

703 1274 1012 1338 perseverat
1055 1273 1193 1318 statu
1221 1303 1237 1328 ,
1277 1278 1343 1316 an
1373 1276 1493 1315 eum
1519 1301 1535 1327 ,
1566 1259 1656 1329 qui
1695 1256 1938 1327 superior
1974 1255 2073 1309 hac
2101 1268 2286 1310 neces-

700 1363 859 1417 sitate
898 1360 1216 1415 constitutus
1237 1397 1251 1420 ,
1280 1356 1396 1409 sine
1418 1354 1505 1408 siti
1534 1366 1750 1423 semper
1795 1356 1995 1413 manet,
2027 1357 2080 1402 et
2126 1361 2283 1401 num-

703 1469 861 1525 quam
894 1452 959 1506 ad
1003 1447 1303 1518 hujus-modi
1336 1446 1661 1517 potationem
1703 1442 1959 1514 pellitur?
1988 1454 2163 1495 nonne
2202 1438 2290 1493 ille

705 1544 918 1615 quidem
946 1541 1084 1597 febri
1114 1549 1363 1607 correpto
1407 1537 1596 1591 similis
1617 1545 1699 1590 est
1723 1574 1737 1599 ,
1766 1534 1857 1603 qui
1899 1531 2287 1587 violentissima

708 1635 1026 1690 necessitate
1067 1631 1332 1701 premitur
1353 1670 1369 1693 ,
1398 1628 1610 1684 etiamsi
1638 1641 1705 1681 ex
1734 1624 1968 1679 fontibus
1994 1622 2288 1677 uberrimos

705 1726 896 1791 latices
926 1723 1140 1777 haurire
1184 1720 1388 1790 possit,
1423 1719 1508 1772 hic
1534 1733 1662 1773 vero
1691 1717 1826 1771 liber
1852 1725 1933 1770 est
1969 1729 2096 1769 vera
2126 1714 2285 1769 libern

707 1824 849 1879 tate,
878 1824 932 1870 et
959 1827 1121 1868 sanus
1162 1810 1394 1882 perfecta
1439 1810 1667 1864 sanitate
1689 1850 1705 1876 ,
1734 1808 2010 1877 ipsamque
2045 1816 2286 1859 naturam

703 1915 920 1977 superat
973 1905 1292 1959 humanam?
1344 1903 1480 1971 Quid
1530 1917 1690 1969 vero,
1735 1902 1781 1957 si
1838 1902 1957 1970 quis
2010 1898 2289 1953 mulierem

703 2011 927 2063 amans,
958 2012 1081 2050 cum
1124 2010 1187 2049 ea
1225 1993 1640 2063 congrederetur
1692 1992 1922 2062 jugiter,
1948 1989 2048 2064 sed
2088 1989 2290 2057 majore

705 2098 830 2160 post
860 2087 1200 2144 concubitum
1236 2085 1484 2156 ﬂagraret
1527 2084 1751 2148 ardore,
1782 2083 1919 2137 alius
1952 2070 2089 2136 ‘vero
2125 2088 2291 2134 staret

708 2181 808 2235 hac
836 2180 1039 2234 insania
1067 2179 1221 2242 liber,
1247 2193 1309 2231 ac
1339 2192 1406 2231 ne
1432 2177 1484 2230 in
1512 2174 1734 2229 somniis
1755 2174 1969 2244 quidem
2007 2173 2108 2227 hoc
2148 2171 2291 2225 malo

705 2280 1020 2341 caperetur,
1063 2269 1184 2337 quis
1237 2267 1391 2340 nobis
1444 2265 1571 2320 felix
1626 2266 1921 2334 beatusque
1983 2261 2292 2317 videretur?

707 2377 888 2417 nonne
908 2360 1037 2415 hic?
1060 2360 1182 2427 quis
1207 2367 1385 2414 autem
1414 2356 1596 2412 infelix
1625 2371 1687 2411 ac
1713 2355 2086 2411 miserrimus?
2114 2367 2291 2407 nonne

706 2454 819 2520 ille,
850 2430 936 2523 qui
968 2452 1070 2508 hoc
1096 2465 1236 2505 vano
1260 2465 1445 2505 amore
1474 2458 1703 2514 tenetur,
1727 2447 1815 2518 qui
1850 2460 2137 2516 numquam
2167 2460 2291 2514 pos-

708 2545 780 2599 sit
828 2542 1121 2612 exstingui,
1169 2541 1279 2596 imo
1331 2555 1462 2596 vero
1513 2540 1603 2609 qui
1669 2538 1983 2610 exeogitatis
2037 2534 2292 2592 remediis

706 2634 875 2689 multo
917 2633 1084 2703 magis
1114 2631 1453 2688 incenditur?
1479 2631 1573 2687 Sin
1615 2641 1794 2685 autem
1841 2639 2034 2700 pra-ter
2077 2644 2139 2685 ea
2174 2644 2293 2698 qua:

704 2726 845 2782 dicta
871 2736 995 2781 sunt
1023 2742 1090 2782 ex
1121 2726 1239 2799 ipso
1278 2725 1466 2780 morbo
1502 2740 1563 2780 se
1600 2723 1813 2781 beatum
1841 2724 2014 2790 dicat,
2038 2738 2141 2778 nec
2170 2722 2295 2776 velit

708 2836 772 2876 ea
814 2820 1132 2875 necessitate
1179 2818 1425 2883 liberari,
1476 2816 1927 2887 quemadmodum
1979 2816 2026 2869 is
2076 2815 2143 2870 de
2185 2830 2293 2885 quo

707 2927 851 2967 nunc
898 2912 1105 2982 agitur,
1150 2924 1330 2966 nonne
1372 2908 1499 2964 hinc
1541 2923 1755 2979 quoque
1787 2907 2144 2963 miserabilior
2190 2907 2296 2961 erit

704 3013 866 3074 atque
897 3002 1192 3070 infelicior,
1223 3016 1345 3056 cum
1394 3016 1499 3055 non
1548 3009 1753 3054 tantum
1802 3008 2058 3069 :rgrotet,
2090 2997 2184 3052 sed
2226 3013 2294 3053 ne

706 3097 809 3150 hoc
834 3094 1050 3165 quidem
1079 3093 1250 3166 sciat,
1289 3091 1430 3162 quod
1465 3106 1607 3161 aeger
1631 3092 1738 3157 sit,
1777 3091 2000 3160 ideoque
2039 3104 2139 3145 nec
2181 3090 2295 3157 ipse

705 3184 924 3239 liberari
950 3184 1110 3249 velit,
1139 3182 1428 3252 quinetiam
1468 3195 1563 3236 eos
1587 3181 1678 3251 qui
1705 3180 1911 3235 liberati
1937 3192 2061 3234 sunt
2079 3178 2295 3250 lugeat?

706 3272 1013 3328 Orationem
1042 3274 1219 3342 itaque
1247 3272 1386 3326 hanc
1415 3271 1481 3325 ad
1513 3271 1858 3341 pecuniarum
1898 3271 2292 3340 possessionem

706 3364 1115 3428 referanms,et
1155 3361 1455 3417 videbimus
1487 3362 1608 3431 quis
1648 3360 1825 3416 infelix
1879 3369 1933 3415 ct
1982 3362 2146 3416 miser
2175 3362 2244 3415 sit
2276 3379 2289 3416 :

705 3456 846 3510 inter
874 3454 993 3509 illos
1016 3454 1212 3523 quippe
1246 3467 1458 3507 amores
1484 3452 1569 3507 l‘ic
1603 3452 2003 3517 vehementior,
2033 3452 2118 3508 hic
2149 3452 2293 3506 insae

704 3545 809 3599 nias
846 3543 1060 3613 propior
1098 3551 1183 3597 est
1206 3582 1221 3609 ,
1254 3542 1479 3612 ideoque
1525 3541 1783 3610 majorem
1826 3550 2002 3611 potest
2052 3542 2290 3597 dolorem

702 3634 922 3699 afferre;
955 3648 1060 3688 non
1086 3634 1285 3688 idcirco
1315 3642 1515 3687 tantum
1537 3632 1679 3703 quod
1699 3631 1857 3689 fares
1894 3632 2089 3687 habeat
2121 3632 2293 3687 acrio—

703 3740 818 3792 res,
844 3725 939 3781 sed
966 3726 1106 3796 quod
1133 3726 1446 3795 excogitata:
1475 3724 1699 3792 cuilibet
1722 3724 2072 3781 consolationi
2101 3725 2294 3779 cedere

705 3831 813 3868 non
862 3814 1068 3879 valeat,
1111 3816 1283 3885 sitque
1328 3815 1434 3870 illis
1478 3814 1728 3869 omnibus
1776 3814 2060 3884 potentior.
2108 3814 2292 3869 Potius

702 3905 849 3960 enim
893 3905 983 3974 qui
1033 3915 1216 3976 potum
1262 3914 1317 3960 et
1358 3919 1582 3973 corpora
1632 3913 1842 3970 amant,
1876 3912 2157 3974 postquam
2212 3905 2295 3959 his

704 3999 855 4069 potiti
896 3997 1125 4062 fuerint,
1158 3999 1402 4053 satietate
1437 3997 1778 4068 gaudebunt,
1810 4015 1968 4069 quam
2002 4000 2038 4054 ii
2068 4001 2159 4070 qui
2201 4001 2289 4055 in-

704 4105 839 4145 sano
877 4089 1185 4144 divitiarum
1220 4103 1404 4144 amore
1445 4094 1707 4144 teruntur.
1739 4090 2000 4158 Quocirca
2030 4091 2150 4145 illos
2178 4092 2295 4161 qui-

703 4183 826 4237 dem
856 4190 1037 4237 nostra
1060 4182 1305 4237 oratione
1327 4181 1582 4253 efﬁngere
1607 4197 1829 4238 necesse
1860 4183 1984 4249 fuit,
2016 4182 2156 4254 quod
2186 4198 2294 4239 non

703 4272 883 4326 statim
919 4262 1104 4326 eorum
1147 4272 1527 4327 documentum
1575 4280 1629 4328 et
1668 4274 2092 4343 experimentum
2125 4290 2293 4345 appa-

706 4372 821 4417 reat
853 4382 867 4417 :
898 4362 1058 4432 hujus
1084 4377 1211 4417 vero
1240 4362 1410 4416 morbi
1436 4377 1501 4417 ex
1531 4361 1694 4417 rebus
1724 4363 1852 4432 ipsis
1888 4365 2051 4418 multa
2098 4380 2292 4434 possu-

705 4467 826 4507 mus
876 4453 1119 4523 exempla
1169 4450 1431 4523 proferre.
1476 4451 1709 4521 Idcone,
1760 4454 1849 4509 die
1890 4469 2073 4525 quaso
2123 4456 2290 4523 mibi,

703 4546 871 4601 filium
908 4546 1093 4616 luges,
1122 4546 1263 4615 quod
1304 4555 1448 4602 tanta
1491 4546 1740 4609 vesania,
1769 4548 1913 4618 quod
1953 4558 2058 4602 tam
2097 4548 2290 4619 despe-

703 4648 823 4695 rato
869 4630 1376 4705 morholiber‘sit,
1431 4638 1575 4709 quod
1626 4641 1903 4697 incurabili
1955 4658 2141 4698 amore
2184 4661 2289 4699 non

703 4730 983 4787 teneatur?
1010 4731 1151 4800 quod
1184 4730 1287 4785 hoc
1312 4730 1452 4786 bello
1476 4741 1531 4786 et
1561 4747 1734 4802 pugna
1765 4742 1980 4804 ereptus
2009 4736 2081 4789 sit
2099 4736 2123 4789 ἲ
2144 4738 2211 4790 At
2240 4737 2291 4792 id

702 4838 990 4893 numquam
1018 4822 1108 4878 ille
1155 4837 1344 4892 passus
1403 4822 1624 4890 fuisset,
1656 4824 1900 4894 inquies,
1928 4827 2290 4897 neque_plura

699 4914 1132 4986 concupivisset,
1160 4914 1253 4969 sed
1284 4914 1468 4971 fuisset
1504 4918 1857 4985 prmsentibus
1880 4918 2035 4974 bonis
2063 4930 2290 4976 conten-

704 5016 809 5061 tus.
830 5006 971 5062 Sane
999 5020 1115 5061 rem
1145 5006 1279 5061 dicis
1308 5006 1409 5075 ipsi
1436 5017 1644 5063 natura:
1672 5049 1687 5075 ,
1721 5018 1776 5063 ut
1814 5010 1883 5064 ita
1913 5010 2134 5081 loquar,
2157 5028 2290 5066 con-

702 5097 919 5150 trariam
950 5113 963 5149 :
998 5111 1184 5151 verum
1223 5096 1303 5152 sic
1330 5106 1474 5164 esto,
1502 5098 1554 5153 id
1584 5099 1679 5154 tibi
1714 5100 1825 5169 jam
1855 5102 2209 5167 concedatur,
2235 5113 2291 5158 nt

697 5189 763 5244 iis
784 5231 798 5255 ,
825 5205 945 5259 qua:
974 5188 1227 5257 haberet,
1256 5190 1385 5245 nihil
1413 5191 1571 5246 vellet
1618 5192 1872 5263 adjicere,
1904 5209 2002 5249 nec
2032 5196 2139 5251 ullo
2168 5212 2287 5250 um-

699 5299 858 5351 quam
887 5282 1191 5352 hujusmodi
1219 5283 1489 5339 desiderio
1510 5294 1781 5341 teneretur
1810 5306 1827 5343 :
1855 5303 1955 5357 ego
1980 5290 2057 5345 sic
2078 5305 2289 5360 quoque

701 5371 853 5427 tilum
887 5373 1074 5443 majori
1125 5389 1265 5429 nunc
1313 5375 1365 5429 in
1404 5381 1584 5446 quiete
1622 5391 1688 5432 ac
1723 5379 1998 5449 voluptate
2047 5396 2289 5437 commo-

699 5465 808 5519 rari
850 5466 1178 5520 monstrabo.
1211 5465 1349 5535 Quid
1374 5468 1519 5524 enim
1564 5467 1732 5535 levius
1769 5485 1889 5526 esse
1916 5473 2283 5537 censebimus,

701 5558 935 5630 taontisne
981 5557 1127 5613 euris
1170 5558 1461 5629 implicari,
1492 5557 1862 5632 ejusmodique
1914 5564 2173 5619 custodia:
2222 5550 2318 5621 ac.

702 5650 945 5703 servituti
991 5649 1304 5705 obstrictum
1354 5666 1511 5718 esse,
1556 5661 1902 5725 metuereque
1935 5671 2001 5710 ne
2036 5658 2164 5727 quid
2208 5659 2287 5714 rei

694 5739 974 5796 familiaris
1004 5749 1205 5810 pereat,
1235 5757 1300 5797 an
1330 5757 1459 5798 vero
1479 5743 1562 5799 his
1592 5745 1821 5801 vinculis
1847 5748 2081 5817 expediri
2101 5748 2287 5805 Νἶοηο

697 5831 920 5891 cedatur
950 5835 1096 5892 illum
1128 5836 1260 5893 alias
1287 5839 1525 5895 sarcinas
1561 5854 1665 5894 non
1694 5850 1947 5910 appetere
1977 5858 1991 5897 :
2020 5853 2071 5897 at
2121 5843 2288 5901 multo

1400 413 1453 468 S.
1492 408 1770 468 JOANNIS
1806 399 2281 464 CHRYSOSTOSH
2315 398 2634 455 ARCHIEP.
2674 400 3212 459 CONSTANTINOP.

3873 402 3999 457 332s

2392 520 2584 575 melius
2622 530 2705 575 est
2751 520 2861 590 jam
2908 518 3183 591 impositas
3229 518 3527 588 deSpicere.
3558 518 3688 573 Nam
3711 519 3795 586 si,
3829 528 3886 573 ut
3934 520 3998 572 in

2386 613 2633 667 confesso
2676 620 2791 677 est,
2832 611 3077 681 plurimis
3118 627 3225 666 non
3275 611 3515 681 indigere
3556 612 3843 665 maximum
3897 622 3999 665 est

2388 704 2585 759 tonum
2612 748 2627 772 ,
2668 714 2819 759 extra
2867 719 3083 760 omnem
3129 720 3310 760 rerum
3364 720 3517 761 usum
3574 719 3725 770 esse,
3759 704 3998 774 majoris

2387 796 2625 866 [refecto
2658 796 2924 851 felicitatis
2948 797 3070 851 erit.
3096 797 3144 852 is
3164 798 3306 851 enim
3333 797 3421 866 qui
3452 812 3625 867 neque
3652 799 3783 863 sitit,
3807 810 3999 866 neque

2388 896 2532 941 amat
2560 886 2715 955 (nihil
2742 887 2883 941 enim
2912 887 3135 957 impedit
3165 888 3452 957 quominus
3475 887 3541 941 ad
3577 887 3998 942 eadem'exem-

2390 980 2474 1047 pla
2514 976 2842 1046 redeamus),
2873 992 2979 1031 non
3012 977 3173 1032 modo
3203 978 3268 1031 iis
3295 978 3384 1047 qui
3428 992 3641 1046 semper
3678 979 3900 1045 sitiunt,
3927 988 3995 1031 et

2390 1088 2605 1141 semper
2629 1083 2811 1127 amant
2835 1113 2851 1138 ,
2880 1071 2973 1126 sed
3000 1071 3066 1125 iis
3096 1072 3255 1125 etiam
3279 1112 3296 1139 ,
3322 1072 3413 1142 qui
3447 1072 3516 1126 ad
3562 1074 3726 1128 breve
3774 1083 3998 1144 tempus

2393 1165 2494 1221 hoc
2543 1169 2844 1234 patiuntur,
2895 1175 2951 1220 et
2990 1167 3480 1236 concupiscentiam
3526 1168 3777 1235 explent,
3823 1167 3999 1236 longe

2394 1258 2601 1313 beatior
2627 1273 2747 1314 esse
2780 1268 3110 1313 monstratus
3134 1270 3216 1314 est
3237 1300 3253 1327 ,
3284 1270 3469 1329 utpote
3498 1261 3587 1327 qui
3616 1261 3669 1313 in
3698 1260 3856 1328 hujus
3883 1274 3999 1314 ne—

2392 1352 2657 1407 cessitatis
2695 1352 3128 1423 experimentum
3171 1368 3278 1407 non
3323 1352 3590 1407 inciderit.
3621 1352 4003 1407 Percontabor

2393 1455 2448 1501 te
2496 1462 2719 1510 rursus,
2764 1446 2809 1499 si
2858 1446 3056 1500 divitiis
3093 1447 3234 1500 ultra
3281 1461 3472 1501 omnes
3511 1446 3784 1510 eminere,
3817 1445 3999 1515 iisque

2394 1539 2573 1591 tamen
2613 1537 2767 1593 malis
2795 1537 2993 1601 eximi,
3026 1552 3145 1607 qua:
3170 1537 3346 1592 solent
3376 1538 3480 1592 illa:
3510 1552 3732 1607 parere,
3765 1537 3996 1602 liceret.

2392 1642 2574 1682 annon
2617 1630 2915 1683 sexcenties
2954 1636 3282 1699 praeoptares
3313 1629 3414 1681 hac
3455 1629 3707 1683 felicitate
3738 1627 3876 1695 frui,
3918 1628 3999 1683 ita

2395 1730 2455 1773 ut
2494 1735 2599 1773 non
2646 1719 2931 1783 invidiam,
2974 1734 3079 1773 non
3130 1719 3461 1785 catumnias,
3509 1734 3616 1773 non
3660 1734 3854 1782 curas,
3883 1734 4000 1773 non

2393 1810 2684 1880 quidquam
2726 1809 2871 1867 aliud
2917 1810 3183 1879 ejusmodi
3222 1810 3517 1881 patereris?
3547 1810 3603 1865 Si
3636 1811 3794 1881 igitur
3822 1811 3998 1865 filium

2395 1910 2545 1957 tuum
2601 1903 2714 1957 lucc
2754 1903 2931 1957 omnia
2982 1901 3183 1957 habere
3230 1911 3637 1968 monstravere,
3680 1903 3799 1956 imo
3836 1902 4001 1972 longe

2395 1993 2643 2048 ditiorem
2676 2008 2816 2048 nunc
2858 2008 3016 2061 esse,
3045 1992 3278 2048 finemne
3324 1993 3537 2047 tandem
3578 1992 3740 2048 facies
3779 1992 3999 2062 lugendi

2398 2092 2506 2137 tam
2545 2086 2770 2137 amare?
2796 2083 2937 2139 Sane
2958 2083 3101 2153 quod
3131 2083 3341 2138 solutus
3366 2083 3439 2137 sit
3458 2084 3603 2138 curis
3628 2083 3856 2153 aliisque
3881 2098 4000 2136 rna-

2397 2174 2483 2239 lis,
2509 2190 2627 2243 qua:
2653 2173 2830 2229 solent
2851 2175 3069 2229 divitias
3097 2175 3373 2244 subsequi,
3404 2190 3580 2243 neque
3606 2174 3719 2244 ipse
3749 2172 3997 2244 negabis;

2398 2265 2519 2320 ideo
2551 2280 2649 2319 nos
2674 2264 2743 2320 ad
2785 2276 2838 2321 te
2862 2264 2931 2321 de
2967 2266 3067 2321 hae
3106 2280 3166 2321 re
3200 2266 3364 2320 verba
3402 2264 3581 2320 facere
3617 2279 3839 2321 necesse
3887 2280 3998 2319 non

2396 2365 2480 2410 est
2509 2372 2521 2408 :
2550 2356 2748 2425 quaeris
2773 2367 2951 2411 autem
2977 2356 3247 2427 quomodo
3272 2357 3361 2411 ille
3386 2368 3436 2411 te
3458 2359 3529 2411 sit
3554 2357 3879 2427 opulentior,
3902 2358 3996 2427 qui

2399 2454 2506 2500 tam
2556 2447 2737 2500 multa
2762 2446 3026 2515 possides.
3052 2446 3164 2501 lioc
3189 2455 3240 2500 te
3269 2446 3586 2502 docebimus
3610 2488 3625 2514 ,
3653 2447 3997 2502 demonstra-

2397 2540 2683 2607 bimusque
2706 2549 2787 2603 te,
2811 2540 2900 2609 qui
2935 2540 3110 2609 ipsum
3138 2540 3193 2594 in
3229 2549 3471 2596 extrema
3500 2555 3643 2595 nunc
3683 2549 4002 2610 paupertate

2401 2632 2599 2701 degere
2622 2630 2937 2699 arbitraris,
2968 2630 3073 2686 hoc
3101 2632 3275 2701 ipsum
3308 2632 3456 2702 pati,
3485 2633 3530 2686 si
3562 2646 3683 2686 cum
3725 2632 3818 2686 illo
3843 2645 3997 2685 com-

2397 2722 2625 2792 pareris.

2468 2813 2523 2868 4.
2563 2813 2745 2884 Neque
2765 2822 2921 2885 putes
2950 2828 3037 2870 me
3062 2815 3131 2870 de
3156 2814 3460 2870 cmlestibns
3486 2813 3643 2870 bonis
3694 2815 3871 2885 loqui,
3899 2815 4000 2870 de-

2398 2919 2502 2974 que
2528 2904 2593 2958 iis
2614 2919 2733 2974 quae
2755 2914 2877 2975 post
2906 2904 3045 2959 hanc
3070 2905 3234 2959 vitam
3264 2906 3581 2960 advenient:
3610 2922 3675 2962 cx
3729 2908 3796 2962 iis
3853 2907 4001 2961 enim

2399 3011 2518 3065 qua:
2538 3004 2665 3051 sunt
2693 2997 2747 3049 in
2774 2997 3021 3051 manibus
3049 3006 3420 3065 argumentum
3451 2998 3663 3053 ducam.
3697 2999 3777 3053 Tu
3818 3000 4025 3070 itaque

2397 3101 2586 3142 eorum
2630 3096 2834 3142 tantum
2860 3104 2978 3157 quze
3025 3088 3267 3158 possides
3306 3088 3556 3145 dominus
3585 3106 3677 3145 es:
3725 3091 3814 3145 ille
3867 3106 4005 3145 vero

2399 3180 2636 3234 omnium
2660 3196 2779 3250 qua:
2800 3190 2922 3235 sunt
2957 3181 3010 3236 iu
3039 3181 3171 3236 orbe
3212 3190 3500 3237 terrarum.
3527 3182 3584 3239 Si
3632 3199 3737 3237 non
3774 3183 3962 3249 credis
3986 3226 4000 3239 .

2398 3286 2497 3340 age
2529 3280 2581 3327 te
2608 3272 2673 3325 ad
2702 3273 2850 3326 illum
2879 3272 3207 3329 adducamus
3227 3315 3240 3338 ,
3270 3274 3427 3343 eique
3452 3275 3775 3328 suadeamus
3795 3316 3810 3342 ,
3850 3285 3908 3328 ut
3932 3275 4009 3330 de

2400 3371 2583 3416 monte
2610 3362 2945 3417 descendens
2968 3406 2984 3429 ,
3014 3363 3123 3417 imo
3152 3364 3329 3432 potius
3379 3365 3486 3418 illic
3533 3365 3806 3432 residens,
3838 3364 4001 3419 alicui

2397 3468 2464 3508 ex
2492 3453 2591 3520 iis,
2620 3455 2709 3524 qui
2727 3454 2920 3509 divites
2939 3452 3093 3510 valde
3110 3455 3376 3525 simulque
3403 3456 3638 3526 religiosi
3662 3465 3820 3523 sunt,
3847 3470 4003 3510 man-

2399 3543 2524 3611 det,
2557 3545 2658 3601 sibi
2714 3546 2887 3600 mittat
2935 3555 3139 3600 tantum
3185 3548 3298 3601 auri
3322 3547 3565 3616 pondus,
3601 3557 3856 3617 quantum
3885 3549 4002 3618 ipse

2398 3639 2509 3693 vis:
2542 3640 2656 3694 sive
2688 3638 2810 3708 quia
2857 3638 2907 3692 id
2956 3639 3042 3693 ille
3083 3654 3189 3693 non
3212 3648 3504 3709 pateretur,
3537 3640 3694 3694 alicui
3738 3640 4000 3711 indigenti

2398 3731 2527 3785 dare
2548 3730 2763 3799 jubeat,
2793 3730 3103 3798 videbisqne
3124 3729 3345 3785 divitem
3364 3731 3594 3785 alacrius
3612 3733 3999 3802 obsequentem

2399 3831 2451 3876 et
2473 3829 2817 3890 erogantem,
2849 3836 3007 3890 quam
3030 3820 3230 3875 faceret
3259 3835 3399 3875 unus
3427 3835 3495 3876 ex
3539 3822 4000 3891 dispensatoribus

2400 3913 2526 3965 tuis.
2548 3912 2646 3966 llic
2656 3913 2872 3982 quippe,
2889 3926 3012 3966 cum
3031 3912 3228 3981 aliquid
3239 3912 3460 3981 jubetur
3477 3912 3812 3982 impendere,
3831 3914 4001 3969 tristis

2400 4016 2464 4057 ac
2482 4016 2717 4058 maerens
2735 4003 2785 4057 id
2810 4001 2967 4064 facit;
2991 4012 3175 4057 contra
3195 4004 3285 4057 ille
3300 4018 3420 4056 cum
3440 4018 3549 4057 non
3568 4004 3847 4073 impendit,
3871 4014 4000 4058 tunc

2402 4095 2596 4149 anxius
2614 4103 2697 4150 est
2716 4111 2784 4148 ne
2810 4095 2861 4149 in
2879 4094 3058 4163 aliquo
3079 4092 3530 4165 offenderit,quod
3547 4094 3647 4150 sibi
3671 4094 3804 4149 nihn
3822 4098 3999 4166 hujus-

2401 4186 2544 4240 modi
2584 4186 2896 4254 imperetur.
2926 4183 3118 4239 Multos
3143 4194 3290 4239 certe
3320 4184 3414 4239 tibi
3444 4198 3660 4254 possem
3688 4189 3993 4245 ostendere.

2401 4292 2507 4331 non
2533 4293 2597 4331 ex
2614 4262 3002 4331 'illustrioribus
3030 4274 3134 4341 his,
3158 4276 3252 4331 sed
3278 4291 3341 4330 ex
3368 4275 3739 4329 humilioribus
3757 4288 3994 4345 quoque,

2399 4368 2487 4438 qui
2515 4366 2615 4422 hac
2632 4376 2776 4422 tanta
2804 4375 3066 4438 potestate
3092 4375 3219 4421 sunt
3246 4365 3478 4437 pratditi.
3508 4367 3585 4420 Ac
3615 4376 3670 4419 tu
3691 4364 3930 4435 quidem,
3951 4381 3995 4419 sx

2400 4460 2667 4515 (Economi
2692 4458 2793 4514 sibi
2816 4458 3017 4513 credita
3044 4458 3471 4527 absumpserint,
3495 4457 3656 4510 alium
3690 4472 3795 4510 non
3824 4455 3995 4510 habes

2400 4567 2430 4605 a
2458 4566 2563 4622 quo
2588 4560 2735 4621 petas
2758 4593 2774 4620 ,
2799 4552 2893 4607 sed
2927 4552 3107 4606 statim
3134 4566 3232 4620 per
3261 4551 3474 4605 illorum
3525 4551 3813 4620 nequitiam
3859 4550 3997 4605 divi-

2401 4640 2489 4699 tia:
2516 4653 2619 4698 tum
2665 4644 2717 4699 in
2759 4652 3136 4714 paupertatem
3169 4645 3517 4698 mutabuntur
3552 4659 3566 4696 :
3596 4658 3624 4696 a
3666 4641 3777 4696 filio
3815 4652 3996 4699 autem

2402 4745 2495 4801 tuo
2524 4735 2657 4789 nihil
2706 4743 2791 4791 est
2835 4735 3097 4804 ejusmodi
3146 4734 3513 4790 metuendum.
3563 4734 3694 4789 Nam
3726 4736 3771 4789 si
3812 4735 3899 4790 hie
3944 4737 3997 4790 in

2403 4836 2771 4897 paupertatem
2799 4827 3032 4893 incidat,
3054 4842 3269 4881 rursum
3308 4827 3462 4881 alteri
3493 4825 3806 4896 imperabit;
3835 4828 3917 4881 sin
3955 4828 4000 4881 is

2401 4932 2614 4987 quoque
2656 4918 2830 4973 simile
2866 4910 3060 4988 passus
3102 4917 3205 4982 sit,
3247 4916 3315 4970 ad
3363 4918 3526 4970 alium
3574 4932 3635 4972 se
3680 4926 3993 4973 convertet:

2401 5011 2551 5079 prius
2577 5009 2811 5080 denique
2864 5009 3116 5065 deficient
3168 5008 3393 5064 fontium
3427 5010 3652 5075 latices,
3702 5026 3863 5081 quam
3904 5014 3995 5082 qui

2401 5112 2526 5158 nato
2547 5110 2639 5157 tuo
2658 5102 2993 5172 obtemperet
3010 5102 3313 5172 imperanti.
3342 5101 3496 5168 Quod
3549 5103 3597 5157 si
3622 5103 3900 5159 nobiseum
3943 5106 3996 5160 in

2399 5192 2660 5263 religione
2700 5193 3079 5259 concordares,
3100 5191 3266 5247 multa
3299 5191 3395 5247 tibi
3419 5191 3617 5247 similia
3660 5202 3716 5248 et
3762 5209 3951 5265 magna
3979 5198 3994 5227 ¹

2402 5299 2745 5351 narrassent;
2790 5300 2975 5341 verum
3024 5285 3149 5356 quia
3198 5294 3251 5341 te
3299 5286 3553 5357 gentilem
3577 5286 3878 5356 profiteris,
3928 5304 3997 5343 ne

2400 5377 2525 5432 hinc
2549 5377 2764 5448 quidem
2779 5377 3025 5447 exempla
3053 5376 3309 5433 deerunt.
3354 5377 3491 5433 Audi
3507 5377 3673 5448 (apud
3695 5377 3994 5446 Platonem)

2400 5470 2527 5540 quid
2556 5470 2620 5524 ad
2653 5468 2929 5525 Socratem
2952 5469 3200 5541 loquatur
3220 5458 3371 5525 Criio
3394 5487 3407 5523 :
3436 5469 3566 5524 Tm:
3582 5485 3713 5523 satae
3736 5478 3850 5523 sunt
3869 5485 3995 5523 men:

2400 5562 2662 5631 pecuniae,
2691 5570 2746 5614 ut
2776 5560 3010 5632 equidem
3038 5576 3174 5629 reor,
3212 5561 3339 5617 satis
3365 5561 3538 5615 multa:
3562 5577 3578 5614 :
3605 5563 3687 5614 sin
3740 5575 3852 5614 vero
3900 5571 3953 5613 tu
3975 5602 3990 5625 ,

2398 5655 2533 5727 quod
2561 5655 2657 5711 mei
2681 5671 2860 5710 curam
2882 5671 3030 5727 geras
3047 5696 3064 5724 ,
3086 5670 3119 5709 a
3139 5671 3193 5709 re
3219 5670 3330 5711 mea
3358 5656 3448 5710 tibi
3486 5654 3839 5710 abstinendum
3876 5669 3993 5709 cen-

2461 5794 2476 5826 ¹
2516 5797 2678 5856 l‘ergt'l.
2701 5806 2829 5843 unus
2850 5794 3028 5850 codex.
3051 5801 3099 5846 et
3122 5801 3281 5847 cetera
3303 5797 3350 5845 et
3371 5805 3510 5855 nam,
3535 5804 3644 5856 qua:
3671 5793 3731 5841 ab
3757 5790 4001 5839 Ambmstu

2396 5856 2667 5921 interprete
2694 5856 3054 5919 exprimuntur.
