4276 6316
301 345 406 399 337

300 475 445 517 seas,
480 457 529 507 hi
548 455 634 523 qui
662 453 864 506 adstant
887 450 1106 517 hospites
1144 446 1383 514 impensis
1414 442 1579 513 parati
1620 449 1755 495 sunt.
1800 437 1895 492 In-

303 550 417 603 tulit
450 548 635 618 quippe
654 547 707 598 in
737 544 832 597 hoc
860 543 1021 612 ipsum
1045 541 1307 609 pecuniam
1351 538 1598 606 ingentem
1654 532 1897 585 Simmias

300 640 602 693 Thebanus:
625 644 834 705 paratus
857 643 925 686 est
942 632 1093 687 Cebes
1122 645 1332 699 quoque,
1353 628 1442 679 alii
1463 628 1579 679 item
1603 624 1764 676 multi.
1788 621 1900 675 Ita-

301 748 419 800 que,
452 742 503 782 ut
528 739 676 781 antea
698 726 944 790 dicebam,
965 722 1109 777 nullo
1136 722 1316 775 horum
1345 731 1475 771 metu
1504 722 1695 787 fractus
1718 756 1732 778 ,
1758 712 1897 767 salu-

299 835 398 875 tem
419 838 539 875 cura
564 832 723 873 tuam.
759 818 934 887 Neque
958 832 1073 871 vero
1091 814 1164 878 id,
1197 812 1331 882 quod
1364 814 1415 864 in
1434 810 1635 879 judicio
1657 807 1855 860 dicebas
1876 847 1891 871 ,

298 913 581 965 molestiam
609 911 696 962 tibi
714 909 899 977 pariat,
920 907 1054 974 quod
1079 905 1268 958 scilicu
1297 902 1549 971 profectus
1571 916 1669 977 non
1692 896 1898 949 haberes

296 1021 399 1073 quo
416 1004 627 1072 teipsum
647 1011 878 1054 t'erteres.
907 997 1081 1059 Multis
1098 997 1228 1049 enim
1244 1003 1287 1047 et
1304 994 1416 1045 aliis
1433 992 1482 1044 in
1497 990 1638 1051 locis,
1657 1003 1899 1057 quocum.

296 1113 399 1164 que
416 1096 758 1165 proﬁciscare,
789 1093 1030 1144 amabunt
1052 1100 1097 1141 te
1118 1088 1343 1156 plurimi.
1377 1085 1471 1139 Sin
1506 1093 1674 1136 autem
1696 1081 1815 1133 velis
1846 1080 1899 1131 in

301 1188 615 1242 Thessaliam
634 1203 859 1256 pergere,
882 1194 998 1237 sunt
1030 1182 1153 1235 mihi
1179 1181 1402 1249 plerique
1420 1178 1522 1230 illic
1544 1177 1786 1245 hospites,
1813 1172 1900 1244 qui

300 1290 350 1333 te
366 1281 570 1348 plurimi
588 1280 791 1350 facient,
810 1288 853 1330 et
872 1287 1031 1327 tutum
1049 1273 1251 1327 omnino
1267 1268 1600 1340 prwstabunt:
1617 1268 1688 1319 sic
1703 1275 1758 1317 ut
1771 1262 1900 1317 nihil

300 1372 390 1424 tibi
408 1372 455 1423 in
474 1369 736 1423 Thessalia
754 1369 898 1420 desit.
919 1366 1055 1434 Quid
1071 1366 1167 1417 hac
1180 1358 1743 1437 opulentiajummdius
1760 1356 1782 1408 ?
1800 1356 1899 1409 Ve-

299 1476 419 1513 rmn
435 1459 545 1512 inec
559 1458 795 1527 quidem,
812 1455 947 1509 utad
965 1453 1275 1507 sa'cularem
1309 1450 1579 1503 hominem
1601 1447 1706 1499 sint
1734 1444 1897 1498 dicta.

301 1551 453 1618 Quod
485 1552 526 1604 si
558 1550 716 1604 modo
742 1548 807 1601 ad
843 1544 1230 1617 philosophiam
1257 1538 1741 1596 accommodatiore
1769 1549 1898 1603 opes

299 1643 566 1697 discutere
589 1640 816 1694 velimus
837 1680 849 1702 ,
886 1647 939 1691 tu
970 1637 1198 1689 fortasse
1248 1648 1352 1691 non
1384 1630 1684 1699 assequeris
1736 1627 1897 1680 intel-

300 1733 446 1787 lectu
471 1774 485 1797 ,
514 1730 643 1785 mibi
669 1740 845 1783 tamen
875 1737 1091 1797 propter
1112 1724 1325 1795 judiccs
1351 1721 1657 1776 necessario
1712 1718 1897 1772 dicen-

300 1824 430 1876 dum
460 1831 560 1876 est.
592 1821 777 1874 Tanta:
819 1820 960 1873 enim
1008 1825 1134 1869 sunt
1176 1814 1386 1868 virtutis
1439 1827 1603 1881 opes.
1659 1809 1900 1877 adeoque

299 1914 497 1969 vestris
521 1912 791 1965 dulciores
818 1920 867 1964 et
901 1907 1277 1977 Optabiliores,
1312 1914 1369 1958 ut
1417 1905 1505 1972 qui
1564 1903 1659 1955 bas
1699 1901 1899 1954 liabue~

301 2006 404 2059 rint
431 2019 497 2057 ne
523 2003 825 2057 universam
852 1998 1067 2068 quidem
1097 2006 1324 2059 terram,
1356 1994 1562 2049 etiamsi
1593 1994 1678 2047 illa
1709 2007 1897 2045 aurum

305 2096 461 2147 fieret
488 2108 609 2147 cum
643 2091 913 2145 montibus
934 2131 948 2153 ,
1006 2088 1139 2141 mari
1172 2098 1225 2140 ct
1277 2084 1616 2149 flutttinibus,
1656 2092 1897 2137 Commuo

301 2193 416 2239 tare
441 2199 561 2238 eum
588 2184 693 2237 illis
722 2181 1005 2235 voluerint.
1037 2182 1107 2233 At
1136 2180 1179 2232 si
1212 2176 1263 2230 id
1307 2177 1422 2230 fieri
1480 2184 1660 2243 posset
1686 2215 1700 2238 ,
1734 2188 1900 2242 expe-

300 2276 531 2329 rimento
599 2284 744 2328 certe
792 2272 1069 2325 didicisses
1107 2280 1216 2322 ‘nos
1259 2282 1362 2320 non
1414 2265 1686 2335 iactantia:
1737 2264 1898 2318 verba

300 2366 446 2435 loqui
481 2384 492 2417 :
526 2366 617 2419 sed
650 2364 881 2433 majores
906 2376 1115 2431 quoque
1144 2360 1219 2413 illi
1248 2358 1461 2412 divitias
1491 2358 1631 2411 nacti
1674 2371 1898 2424 sperne-

299 2466 421 2511 rent
450 2466 501 2512 et
533 2470 819 2524 numquam
853 2468 1072 2523 prorsus
1102 2466 1223 2505 cum
1270 2449 1542 2506 istis,illas
1594 2457 1897 2501 commuta-

300 2556 440 2602 rent.
471 2548 534 2601 Et
559 2546 685 2617 quid
725 2561 826 2615 ego
855 2545 1007 2606 dico,
1036 2542 1468 2597 commutarent‘!
1500 2556 1566 2594 ne
1616 2555 1737 2592 cum
1794 2538 1899 2593 illis

299 2641 517 2712 quidem
550 2640 647 2694 bas
670 2638 868 2691 habere
890 2636 1110 2691 vellent.
1137 2636 1293 2689 Certe
1334 2635 1377 2687 si
1406 2633 1524 2702 quis
1575 2632 1727 2685 vobis
1774 2646 1896 2684 cum

298 2732 547 2803 pecuniis
578 2730 792 2785 virtutis
820 2729 1089 2781 conferret
1110 2740 1262 2794 epes,
1296 2723 1499 2793 supinis
1524 2736 1618 2777 eas
1654 2720 1899 2774 manibus

298 2824 678 2892 susciperctis:
709 2820 844 2874 adeo
872 2819 970 2887 ipsi
1007 2831 1219 2887 quoque
1246 2831 1337 2870 cas
1358 2814 1569 2867 divitias
1593 2821 1647 2866 et
1676 2825 1897 2881 magnas

299 2927 356 2971 et
381 2915 721 2970 admirabiles
750 2928 871 2967 esse
900 2908 1250 2966 conlitemini.
1281 2910 1347 2961 At
1395 2905 1447 2959 bi
1504 2922 1570 2959 ne
1611 2919 1733 2959 cum
1786 2902 1899 2956 suis

300 3008 517 3077 quidem
547 3021 677 3075 opes
698 3012 904 3057 vestras
930 3001 1125 3055 habere
1167 2998 1467 3062 voluerint,
1500 2996 1571 3049 ita
1622 3010 1732 3049 rem
1776 3007 1897 3047 esse

298 3096 657 3169 spernendam
692 3100 908 3148 norunt.
942 3091 1114 3161 Atque
1147 3089 1247 3142 hoc
1274 3088 1446 3155 ipsum
1476 3099 1664 3140 rursus
1712 3098 1913 3138 exem-.

300 3189 407 3258 plis
438 3188 629 3241 vestris
662 3186 999 3255 perspicuum
1028 3180 1245 3235 faciam.
1269 3178 1535 3247 Quantum
1564 3177 1705 3230 enim
1741 3189 1895 3244 pecu-

303 3283 510 3335 niarum
538 3278 899 3334 Alexandrum
934 3273 1153 3343 Diogeni
1179 3272 1428 3326 daturum
1453 3268 1617 3323 fuisse
1642 3278 1826 3337 putas,
1854 3264 1898 3320 si

302 3372 517 3443 quidem
547 3371 634 3425 ille
667 3370 921 3423 voluisset
951 3363 1233 3433 accipere?
1265 3362 1356 3415 Ille
1410 3374 1538 3414 vero
1597 3359 1786 3412 noluit.
1823 3358 1894 3410 At

304 3463 614 3519 Alexander
642 3460 843 3515 viribus
879 3460 1007 3513 totis
1027 3454 1382 3510 contendebat
1406 3494 1421 3519 ,
1453 3459 1751 3518 cunctaque
1784 3462 1899 3502 mo-

302 3557 554 3618 liebatur,
584 3563 640 3607 ut
666 3552 732 3605 ad
763 3550 918 3619 hujus
947 3549 1157 3602 divitias
1181 3563 1228 3615 pi
1248 3546 1397 3613 opius
1427 3542 1724 3597 accederet.

374 3649 431 3703 5.
475 3647 573 3713 Qui
599 3644 769 3696 omnia
798 3642 1009 3711 despicit
1034 3655 1147 3692 vere
1185 3640 1341 3691 dives.
1375 3665 1443 3675 —
1480 3634 1644 3687 Visne
1686 3630 1901 3687 aliunde

299 3754 513 3809 quoque
543 3746 597 3791 et
629 3747 774 3789 tuam
802 3733 1032 3801 inopiam
1052 3773 1065 3793 ,
1093 3740 1145 3783 et
1182 3730 1271 3783 filii
1306 3727 1377 3781 tui
1425 3741 1555 3795 opes
1604 3737 1899 3793 cognosce-

304 3830 401 3885 re?
431 3830 582 3882 Illum
614 3827 731 3889 adi,
763 3825 991 3893 ejusque
1023 3821 1237 3891 pallium
1258 3860 1273 3886 ,
1306 3818 1445 3889 quod
1478 3818 1649 3870 solum
1708 3814 1899 3879 habet,

305 3922 379 3974 illi
407 3919 586 3973 aufer:
621 3917 757 3972 cdue
784 3916 909 3969 item
947 3930 1011 3966 ex
1040 3912 1294 3973 latibulo,
1353 3909 1575 3977 ejusque
1630 3909 1899 3973 tugurium

304 4012 553 4065 tit-strue:
592 4025 658 4062 ne
688 4009 763 4061 sic
788 4006 1001 4076 quidem
1031 4018 1151 4058 eum
1202 4000 1563 4067 indignantem
1617 4006 1709 4050 aut
1759 4011 1901 4065 tcng

304 4105 565 4159 ferentem
596 4101 834 4164 videbis;
867 4114 1050 4153 verum
1083 4096 1175 4149 tibi
1200 4096 1388 4147 borum
1419 4092 1617 4161 gratias
1668 4089 1897 4155 reddet,

306 4205 559 4263 tantoque
612 4192 881 4258 majores,
935 4197 1134 4257 quanto
1179 4186 1347 4255 magis
1399 4199 1520 4237 cuin
1552 4181 1618 4235 ad
1664 4180 1901 4248 philoso-

214 4304 215 4307 η
302 4286 485 4356 phiam
510 4282 775 4352 impellis:
807 4279 896 4332 tibi
929 4293 1056 4331 vero
1078 4277 1120 4331 si
1152 4276 1270 4344 quis
1296 4273 1379 4326 vel
1408 4272 1596 4326 decem
1621 4270 1903 4324 draclimas

307 4375 619 4439 abstulerit,
644 4372 855 4440 lugendi
885 4367 1319 4434 lamentandique
1349 4365 1507 4417 fluctu
1555 4377 1660 4415 non
1720 4362 1901 4414 facies.

310 4467 440 4522 Uter
465 4480 593 4533 ergo
621 4463 769 4517 dives
790 4457 1176 4515 existimandus
1202 4457 1306 4509 est?
1335 4456 1452 4507 isne
1469 4453 1559 4522 qui
1596 4452 1677 4505 vel
1712 4452 1779 4505 de
1806 4451 1906 4504 mi-

308 4558 471 4612 nimis
492 4554 852 4615 excruciatur,
873 4567 938 4604 au
959 4550 1050 4618 qui
1072 4548 1248 4601 omnia
1271 4545 1425 4599 simul
1445 4542 1693 4610 despicit“!
1722 4541 1905 4611 Neque

308 4652 361 4705 id
394 4660 595 4703 tantum
621 4646 817 4709 facias,
853 4658 1036 4711 verum
1069 4656 1135 4694 ex
1165 4648 1272 4693 tota
1320 4637 1537 4705 regione
1582 4635 1806 4689 exturba
1844 4634 1906 4687 il-

310 4744 534 4798 lumtet
556 4740 817 4793 ridentem
867 4734 1077 4788 videbis
1133 4730 1284 4801 quasi
1330 4729 1395 4783 de
1447 4728 1665 4781 ludente
1714 4741 1902 4795 puero.

310 4835 386 4889 Te
418 4847 545 4887 vero
579 4832 622 4883 si
657 4831 776 4898 quis
800 4843 865 4881 ex
914 4824 1083 4893 patria
1131 4824 1302 4875 solum
1333 4819 1607 4882 extmbet,
1636 4816 1906 4871 acerbissi-

312 4941 395 4980 ma
428 4923 644 4994 patieris
665 4962 678 4985 ,
709 4933 881 4988 neque
910 4917 1053 4969 illaut
1085 4912 1439 4967 calamitatem
1486 4908 1624 4962 ferre
1670 4907 1903 4976 poteris:

311 5018 405 5072 ille
431 5025 645 5077 autem,
678 5010 877 5079 quippe
906 5017 1063 5060 terra:
1095 5003 1365 5070 marisque
1396 4999 1677 5062 dominus,
1713 4998 1784 5050 ita
1825 4996 1906 5049 fa-

312 5110 415 5163 cile
444 5118 499 5161 et
538 5106 655 5159 sine
687 5115 918 5156 turni-ore.
962 5113 1025 5151 ex
1075 5096 1155 5149 bis
1188 5094 1320 5148 locis
1346 5092 1360 5122 ¹
1391 5090 1455 5143 ad
1483 5091 1583 5143 alia
1638 5087 1905 5157 migrabit,

316 5210 375 5255 ut
425 5208 481 5251 tu
529 5196 658 5250 facis
705 5208 825 5248 cum
888 5206 980 5260 per
1000 5202 1157 5257 agros
1183 5194 1301 5239 tuos
1330 5180 1698 5243 iucedis,imo
1747 5180 1906 5233 etiam

316 5291 547 5348 facilius.
576 5287 707 5343 Nam
736 5285 827 5338 tibi
854 5283 953 5337 etsi
1007 5297 1100 5350 per
1130 5288 1215 5332 tua
1270 5274 1522 5330 incedere
1576 5273 1766 5337 liccat,
1814 5287 1909 5340 per

315 5385 490 5439 aliena
517 5393 694 5436 tamen
754 5376 1060 5432 necessario
1105 5369 1457 5426 incedendum
1509 5376 1593 5421 est
1632 5377 1729 5421 :at
1781 5378 1911 5423 vero

319 5489 517 5536 teriam
560 5474 648 5528 ille
699 5484 912 5526 onmem
966 5481 1116 5523 suam
1148 5462 1495 5525 obambulat,
1523 5459 1681 5530 eique
1729 5466 1910 5527 potum

320 5570 553 5638 undique
601 5564 957 5635 largissimum
1005 5557 1350 5629 suppeditant
1405 5562 1632 5623 stagna,
1688 5564 1909 5615 amnes,

321 5662 495 5718 fontes
525 5676 538 5712 :
566 5657 718 5711 cibus
746 5654 843 5725 ipsi
875 5658 1001 5706 sunt
1025 5650 1209 5713 olera,
1251 5646 1465 5709 hcrlne,
1517 5656 1682 5713 panes
1730 5640 1913 5697 multis
1953 5671 1958 5677 -

387 5775 402 5806 ί
441 5779 489 5822 ta
513 5768 678 5820 Morel.
704 5773 891 5820 tantum
913 5764 1091 5815 desunt
1114 5760 1293 5820 verba,
1319 5768 1383 5809 ex
1406 5754 1481 5808 his
1499 5752 1635 5807 locis.

1062 281 1430 391 Αυνειιδυε
1466 321 2013 385 OPPUGNATORES
2054 322 2238 380 VITAE
2279 322 2581 382 MONAST.
2613 324 2741 382 LIB.
2786 324 2845 379 Il.

3490 322 3595 379 538

2004 452 2067 492 es
2103 433 2233 491 locis
2263 438 2489 492 advecti.
2524 438 2766 493 Nondum
2800 439 2942 493 enim
2971 437 3022 494 id
3050 436 3169 492 dico
3189 479 3203 503 ,
3232 436 3372 508 quod
3396 446 3595 493 terram

2005 531 2117 596 ipse
2161 543 2374 582 omnem
2418 528 2984 599 asperuetur,‘babens
3026 528 3292 583 civitatem
3333 527 3593 581 coelum‘.

2003 619 2154 685 Quod
2179 620 2223 672 si
2260 620 2591 672 inoriendum
2622 618 2813 683 fuerit,
2840 618 3010 673 ltetius
3038 618 3172 673 feret
3200 618 3406 673 obitum
3432 632 3589 687 quam

2003 710 2224 764 delicias
2268 721 2506 776 vestras,
2561 726 2623 764 ac
2655 710 3444 781 prmoptabititamori,quam
3500 723 3595 762 vos

2005 804 2056 855 in
2087 806 2250 870 patria
2281 817 2331 859 ct
2363 806 2540 861 lecto:
2575 805 2645 859 ita
2676 816 2731 860 ut
2779 806 2868 861 ille
2899 822 3024 861 vere
3053 806 3321 875 sitvagus,
3346 802 3595 874 fugitivus

2004 904 2057 949 et
2088 895 2453 963 palabundus,
2480 898 2569 967 qui
2599 898 2782 951 urbem
2809 887 2990 953 incolit
3018 908 3068 951 et
3101 899 3152 951 in
3176 898 3335 952 domo
3370 897 3593 959 habitat,

2004 1002 2106 1039 non
2124 998 2301 1042 autem
2317 985 2405 1054 qui
2425 989 2506 1045 his
2518 989 2765 1043 omnibus
2780 990 2914 1043 liber
2930 989 3118 1043 evasit.
3133 988 3430 1059 Numquam
3452 987 3595 1041 enim

2004 1077 2148 1130 illum
2175 1074 2245 1127 de
2268 1072 2437 1142 patria
2466 1080 2665 1137 poteris
2690 1080 2918 1134 educere
2939 1120 2953 1146 ,
2977 1080 3074 1133 nisi
3098 1095 3219 1135 eum
3248 1095 3313 1133 ex
3344 1079 3595 1133 universa

2006 1178 2143 1221 terra
2166 1168 2443 1237 dejeccris.
2477 1166 2551 1223 ita
2583 1171 2724 1224 enim
2777 1171 2987 1225 interim
3031 1172 3346 1241 loquamur:
3384 1186 3507 1225 nam
3552 1169 3598 1223 si

2004 1274 2126 1313 vere
2156 1259 2476 1329 loquendum
2496 1264 2583 1326 sit,
2613 1271 2738 1317 tunc
2767 1279 2889 1317 eum
2923 1265 3154 1316 maxime
3179 1264 3229 1316 in
3254 1262 3478 1331 patriam
3508 1277 3597 1317 re-

2003 1351 2202 1415 mittes,
2225 1366 2345 1405 cum
2361 1368 2423 1406 ex
2444 1363 2583 1407 terra
2602 1354 2906 1409 deduxeris.
2924 1354 3119 1410 Verum
3150 1355 3199 1409 id
3253 1355 3487 1409 nondum
3530 1355 3595 1409 ad

2003 1449 2053 1495 te
2078 1443 2381 1512 loquemur,
2406 1445 2494 1514 qui
2527 1445 2737 1499 nonnisi
2763 1461 2824 1500 ea
2852 1462 2970 1516 quas
3000 1447 3171 1501 oculis
3199 1446 3598 1517 perspiciuntur

2003 1536 2165 1587 nosti.
2210 1534 2392 1605 Neque
2425 1536 2622 1589 nudum
2666 1552 2786 1591 eum
2831 1538 3030 1607 poteris
3069 1538 3389 1602 ostendere,
3427 1538 3601 1592 donec

2006 1628 2217 1681 virtutis
2248 1629 2574 1683 indumentis
2604 1628 2827 1684 amictus
2860 1629 3037 1696 fuerit,
3066 1646 3241 1700 neque
3270 1631 3407 1685 fame
3437 1645 3597 1685 neca-

2004 1720 2105 1783 bis,
2148 1721 2399 1789 quamdiu
2430 1722 2516 1788 qui
2548 1724 2618 1776 sit
2647 1736 2805 1778 verus
2839 1723 2989 1777 cibus
3028 1723 3326 1792 agnoverit.
3368 1722 3476 1779 Sed
3516 1720 3599 1778 his

2006 1809 2255 1863 omnibus
2302 1810 2496 1865 divites
2540 1811 2695 1866 facile
2739 1813 3038 1883 capiuntur.
3093 1814 3451 1878 Quamobrem
3499 1812 3601 1867 bac

2003 1900 2211 1955 ratione
2242 1916 2345 1954 non
2378 1901 2679 1969 aberrabit,
2721 1902 2812 1973 qui
2854 1902 2952 1958 hos
2990 1903 3203 1973 quidem
3247 1919 3509 1973 pauperes
3537 1919 3602 1959 ac

2005 2008 2223 2063 prorsus
2255 1995 2439 2062 inopes
2482 1994 2714 2061 dixerit,
2758 1995 2878 2051 illos
2906 2005 3085 2051 autem
3115 1996 3405 2051 admodum
3447 1996 3601 2052 locu-

2005 2085 2193 2154 pletes.
2224 2085 2356 2140 Nam
2382 2086 2468 2142 cui
2496 2086 2665 2153 cibus,
2702 2097 2875 2156 potus,
2912 2088 3132 2153 domus,
3165 2088 3378 2158 requies
3402 2088 3603 2159 ubique

2002 2175 2269 2245 suppetit,
2317 2191 2415 2229 nec
2464 2175 2624 2230 modo
2674 2192 2780 2231 non
2806 2177 2827 2209 ³
2858 2177 3085 2232 moleste
3124 2178 3259 2245 fert,
3300 2178 3394 2233 sed
3437 2181 3599 2233 etiam

2004 2266 2056 2319 in
2102 2266 2182 2320 bis
2207 2266 2527 2334 jucundius,
2561 2282 2721 2337 quam
2750 2282 2844 2321 vos
2871 2268 2922 2322 in
2953 2267 3180 2332 vestris,
3208 2276 3490 2335 versatur;
3533 2270 3599 2333 is,

2006 2366 2064 2411 ut
2093 2358 2281 2427 liquet,
2309 2360 2615 2428 opulentior
2642 2368 2725 2414 est
2751 2361 3001 2432 omnjbus
3032 2360 3182 2415 vobis
3208 2360 3482 2429 divitibus,
3512 2364 3604 2433 qui

2005 2449 2152 2505 domi
2186 2459 2386 2506 tantum
2420 2451 2534 2506 lucc
2571 2452 2809 2508 invenire
2840 2453 3081 2521 potestis.
3114 2453 3375 2521 Quocirca
3407 2469 3509 2509 nec
3536 2454 3604 2510 de

2004 2541 2181 2609 inopia
2202 2542 2289 2597 ille
2315 2558 2563 2611 umquam
2588 2543 2806 2611 lugebit.
2825 2542 3010 2612 Neque
3032 2545 3173 2599 enim
3200 2562 3263 2600 ex
3294 2546 3393 2600 hac
3418 2562 3598 2601 rerum

2002 2635 2156 2701 cepia
2185 2642 2238 2688 et
2270 2634 2542 2703 voluptate
2587 2644 2792 2688 tantum
2824 2634 3023 2689 divitias
3054 2636 3168 2689 ista;
3201 2636 3604 2704 praestantiores

2003 2731 2127 2777 sunt
2152 2740 2164 2785 ;
2193 2722 2287 2777 sed
2321 2726 2480 2777 etiam
2510 2724 2653 2794 quod
2683 2725 3072 2794 insuperabilcs
3098 2726 3225 2789 sint,
3260 2741 3358 2780 nec
3386 2727 3435 2779 in
3468 2742 3601 2796 pau—

2004 2821 2267 2881 pertatem
2299 2829 2551 2883 umquam
2593 2814 2787 2869 cadere
2826 2816 3063 2883 possint,
3094 2830 3270 2883 neque
3300 2816 3366 2870 iis
3394 2816 3603 2886 praediti

2002 2903 2230 2972 subjecti
2257 2904 2363 2958 sint
2393 2905 2553 2959 futuri
2585 2904 2943 2960 inccrlitudini
2965 2947 2978 2970 ,
3008 2922 3113 2959 non
3145 2907 3289 2961 curis
3318 2918 3600 2977 angantur,

2006 3012 2114 3051 non
2160 2998 2327 3051 livore
2372 2998 2689 3066 capiantur;
2738 2998 2831 3052 sed
2862 2998 3275 3054 admirationem
3307 3015 3520 3054 omnem
3550 3010 3608 3055 et

2004 3087 2219 3142 laudem
2248 3096 2302 3142 et
2330 3086 2523 3141 famam
2554 3088 2852 3143 obtineant.
2884 3090 3044 3157 Atqui
3077 3089 3127 3143 in
3161 3091 3310 3145 vobis
3335 3093 3603 3146 contraria

2004 3178 2221 3247 penitus
2250 3179 2501 3233 videntur
2530 3197 2543 3231 :
2573 3196 2678 3233 non
2708 3180 2869 3234 modo
2899 3180 3042 3235 enim
3070 3196 3166 3235 vos
3196 3181 3284 3236 alii
3312 3183 3379 3237 de
3405 3182 3607 3239 divitiis

2006 3286 2109 3324 non
2141 3270 2392 3333 laudant,
2422 3270 2515 3325 sed
2545 3272 2705 3325 etiam
2736 3272 2964 3325 oderunt
2993 3281 3048 3327 et
3092 3282 3439 3343 aversnntur,
3473 3276 3609 3330 invi-

2005 3361 2131 3414 deut
2158 3361 2285 3415 item
2310 3362 2461 3415 vobis
2490 3370 2649 3431 atque
2684 3363 3005 3417 insidiantur
3033 3364 3242 3433 plurimi
3273 3383 3286 3419 :
3318 3365 3406 3422 hic
3425 3378 3604 3423 autem

2004 3452 2149 3521 quod
2174 3454 2315 3506 veris
2342 3453 2543 3507 divitiis
2575 3454 2811 3523 locuples
2840 3454 2929 3519 sit,
2958 3454 3080 3509 ideo
3107 3457 3338 3511 maxime
3366 3457 3603 3513 admira—

2006 3542 2135 3596 tioni
2166 3551 2267 3607 est,
2318 3558 2415 3597 nec
2458 3541 2653 3596 invidia
2685 3551 2779 3596 aut
2810 3544 3015 3597 insidiis
3043 3547 3331 3613 appetitur.
3367 3548 3448 3600 Ad
3479 3563 3606 3602 cor-

2007 3638 2151 3705 p0ris
2176 3649 2306 3690 vero
2347 3634 2705 3688 valetudinem
2750 3643 2867 3690 uter
2906 3636 3122 3705 aptior?
3167 3652 3344 3692 nonne
3375 3638 3419 3692 is
3448 3653 3606 3708 agre-

2005 3729 2165 3781 stium
2197 3727 2367 3799 instar
2410 3727 2764 3781 animantium
2798 3736 2985 3795 vegeto
3016 3744 3243 3797 corpore
3272 3739 3355 3783 est
3375 3771 3389 3793 ,
3421 3739 3608 3799 utpote

2006 3818 2098 3885 qui
2136 3818 2428 3887 purissimo
2455 3815 2662 3872 fruatur
2689 3832 2833 3883 aere,
2867 3817 3078 3871 liuentis
3108 3819 3431 3887 salubribus,
3460 3819 3610 3876 flori-

2007 3908 2125 3971 bus,
2153 3907 2340 3977 pratis,
2369 3908 2533 3962 odore
2553 3908 2897 3978 gratissimo;
2932 3907 3019 3962 hic
3042 3922 3172 3963 vero
3194 3909 3344 3979 quasi
3372 3910 3424 3964 in
3449 3926 3608 3966 emno

2002 3999 2208 4068 jaeeus.
2256 4007 2311 4053 et
2357 3999 2569 4052 mollior
2615 4008 2697 4053 est
2740 4006 2795 4053 et
2838 3998 3040 4052 morbis
3086 4000 3255 4068 magis
3299 4001 3609 4056 obnoxms?

2007 4090 2157 4156 Quod
2189 4089 2233 4141 si
2281 4090 2331 4142 iu
2379 4089 2606 4144 sanitate
2647 4088 2845 4158 primas
2880 4089 2967 4143 ille
3002 4096 3180 4143 teneat
3202 4129 3218 4154 ,
3252 4090 3303 4143 iu
3335 4090 3608 4160 voluptate

2010 4196 2113 4235 non
2148 4180 2357 4246 minus,
2390 4190 2447 4234 ut
2488 4180 2670 4250 liquet.
2707 4180 2892 4236 Utrum
2926 4181 3068 4235 enim
3112 4183 3282 4250 magis
3327 4183 3606 4237 existima.-

2010 4272 2061 4325 in
2090 4270 2296 4325 deliciis
2320 4286 2501 4341 agere,
2527 4285 2723 4325 eumne
2749 4272 2837 4341 qui
2864 4287 3026 4341 super
3054 4272 3313 4327 altissima
3340 4275 3608 4329 recumbit

2009 4364 2195 4431 herba,
2228 4379 2368 4434 pone
2399 4364 2597 4419 fontem
2628 4364 2905 4434 limpidum
2926 4406 2941 4429 ,
2969 4365 3070 4418 sub
3102 4364 3288 4419 umbra
3320 4367 3607 4421 densarum

2008 4456 2301 4520 arborum,
2345 4457 2667 4526 oculumque
2716 4457 2883 4525 pascit
2928 4468 3181 4526 aspectu,
3230 4458 3609 4529 puriorcmque

2012 4548 2129 4616 ipso
2176 4549 2307 4601 caelo
2346 4548 2584 4602 animum
2617 4548 2889 4617 possidet,
2922 4562 2950 4600 a
2982 4563 3160 4603 rerum
3206 4550 3609 4619 perturbatione

2013 4655 2075 4692 ac
2100 4639 2329 4693 tumultu
2356 4640 2513 4709 longe
2537 4649 2811 4702 remotus;
2840 4653 2907 4693 an
2935 4654 3054 4693 eum
3078 4642 3168 4709 qui
3196 4639 3341 4694 domi
3372 4642 3610 4699 inclusus

2013 4732 2242 4787 manet?
2271 4733 2410 4787 Sane
2437 4748 2541 4787 non
2569 4748 2695 4787 aere
2724 4732 2937 4801 puriora
2968 4743 3091 4786 sunt
3122 4749 3409 4801 marmora,
3437 4752 3611 4804 neque.

2015 4823 2203 4876 umbra
2252 4824 2379 4878 tecti
2428 4822 2665 4878 frondeis
2711 4824 2915 4877 umbris
2957 4824 3179 4893 gratior,
3215 4840 3404 4896 -neque
3446 4826 3609 4897 lapilli

2015 4917 2135 4970 solo
2165 4916 2327 4969 variis
2357 4924 2546 4985 operto
2576 4914 2798 4969 ﬂoribus
2836 4915 3180 4970 amceniores.
3213 4916 3388 4983 Atque
3419 4915 3609 4971 borum

2015 5026 2110 5065 vos
2139 5009 2333 5064 divites
2362 5016 2525 5063 testes
2558 5007 2695 5062 estis
2715 5048 2730 5072 ,
2777 5006 2866 5076 qui
2887 5047 2902 5072 ,
2934 5006 2977 5061 si
3008 5006 3125 5061 fieri
3156 5015 3366 5075 posset,
3398 5007 3451 5061 in
3482 5008 3611 5077 ipsis

2017 5104 2172 5159 tectis
2196 5103 2415 5157 arbores
2444 5102 2641 5155 habere
2670 5099 2958 5169 cuperetis,
2990 5106 3046 5153 et
3084 5108 3355 5168 pratorum
3384 5102 3605 5155 arumni-

2016 5203 2180 5250 tatem
2239 5194 2498 5259 malletis,
2553 5208 2656 5262 qua
2705 5206 2869 5246 aurea
2909 5198 3067 5257 tecta,
3109 5190 3412 5259 arietesque
3455 5193 3613 5247 mira-

2018 5286 2172 5343 biles.
2204 5284 2570 5354 Quamobrem
2599 5298 2721 5339 cum
2763 5298 2831 5337 ex
2874 5281 3057 5336 multis
3098 5281 3368 5337 laboribus
3406 5297 3617 5337 recrea-

2020 5384 2215 5435 tiouetn
2244 5380 2489 5448 accipere
2516 5378 2697 5442 vultis,
2732 5376 2814 5430 bis
2840 5374 3039 5429 relictis
3065 5373 3131 5428 ad
3160 5374 3251 5429 illa
3293 5376 3616 5445 properatis.

2019 5475 2223 5532 Verum
2273 5475 2500 5529 fortasse
2546 5486 2644 5541 pro
2687 5468 2856 5540 gloria
2902 5467 3249 5540 conqueraris
3293 5466 3383 5522 illa
3424 5477 3619 5535 magna

2088 5685 2104 5714 ι
2142 5686 2244 5729 nuo
2261 5685 2387 5730 διεδ..
2411 5675 2460 5725 in
2484 5670 2619 5724 aeto.

2087 5744 2108 5775 ί
2144 5749 2309 5801 Deest,
2336 5751 2425 5789 non
2442 5772 2455 5798 ,
2480 5738 2529 5786 in
2551 5735 2740 5786 duobus
2760 5737 2869 5782 Mss.
