4276 6316
661 308 767 364 339

663 435 823 492 atque
855 418 1087 490 ingenti,
1115 432 1232 487 qum
1262 415 1350 471 hic
1383 430 1487 469 non
1519 419 1810 482 comparet.
1853 409 2073 478 Regiam
2101 405 2244 460 enim

663 511 933 568 solitudini
983 511 1302 574 conferens,
1350 516 1506 576 atque
1555 504 1832 570 utriusque
1880 509 2049 554 status
2097 511 2246 566 spem

663 616 847 662 nmtuo
900 616 1237 672 comparans,
1271 599 1338 653 de
1390 597 1524 652 emlo
1572 596 1689 673 ipso
1732 593 1897 648 ﬁlium
1947 591 2040 644 tibi
2090 590 2105 620 ¹
2151 589 2246 642 dc-

661 697 857 752 cidisse
905 694 1202 750 arbitraris.
1252 690 1307 744 ld
1355 689 1518 760 igitur
1565 683 1738 758 primo
1784 683 2094 739 discendum
2141 687 2244 745 est,

659 787 801 857 quod
845 799 1019 855 neque
1045 781 1273 837 solitudo
1303 780 1610 850 ignobilem,
1654 791 1829 846 neque
1869 773 2014 842 regia
2042 772 2244 826 clarmn

661 879 818 934 faciat
835 888 889 932 ct
915 879 1168 932 illustrem
1192 893 1205 929 :
1226 883 1383 942 atque
1403 881 1686 939 antequam
1713 868 1780 922 ad
1808 867 2040 921 rationes
2065 864 2245 918 venia-

662 986 803 1033 mus,
831 967 1088 1034 exemplis
1117 976 1169 1019 te
1198 965 1264 1018 ab
1289 963 1387 1016 hac
1417 961 1718 1030 suspicione
1747 953 2026 1021 liberabo;
2067 971 2248 1011 exem-

661 1060 764 1130 plis
784 1100 798 1124 ,
835 1059 1046 1126 inquam
1067 1097 1081 1121 ,
1125 1070 1231 1109 non
1260 1054 1456 1108 nostris
1477 1095 1491 1118 ,
1524 1051 1617 1106 sed
1647 1051 1858 1105 vestris.
1894 1049 1969 1102 De
1997 1046 2247 1118 Dionysio

662 1152 796 1205 forte
843 1150 1036 1205 audisti
1085 1148 1277 1202 Sicilia:
1329 1156 1577 1217 tyranno,
1631 1144 1864 1212 itemque
1911 1141 1978 1195 de
2025 1140 2247 1193 Platone

666 1245 931 1299 Aristonis
959 1243 1089 1296 ﬁlio.
1121 1241 1248 1296 Uter
1288 1241 1445 1309 igitur
1465 1281 1479 1303 ,
1510 1237 1594 1292 die
1629 1235 1756 1290 mihi
1778 1276 1792 1300 ,
1822 1233 2080 1303 insignior
2111 1229 2248 1284 fuit?

664 1345 785 1390 uter
806 1335 1034 1393 canitur.
1053 1343 1112 1397 ,et
1134 1349 1227 1400 per
1247 1340 1556 1385 cunctorum
1581 1342 1674 1381 ora
1702 1324 2040 1380 celebratur?
2072 1336 2248 1374 nonne

664 1427 1011 1497 philosophus
1044 1429 1207 1494 magis
1230 1465 1242 1484 ,
1275 1438 1430 1492 quam
1467 1419 1765 1490 tyrannus?
1810 1417 1967 1486 Atqui
2012 1415 2101 1470 ille
2130 1414 2248 1482 qui-

660 1521 780 1573 dem
852 1518 1030 1572 Sicilia
1108 1525 1214 1568 tota
1255 1517 1274 1545 ¹
1319 1513 1649 1583 potiebatur,
1700 1521 1859 1579 atque
1930 1510 1984 1562 in
2043 1506 2247 1561 deliciis

660 1609 924 1678 degebat,
979 1606 1278 1676 ingentibus
1324 1604 1552 1666 divitiis,
1605 1602 1895 1656 satellitum
1945 1596 2247 1668 agminibus

658 1701 914 1770 stipatus,
947 1715 1009 1753 ac
1036 1713 1154 1753 cum
1185 1697 1402 1765 reliquis
1434 1695 1682 1778 pptentim
1720 1692 2013 1760 insignibus
2041 1689 2250 1749 diutur-

662 1808 782 1845 nam
835 1791 993 1843 vitam
1041 1787 1206 1857 gessit
1247 1805 1260 1840 :
1306 1785 1392 1840 hic
1433 1794 1609 1838 autem
1653 1784 1705 1837 in
1749 1781 2049 1836 Academia:
2094 1782 2249 1834 horto

661 1884 1004 1944 versabatur,
1054 1879 1252 1948 rigans,
1302 1877 1546 1932 inserens
1571 1916 1584 1938 ,
1625 1875 1897 1943 olivasque
1938 1871 2246 1936 comedens,

659 1989 722 2027 ac
776 1972 1084 2026 vilissimum
1139 1982 1413 2038 apponens
1475 1980 1714 2021 mensam
1768 1965 1861 2019 illo
1915 1964 2060 2018 omni
2112 1976 2249 2016 vano

660 2043 942 2133 splendore
988 2075 1204 2115 vacuus.
1256 2059 1321 2113 Et
1351 2058 1452 2113 hoc
1482 2073 1586 2113 non
1616 2071 1784 2126 usque
1828 2054 1962 2109 adeo
2007 2053 2250 2108 mirabile

660 2166 773 2217 est;
804 2153 897 2209 sed
926 2152 1066 2221 quod
1096 2166 1281 2206 servus
1311 2150 1527 2205 effectus
1547 2190 1562 2216 ,
1594 2146 1909 2219 tyrannique
1938 2144 2090 2214 jussu
2116 2158 2249 2197 ven-

661 2248 802 2302 ditus
825 2289 838 2311 ,
871 2256 1073 2300 tantum
1116 2245 1284 2298 abfuit
1324 2253 1381 2297 ut
1412 2243 1501 2297 illo
1532 2250 1810 2312 propterea
1846 2241 1999 2294 vilior
2026 2252 2245 2308 appare-

662 2349 763 2404 ret,
791 2348 844 2392 ut
874 2337 971 2406 ipsi
996 2352 1205 2405 quoque
1231 2346 1460 2406 tyranno
1488 2333 1610 2388 hinc
1636 2332 1782 2388 visus
1805 2333 1876 2386 sit
1899 2330 2251 2386 admiratione

660 2428 871 2498 dignus.
905 2428 1069 2481 Tanta
1101 2442 1184 2481 res
1213 2435 1295 2480 est
1319 2424 1523 2479 virtus!
1566 2439 1672 2478 non
1709 2439 1804 2493 per
1842 2438 1904 2478 ea
1935 2421 2096 2477 modo
2129 2436 2251 2492 qua:

661 2521 788 2589 agit,
823 2518 914 2573 sed
949 2535 1041 2587 per
1079 2533 1140 2571 ea
1169 2519 1329 2572 etiam
1360 2531 1477 2586 quze
1522 2514 1740 2585 indigne
1769 2513 1983 2584 patitur,
2030 2527 2131 2567 nec
2160 2526 2250 2566 se-

663 2614 852 2682 ipsam,
903 2625 999 2664 nee
1044 2623 1136 2664 eos
1182 2610 1269 2679 qui
1319 2609 1487 2679 ipsam
1519 2614 1772 2662 exercent
1814 2606 1984 2659 latere
2031 2603 2156 2659 sinit
2198 2610 2252 2657 et

661 2703 934 2759 occultari.
967 2702 1103 2770 Quid
1128 2716 1254 2756 vero
1280 2711 1576 2771 praeceptor
1601 2700 1716 2768 ejus
1739 2697 2028 2754 Socrates?
2052 2705 2252 2766 quanto

664 2793 1000 2851 isArchelao
1029 2793 1125 2847 l'nit
1155 2793 1454 2848 illustrior?
1483 2794 1550 2847 At
1588 2793 1675 2848 ille
1702 2809 1794 2847 rex
1825 2807 1949 2846 cum
1985 2799 2164 2854 esset,
2198 2789 2252 2843 in

662 2886 909 2956 plurimis
939 2885 1126 2953 opibus
1151 2883 1412 2953 degebat;
1455 2884 1541 2938 hic
1567 2893 1746 2937 autem
1789 2884 1840 2937 in
1871 2883 2044 2953 Lyceo
2072 2896 2253 2936 mora-

666 2978 817 3030 batur
837 3017 850 3038 ,
896 2975 1136 3045 nihilque
1168 2984 1363 3045 pra-ter
1386 2975 1761 3029 vestimentum
1793 2989 1958 3028 unum
2001 2973 2250 3036 habebat,

664 3084 769 3138 quo
792 3079 845 3122 et
887 3067 1060 3122 hieme
1085 3078 1139 3122 et
1176 3076 1382 3132 testate,
1412 3067 1766 3136 Omnibusque
1795 3066 1918 3119 anni
1961 3073 2252 3136 tempesta-

664 3162 804 3215 tibus
831 3160 1076 3216 utebatnr
1109 3178 1121 3214 :
1155 3159 1310 3218 nalis
1346 3174 1560 3229 semper
1595 3159 1817 3230 pedibus
1855 3159 2014 3225 vixit,
2049 3173 2110 3212 ac
2139 3159 2254 3212 sine

666 3253 786 3306 cibo
828 3261 992 3306 totam
1038 3252 1366 3320 transigebat
1407 3251 1576 3315 diem,
1609 3266 1747 3320 pane
1791 3249 1907 3304 solo
1949 3258 2249 3312 contentus,

662 3354 823 3412 atque
869 3342 918 3397 id
949 3352 1062 3397 erat
1087 3343 1134 3398 ei
1167 3352 1217 3397 et
1248 3343 1527 3397 obsonium
1554 3350 1610 3396 et
1634 3356 1758 3397 esea
1789 3360 1802 3394 :
1833 3356 1931 3395 nec
1958 3341 2110 3395 istam
2140 3341 2257 3409 qui-

662 3434 782 3490 dem
831 3451 1070 3490 mensam
1119 3451 1186 3490 ex
1220 3435 1383 3491 rebus
1427 3434 1536 3489 suis
1577 3433 1886 3503 apparabat,
1921 3433 2014 3488 sed
2042 3433 2109 3486 ab
2136 3433 2256 3486 aliis

663 3526 981 3596 accipiebat,
1027 3536 1268 3580 extrema
1312 3525 1512 3579 scilicet
1567 3524 1618 3577 in
1671 3532 1984 3593 paupertate
2031 3522 2251 3592 degens.

666 3617 922 3686 Adeoque
963 3627 1138 3670 tamen
1169 3617 1283 3685 ipso
1315 3631 1438 3685 rege
1466 3615 1661 3670 clarior
1684 3625 1815 3680 erat,
1847 3624 1903 3668 ut
1928 3616 1995 3668 ab
2025 3615 2115 3669 illo
2146 3614 2255 3670 fre-

665 3717 893 3776 quenter
923 3705 1193 3770 invitatus,
1228 3707 1394 3761 nollet
1419 3706 1596 3777 Lyceo
1620 3707 1843 3761 dimiSso
1869 3706 1932 3760 ad
1962 3707 2101 3760 illius
2127 3721 2258 3778 opes

667 3798 950 3868 proﬁcisci.
987 3799 1052 3851 At
1079 3813 1142 3852 ex
1172 3813 1234 3852 ea
1262 3813 1473 3866 quoque
1496 3839 1510 3861 ,
1543 3813 1661 3876 qua:
1695 3813 1837 3852 nunc
1862 3798 2104 3863 obtinet,
2136 3798 2257 3867 Opi-

669 3891 848 3950 nione,
873 3905 990 3958 qua:
1021 3890 1224 3957 potiora
1256 3890 1359 3941 sint
1386 3898 1606 3956 apparet
1634 3906 1645 3939 :
1671 3904 1901 3958 namque
1927 3887 2116 3943 horum
2142 3889 2258 3959 qui-

671 3979 791 4034 dem
814 3978 1028 4031 nomina
1054 3977 1293 4046 plurimis
1317 3986 1441 4032 nota
1466 3986 1621 4043 sunt;
1651 3977 1864 4032 illorum
1887 3995 2014 4034 vero
2038 3981 2255 4033 nemini.

671 4070 981 4142 Sinopensis
1009 4079 1184 4125 autem
1216 4068 1526 4142 (Diogenes)
1558 4070 1693 4124 alius
1725 4071 2075 4140 philosophus
2113 4081 2260 4125 tanto

668 4173 724 4218 et
752 4163 836 4216 his
862 4170 915 4216 et
942 4161 1062 4216 aliis
1092 4161 1387 4217 innumeris
1419 4163 1633 4232 regibus
1661 4163 1964 4232 opulentior
1991 4173 2128 4229 erat,
2159 4165 2259 4219 etsi

672 4255 860 4326 pannis
887 4256 1078 4310 laceris
1105 4256 1345 4321 vestitus,
1374 4264 1432 4309 ut
1458 4255 1762 4310 Alexander
1787 4255 2014 4326 Philippi
2044 4257 2262 4312 Macedo

672 4348 972 4402 exercitum
1001 4348 1052 4400 in
1082 4347 1272 4400 Persas
1296 4345 1518 4410 ducens,
1544 4347 1630 4400 ubi
1659 4347 1808 4401 illum
1833 4347 1980 4415 vidit,
2011 4351 2261 4405 omnibus

673 4438 928 4501 dimissis,
958 4436 1025 4491 ad
1057 4452 1177 4491 eum
1207 4447 1483 4507 pergeret,
1526 4452 1588 4492 ac
1615 4446 1861 4506 rogaret,
1892 4439 2070 4495 ullane
2097 4457 2155 4495 re
2183 4443 2264 4496 in-

673 4534 900 4602 digeret,
925 4543 977 4586 et
1002 4547 1068 4585 an
1091 4530 1287 4600 aliquid
1309 4531 1543 4599 jnberet.
1569 4531 1660 4585 llle
1683 4545 1811 4587 vero
1837 4533 2005 4587 nihilo
2027 4547 2085 4588 se
2105 4550 2266 4604 cgere

676 4623 968 4692 respondit.
1001 4621 1134 4676 Num
1171 4622 1281 4690 jam
1311 4623 1686 4694 exemplorum
1717 4625 1847 4678 satis
1876 4625 2061 4688 habes,
2091 4640 2157 4678 an
2188 4626 2266 4680 vis

671 4717 771 4768 alia
791 4731 1001 4785 quoque
1025 4716 1418 4770 memoren'ius?
1435 4711 1636 4786 Nempe
1658 4717 1742 4772 isti
1765 4735 1869 4772 non
1890 4719 2050 4773 modo
2073 4719 2156 4785 iis,
2176 4721 2265 4788 qui

677 4807 727 4860 in
758 4808 897 4876 regia
925 4807 1157 4875 insignes
1181 4807 1347 4873 fuere,
1377 4809 1469 4863 sed
1495 4811 1624 4876 ipsis
1647 4827 1856 4880 quoque
1878 4811 2092 4882 regibus
2119 4813 2268 4867 fuere

677 4900 936 4953 clariores
956 4941 972 4965 ,
1004 4914 1126 4954 cum
1170 4901 1426 4969 privatam
1458 4903 1800 4972 quietamque
1831 4905 1990 4958 vitam
2034 4906 2267 4976 delegis—

676 5001 828 5056 sent,
863 5008 1034 5063 neqne
1074 4993 1141 5048 ad
1190 4995 1574 5065 rempublicam
1608 4999 1874 5054 ullatenus
1916 5016 1974 5056 se
2022 5001 2268 5057 conferre

677 5083 992 5138 voluissent.

761 5175 952 5229 Virtute
972 5176 1211 5233 clariores
1243 5181 1480 5250 e/ﬁcinmr
1497 5200 1647 5252 quam
1678 5186 1876 5255 apibus.
1899 5217 1972 5228 —
1989 5189 2093 5245 Sed
2124 5191 2267 5245 enim

679 5269 730 5322 in
761 5270 873 5338 ipsa
917 5285 1129 5341 quoque
1169 5273 1473 5344 reipublicae
1502 5276 1965 5336 administratione
2008 5299 2111 5338 non
2152 5286 2271 5342 illos

680 5365 853 5418 claros
879 5363 1042 5419 fuisse
1068 5364 1438 5434 deprehendes
1461 5410 1474 5434 ,
1507 5373 1596 5439 qui
1627 5372 1824 5426 divitiis
1844 5415 1859 5439 ,
1887 5375 2088 5432 deliciis
2117 5389 2171 5432 et
2198 5378 2273 5432 fa-

679 5457 960 5511 cultatibus
989 5457 1231 5514 instructi
1263 5471 1448 5527 erant,
1468 5445 1561 5517 sed
1587 5479 1680 5520 eos
1701 5507 1713 5527 ,
1743 5443 1833 5535 qui
1863 5469 1914 5521 in
1940 5480 2270 5542 paupertate,

679 5548 1050 5617 simplicitate,
1075 5560 1129 5605 et
1157 5551 1428 5608 moderata
1462 5556 1564 5610 vita
1605 5556 1884 5628 degebant.
1922 5563 2075 5631 Apud
2107 5564 2274 5620 Athe-

745 5662 760 5736 ξ
800 5668 848 5736 tn
875 5669 1015 5736 textu
1030 5677 1192 5736 grmco
1209 5666 1372 5722 deost.
1390 5668 1500 5735 tibi;
1526 5671 1614 5723 sed
1635 5674 1880 5728 invenitur
1897 5679 1944 5728 in
1959 5678 2149 5732 duobus
2167 5689 2270 5736 Mss.

742 5725 762 5756 ε
798 5729 900 5775 Duo
918 5725 1159 5788 Mss.,to£a
1178 5735 1324 5780 εει-γα.

1411 298 1468 356 S.
1510 294 1789 354 JOANNIS
1827 289 2303 351 ClIRYSOSTOMl
2329 289 2648 347 ARCIIIEP.
2691 292 3230 352 CONSTANTINOP.

3842 302 3961 358 340

2353 407 2567 463 nienses
2597 409 2859 465 Aristides
2879 453 2894 477 ,
2922 426 3080 480 quem
3105 411 3412 468 defunctum
3453 415 3638 471 civitas
3664 418 3916 486 sepelivit
3939 458 3960 485 ,

2361 501 2633 557 Alcibiade
2654 545 2668 566 ,
2701 505 2788 572 qui
2817 505 3008 574 opibus
3027 547 3042 569 ,
3085 505 3294 562 deliciis
3313 548 3329 572 ,
3358 508 3615 562 orationis
3643 509 3728 574 vi,
3755 524 3956 578 θοι-ρος

2365 594 2429 648 ris
2458 595 2651 649 robore
2675 636 2690 661 ,
2717 597 2992 652 nobilitate
3013 599 3329 668 eacterisque
3357 600 3914 672 onmibus'prmstabat
3931 643 3953 666 ,

2369 696 2502 739 'anto
2542 687 2736 742 clarior
2759 698 2908 750 erat,
2951 700 3150 758 quanto
3191 690 3283 744 vili
3321 693 3498 761 aliquo
3527 695 3749 764 puerulo
3773 694 3958 763 philo-

2375 776 2556 846 oplms
2584 779 2865 834 mirabilis.
2910 781 3064 851 Apud
3103 781 3386 838 Thebanos
3418 785 3850 853 Epaminondas,
3894 787 3952 842 in

2341 868 2668 924 concionem
2705 880 2962 938 vocatus,
3011 889 3133 927 eum
3179 885 3460 944 propterea
3496 892 3562 930 eo
3601 893 3660 932 se
3699 879 3953 934 conferre

2350 972 2458 1012 non
2479 971 2687 1028 posset,
2713 962 2851 1030 quod
2875 973 3075 1018 vestem
3101 964 3378 1019 lavandam
3397 976 3644 1033 curaret,
3666 983 3765 1023 nec
3788 970 3950 1024 aliam

2355 1048 2578 1104 haberet
2603 1067 2705 1119 qua
2736 1052 3076 1120 indueretur,
3100 1056 3348 1111 omnibus
3370 1065 3546 1111 tamen
3567 1059 3655 1128 qui
3678 1075 3744 1114 eo
3763 1075 3956 1116 conve-

2354 1149 2580 1205 nerant,
2613 1141 2838 1197 ducibus
2869 1147 3209 1212 praestantior
3230 1157 3364 1201 erat.
3391 1147 3470 1202 Ne
3493 1149 3672 1218 itaque
3702 1141 3836 1206 mihi
3857 1168 3948 1206 so-

2353 1229 2630 1287 litudinem
2668 1232 2882 1302 jactitcs
2902 1276 2916 1300 ,
2962 1245 3054 1290 aut
3081 1237 3305 1306 regiam.
3334 1238 3517 1308 Neque
3549 1241 3691 1294 enim
3735 1243 3787 1295 in
3819 1242 3951 1297 locis

2357 1325 2573 1380 claritas
2595 1336 2648 1381 et
2678 1327 2968 1396 splendor,
3002 1345 3108 1382 non
3150 1329 3201 1382 in
3232 1331 3470 1386 vestibus
3491 1373 3507 1397 ,
3540 1348 3647 1386 non
3693 1333 3743 1386 in
3774 1333 3946 1403 digni-

2357 1425 2464 1472 tate
2487 1460 2499 1479 ,
2533 1433 2638 1473 non
2670 1420 2721 1472 in
2748 1420 2982 1488 potentia
3011 1420 3107 1475 sed
3139 1420 3190 1475 in
3217 1421 3412 1477 virtute
3441 1432 3643 1476 tantum
3671 1439 3737 1478 ac
3774 1424 3948 1494 philo-

2354 1510 2563 1578 sophia.

2429 1601 2482 1654 6.
2517 1599 2713 1656 Verum
2749 1603 2873 1672 quia
2912 1605 3155 1673 exempla
3187 1621 3294 1659 non
3341 1614 3540 1660 tantam
3570 1609 3677 1661 vim
3719 1607 3946 1674 habent,

2354 1689 2422 1745 ab
2446 1691 2562 1761 ipso
2585 1692 2694 1748 ﬁlio
2725 1702 2817 1748 tuo
2846 1711 2957 1748 rem
2982 1695 3290 1750 discutiam.
3309 1696 3458 1752 Illum
3482 1700 3680 1769 quippe
3711 1701 3949 1755 invenie-

2354 1797 2472 1836 mus
2488 1798 2592 1836 non
2607 1783 2766 1838 modo
2785 1799 2924 1838 nunc
2939 1786 3244 1852 clariorem,
3261 1787 3355 1841 sed
3368 1789 3526 1841 etiam
3541 1805 3605 1842 ex
3625 1789 3811 1843 iisdem
3827 1789 3952 1860 ipsis

2355 1874 2515 1929 rebus
2535 1874 2931 1931 honoratiorem
2949 1879 3141 1948 quibus
3165 1888 3219 1932 tu
3236 1879 3385 1933 illum
3405 1888 3460 1934 et
3479 1880 3635 1935 vilem
3663 1891 3718 1936 ct
3744 1882 3951 1951 ignobi-

2357 1965 2464 2020 lem
2504 1981 2625 2022 esse
2661 1968 2813 2022 dicis.
2842 1968 2973 2023 Nam
3010 1971 3054 2023 si
3096 1971 3177 2024 vis
3209 1971 3651 2040 persuadebimus
3687 1973 3763 2027 illi
3807 1983 3864 2027 ut
3889 1973 3955 2027 de

2357 2067 2540 2112 monte
2580 2058 2899 2125 descendat,
2931 2068 2980 2114 et
3019 2059 3070 2113 in
3109 2059 3284 2114 forum
3322 2061 3599 2130 irrumpat.
3637 2063 3957 2132 Videbisque

2356 2149 2540 2202 statim
2571 2149 2734 2203 totius
2763 2149 2994 2204 civitatis
3027 2150 3079 2204 in
3104 2150 3251 2205 illum
3280 2167 3373 2206 ora
3400 2153 3642 2208 converti
3665 2193 3680 2215 ,
3708 2160 3957 2208 cunctos-

2357 2254 2460 2308 que
2485 2254 2608 2294 eum
2635 2239 3068 2296 demonstrantes
3093 2257 3216 2297 eum
3239 2243 3594 2299 admiratione
3625 2259 3688 2299 ac
3717 2255 3955 2316 stupore,

2357 2344 2421 2383 ac
2447 2331 2490 2384 si
2509 2331 2731 2400 angelus
2751 2332 2967 2401 quidam
2985 2331 3053 2387 de
3069 2333 3204 2388 c:elo
3217 2332 3574 2389 descenderit.
3599 2335 3797 2405 Ecquid
3814 2335 3956 2391 aliud

2357 2421 2452 2474 tibi
2473 2420 2681 2475 videtur
2701 2437 2821 2476 esse
2837 2423 3005 2492 gloria
3021 2424 3044 2477 ’ἲ
3059 2423 3200 2478 Sane
3221 2439 3326 2478 non
3346 2425 3409 2479 iis
3433 2425 3615 2488 modo,
3637 2426 3727 2496 qui
3748 2426 3800 2481 in
3815 2428 3956 2498 regia

2356 2523 2639 2566 versantur
2660 2555 2672 2576 ,
2697 2513 2791 2567 sed
2825 2513 2940 2582 ipso
2985 2530 3235 2584 quoque,
3269 2515 3358 2584 qui
3395 2515 3699 2571 diademate
3743 2516 3961 2571 redimi-

2357 2611 2442 2658 tus
2487 2611 2600 2669 est,
2649 2604 2910 2660 illustrior
2936 2607 3038 2660 erit
3077 2620 3200 2660 cum
3236 2605 3326 2658 illa
3375 2607 3465 2660 vili
3503 2616 3664 2678 atque
3690 2609 3955 2663 conscissa

2361 2705 2533 2752 veste.
2557 2697 2741 2767 Neque
2775 2698 2918 2752 enim
2951 2708 3112 2753 tantm
3135 2699 3477 2754 admirationi
3506 2701 3756 2760 omnibus
3781 2711 3956 2767 esset,

2361 2787 2404 2840 si
2441 2787 2680 2842 vestibus
2719 2789 3018 2855 operiretur
3054 2788 3267 2858 aureis,
3322 2790 3433 2844 imo
3471 2791 3514 2844 si
3546 2791 3660 2860 ipsa
3691 2807 3983 2860 purpura,

2361 2876 2583 2946 ipsaque
2607 2892 2808 2932 corona
2846 2888 3068 2932 ornatus
3095 2891 3274 2944 esset,
3312 2889 3368 2934 et
3409 2881 3452 2934 si
3483 2883 3667 2935 stratis
3707 2881 3961 2936 insideret

2360 2968 2582 3034 sericis,
2613 2968 2657 3022 si
2697 2983 2728 3022 a
2760 2969 2921 3022 mulis
2950 2969 3236 3024 veheretur
3257 3011 3272 3035 ,
3314 2981 3497 3024 aurata
3530 2972 3820 3026 satellitum
3853 2981 3962 3026 tur-

2361 3060 2424 3113 ba
2453 3059 2771 3124 comitatus;
2802 3069 2858 3114 ut
2889 3061 3050 3115 modo
3079 3070 3161 3116 est
3191 3062 3439 3132 squalore
3465 3072 3519 3118 et
3545 3063 3794 3117 sordibus
3819 3064 3961 3118 obsi-

2363 3161 2448 3206 tus
2473 3192 2485 3215 ,
2525 3167 2816 3223 crassoque
2837 3154 3062 3208 amictus
3097 3155 3414 3210 indumento
3438 3197 3454 3219 ,
3501 3157 3649 3211 nullo
3676 3158 3960 3212 comitatus

2363 3244 2601 3309 assecla,
2643 3243 2912 3314 nudisque
2959 3245 3190 3314 pedibus
3224 3247 3497 3302 incedens.
3548 3247 3788 3318 Namque
3832 3250 3961 3320 regii

2362 3334 2438 3388 illi
2467 3345 2754 3405 apparatus
2796 3346 2850 3391 et
2879 3336 3086 3406 legibus
3113 3339 3297 3392 statuti
3325 3349 3443 3392 sunt
3464 3381 3479 3404 ,
3528 3348 3583 3394 et
3622 3341 3963 3395 consuetudi-

2365 3441 2432 3479 ne
2461 3427 2658 3496 recepti
2691 3444 2704 3479 :
2738 3429 3086 3497 quamobrem
3128 3429 3172 3482 si
3203 3431 3321 3498 quis
3348 3447 3470 3485 cum
3507 3431 3860 3487 admiratione
3881 3431 3962 3486 di-

2362 3527 2510 3572 ceret
2553 3519 2931 3588 imperatorem
2975 3536 3093 3576 esse
3129 3531 3278 3577 veste
3317 3528 3479 3578 aurea
3513 3526 3761 3579 vestitum
3787 3567 3800 3589 ,
3855 3541 3961 3581 non

2365 3609 2524 3662 modo
2547 3624 2650 3662 non
2678 3609 3102 3678 admirarentur,
3132 3613 3225 3667 sed
3257 3614 3418 3668 etiam
3447 3616 3746 3669 rideremus
3766 3659 3780 3684 ,
3809 3619 3962 3687 quip-

2366 3714 2432 3768 pe
2474 3715 2595 3755 cum
2639 3702 2770 3755 nihil
2821 3705 2945 3757 novi
2994 3704 3216 3760 diceret.
3265 3707 3340 3760 De
3381 3706 3490 3760 ﬁlio
3529 3716 3707 3762 autem
3747 3717 3873 3774 tuo,
3917 3709 3961 3778 si

2365 3791 2482 3860 quis
2507 3794 2805 3859 annuntiet,
2836 3811 2958 3849 eum
2977 3795 3246 3866 despectis
3263 3800 3498 3866 paternis
3525 3801 3736 3868 Opibus,
3762 3801 3963 3855 calcata

2365 3885 2546 3938 smeuli
2578 3901 2768 3956 pompa
2792 3930 2808 3954 ,
2856 3904 2952 3959 spe
2983 3891 3250 3945 mundana
3287 3894 3619 3962 superiorem
3642 3937 3657 3962 ,
3687 3895 3740 3949 in
3776 3895 3961 3951 descr-

2367 3985 2477 4030 tmn
2510 3994 2569 4032 se
2589 3981 2911 4048 contulisse,
2934 3983 3022 4036 vili
3044 3984 3327 4054 putidaque
3350 3987 3524 4039 tunica
3550 3987 3788 4042 indutmn
3809 4005 3928 4045 esse
3948 4009 3960 4043 :

2368 4071 2546 4121 statim
2588 4081 2910 4127 concurrent
2951 4089 3175 4142 omnes,
3208 4077 3572 4140 mirabuntur,
3600 4089 3760 4148 atque
3785 4080 3965 4135 lauda-

2370 4162 2503 4216 bunt
2523 4162 2638 4232 ejus
2664 4166 3079 4236 magnitudinem
3099 4169 3283 4223 animi.
3297 4168 3455 4224 Certe
3474 4187 3596 4225 cum
3616 4172 3964 4242 imperatores

2371 4255 2667 4312 innumeris
2714 4259 3043 4329 impetuntur
3073 4262 3389 4331 maledictis,
3419 4265 3545 4318 nihil
3580 4266 3714 4334 ipsis
3741 4277 3964 4335 prosunt

2371 4362 2548 4403 aurea:
2578 4361 2777 4415 vestes,
2811 4361 3014 4406 tantum
3037 4355 3188 4408 abest
3209 4365 3264 4408 ut
3283 4371 3378 4410 eos
3398 4358 3672 4414 mirabiles
3692 4360 3960 4416 efﬁciant:

2373 4440 2460 4496 hie
2505 4453 2681 4498 autem
2734 4446 2817 4499 vel
2859 4462 2924 4500 ex
2960 4447 3088 4516 ipsis
3128 4449 3461 4503 vestimentis
3495 4452 3689 4508 multas
3737 4454 3968 4508 admira-

2376 4533 2539 4589 tionis
2567 4551 2726 4591 ansas
2755 4540 2976 4604 pra-liet,
3015 4539 3086 4592 ita
3114 4549 3171 4593 ut
3213 4543 3439 4596 amictus
3486 4542 3789 4612 hujusmodi
3813 4547 3969 4615 longe

2376 4625 2524 4678 illum
2559 4627 2984 4695 speetaliiliorem
3015 4631 3205 4695 faciat,
3228 4649 3388 4702 quam
3417 4633 3615 4689 faceret
3639 4636 3818 4706 regius
3849 4655 3862 4691 :
3893 4640 3966 4692 si-

2378 4717 2592 4783 quidem
2611 4734 2676 4771 cx
2702 4719 2791 4771 illo
2816 4736 2976 4774 nemo
3002 4723 3382 4791 imperatorem
3407 4716 3732 4794 admiratur,
3758 4728 3968 4784 hoeau-

2377 4817 2482 4862 tctn
2514 4811 2598 4863 ille
2617 4813 2844 4865 amictus
2863 4816 3054 4869 vestitu
3076 4818 3324 4872 onmibus
3343 4819 3745 4877 admirationiet
3765 4826 3968 4892 stupori

2377 4910 2478 4955 est.
2531 4903 2730 4972 Ecquid
2777 4907 2936 4970 mihi,
2982 4908 3225 4977 inquies,
3273 4913 3412 4982 vulgi
3464 4914 3646 4982 opinio
3688 4924 3744 4970 et
3789 4917 3970 4972 laudes

2379 4994 2701 5049 conferunt?
2730 4996 2890 5052 Certe
2917 4999 3084 5068 gloria
3136 5001 3266 5056 nihil
3312 5006 3456 5058 aliud
3485 5015 3583 5059 est.
3634 5008 3740 5062 Sed
3775 5009 3966 5079 hujus,

2378 5101 2610 5156 repones
2631 5129 2645 5150 ,
2685 5088 2954 5143 desiderio
2986 5106 3090 5145 non
3130 5101 3348 5161 teneor,
3383 5098 3672 5164 potentiam
3704 5109 3759 5154 et
3805 5101 3972 5154 Itono-

2377 5193 2465 5232 res
2487 5194 2692 5247 qmero.
2728 5182 2795 5234 At
2820 5183 2909 5249 qui
2941 5181 3158 5238 laudant
3181 5227 3191 5249 ,
3213 5187 3372 5240 etiam
3402 5187 3761 5245 honorabant.
3796 5192 3889 5246 Sin
3918 5204 3972 5247 tu

2378 5272 2668 5340 potentiam
2700 5283 2749 5326 et
2781 5275 3145 5343 prail'ecturam
3166 5279 3468 5346 desideras,
3492 5297 3608 5336 eam
3638 5299 3741 5337 non
3765 5287 3970 5348 minus,

2379 5382 2538 5433 quam
2587 5365 2796 5434 priora,
2843 5383 3009 5436 penes
3047 5369 3145 5424 hos
3188 5386 3308 5426 esse
3349 5376 3748 5444 eomperiemus
3785 5396 3798 5430 :
3831 5377 3973 5448 quod

2381 5459 2553 5528 ipsum
2588 5475 2708 5512 cum
2743 5463 3005 5530 exemplis
3033 5463 3355 5520 conﬁrmare
3395 5466 3694 5534 possimus,
3730 5469 3797 5522 ad
3831 5485 3975 5524 com-

2383 5551 2677 5615 modiorem
2709 5564 2759 5608 te
2785 5555 3096 5610 consolandi
3132 5559 3347 5612 modum
3378 5560 3620 5614 venimus
3641 5603 3656 5628 ,
3687 5577 3786 5615 nec
3810 5563 3976 5616 aliun-

2382 5643 2450 5697 de
2474 5685 2488 5708 ,
2517 5659 2674 5712 quam
2701 5661 2764 5699 ex
2791 5647 2904 5716 ipso
2932 5646 3039 5701 ﬁlio
3067 5658 3158 5703 tuo
3184 5665 3296 5705 rem
3318 5653 3670 5709 excutiemus.
3700 5655 3975 5721 Quodnam

2385 5752 2506 5796 esse
2536 5736 2668 5793 dicis
2697 5752 2922 5795 summa:
2968 5745 3243 5812 potestatis.
3275 5747 3687 5816 argumentum?
3715 5761 3895 5804 nonne
3923 5756 3976 5803 ut
