4266 6314
279 357 375 412 3H

278 469 449 539 possit
478 469 597 540 quis
634 482 866 526 merere
904 466 1200 523 aftlciemes
1238 465 1419 522 uleisci
1442 506 1457 529 ,
1504 473 1559 520 et
1600 464 1873 520 beneﬁcos

276 563 665 619 remunerare?
693 562 854 632 Atqui
895 561 1033 617 hanc
1063 576 1131 615 ne
1159 559 1299 631 apud
1327 558 1711 628 Imperatorem
1750 557 1870 626 qui-

274 653 400 709 dem
429 664 592 708 totam
623 653 996 724 deprehendas
1028 671 1041 706 :
1076 667 1308 722 namque
1338 651 1537 706 multos
1574 649 1736 705 habet
1770 648 1871 704 sibi

277 744 540 811 infestos,
569 745 764 815 quibus
792 745 961 800 vicem
1000 744 1226 799 reddere
1255 758 1361 799 non
1398 750 1607 812 potest,
1648 741 1871 796 multos-

272 850 382 905 que
428 837 732 903 beneﬁcos,
772 851 907 907 quos
947 851 1052 891 non
1083 844 1257 906 potest
1301 834 1458 890 facile
1499 849 1867 913 remunerare.

272 925 599 998 Plerumque
626 928 769 983 enim
810 927 863 982 in
903 927 1088 992 bellis,
1130 926 1355 981 infestos
1379 925 1477 980 sibi
1527 924 1747 989 hostes,
1780 924 1869 994 qui

272 1031 339 1074 se
367 1018 663 1073 innumeris
690 1016 919 1073 effecere
950 1018 1104 1072 malis
1124 1059 1138 1083 ,
1165 1018 1350 1073 ulcisci
1376 1032 1497 1072 cum
1518 1016 1871 1072 vehementer

268 1119 528 1180 cuperet,
560 1126 665 1165 non
700 1110 896 1181 potuit,
929 1109 1337 1179 amicisquequi
1382 1123 1570 1179 magna
1597 1107 1868 1162 fortitudi-

269 1203 358 1258 nis
396 1204 586 1259 indicia
617 1203 879 1260 dederunt
897 1246 912 1270 ,
944 1204 1089 1273 paria
1112 1197 1408 1272 répendere
1433 1202 1702 1273 nequivit,
1726 1201 1869 1272 quod

270 1294 349 1348 illi
381 1292 492 1349 fato
516 1296 873 1366 prmoccupati
901 1296 953 1349 in
977 1295 1094 1365 ipso
1117 1295 1260 1350 bello
1289 1294 1684 1350 occubuissent.

346 1388 448 1455 Qui
472 1364 643 1443 omnia
666 1364 978 1457 refiquerunt
1001 1364 1116 1443 sunt
1137 1387 1520 1459 imperatoribus
1543 1364 1879 1460 potentiores;

265 1508 340 1519 —-—
357 1478 495 1545 Quid
511 1479 553 1533 si
579 1480 677 1533 hac
696 1481 951 1548 potentia,
975 1496 1078 1549 qua
1101 1495 1167 1534 ne
1198 1481 1341 1549 ipsos
1359 1478 1574 1549 quidem
1589 1494 1744 1550 reges
1767 1479 1866 1534 frui

265 1570 693 1631 demonstratum
725 1580 826 1637 est,
858 1571 1017 1626 aliam
1046 1571 1492 1641 longeJnajorem
1526 1562 1692 1626 tilium
1718 1580 1867 1626 tuum

265 1658 469 1716 habere
507 1662 919 1717 monstravere?
956 1662 1125 1717 Nemo
1147 1678 1233 1717 me
1268 1663 1409 1718 bona
1437 1662 1671 1717 caelestia
1702 1662 1863 1716 modo

263 1752 534 1827 dicturum
558 1764 740 1824 putet,
770 1757 960 1824 quibus
988 1766 1041 1809 tu
1068 1771 1173 1809 non
1202 1754 1411 1819 credis;
1441 1770 1545 1808 non
1580 1754 1716 1809 adeo
1742 1769 1868 1822 pro-

261 1848 553 1902 missorum
579 1847 776 1905 oblitus
797 1862 913 1901 sum
942 1866 955 1910 ;
989 1862 1173 1902 verum
1203 1863 1268 1901 ex
1308 1847 1374 1901 iis
1402 1862 1522 1917 qua:
1544 1847 1597 1901 in
1629 1845 1731 1903 hac
1758 1847 1863 1901 vita

264 1938 401 1995 fiunt
422 1981 439 2007 ,
466 1940 797 1995 .documenta
824 1940 1067 1995 aﬂ‘eram.
1112 1940 1169 1995 Si
1200 1941 1342 1995 enim
1371 1940 1559 1995 ulcisci
1588 1940 1864 2005 inimicos,

261 2045 328 2086 ea
373 2046 622 2101 suprema
678 2032 915 2101 putentia
962 2040 1046 2086 est
1078 2050 1092 2086 :
1124 2032 1293 2085 multo
1332 2030 1488 2100 plane
1525 2032 1696 2102 majus
1726 2034 1859 2097 crit,

261 2120 427 2174 talem
459 2120 581 2174 vitu-
629 2128 826 2174 statum
871 2121 1143 2190 reperire,
1178 2122 1229 2175 in
1274 2136 1383 2191 quo
1430 2136 1588 2176 nemo
1618 2123 1725 2187 sit,
1771 2122 1863 2191 qui

258 2210 365 2266 etsi
386 2211 548 2275 velit,
574 2226 771 2266 nocere
795 2213 980 2281 possit.
1010 2212 1144 2266 Nam
1166 2212 1307 2282 quod
1332 2212 1434 2266 hoc
1459 2213 1527 2267 sit
1553 2213 1644 2267 illo
1664 2213 1858 2281 majus,

260 2309 393 2355 tunc
424 2302 593 2371 magis
633 2303 934 2365 constabit,
969 2318 1090 2358 cum
1118 2302 1185 2357 ad
1226 2303 1529 2371 exemplum
1561 2304 1703 2358 aliud
1742 2320 1863 2359 ora-

260 2395 466 2449 tionem
493 2393 890 2449 reduxerimus.
919 2396 1011 2450 Dic
1049 2396 1190 2450 enim
1213 2438 1227 2459 ,
1252 2410 1466 2467 quaeso,
1494 2405 1670 2451 utrum
1716 2412 1859 2466 pra?-

1037 348 1397 409 ADVERSUS
1424 345 1977 405 OPPUGNATORES
2022 348 2204 405 γιτίΕ
2248 351 2544 409 MONAST.
2587 355 2716 412 LIB.
2763 357 2828 415 Il.

1984 462 2243 519 irascetur
2283 465 2414 521 nihil
2458 468 2654 525 Izesus?
2682 472 2801 541 quis
2845 481 3066 540 metuet,
3110 488 3234 530 eum
3283 477 3461 533 nullus
3508 482 3580 534 sit

1977 556 2269 626 suspicioni
2314 558 2507 614 locus?
2534 560 2756 616 Constat
2803 562 2961 633 igitur
3002 579 3074 619 ex
3123 565 3207 621 his
3237 568 3411 625 nullos
3452 584 3574 627 esse

1977 647 2066 716 qui
2094 649 2142 703 ei
2174 663 2369 705 nocere
2413 651 2599 721 velint,
2630 654 2775 724 quod
2816 666 2995 711 autem
3023 672 3130 713 non
3174 660 3221 715 si
3247 661 3413 716 velint
3454 665 3573 734 qui-

1975 738 2121 804 dem,
2150 740 2378 809 possint,
2405 751 2461 798 et
2489 742 2603 814 hoc
2619 745 2866 801 similiter
2890 748 3231 805 manifestum
3272 761 3374 807 est.
3403 752 3573 810 Nullze

1975 834 2116 886 enim
2147 844 2271 888 sunt
2312 850 2489 890 causa:
2517 845 2609 892 aut
2631 839 2964 907 occasiones,
2993 840 3186 911 quibus
3226 858 3350 899 eum
3381 845 3573 915 aliquis

1974 923 2225 979 cohibere
2250 926 2456 994 possit;
2490 928 2583 982 sed
2608 937 2668 983 ut
2689 928 2865 1000 aquila
2892 931 3122 992 sublime
3150 935 3356 1004 voIans,
3390 951 3574 1005 passe-

1972 1028 2093 1067 rum
2125 1013 2331 1084 laqueis
2369 1030 2478 1071 non
2504 1019 2746 1088 capitur,
2773 1019 2849 1096 ita
2889 1030 2943 1077 et
2973 1020 3078 1078 hic.
3113 1022 3264 1080 Unde
3301 1025 3447 1081 enim
3473 1041 3572 1081 no-

1972 1118 2096 1160 cere
2121 1107 2171 1161 ei
2215 1106 2382 1176 possit
2410 1108 2646 1179 aliquis?
2672 1110 2921 1169 Pecunia
2946 1128 3055 1169 non
3090 1113 3303 1181 adsunt,
3346 1125 3405 1171 ut
3432 1117 3572 1172 mul-

1973 1204 2114 1251 ctam
2162 1200 2517 1255 comminetur
2553 1217 2567 1254 :
2600 1203 2825 1271 patriam
2868 1220 2975 1263 non
3016 1203 3201 1272 habet,
3232 1217 3294 1263 ut
3319 1207 3565 1264 exsilium

1972 1286 2205 1353 inferat;
2230 1289 2457 1359 gloriam
2502 1307 2609 1347 non
2638 1272 2989 1367 concupiscit,
3023 1306 3077 1351 ut
3108 1297 3342 1353 dedecus
3372 1300 3566 1355 inurat.

1972 1379 2146 1435 Unum
2178 1380 2573 1453 reliquum‘est,
2606 1401 2753 1442 mors
2794 1388 2999 1444 scilicet
3027 1407 3043 1444 :
3073 1390 3167 1445 sed
3198 1390 3299 1446 hac
3338 1392 3569 1447 maxime

1972 1472 2024 1525 in
2044 1482 2203 1542 parte
2230 1490 2350 1530 eum
2390 1476 2626 1547 afﬂigere
2669 1495 2775 1534 non
2821 1481 3037 1550 poterit,
3087 1482 3193 1537 imo
3214 1482 3420 1551 juvabit
3448 1499 3566 1538 ma-

1971 1563 2133 1617 xime.
2166 1564 2403 1638 Namque
2427 1585 2551 1623 cum
2576 1569 2642 1624 ad
2672 1562 2840 1643 ,aliam
2868 1574 3179 1627 transmittit
3203 1574 3387 1640 vitam,
3413 1575 3483 1631 ab
3508 1590 3569 1631 se

1969 1655 2355 1725 desideratam,
2385 1661 2535 1730 cujus
2573 1677 2733 1717 causa
2764 1649 2895 1718 nihil
2927 1680 3031 1719 non
3062 1665 3172 1735 agit
3211 1675 3264 1721 et
3292 1678 3564 1737 aperatur.

1970 1744 2154 1817 Itaque
2200 1749 2289 1803 illa
2336 1751 2576 1806 laborum
2621 1754 2723 1808 sibi
2772 1754 2892 1809 finis
2935 1757 3056 1822 erit,
3102 1771 3208 1812 non
3252 1770 3443 1826 pinna,
3472 1757 3568 1812 sed

1932 1884 1935 1885 ν
1970 1840 2224 1896 sudorum
2254 1844 2449 1897 solutio
2491 1854 2546 1899 et
2574 1846 2809 1916 requies.
2855 1847 3019 1903 Visne
3045 1848 3208 1902 alium
3237 1849 3354 1918 ejus
3382 1858 3569 1919 poten-

1969 1933 2055 1986 tia:
2086 1933 2303 2015 modum
2345 1935 2607 1999 ediscere,
2641 1939 2691 1990 in
2742 1937 3075 2008 philosophia
3125 1940 3282 2009 longe
3312 1950 3571 2009 prtestan-

1971 2023 2203 2079 liorem?
2239 2026 2460 2081 Etiamsi
2490 2029 2609 2095 quis
2637 2044 2759 2083 eum
2793 2029 3088 2086 innumeris
3119 2031 3358 2087 at‘fecerit
3387 2033 3563 2096 malis,

1967 2115 2176 2169 etiamsi
2216 2117 2529 2172 verberibus
2559 2118 2857 2185 laniaverit,
2902 2121 2954 2175 in
2984 2122 3197 2177 vincula
3236 2116 3563 2193 cénjecerit,

1964 2222 2162 2277 corpus
2205 2223 2303 2277 pro
2331 2218 2519 2263 natura
2546 2226 2639 2264 sua
2666 2211 2897 2277 laeditur,
2929 2214 3141 2269 animus
3172 2228 3299 2270 vero
3326 2214 3565 2284 phiioso—

1967 2288 2104 2367 phim
2134 2297 2399 2364 addictus,
2431 2300 2631 2354 illmsus
2661 2310 2842 2355 manet
2871 2319 2884 2355 :
2916 2318 3091 2372 neque
3114 2304 3261 2358 enim
3289 2302 3564 2360 iracundia

1964 2390 2192 2457 capitur,
2229 2404 2333 2443 non
2361 2391 2484 2444 odio
2511 2392 2818 2461 corripitur,
2853 2409 2958 2447 non
2989 2394 3297 2451 inimicitias
3322 2404 3563 2451 exercet.

258 2475 520 2553 etantius',
578 2488 729 2542 reine
772 2488 977 2543 bellicce
1021 2490 1091 2543 ita
1122 2489 1424 2559 quempiam
1449 2489 1677 2559 peritum
1706 2477 2207 2575 «βεβηκυίίΝυηᾱυηι
2251 2481 2321 2534 ita
2369 2498 2617 2551 magnum
2650 2482 2752 2536 hoc
2783 2491 2884 2547 est,
2916 2484 3009 2537 sed
3043 2484 3197 2555 longe
3224 2485 3521 2541 mirabilius
3544 2526 3561 2551 ,

257 2589 321 2635 ut
364 2595 553 2645 nemo,
579 2580 669 2649 qui
692 2596 751 2636 se
776 2580 1057 2644 vulneret,
1083 2582 1449 2635 invulneratus
1489 2576 1752 2651 effugiat":
1789 2596 1857 2634 an

256 2670 524 2740 ejusmodi
553 2686 675 2727 esse
703 2686 931 2741 corpore
951 2712 966 2737 ,
996 2681 1053 2726 ut
1076 2672 1412 2743 quantalibet
1439 2658 1666 2741 quisque
1693 2664 1815 2741 agat
1839 2712 1853 2737 ,

255 2764 545 2819 vuinerare
572 2779 677 2817 non
708 2765 909 2833 possit?
956 2746 1215 2819 cummi;
1246 2762 1495 2832 profecto
1519 2770 1729 2837 constat
1756 2763 1857 2818 hoc

254 2856 350 2912 illo
380 2858 557 2926 potius
574 2872 695 2912 esse
722 2872 783 2911 ac
803 2856 1072 2911 divinius:
1100 2872 1272 2926 neque
1300 2857 1430 2911 illud
1451 2867 1654 2911 tantum
1680 2855 1852 2921 adest,

252 2950 350 3006 sed
374 2934 521 3020 quod"
542 2950 633 3004 illo
660 2951 819 3020 longe
850 2950 1096 3019 superius
1124 2958 1225 3003 est.
1256 2949 1536 3014 Quodnam
1573 2947 1705 3001 illud
1733 2948 1856 3002 est?

252 3040 429 3096 Etiam
458 3039 847 3095 medicamenta
873 3054 1060 3104 nosse,
1102 3038 1295 3110 quibus
1321 3038 1542 3093 vulnera
1586 3046 1855 3093 curentur

250 3132 453 3186 omnia.
484 3131 677 3186 Tribus
707 3146 834 3201 ergo
866 3133 1116 3201 potentiae
1153 3130 1327 3185 modis
1364 3128 1671 3184 constitutis
1691 3172 1707 3195 ,
1739 3129 1853 3199 pri-

250 3237 343 3276 mo
384 3222 596 3292 quidem
619 3262 632 3284 ,
666 3230 724 3275 ut
768 3221 937 3291 possit
970 3222 1091 3291 quis
1121 3212 1343 3290 injurias
1389 3221 1611 3288 ulcisci;
1641 3222 1850 3289 altero,

246 3314 340 3384 qui
369 3323 423 3368 ct
460 3314 706 3382 superior
731 3322 843 3379 est,
877 3320 934 3367 ut
962 3314 1184 3368 vulnera
1212 3312 1426 3383 propria
1466 3327 1656 3368 curare
1683 3312 1847 3377 norit;

248 3420 424 3476 neque
462 3405 603 3459 enim
648 3405 865 3459 omnino
894 3403 995 3457 hoc
1028 3402 1154 3457 illud
1186 3404 1462 3473 sequitur;
1517 3404 1677 3459 tertio
1718 3410 1782 3458 ut
1820 3417 1850 3457 a

248 3497 396 3551 nullo
442 3495 719 3552 hominum
766 3495 888 3570 laedi
933 3496 1140 3566 possit,
1170 3494 1315 3566 quod
1349 3504 1594 3550 naturam
1636 3496 1851 3566 penitus

247 3587 461 3656 excedit
516 3587 801 3641 humanam
850 3605 863 3641 :
915 3587 1019 3642 hoc
1078 3596 1408 3657 postremum
1456 3587 1549 3643 lilii
1607 3588 1681 3642 lui
1730 3602 1851 3645 esse

246 3677 686 3733 monstrabimus.
750 3682 751 3685 “
1092 3744 1096 3749 ,
1186 3688 1187 3691 ‘
1684 3698 1685 3701 η
1764 3750 1765 3753 η

321 3770 368 3828 7.
384 3766 447 3822 Ei
471 3769 555 3839 qui
571 3768 741 3821 omnia
765 3768 984 3839 reliquit,
1000 3786 1146 3823 nemo
1166 3785 1344 3845 nocere
1367 3769 1490 3833 vult,
1520 3787 1609 3824 nec
1628 3781 1793 3841 posset
1806 3772 1850 3825 si

246 3862 488 3917 uellet.--
507 3861 584 3917 Ne
604 3850 783 3917 autem
811 3863 926 3918 hzec
954 3864 1118 3919 verba
1141 3863 1595 3934 strepitusinanis
1614 3882 1736 3922 esse
1763 3866 1845 3920 vi-

244 3955 498 4020 deantur,
530 3954 630 4011 hac
652 3956 765 4026 ipsa
791 3971 980 4027 magna
1011 3957 1249 4029 potentia
1280 3972 1465 4017 rursus
1491 3958 1651 4013 aliam
1680 3959 1848 4029 majo-

244 4064 358 4103 rem
404 4046 544 4102 inter
572 4046 917 4117 quazrendum
965 4048 1288 4103 invenimus.
1331 4044 1448 4105 Non
1495 4049 1656 4105 modo
1700 4050 1844 4105 enim

242 4154 352 4193 non
401 4138 738 4207 reperientur
767 4139 854 4208 qui
903 4132 1101 4193 nocere
1146 4128 1372 4209 possint,
1404 4140 1497 4195 sed
1526 4154 1594 4194 ne
1633 4141 1724 4211 qui
1754 4157 1847 4198 ve-

242 4232 343 4288 Iint
389 4222 643 4301 quidem;
675 4229 745 4284 ita
790 4240 849 4284 ut
890 4230 1087 4298 duplici
1112 4246 1177 4285 ex
1206 4239 1359 4300 parte
1404 4240 1549 4287 tutus
1578 4233 1667 4288 sit.
1706 4232 1844 4300 Quid

244 4321 404 4392 igitur
430 4320 528 4374 Irae
550 4321 654 4374 vita
678 4320 926 4384 divinius,
954 4321 1004 4374 in
1032 4336 1135 4390 qua
1168 4337 1326 4377 nemo
1352 4338 1548 4379 nocere
1569 4324 1716 4391 velit,
1743 4340 1844 4381 nec

242 4413 286 4467 si
319 4412 467 4474 velit,
502 4410 711 4481 possit?
748 4426 871 4466 cum
916 4412 1148 4467 maxime
1193 4413 1335 4469 nolle
1379 4429 1575 4469 nocere
1621 4429 1730 4470 non
1774 4431 1843 4471 ex

244 4501 608 4559 imbecillitate
656 4502 818 4567 venit,
862 4511 920 4556 ut
946 4503 998 4557 in
1045 4503 1228 4578 multis
1267 4503 1548 4575 contingit,
1576 4505 1670 4560 sed
1699 4506 1841 4577 quod

244 4594 389 4649 nulla
419 4593 715 4663 reperiatur
741 4607 921 4649 causa.
952 4593 1083 4647 Nam
1114 4595 1158 4647 si
1186 4593 1236 4647 id
1267 4593 1440 4648 solum
1464 4611 1562 4663 per
1589 4611 1647 4652 se
1673 4607 1840 4663 esset,

241 4672 449 4739 scilicet
488 4668 593 4737 non
646 4696 823 4753 posse,
872 4697 977 4737 non
1028 4685 1155 4737 tanti
1203 4694 1346 4739 esset
1378 4702 1391 4739 :
1423 4685 1603 4740 odium
1646 4687 1842 4757 quippe

241 4776 549 4846 gigneretur
576 4775 865 4829 maximum
912 4776 965 4829 in
1004 4776 1090 4839 iis,
1121 4778 1209 4845 qui
1239 4792 1358 4832 cum
1392 4778 1611 4842 vellent,
1647 4779 1842 4835 lmdere

222 4884 352 4922 .non
383 4853 606 4937 possent
635 4884 649 4933 ;
683 4883 787 4922 non
820 4882 1016 4937 parvus
1044 4879 1223 4924 autem
1250 4879 1332 4924 est
1364 4870 1449 4924 hic
1492 4871 1841 4927 beatitudinis

242 4961 457 5015 modus.
486 4961 661 5030 Ipsum
709 4976 837 5031 ergo
878 4962 1134 5031 primum,
1168 4962 1211 5015 si
1241 4962 1471 5029 videtur,
1505 4966 1839 5018 excutiamus

242 5052 546 5122 diligenter.
578 5052 833 5121 Quisnam
865 5069 987 5107 eum
1014 5054 1210 5109 lredere
1257 5055 1407 5122 velit,
1439 5057 1528 5125 qui
1558 5056 1692 5111 nihil
1738 5056 1839 5111 ha-

241 5144 335 5201 bet
359 5158 643 5199 commnne
672 5160 793 5211 cum
823 5145 1151 5212 hominibus,
1184 5163 1287 5200 non
1316 5156 1489 5216 pacta,
1518 5164 1627 5203 non
1657 5163 1837 5219 agros,

242 5250 348 5290 non
384 5235 644 5303 pecunias.
706 5251 813 5288 uon
862 5238 1097 5306 negotia,
1139 5252 1313 5307 neque
1351 5238 1493 5294 aliud
1518 5239 1836 5310 quidpiam?

242 5340 341 5395 pro
372 5340 478 5394 qua
508 5324 631 5378 villa
670 5328 790 5378 cum
822 5326 912 5380 illo
937 5328 1246 5395 contendet,
1289 5344 1389 5399 pro
1412 5330 1605 5399 quibus
1631 5328 1801 5386 seris
1822 5371 1837 5397 ,

242 5432 340 5485 pro
366 5429 468 5485 qua
515 5416 726 5486 gloria?
754 5418 1005 5486 quidnam
1039 5430 1305 5487 metuens,
1351 5437 1456 5491 quo
1500 5406 1839 5489 lacessente]

243 5506 519 5579 Siquidem
552 5517 641 5560 aut
666 5508 883 5573 invidia,
917 5520 1008 5563 aut
1037 5520 1203 5577 metu,
1235 5520 1327 5566 aut
1355 5514 1434 5568 ira
1458 5528 1755 5581 movemur,
1782 5523 1843 5571 ut

243 5598 379 5654 alios
408 5596 684 5652 lmdamus.
709 5600 777 5653 At
805 5598 890 5653 hic
917 5617 1043 5671 rege
1066 5605 1251 5672 quovis
1279 5607 1569 5673 potentior,
1591 5608 1842 5664 omnibus

242 5688 493 5756 superior
518 5696 620 5741 est.
651 5688 779 5755 Quis
818 5692 959 5744 enim
987 5693 1035 5747 ei
1082 5694 1357 5758 invidebit,
1386 5697 1477 5767 qui
1514 5698 1627 5753 hzec
1660 5700 1840 5754 omnia

246 5777 468 5845 irridet,
519 5792 616 5849 pro
653 5780 842 5850 quibus
886 5782 975 5838 alii
1023 5784 1268 5841 laborant
1306 5796 1359 5843 et
1399 5790 1691 5862 satagunt?
1719 5792 1839 5861 quis
1887 5810 1897 5822 ·

1961 2569 2102 2637 quod
2133 2584 2249 2631 eos,
2277 2571 2369 2640 qui
2412 2586 2471 2625 se
2503 2572 2573 2625 ita
2602 2581 2816 2637 vexant,
2848 2574 2927 2627 sic
2956 2573 3147 2643 diligit,
3183 2583 3241 2627 ut
3266 2574 3560 2640 beneﬁcos,

1963 2672 2020 2713 ut
2050 2672 2323 2729 patronos,
2358 2662 2602 2733 bonaque
2644 2664 2747 2718 illis
2790 2673 2980 2718 cuncta
3030 2675 3367 2735 apprecatur.
3409 2666 3481 2725 At
3509 2676 3562 2721 tu

1961 2753 2089 2821 quid
2120 2754 2168 2807 ei
2198 2769 2450 2823 umquam
2482 2756 2585 2809 tale
2615 2764 2869 2825 praestare
2891 2757 3180 2826 potuisses,
3200 2758 3413 2813 etiamsi
3438 2759 3562 2813 mil-

1960 2843 2060 2899 lies
2087 2845 2261 2913 ipsum
2287 2844 2431 2901 orbis
2476 2855 2737 2900 terrarum
2768 2862 2949 2916 regem
2981 2848 3375 2915 constituisses,
3408 2861 3463 2905 et
3490 2851 3558 2904 ad

1958 2934 2148 2989 decem
2175 2932 2436 2990 annorum
2464 2937 2627 2990 millia
2654 2952 2875 3006 regnum
2908 2936 3006 3008 ipsi
3035 2940 3426 3009 prorogasses?
3454 2956 3557 3010 qua

1958 3039 2223 3095 purpura,
2256 3042 2363 3097 quo
2409 3028 2655 3097 imperio,
2687 3044 2791 3099 qua
2838 3029 3007 3099 gloria
3050 3046 3155 3089 non
3203 3032 3557 3101 prtestabilius

1958 3131 2041 3172 εει
2088 3117 2191 3173 hoc
2214 3118 2457 3173 bonum?
2485 3119 2609 3190 quid
2655 3135 2759 3174 non
2803 3121 3161 3191 impenderes,
3207 3133 3264 3176 ut
3292 3125 3555 3193 ejusmodi

1958 3211 2192 3265 animum
2224 3212 2534 3281 acciperes?
2560 3213 2806 3268 Arbitror
2848 3228 2948 3283 ego
2977 3215 3137 3269 etiam
3167 3229 3284 3282 eos,
3330 3216 3420 3287 qui
3444 3226 3557 3271 stu—
3618 3269 3624 3274 .

1956 3302 2159 3358 diosius
2181 3318 2407 3373 corpora
2426 3314 2633 3365 curant.
2656 3304 2793 3359 lianc
2818 3305 2979 3360 vitam
3003 3316 3391 3376 pmoptaturos
3410 3323 3551 3363 esse.

1956 3396 2119 3453 Visne
2148 3396 2361 3452 aliunde
2386 3412 2599 3468 quoque
2638 3399 2928 3468 potentiam
2954 3399 3056 3453 viri
3083 3409 3135 3454 et
3165 3400 3551 3457 mirabiliorem

1954 3498 2008 3544 et
2032 3489 2406 3561 jucundiorem
2451 3490 2654 3557 videre,
2706 3506 2771 3546 ex
2800 3486 2971 3560 parte
3009 3493 3227 3562 quidem
3276 3493 3551 3550 humiliori
3642 3552 3645 3553 ν

1954 3583 2198 3652 petitam,
2230 3583 2324 3637 tibi
2365 3592 2539 3638 tamen
2577 3598 2787 3639 summe
2811 3586 3056 3654 gratam?
3086 3587 3160 3641 Ea
3188 3587 3402 3657 quidem
3432 3604 3554 3659 quae

1953 3674 2092 3728 dicta
2134 3681 2277 3740 sunt,
2310 3690 2430 3729 eum
2476 3689 2575 3729 nec
2613 3676 2731 3744 capi
2759 3690 2858 3730 nec
2897 3664 3083 3731 violari
3117 3692 3273 3745 posse
3298 3658 3553 3749 compro-

1952 3765 2102 3821 bant.
2148 3765 2302 3834 Quod
2341 3774 2517 3821 autem
2553 3766 2686 3821 alios
2715 3758 3089 3823 moderaturus
3117 3770 3207 3834 sit,
3238 3784 3440 3841 eosque
3471 3781 3554 3826 tu-

1953 3858 2188 3913 tissimos
2203 3858 2491 3912 constitutu
2501 3873 2611 3924 rus,
2629 3858 2678 3913 id
2697 3858 2923 3915 fortasse
2940 3860 3137 3931 quaeris
3152 3860 3416 3919 ediscere.
3438 3864 3551 3919 Hoc

1952 3966 2113 4021 porro
2159 3940 2244 4006 est
2289 3950 2521 4019 primum
2568 3952 2964 4021 magisterium,
3015 3962 3075 4007 ut
3114 3954 3249 4010 alios
3292 3955 3360 4010 ad
3405 3956 3547 4013 idem

1950 4043 2192 4099 studium.
2211 4042 2459 4108 adducat,
2490 4052 2545 4099 et
2569 4044 2646 4100 sic
2674 4043 2797 4098 illos
2824 4044 3008 4099 ﬁrmos
3050 4043 3322 4115 fortesque
3350 4049 3553 4103 consti-

1949 4147 2102 4202 tuat;
2132 4141 2216 4192 sin
2240 4154 2369 4192 vero
2413 4138 2486 4192 illi
2515 4138 2703 4201 nolint,
2738 4147 3114 4206 terrenamque
3158 4139 3319 4203 vitam
3352 4142 3549 4211 sectari

1951 4229 2159 4295 malint,
2191 4228 2275 4283 hic
2304 4244 2515 4299 quoque
2541 4228 2744 4283 videbis
2769 4227 2974 4296 majore
2999 4236 3049 4281 te
3072 4228 3333 4297 opulento
3360 4230 3550 4299 poten-

1952 4322 2019 4375 tia
2054 4320 2331 4390 prmditum
2363 4320 2642 4389 eum,~qui
2685 4318 2817 4372 nihil
2850 4318 3027 4380 habet,
3077 4329 3238 4390 atque
3280 4319 3399 4377 ideo
3430 4338 3547 4375 ma-

1949 4414 2091 4469 xime
2118 4414 2259 4486 quod
2291 4413 2420 4467 nihil
2450 4412 2662 4467 habeat.
2694 4411 2825 4478 Quis
2852 4411 2995 4467 enim
3024 4411 3230 4481 majore
3257 4426 3381 4468 cum
3411 4413 3549 4468 fidu-

1949 4508 2028 4563 cia
2069 4517 2125 4562 et
2167 4515 2427 4577 potestate
2456 4506 2863 4574 Imperatorem
2882 4504 3179 4574 alloquetur
3223 4513 3277 4559 et
3306 4505 3549 4573 increpa.-

1948 4601 2057 4654 bit?
2082 4610 2205 4654 tune
2223 4599 2313 4669 qui
2338 4606 2477 4652 tanta
2503 4596 2767 4667 possides,
2787 4604 2841 4651 et
2866 4605 3147 4665 propterea
3172 4596 3311 4651 illius
3332 4611 3546 4666 quoque

1948 4693 2117 4765 servis
2164 4690 2426 4746 obnoxius
2456 4703 2535 4754 es,
2587 4702 2792 4757 proque
2831 4686 3081 4741 omnibus
3130 4689 3337 4751 tremis,
3383 4702 3548 4742 ansas

1946 4796 2075 4837 vero
2106 4782 2181 4835 illi
2212 4782 2519 4834 innumeras
2554 4778 2784 4848 prtebes,
2817 4777 2863 4831 si
2894 4778 3060 4831 iratus
3090 4787 3139 4832 te
3166 4777 3365 4833 laedere
3394 4779 3542 4843 velit;

1946 4888 2013 4926 an
2064 4872 2153 4927 hic
2189 4872 2278 4941 qui
2328 4872 2470 4923 illius
2518 4868 2764 4924 manibus
2807 4869 3052 4937 superior
3092 4869 3217 4923 est?
3250 4868 3361 4924 Hoc
3397 4870 3543 4923 enim

1947 4966 2179 5020 maxime
2199 4949 2368 5034 genus
2390 4962 2664 5016 hominum
2684 4977 2894 5016 summa
2917 4976 3039 5016 cum
3064 4962 3311 5017 libertate
3331 4961 3543 5031 regibus
3582 5028 3585 5035 γ

1946 5056 2234 5126 colloquuti
2266 5061 2407 5119 sunt,
2440 5043 2703 5123 quotquot
2728 5051 2978 5107 videlicet
3001 5067 3033 5105 a
3062 5051 3412 5107 srecularibus
3447 5065 3535 5129 ne

1947 5147 2105 5219 gotiis
2143 5160 2204 5201 se
2245 5150 2671 5215 sequestrarunt.
2716 5141 2814 5219 Cui
2857 5157 2987 5197 vero
3032 5140 3243 5197 facilius
3290 5142 3447 5199 cedet
3489 5148 3536 5201 et

1947 5216 2360 5306 obtemperabit,
2405 5235 2494 5303 qui
2522 5243 2604 5288 est
2633 5233 2686 5287 in
2714 5216 2981 5301 poteState
3011 5234 3355 5300 constitutus,
3386 5241 3441 5290 et
3487 5234 3538 5288 in

1947 5330 2092 5400 regia
2121 5326 2409 5383 versatur?
2438 5325 2601 5379 tibine
2648 5324 2739 5394 qui
2772 5324 2922 5379 dives
2965 5340 3045 5391 es,
3075 5338 3233 5392 quem
3261 5324 3351 5378 ille
3377 5338 3539 5393 pecu-

1948 5423 2157 5478 niarum
2187 5434 2347 5474 causa
2376 5418 2566 5472 crebro
2613 5415 2837 5485 plurima
2884 5415 3061 5470 facere
3107 5415 3443 5485 suspicatur;
3476 5430 3543 5471 an

1947 5512 1997 5567 ei
2022 5512 2112 5582 qui
2150 5490 2319 5565 unam,
2341 5507 2501 5562 habet
2523 5507 2827 5576 jussionum
2856 5520 3096 5571 causam,
3126 5520 3320 5575 nempe
3350 5505 3544 5561 humu-

1949 5604 2171 5659 nitatem
2200 5615 2326 5671 erga
2364 5598 2534 5653 alios?
2572 5596 2741 5665 Quem
2773 5596 3079 5660 honorabit,
3110 5612 3270 5666 quem
3313 5594 3547 5651 admira—

1949 5676 2137 5752 bitur?
2167 5708 2359 5748 eumne
2386 5691 2452 5747 de
2475 5706 2579 5760 quo
2607 5689 2739 5745 nihil
2765 5690 3033 5760 abjcctum
3060 5688 3321 5759 suspicari
3346 5696 3545 5757 potest,

1961 5805 2026 5843 an
2054 5766 2177 5865 eum
2204 5801 2363 5857 quem
2384 5787 2551 5841 servis
2576 5797 2786 5854 quoque
2815 5782 2924 5838 suis
2954 5780 3189 5837 viliorem
3225 5777 3558 5837 arbitratut-I.

3471 367 3579 437 sta
3670 406 3676 411 .
