4266 6314
671 315 807 391 ,³η
1196 386 1199 387 ,

697 431 847 485 Sicut
890 427 1034 483 enim
1074 424 1305 498 quoties
1330 422 1529 494 aliquid
1580 421 1819 495 pecunia:
1872 415 2286 491 impendéudnm

698 528 800 586 est,
837 518 943 575 illis
983 517 1157 587 [totius
1184 516 1577 585 obtemperant,
1625 513 1697 567 ita
1720 514 1887 568 etiam
1925 512 2139 581 quoties
2176 510 2291 579 jus-

700 610 867 666 terint
887 608 1046 664 alicui
1066 604 1409 679 patrocinari.

769 700 826 757 8.
843 700 944 765 Qui
965 681 1163 754 terrena
1183 696 1353 751 omnia
1370 695 1582 766 spernit,
1598 696 1819 763 lugentes
1835 692 2041 761 [acilius
2057 689 2289 743 consolo-

703 792 971 848 ιλιι-εἰη
986 800 1163 847 autem
1176 787 1565 851 volneris.nihil
1584 787 1672 841 ille
1686 801 1777 857 per
1788 786 1919 839 alios
1931 780 2288 854 perficiat,sed

704 897 802 954 per
834 882 1067 953 seipsum
1088 883 1301 945 omnia;
1322 891 1679 934 aerumnosum
1700 876 1927 946 aliquem
1960 884 2015 929 et
2042 873 2106 927 ad
2138 873 2287 926 illum

703 975 1028 1031 adducamus
1049 982 1101 1029 te
1120 972 1187 1028 ad
1206 979 1278 1037 te,
1303 972 1409 1026 imo
1432 970 1607 1041 potius
1627 984 1734 1024 non
1755 968 1819 1023 ad
1835 978 1909 1032 te,
1925 965 2017 1022 sed
2031 965 2095 1021 ad
2115 967 2286 1035 ipsum

709 1066 1090 1138 Imperatorem
1115 1083 1129 1119 :
1153 1073 1264 1119 tum
1280 1063 1557 1118 videamus
1581 1070 1700 1138 uter
1727 1060 1799 1114 illi
1821 1060 1989 1129 magis
2010 1056 2289 1128 providere

666 1230 667 1233 η
696 1137 1354 1227 possibl’rimusqueante
1369 1154 1502 1210 alios
1520 1137 1927 1221 adducatur,qui
1942 1150 2286 1205 acerbissima

696 1250 934 1306 omnium
954 1263 1239 1320 perpessus
1259 1248 1348 1303 sit.
1370 1246 1450 1302 Sit
1468 1245 1614 1301 verbi
1644 1244 1815 1315 gratia
1832 1242 2095 1313 quispiam
2120 1240 2286 1295 lilium

694 1344 899 1407 habens
937 1343 1188 1408 unicum,
1236 1355 1393 1410 quem
1419 1339 1486 1393 in
1526 1337 1641 1408 ipso
1680 1336 1852 1391 atatis
1890 1334 2023 1389 flore
2057 1333 2282 1386 amittat.

694 1434 863 1491 llunc
889 1449 1061 1503 neque
1095 1432 1375 1502 princeps,
1402 1442 1574 1498 neque
1600 1442 1715 1494 rex,
1753 1441 1925 1495 neque
1959 1424 2097 1480 alius
2142 1422 2284 1493 quis-

693 1526 833 1596 piam
862 1522 1127 1580 consolari
1166 1520 1379 1591 poterit,
1402 1520 1596 1575 nedum
1621 1526 1677 1573 tu
1704 1517 1869 1571 :nihil
1897 1514 2164 1571 enimtale
2186 1515 2284 1584 ipsi

691 1616 865 1680 dabis,
904 1614 1061 1685 quale
1108 1612 1306 1667 amisit.
1351 1613 1418 1665 At
1440 1610 1485 1665 si
1512 1609 1578 1663 ad
1603 1608 1769 1663 lilium
1799 1615 1948 1662 tuum
1974 1604 2281 1668 adduxeris,

693 1703 866 1779 primo
892 1709 1064 1779 ipsum
1096 1721 1160 1761 ex
1186 1714 1425 1775 aspectu,
1453 1718 1517 1758 ex
1547 1702 1748 1765 habitu,
1779 1715 1841 1755 ex
1873 1698 2146 1754 domicilio
2171 1704 2282 1751 sta-

684 1801 786 1856 tim
814 1800 1002 1870 eriget,
1033 1798 1239 1868 ipsique
1278 1791 1615 1865 persuadebit
1646 1806 1742 1861 pro
1766 1788 1935 1844 nihilo
1968 1788 2167 1843 habere
2194 1801 2283 1842 res

683 1890 983 1956 humanas,
1032 1899 1143 1944 tum
1188 1886 1431 1942 oratione
1474 1897 1687 1938 omnem
1728 1879 1977 1935 mceroris
2026 1876 2279 1933 nebulam

688 1986 846 2041 facile
883 1983 1105 2054 fugabit.
1137 1981 1248 2036 Tua
1274 1995 1403 2036 vero
1426 1994 1495 2034 ex
1527 1975 1691 2033 domo
1710 1973 1910 2029 luctum
1946 1970 2279 2028 acerbiorum

684 2076 798 2131 ille-
830 2073 1046 2132 referet.
1090 2071 1225 2128 Cum
1268 2071 1411 2127 enim
1464 2068 1661 2123 viderit
1705 2080 1821 2121 eam
1850 2063 2004 2118 malis
2032 2061 2281 2118 omnibus

688 2179 986 2238 expertem,
1001 2164 1165 2235 multa
1190 2163 1445 2219 felicitate
1476 2159 1748 2225 refertam,
1769 2154 1967 2212 herede
1990 2161 2277 2227 praesente.

691 2259 879 2329 majori
932 2258 1075 2311 luctu
1119 2254 1384 2310 testuabit.
1436 2251 1635 2307 Contra
1679 2264 1809 2305 vero
1864 2246 1988 2303 inde
2048 2245 2281 2317 quietior

688 2350 875 2406 evadet
900 2345 1356 2419 philosophiaque
1378 2342 1723 2413 propinquior
1743 2356 1755 2395 :
1776 2353 1898 2395 cum
1921 2337 2111 2393 viderit
2133 2336 2278 2392 enim

690 2443 855 2497 filium
884 2450 1035 2495 tuum
1074 2445 1246 2495 tantas
1292 2450 1422 2507 opes
1462 2434 1757 2503 despicere,
1810 2439 2009 2486 tantam
2053 2428 2275 2499 gloriam

688 2542 998 2598 tantumque
1023 2528 1385 2599 splendorem,
1413 2525 1588 2579 minus
1622 2522 1828 2578 dolebit
1851 2521 1919 2577 de
1946 2527 2119 2575 morte
2161 2518 2273 2574 filii.

688 2624 788 2691 Qui
819 2624 961 2677 enim
991 2618 1306 2676 discruciari
1353 2615 1572 2687 poterit,
1601 2612 1740 2685 quod
1764 2613 2027 2667 bonorum
2078 2608 2278 2664 herede

685 2726 886 2780 careat,
915 2728 1037 2769 cum
1083 2711 1273 2766 viderit
1310 2710 1472 2763 alium
1520 2708 1633 2761 luce
1673 2704 1850 2760 omnia
1895 2699 2278 2759 contemnere?

672 2807 917 2863 Facilius
943 2806 1069 2861 item
1089 2802 1433 2875 philosophia:
1454 2799 1614 2854 verba
1630 2797 1909 2853 facientem
1928 2794 2109 2849 audiet
2130 2808 2274 2858 eum,

672 2899 778 2967 ηιιί
816 2896 1076 2966 operibus
1122 2892 1357 2949 sermoni
1409 2890 1568 2945 (idem
1609 2886 1753 2943 facit.
1803 2885 1882 2941 Tu
1929 2900 2057 2940 vero
2094 2885 2137 2937 si
2193 2882 2276 2938 vel

686 2990 893 3049 hiscere
921 3000 1082 3041 ausus
1110 2984 1294 3049 fueris,
1323 2997 1444 3036 eum
1498 2994 1728 3036 maerore
1773 2976 1971 3047 ingenti
2017 2973 2273 3045 replebis,

677 3090 870 3149 utpote
892 3078 984 3148 qui
1008 3076 1194 3130 alienis
1217 3075 1268 3128 in
1296 3073 1448 3128 malis
1469 3068 1879 3142 pbi1030p’neris.
1905 3066 2098 3132 Atille,
2113 3064 2276 3121 rebus

676 3174 813 3242 ipsis
840 3187 960 3227 cum
997 3169 1269 3235 erudiens,
1301 3167 1449 3219 nullo
1494 3164 1707 3233 negotio
1747 3158 2109 3232 persuadebit,
2141 3156 2275 3212 nihil

674 3263 865 3329 aliud,
914 3276 1071 3331 quam
1122 3271 1368 3313 somnum
1422 3269 1541 3309 esse
1586 3261 1811 3307 mortem
1854 3268 1866 3301 :
1915 3262 2088 3319 neque
2131 3248 2274 3303 enim

678 3356 945 3426 plurimos
989 3349 1335 3407 enumerabit.
1374 3357 1553 3417 patres
1604 3343 1790 3399 eadem
1841 3354 2155 3415 perpessos,
2182 3338 2273 3393 sed

681 3448 916 3516 seipsum
944 3442 1195 3498 ostendet
1222 3437 1458 3510 quotidie
1489 3437 1540 3490 in
1572 3448 1798 3504 corpore
1827 3432 1895 3488 de
1939 3439 2111 3486 morte
2158 3444 2275 3483 tne-

683 3540 964 3601 dila'nlcm,
993 3544 1048 3590 et
1074 3534 1138 3587 ad
1170 3531 1355 3586 eadem
1386 3543 1597 3597 semper
1624 3534 1865 3595 paratum
1902 3540 1913 3576 :
1946 3534 2109 3593 atque
2150 3521 2275 3575 hinc

681 3626 1092 3686 resurrectionis
1120 3624 1415 3678 doctrinam
1446 3617 1857 3689 probabiliorem
1902 3616 2140 3671 efﬁciens
2162 3656 2174 3679 ,
2205 3615 2274 3667 ita

682 3724 749 3776 ab
774 3737 830 3775 se
856 3720 1109 3781 dimittet,
1139 3714 1366 3769 maxima
1398 3710 1645 3767 mceroris
1684 3717 1836 3779 parte
1882 3715 2227 3762 exoneratum
2257 3720 2275 3757 :

684 3815 956 3881 multoque
999 3808 1229 3876 amplius
1264 3803 1531 3857 valebunt
1572 3802 1687 3870 ejus
1734 3799 1898 3853 verba
1941 3797 2103 3852 rebus
2146 3797 2275 3865 ipsis

680 3913 909 3967 asserta,
938 3900 1003 3954 ad
1033 3896 1313 3953 levandum
1341 3893 1506 3947 animi
1533 3892 1969 3959 dolorem,quam
1999 3888 2273 3943 combibe-

682 4013 805 4053 num
834 4006 891 4053 et
939 3992 1311 4065 parasitorum.
1360 3986 1427 4041 Et
1466 3984 1611 4040 hunc
1649 3982 1865 4053 quidem
1907 3982 1977 4035 ita
2009 3980 2271 4034 sanabit'.

679 4094 987 4149 Adducatur
1036 4070 1213 4141 autem
1246 4082 1309 4137 ad
1350 4095 1474 4137 eum
1524 4086 1577 4133 et
1615 4078 1772 4141 alius,
1796 4075 1842 4129 si
1885 4075 2140 4139 volucris,
2183 4074 2275 4143 qui

675 4186 786 4256 jugi
817 4201 879 4239 ex
912 4182 1098 4237 morbo
1145 4178 1331 4233 oculos
1378 4170 1622 4229 amiserit
1650 4187 1663 4223 :
1699 4166 1827 4237 quid
1857 4166 1931 4219 illi
1980 4163 2272 4233 adjumeuti

678 4280 871 4334 afferre
901 4273 1134 4347 poteris?
1174 4272 1363 4325 Verum
1392 4268 1481 4322 ille
1509 4262 1801 4320 ostendens
1825 4274 1928 4311 non
1959 4273 2119 4327 grave
2140 4256 2274 4311 illud

678 4390 819 4434 csse,
849 4373 899 4425 in
930 4368 1197 4424 domicilio
1226 4378 1388 4434 parvo
1428 4359 1687 4419 inclusus,
1720 4363 1774 4408 et
1799 4352 1866 4407 ad
1910 4353 2067 4407 aliam
2099 4352 2273 4406 lucem

678 4480 996 4537 properans,
1045 4468 1500 4531 praesentemque,
1550 4454 1593 4507 si
1620 4452 1690 4505 illi
1734 4456 2109 4517 comparetur,
2167 4461 2271 4499 non

680 4560 854 4629 magni
886 4554 1137 4611 momenti
1165 4566 1285 4607 esse
1312 4549 1532 4612 ducens,
1563 4543 1771 4601 crudiet
1796 4556 1915 4597 eum
1942 4538 2007 4593 ad
2048 4538 2271 4593 calami.

674 4664 842 4707 tatem
872 4651 1077 4703 fortiter
1134 4644 1425 4700 ferendam.
1458 4642 1537 4695 An
1586 4649 1639 4693 tu
1689 4637 1943 4691 damnum
1988 4645 2270 4702 perpessos

681 4744 746 4799 ad
798 4736 1279 4813 philosophandum
1332 4732 1596 4787 induces?
1623 4729 1933 4784 Nullatenus
1969 4743 1979 4777 :
2012 4724 2137 4794 quin
2171 4739 2269 4791 po-

684 4839 787 4891 tius
818 4836 895 4890 eis
921 4834 1175 4889 molestus
1203 4829 1309 4882 eris
1344 4843 1355 4878 :
1391 4838 1616 4893 namque
1648 4821 1815 4875 tristia
1847 4828 2026 4873 nostra
2057 4819 2105 4870 in
2150 4833 2272 4885 pro-

682 4933 944 4985 ximorum
995 4922 1243 4978 secundis
1298 4919 1457 4973 rebus
1488 4914 1795 4985 diligentius
1841 4911 2271 4964 animadvertere

680 5022 938 5077 solemus.
989 5017 1133 5070 Tuus
1172 5022 1347 5065 autem
1396 5009 1533 5061 filius
1572 5005 1670 5059 hos
1707 5017 1918 5073 quoque
1949 5000 2155 5053 facilius
2185 5014 2269 5052 rc-

683 5113 907 5169 creabit.
955 5107 1155 5163 Omitto
1205 5118 1419 5171 precum
1465 5113 1660 5166 opem,
1710 5094 1866 5163 longe
1912 5092 1995 5145 his
2024 5092 2273 5146 omnibus

687 5208 964 5273 majorem,
1018 5197 1244 5265 ideoque
1290 5192 1501 5250 omitto,
1544 5185 1685 5259 quod
1734 5194 1906 5240 tecum
1960 5182 2089 5237 mihi
2132 5196 2271 5235 nunc

684 5310 865 5352 sermo
884 5294 980 5347 sit.
1013 5288 1163 5355 Quod
1196 5287 1238 5339 si
1268 5296 1317 5339 te
1351 5292 1568 5352 propter
1606 5278 1771 5333 lilium
1806 5276 2057 5329 honorari
2100 5275 2271 5342 cupis,

684 5403 783 5443 nec
812 5399 929 5439 esse
950 5378 1275 5447 contemptui
1301 5370 1619 5444 (verisimile
1643 5378 1723 5420 est
1748 5366 1888 5421 enim
1918 5376 1969 5419 te
1986 5365 2033 5418 id
2058 5363 2273 5419 deside-

686 5476 850 5543 rare),
885 5471 1065 5527 nescio
1096 5483 1200 5537 quo
1220 5474 1384 5537 pacto
1414 5462 1463 5516 id
1509 5458 1724 5514 uberius
1770 5456 2023 5525 consequi
2076 5455 2270 5525 possis,

685 5582 841 5637 quam
873 5579 991 5615 eum
1024 5560 1189 5612 lilium
1221 5557 1436 5613 habeas.
1470 5551 1561 5620 qui
1614 5557 1857 5601 naturam
1910 5547 2132 5601 excedat
2178 5548 2275 5601 htt-

685 5671 918 5718 manam,
950 5652 1143 5720 quique
1197 5651 1247 5701 in
1300 5655 1411 5698 toto
1460 5650 1721 5695 terrarum
1764 5639 1896 5693 orhc
1946 5639 2277 5697 clarissimus

748 5771 764 5803 ¹
800 5775 903 5817 Duo
924 5772 1052 5825 Nam,
1080 5761 1201 5809 hunc
1227 5755 1419 5822 quidem
1440 5749 1619 5816 patitor
1641 5744 1727 5800 ille
1756 5742 1991 5801 sanabit.

1413 309 1470 366 S.
1510 306 1788 366 JOANNIS
1828 303 2305 362 CIIRYSOSTOMI
2347 304 2668 363 ARClllEP.
2714 301 3249 362 CONSTANTINOP.

3890 308 3997 366 διε

2402 420 2693 486 habeatur,
2746 435 2811 476 ac
2855 434 2979 476 cum
3028 430 3175 476 tanto
3223 420 3508 492 Splendore
3554 423 3755 479 nttllum
3800 424 3995 482 habeat

2400 514 2693 568 inimicum.
2730 513 2860 568 Nam
2892 514 2978 567 illa
3003 524 3180 569 vestra
3221 514 3456 584 potentia
3503 516 3759 585 prmditus
3806 519 3992 574 multis

2398 604 2753 669 honorabilis,
2782 604 3025 674 plurimis
3051 606 3269 661 odiosus
3317 607 3505 663 fuisset
3536 627 3551 663 :
3584 618 3638 663 at
3670 609 3756 664 hic
3800 625 3995 666 omnes

2398 697 2487 766 qui
2517 697 2686 767 ipsum
2720 697 2989 753 honorant
3019 740 3033 763 ,
3064 698 3114 752 id
3139 714 3260 753 eum
3288 700 3556 770 voluptate
3596 700 3797 758 faciunt
3861 702 3994 758 Nam

2396 788 2442 841 si
2473 787 2713 842 nonnulli
2755 787 2951 843 inlimce
2980 787 3139 842 sortis
3159 830 3173 855 ,
3204 802 3271 843 ex
3303 789 3496 845 vilibus
3542 792 3646 845 orti
3695 792 3909 847 rusticis
3936 806 3995 848 et

2396 877 2675 946 operariis,
2706 876 2843 932 hanc
2877 877 3101 948 ingressi
3128 878 3549 949 philosophiam,
3595 882 3732 937 adeo
3780 884 3993 939 cunctis

2394 970 2732 1025 venerabiles
2763 969 2932 1034 fuere,
2965 980 3022 1025 ιιι
3049 986 3211 1026 nemo
3250 986 3456 1035 eorum,
3506 974 3595 1041 qui
3642 976 3868 1028 summis
3906 975 3991 1030 di-

2392 1061 2683 1131 gnitatibus
2716 1061 3003 1133 fulgebant,
3022 1062 3361 1119 erubesceret
3392 1064 3655 1133 proficisci
3686 1065 3751 1119 ad
3769 1066 3990 1121 illorum

2394 1154 2681 1223 tugurium,
2715 1168 2777 1208 ac
2822 1154 3073 1223 colloquii
3122 1169 3309 1210 eorum
3357 1164 3411 1210 et
3464 1171 3663 1210 mensa:
3708 1167 3991 1213 consortes

2388 1256 2540 1303 esse;
2590 1244 2719 1313 quin
2766 1244 2833 1297 ita
2883 1242 3057 1298 allecti
3103 1253 3279 1311 erant,
3327 1259 3389 1299 ac
3435 1246 3479 1299 si
3511 1246 3665 1301 bonis
3717 1248 3985 1312 maximis,

2389 1332 2532 1402 quod
2562 1348 2746 1388 verum
2774 1344 2909 1398 erat,
2939 1334 3089 1403 potiti
3131 1333 3356 1389 fuissent
3390 1351 3404 1390 :
3447 1336 3615 1390 multo
3643 1350 3774 1391 sane
3820 1339 3992 1407 magis

2393 1425 2442 1480 id
2476 1425 2693 1490 facient,
2725 1442 2847 1482 cum
2875 1427 3104 1483 viderint
3131 1428 3323 1483 illustri
3348 1443 3547 1497 genere
3573 1439 3771 1495 ortum,
3806 1429 3990 1499 Splen-

2391 1517 2528 1573 didis
2554 1517 2915 1584 facultatibus,
2947 1528 3216 1589 tanta-que
3248 1520 3357 1589 spei
3384 1518 3662 1588 juvenem,
3693 1536 3751 1575 se
3777 1522 3843 1576 ad
3865 1537 3987 1577 eam

2390 1609 2638 1665 virtutem
2666 1610 2975 1665 contulisse.
3006 1608 3186 1681 Itaque
3200 1610 3340 1680 quod
3366 1619 3419 1664 tu
3440 1611 3773 1681 potissimum
3796 1628 3988 1683 querc-

2389 1702 2481 1767 ris,
2506 1716 2572 1755 ex
2602 1701 2683 1755 his
2704 1717 2824 1756 eum
2847 1701 2912 1755 ad
2932 1701 3017 1755 illa
3048 1701 3322 1765 transisse,
3356 1702 3456 1756 hoc
3482 1713 3563 1757 est
3582 1704 3723 1773 quod
3754 1705 3989 1759 maxime

2390 1794 2537 1849 illum
2568 1794 2916 1864 spectabilem
2948 1793 3091 1858 facit,
3122 1808 3415 1864 omnesque
3440 1804 3495 1849 ut
3520 1794 3585 1849 ad
3616 1795 3762 1849 illum
3789 1796 3983 1851 oculos

2388 1896 2599 1942 vertant
2626 1885 2846 1953 inducit,
2880 1901 2983 1941 non
3015 1886 3167 1957 quasi
3198 1885 3263 1940 ad
3291 1885 3581 1954 hominem,
3614 1886 3709 1942 sed
3732 1888 3888 1957 quasi
3916 1889 3986 1942 ad

2385 1980 2655 2052 angelum.
2690 1979 2871 2050 Neque
2910 1979 3051 2035 enim
3084 1994 3203 2048 qure
3248 1979 3315 2034 de
3355 1979 3479 2033 aliis
3527 1980 3734 2049 epinari
3782 1980 3983 2045 solent,

2385 2072 2454 2129 de
2481 2072 2590 2127 filio
2622 2073 2714 2129 tu'o
2737 2071 3175 2141 suSpicabuntur,
3201 2070 3343 2141 quod
3382 2071 3589 2126 scilicet
3633 2071 3853 2127 honoris
3899 2074 3983 2128 vel

2385 2166 2729 2236 pecuniarum
2757 2164 3029 2234 cupidine,
3058 2162 3138 2217 vel
3169 2161 3390 2231 insignis
3416 2177 3485 2217 ex
3508 2161 3699 2218 humili
3734 2163 3847 2217 fieri
3881 2178 3981 2218 cu-

2384 2258 2556 2328 piens,
2590 2254 2727 2310 hanc
2753 2254 2973 2324 elegerit
2996 2255 3136 2309 viam
3167 2270 3182 2309 :
3209 2252 3325 2309 haec
3350 2254 3547 2324 quippe
3573 2253 3642 2310 de
3672 2254 3789 2310 aliis
3812 2254 3980 2320 dicta,

2383 2352 2482 2407 etsi
2528 2350 2660 2404 falsa
2693 2357 2747 2405 et
2792 2348 2971 2417 iniqua
3017 2346 3144 2411 sint,
3178 2346 3230 2401 in
3275 2355 3403 2401 nato
3451 2354 3541 2401 tuo
3582 2362 3652 2402 ne
3692 2348 3982 2418 suspicioni

2383 2443 2598 2515 quidem
2628 2444 2805 2497 locum
2831 2440 2963 2501 dare
2995 2446 3264 2511 poterunt.

2454 2534 2508 2590 9.
2551 2533 2827 2589 Christiani
2852 2540 2970 2586 tunc
2987 2519 3217 2585 maxime
3239 2531 3423 2601 ﬂorent
3452 2548 3567 2585 cum
3590 2543 3977 2603 oppugnantur.

2382 2655 2453 2666 -—
2480 2624 2627 2680 Neve
2668 2633 2823 2696 putes
2854 2622 2970 2677 llch
3006 2621 3129 2678 ideo
3167 2621 3480 2692 contingere
3502 2662 3518 2687 ,
3566 2623 3708 2693 quod
3738 2621 3977 2693 Impera-

2384 2726 2529 2772 tores
2576 2716 2718 2785 piam
2760 2714 3074 2784 religionem
3119 2712 3299 2768 colant
3328 2730 3341 2766 :
3370 2713 3580 2767 etiamsi
3608 2713 3751 2767 enim
3805 2714 3977 2784 impe-

2382 2808 2522 2863 rium
2549 2805 2783 2872 decidat,
2805 2814 2858 2859 et
2890 2805 3215 2873 imperantes
3236 2803 3289 2857 in
3311 2802 3679 2859 infidelitatem
3707 2804 3973 2867 labantur,

2383 2908 2509 2953 tunc
2537 2898 2646 2952 nati
2686 2898 2758 2953 tui
2786 2898 3011 2951 virtutes
3044 2895 3363 2951 illustriores
3393 2896 3642 2953 evadent.
3684 2897 3800 2953 Non
3830 2900 3974 2954 enim

2380 2991 2656 3062 gentilium
2697 3005 2849 3045 more
2885 3004 2973 3043 res
3022 2995 3221 3042 nostrae
3264 3003 3325 3042 se
3368 2986 3605 3055 habent,
3654 3006 3830 3061 neque
3868 2992 3977 3047 illa:

2383 3081 2758 3152 imperantium
2789 3080 2980 3150 placita
3022 3087 3360 3149 sequuntur;
3406 3094 3592 3135 verum
3636 3081 3851 3151 propria
3878 3098 3976 3137 stta

2381 3176 2576 3229 virtute
2604 3173 2903 3228 consistunt
2928 3214 2943 3239 ,
2972 3182 3204 3241 tuncque
3235 3171 3463 3227 maxime
3493 3172 3786 3242 splendent
3810 3214 3827 3240 ,
3850 3190 3974 3230 cum

2382 3267 2613 3321 maxime
2652 3273 3073 3336 Oppugnantur:
3114 3264 3379 3332 siquidem
3430 3265 3587 3320 miles
3629 3267 3791 3321 etiam
3832 3269 3977 3336 pacis

2383 3370 2624 3430 tempore
2649 3367 2921 3429 spectatus
2956 3366 3073 3421 est,
3103 3366 3156 3412 at
3185 3358 3340 3428 longe
3367 3360 3657 3430 spectatior
3683 3361 3968 3432 ingruente

2382 3450 2545 3505 bello.
2620 3449 2803 3519 itaque
2856 3448 3148 3517 gentilibus
3202 3448 3587 3519 imperantibus
3633 3451 3822 3520 majori
3871 3453 3978 3509 erit

2380 3541 2585 3597 honore
2614 3542 2811 3596 clarus.
2861 3541 2993 3595 Nam
3023 3542 3115 3610 qui
3145 3540 3310 3603 (ilium
3339 3549 3487 3595 tuttm
3528 3558 3670 3597 nunc
3690 3559 3973 3599 veneran-

2383 3642 2484 3694 tur.
2521 3633 2686 3688 multo
2724 3631 2955 3701 amplius
2987 3631 3036 3685 id
3078 3631 3274 3686 facient
3301 3647 3421 3687 cum
3454 3634 3786 3702 praeliantem
3816 3636 3968 3693 video

2380 3726 2504 3789 rint,
2534 3724 2722 3792 majori
2752 3730 2991 3777 utentem
3034 3722 3223 3776 fiducia
3242 3764 3256 3785 ,
3291 3722 3658 3795 plurimasque
3687 3742 3800 3781 rem
3830 3742 3973 3797 pra:-

2380 3817 2523 3870 clare
2549 3814 2765 3885 gerendi
2802 3816 3113 3871 occasiones
3137 3814 3446 3870 habentem.
3486 3815 3652 3872 Visne
3680 3817 3768 3871 illa
3789 3818 3975 3882 etiam,

2382 3924 2500 3979 quae
2523 3907 2587 3961 ad
2613 3918 2664 3961 tc
2692 3914 2957 3976 spectant,
2991 3905 3359 3977 expendamus
3382 3948 3397 3972 ,
3439 3921 3505 3960 an
3536 3923 3664 3963 vero
3695 3908 3745 3963 id
3776 3924 3971 3979 super-

2380 4000 2547 4055 ﬂuum
2588 3999 2871 4054 videatur?
2915 3998 2963 4051 ls
2992 3998 3132 4052 enim
3162 3998 3250 4068 qui
3297 3998 3508 4054 eazteris
3552 3999 3621 4053 ita
3662 4011 3978 4056 mansuetus

2379 4102 2435 4149 ct
2478 4094 2623 4147 mitis
2666 4100 2787 4155 est,
2837 4101 2894 4145 ut
2942 4092 3173 4159 querelae
3223 4106 3409 4143 ansam
3461 4076 3659 4146 nemini
3708 4095 3969 4162 praebeat,

2379 4184 2547 4239 multo
2577 4184 2745 4252 magis
2776 4189 2978 4251 patrem
3012 4196 3222 4235 summo
3264 4180 3482 4236 habebit
3512 4183 3563 4235 in
3594 4183 3818 4248 honore,
3850 4185 3973 4239 lon-

2378 4291 2549 4345 geque
2580 4275 2807 4343 amplius
2830 4274 3063 4337 fovebit,
3107 4288 3265 4341 quam
3311 4273 3354 4327 si
3405 4273 3456 4326 in
3502 4274 3743 4327 saeculari
3791 4274 3978 4331 fuisset

2380 4368 2712 4437 magistratu.
2765 4366 2894 4419 Nam
2940 4366 2982 4419 si
3032 4380 3279 4435 magnum
3322 4364 3601 4435 imperium
3632 4367 3973 4433 obtinuisset,

2381 4460 2643 4515 incertum
2667 4468 2749 4513 est
2781 4474 2846 4512 an
2877 4466 3080 4526 patrem
3122 4458 3446 4526 contemptui
3485 4457 3765 4514 habiturus
3788 4474 3924 4515 esset
3956 4481 3970 4517 :

2381 4566 2524 4607 nunc
2563 4566 2691 4606 vero
2739 4566 2855 4604 eam
2899 4550 3060 4619 elrgit
3109 4551 3270 4602 vitam
3297 4590 3311 4614 ,
3355 4565 3458 4618 qua
3488 4549 3819 4619 lmperatore
3859 4554 3977 4622 lpSn

2380 4644 2612 4706 clarior,
2658 4642 2896 4696 omnium
2927 4641 3259 4694 humillimus
3289 4656 3410 4710 erga
3443 4649 3493 4695 te
3524 4642 3647 4695 erit.
3690 4640 3972 4713 Siquidem

2381 4733 2683 4804 hujusmodi
2728 4732 2867 4802 apud
2902 4747 2999 4785 nos
3028 4732 3231 4786 obtinet
3271 4732 3627 4803 ριιῑιοςοιιὴὶει,
3661 4744 3820 4799 utea,
3853 4752 3975 4805 qua:

2381 4826 2651 4881 contraria
2682 4832 2941 4893 apparent
2967 4866 2980 4887 ,
3032 4839 3225 4892 nempe
3266 4825 3581 4879 modestiam
3611 4835 3664 4880 et
3693 4827 3975 4880 celsitudi-

2381 4934 2501 4973 nem
2531 4960 2544 4983 ,
2573 4918 2621 4970 in
2655 4932 2812 4969 unam
2841 4916 3073 4968 animam
3115 4925 3289 4983 Cogat.
3337 4917 3396 4969 Et
3422 4916 3637 4986 quidem
3667 4919 3717 4971 in
3750 4920 3973 4985 steculo,

2383 5019 2568 5079 utpote
2618 5009 2965 5078 pecuniarum
3010 5007 3269 5075 cupidus,
3323 5018 3468 5061 tuum
3518 5008 3697 5063 forsan
3737 5019 3979 5078 optasset

2382 5101 2583 5155 obitum
2611 5116 2626 5162 ;
2655 5114 2794 5153 nunc
2823 5109 3003 5152 autem
3038 5109 3093 5151 ut
3120 5114 3277 5166 quam
3306 5098 3616 5167 longissima
3650 5100 3742 5153 tibi
3778 5115 3977 5169 proro-

2380 5206 2535 5264 getur
2562 5193 2667 5245 vila
2699 5200 2969 5261 precatur,
3005 5199 3061 5244 ut
3088 5190 3280 5244 ex'hoc
3308 5191 3469 5245 etiam
3497 5194 3708 5246 coronis
3736 5194 3980 5248 clariori-

2383 5286 2483 5339 bus
2513 5284 2760 5339 donetur.
2795 5282 2909 5336 Non
2948 5283 3087 5335 enim
3118 5282 3309 5351 exigua
3353 5297 3559 5336 merces
3588 5283 3741 5337 nobis
3771 5300 3977 5353 propo-

2385 5379 2484 5431 sita
2515 5386 2631 5440 est,
2680 5376 2723 5428 si
2779 5384 3024 5443 parentes
3068 5374 3547 5435 ltonuravcrimns;
3598 5374 3690 5428 sed
3726 5374 3981 5440 jnhemur

2385 5484 2479 5523 eos
2519 5483 2617 5537 pro
2664 5466 2897 5521 dominis
2938 5466 3137 5519 nostris
3186 5472 3476 5530 reputare,
3523 5466 3693 5519 verbo
3721 5475 3773 5520 et
3810 5480 3980 5535 opere

2385 5558 2583 5622 colere,
2619 5565 2743 5612 dum
2768 5568 2942 5612 tamen
2972 5556 3022 5609 in
3052 5555 3196 5607 nullo
3232 5555 3400 5623 pietas
3429 5563 3480 5608 et
3510 5554 3698 5625 religio
3729 5556 3972 5610 hedatui.

2385 5651 2521 5721 Quid
2550 5651 2692 5705 enim
2721 5650 2825 5703 tale
2848 5690 2861 5711 ,
2902 5659 2958 5701 ut
2988 5648 3179 5701 dicitur
3201 5689 3213 5709 ,
3267 5646 3395 5713 ipsis
3425 5645 3615 5701 reddes
3636 5688 3651 5707 ,
3696 5648 3849 5715 quale
3876 5646 3979 5715 ipsi

2390 5740 2525 5798 tibi?
2550 5740 2844 5797 Considera
2888 5739 3043 5810 igitur
3069 5780 3081 5803 ,
3128 5753 3249 5793 eum
3292 5736 3381 5809 qui
3412 5737 3462 5791 in
3488 5737 3697 5791 caeteris
3723 5736 3984 5791 omnibus
