4266 6314
369 371 473 427 Ξἱὸ

370 484 574 539 virtutis
615 485 820 555 apicem
867 483 1138 552 attigerit,
1182 488 1376 551 quanta
1415 494 1535 534 cum
1579 477 1846 548 diligentia
1878 487 1932 531 et

369 576 708 630 aecuratione
767 590 862 643 par
913 575 982 628 sit
1034 573 1136 628 hoc
1187 571 1418 626 officium
1467 570 1746 625 exhibere.
1807 567 1939 622 Nam

369 666 468 718 itsi
515 664 840 718 moriendum
867 664 936 717 sit
980 677 1078 733 pro
1114 662 1287 732 rapite
1327 669 1450 726 tuo,
1501 675 1606 714 non
1649 658 1933 721 recusabit,

368 756 566 823 quippe
603 753 690 824 qui
727 769 830 808 non
877 754 1100 807 naturali
1123 752 1283 807 modo
1312 751 1428 821 lege
1455 758 1506 805 te
1533 749 1660 805 colit
1684 757 1738 803 et
1765 749 1940 802 bono-

373 855 496 908 rat,
539 845 633 899 sed
670 861 778 913 pra:
805 845 1053 900 omnibus
1099 852 1314 914 propter
1355 843 1552 906 Deum,
1598 843 1750 909 cujus
1774 840 1942 909 gratia

385 933 581 990 cu'ncta
603 935 759 990 simul
787 925 1046 1003 despexit.
1072 933 1208 1009 Cum
1230 933 1389 1002 igitur
1417 933 1505 986 ille
1526 945 1666 985 nunc
1688 929 1945 984 illustrior

372 1027 481 1090 sit,
523 1025 854 1095 opulentior,
900 1025 1163 1094 potentior
1189 1033 1245 1078 et
1285 1023 1569 1085 liberalior,
1612 1031 1814 1076 etcum
1845 1021 1945 1075 hac

374 1126 518 1170 tanta
543 1117 705 1170 animi
736 1115 1096 1187 magnitudine
1124 1116 1294 1184 magis
1321 1129 1508 1168 servus
1541 1123 1660 1168 tnus
1690 1113 1759 1167 sit
1785 1126 1942 1180 quam

373 1218 554 1273 antea,
583 1222 700 1274 cur,
732 1222 935 1277 quaeso,
968 1199 1271 1276 ingemiscis
1291 1200 1400 1260 ’ἔθη
1427 1206 1549 1274 quia
1577 1203 1812 1274 quotidie
1838 1218 1946 1257 non

376 1300 572 1353 metuis
595 1341 609 1363 ,
642 1313 708 1352 ne
738 1298 790 1352 in
831 1298 968 1352 bello
1004 1297 1198 1363 cadat,
1242 1312 1308 1351 ne
1351 1297 1688 1366 Imperatoris
1713 1296 1945 1349 animum

374 1388 610 1444 oﬂendat
633 1430 648 1454 ,
681 1403 748 1444 ne
775 1389 827 1441 in
854 1388 1275 1443 commilitonum
1304 1387 1555 1440 invidiam
1588 1385 1825 1440 incidat?
1849 1401 1942 1439 an-

376 1494 487 1533 non
511 1487 565 1533 et
590 1479 704 1533 hate
727 1486 780 1533 et
804 1478 883 1531 his
903 1479 1061 1533 etiaun
1081 1462 1227 1547 plura
1256 1476 1546 1530 illustribus
1568 1475 1690 1528 filiis
1710 1483 1950 1530 metuunt

378 1570 585 1638 patres?
624 1567 1079 1636 Quemadmodum
1109 1567 1250 1622 enim
1280 1567 1368 1636 qui
1400 1581 1621 1635 puerum
1650 1567 1701 1619 in
1729 1566 1946 1620 sublimi

375 1659 492 1712 loco
521 1658 829 1730 statuerint,
878 1666 1112 1711 metuere
1137 1664 1397 1724 coguntur
1424 1663 1490 1708 ne’
1517 1655 1748 1717 decidat,
1793 1654 1864 1707 ita
1897 1663 1952 1708 et

376 1750 411 1804 ii
439 1751 528 1818 qui
557 1748 693 1807 filios
721 1748 786 1802 ad
829 1747 1088 1817 insignem
1131 1746 1438 1816 dignita'em
1484 1747 1806 1818 provehunt.
1846 1746 1950 1801 Sed

374 1839 658 1912 quamdam
697 1840 854 1893 habet
883 1839 1208 1910 voluptatem
1240 1838 1445 1891 balteus
1467 1878 1480 1902 ,
1511 1848 1566 1892 et
1600 1839 1872 1908 chlamys,
1899 1845 1956 1891 et

375 1933 638 2002 praeconis
669 1947 786 1986 vox.
818 1931 884 1985 Et
913 1930 1025 1984 ha:c
1053 1940 1180 2000 quot
1202 1929 1409 1983 dierum
1437 1930 1632 1998 spatio,
1658 1929 1744 1983 die
1776 1928 1902 1982 mihi
1927 1930 1970 1983 l-

375 2039 443 2076 an
490 2023 699 2092 triginta
721 2063 736 2084 ,
786 2029 878 2074 aut
921 2030 1134 2075 centum
1160 2061 1178 2083 ,
1217 2029 1307 2073 aut
1335 2020 1417 2074 bis
1447 2020 1709 2074 totidem?
1752 2019 1954 2090 Ecquid

379 2115 599 2183 postea?
655 2127 834 2167 nonne
884 2112 1034 2183 quasi
1083 2110 1392 2175 somnium,
1441 2126 1616 2166 nonne
1659 2119 1719 2164 ut
1755 2109 1952 2174 fabula,

378 2219 557 2258 nonne
578 2212 637 2256 ut
660 2203 847 2256 umbra
867 2239 884 2267 ,
915 2201 999 2255 illa
1025 2201 1208 2254 omnia
1235 2201 1594 2254 transierunt?
1619 2203 1688 2254 At
1714 2215 1851 2254 nunc
1878 2200 1953 2253 illi

377 2309 542 2364 usque
573 2293 624 2347 in
655 2292 817 2347 finem
848 2293 1019 2346 honor
1046 2292 1146 2345 iste
1176 2301 1468 2360 permanet,
1501 2292 1608 2344 imo
1637 2292 1802 2360 magis
1835 2299 1957 2360 post

377 2392 604 2440 mortem
631 2423 646 2447 ,
689 2391 744 2437 et
789 2381 1003 2452 quidem
1049 2383 1216 2436 multo
1255 2391 1378 2435 tunc
1403 2382 1724 2436 cumulatius
1750 2391 1768 2435 ‘:
1797 2392 1955 2450 atque

378 2475 480 2528 hoc
531 2472 816 2542 imperium
862 2473 1046 2526 nullus
1084 2487 1333 2541 umquam
1371 2473 1468 2541 ipsi
1499 2472 1731 2535 auferet,
1763 2473 1956 2542 quippe

376 2579 496 2617 cum
539 2579 644 2617 non
686 2563 754 2617 ab
785 2563 999 2617 homine
1038 2561 1088 2616 id
1118 2562 1204 2616 ille
1233 2563 1536 2630 acceperit,
1569 2562 1662 2616 sed
1701 2578 1731 2616 a
1763 2564 1955 2617 virtute

377 2655 511 2725 ipsa.
541 2653 646 2708 Sed
669 2654 928 2708 voluisses
957 2669 1078 2707 eum
1107 2654 1338 2722 pretiosa
1383 2654 1630 2708 amictum
1681 2661 1826 2708 veste
1846 2696 1860 2720 ,
1902 2662 1962 2708 et

375 2755 753 2814 equo-vectum
799 2743 1019 2808 videre,
1062 2742 1378 2805 famulorum
1428 2745 1679 2813 stipatum
1713 2745 1950 2798 multitu-

376 2833 520 2898 dine,
549 2833 810 2903 parasitos
825 2833 1231 2902 adulatoresque
1258 2833 1507 2888 alentem.
1539 2833 1644 2886 Cur
1670 2835 1739 2887 ita
1760 2835 1956 2889 velles?

376 2941 505 2980 num
536 2936 601 2980 ut.
621 2926 694 2978 illi
724 2925 1047 2993 voluptatem
1090 2940 1155 2978 ex
1197 2925 1280 2976 his
1307 2925 1552 2976 omnibus
1593 2925 1847 2992 pareres?
1898 2924 1954 2979 Si

379 3020 553 3087 itaque
581 3017 728 3070 illum
750 3016 1014 3070 dicentem
1042 3015 1228 3069 audias
1259 3015 1428 3085 (forte
1458 3016 1652 3084 quippe
1677 3015 1828 3068 nobis
1851 3031 1954 3070 non

376 3107 615 3175 credes),
640 3115 786 3159 tanto
813 3121 871 3159 se
895 3107 1053 3158 vitam
1087 3106 1247 3157 istam
1267 3120 1349 3170 ea,
1383 3120 1538 3174 quam
1566 3105 1762 3176 degunt
1791 3106 1877 3174 qui
1904 3106 1954 3159 in

377 3200 584 3254 deliciis
613 3200 837 3264 vivunt,
877 3198 1073 3266 quique
1104 3197 1491 3258 meretricibus,
1530 3213 1630 3250 mu.
1651 3197 1767 3261 ium,
1800 3213 1956 3266 para-

378 3293 527 3356 sitis,
567 3290 929 3345 adulatoribus
954 3329 968 3354 ,
1020 3299 1075 3343 et
1115 3290 1354 3343 lascivias
1392 3305 1450 3344 se
1478 3289 1716 3355 dedunt,
1761 3292 1956 3358 jucun-

377 3383 581 3435 d—iot'em
609 3381 915 3434 existimare
940 3422 954 3445 ,
995 3390 1051 3434 ut
1090 3380 1238 3433 malit
1268 3380 1462 3434 millies
1501 3381 1670 3444 mori,
1720 3397 1878 3450 quam
1907 3382 1971 3437 ei-

378 3474 750 3541 obtemperare
776 3514 789 3535 ,
841 3473 928 3541 qui
965 3472 1174 3542 julieret
1215 3471 1314 3525 bac
1343 3469 1558 3524 dimissa
1598 3473 1868 3541 voluptate
1891 3473 1958 3527 ad

379 3565 521 3618 illam
556 3579 614 3618 se
644 3561 889 3617 conferre
910 3603 924 3625 ,
954 3562 1078 3630 quid
1115 3561 1180 3614 ad
1208 3561 1323 3614 lucc
1351 3561 1541 3616 dices?
1581 3561 1716 3615 Num
1746 3563 1958 3633 ignoras

379 3665 630 3724 quantam
659 3655 980 3722 voluptatem
1007 3655 1175 3722 pariat
1209 3653 1313 3705 vita
1344 3653 1569 3722 negotiis
1601 3655 1798 3707 vacua?
1844 3655 1957 3708 for-

383 3757 522 3800 tasse
565 3761 664 3799 nec
694 3746 833 3798 ullus
873 3744 924 3798 id
963 3744 1236 3798 hominum
1272 3743 1454 3806 novit,
1501 3744 1696 3812 quippe
1723 3745 1811 3813 qui
1838 3759 1955 3799 eam
1989 3797 1991 3802 .

382 3837 542 3891 vitam
575 3851 859 3906 numquam
887 3851 1016 3903 pure
1037 3845 1184 3904 gusta
1196 3835 1349 3889 verit.
1369 3833 1500 3888 Cum
1521 3845 1696 3889 autem
1724 3845 1777 3888 ct
1795 3836 1956 3890 clari-

384 3939 463 3984 tas
487 3928 664 3994 adsit,
706 3940 758 3981 et
807 3927 922 3980 hzec
969 3941 1088 3996 quae
1119 3926 1203 3979 vix
1233 3926 1391 3980 simul
1441 3926 1665 3980 inveniri
1713 3937 1954 3995 possunt,

381 4019 638 4096 securitas
671 4026 724 4071 et
761 4017 967 4087 gloria,
1009 4017 1135 4087 quid
1184 4017 1282 4070 hac
1321 4017 1423 4069 vita
1472 4016 1822 4085 praestabilius
1847 4018 1958 4071 sit?

385 4109 578 4163 Verum
599 4150 613 4173 ,
644 4108 881 4178 inquies,
915 4105 1040 4176 quid
1070 4102 1262 4160 tulisse
1283 4105 1408 4160 mihi
1439 4105 1696 4160 edisseris
1721 4121 1748 4158 a
1778 4106 1957 4176 philo-

383 4196 567 4267 sophia
612 4196 1010 4252 remotiSsimo?
1055 4195 1160 4251 Cur
1188 4210 1316 4266 ergo
1345 4203 1525 4250 natum
1550 4211 1764 4266 quoque
1807 4205 1955 4251 tuum

382 4291 449 4344 ad
477 4306 592 4344 cam
636 4289 893 4344 accedere
922 4305 1028 4342 non
1058 4288 1232 4342 sinis?
1270 4287 1409 4343 satis
1449 4290 1517 4344 sit
1555 4289 1656 4342 isto
1687 4298 1738 4343 te
1761 4288 1957 4345 damno

381 4387 625 4442 affeetmn
654 4401 793 4441 esse.
845 4388 1036 4440 Annon
1075 4400 1342 4439 summum
1382 4400 1503 4440 esse
1530 4383 1779 4437 damnum
1811 4381 1923 4435 arbi

384 4477 571 4542 traris,
617 4476 932 4546 quandoad
975 4485 1269 4530 extremam
1317 4483 1650 4530 senectutem
1697 4471 1952 4543 provecti,

384 4570 502 4638 quia
532 4570 583 4623 in
628 4569 874 4638 primaeva
925 4578 1083 4622 aetate
1122 4567 1250 4621 nihil
1295 4567 1420 4622 boni
1459 4565 1637 4636 adepti
1663 4566 1790 4619 estis
1813 4605 1828 4630 ,
1863 4577 1958 4617 vos

383 4671 649 4715 senectam
689 4658 913 4713 moleste
965 4655 1152 4711 fertis?
1194 4658 1264 4710 At
1302 4656 1421 4710 ideo
1450 4655 1674 4709 moleste
1715 4653 1953 4718 ferimus,

387 4750 612 4821 inquies,
639 4748 781 4819 quod
803 4763 990 4819 magna
1018 4747 1170 4802 nobis
1190 4746 1469 4801 commoda
1484 4747 1738 4817 juventus
1757 4744 1953 4800 tulerit.

382 4843 513 4911 Qua:
539 4839 772 4909 magna?
815 4839 1036 4896 ostende
1062 4854 1243 4893 senem
1264 4880 1279 4902 ,
1329 4839 1416 4908 qui
1445 4853 1634 4908 magna
1661 4837 1774 4890 b:rc
1805 4851 1955 4890 com-

385 4931 538 4986 inoda
570 4930 780 4985 habeat.
811 4929 865 4985 Si
897 4931 1039 4984 enim
1069 4929 1159 4983 illa
1201 4928 1507 4994 habuisset,
1539 4927 1803 4982 eteadem
1830 4941 1955 4996 per-

383 5033 721 5080 severassent
744 5063 760 5087 ,
807 5036 910 5076 non
948 5021 1130 5090 utique
1169 5028 1228 5074 ut
1257 5020 1341 5074 his
1363 5020 1580 5075 orbatus
1609 5017 1856 5072 omnibus
1886 5019 1955 5070 ita

379 5119 800 5178 lamentaretur;
841 5113 923 5166 sin
950 5127 1078 5166 vero
1103 5112 1193 5165 illa
1214 5111 1578 5175 avolaverunt,
1605 5121 1660 5164 et
1687 5123 1963 5164 emarcue~

374 5211 533 5268 runt,
578 5188 844 5271 quomodo
871 5218 1058 5271 magna
1084 5244 1096 5261 ,
1125 5217 1243 5272 qua:
1270 5203 1342 5256 ita
1376 5201 1482 5255 cito
1505 5201 1764 5256 exstincta
1790 5206 1913 5252 sunt
1931 5198 1960 5250 ἲ

380 5293 544 5364 Atqui
572 5308 676 5354 non
708 5292 809 5346 hoc
835 5292 972 5345 filius
1013 5300 1133 5345 tuus
1171 5291 1402 5360 patietur
1426 5331 1442 5356 ,
1479 5289 1572 5344 sed
1600 5291 1643 5342 si
1669 5289 1733 5342 ad
1759 5289 1959 5356 longae-

383 5401 500 5438 vam
533 5398 739 5454 quoque
765 5382 1427 5452 senectutem-pervenerit
1448 5423 1460 5447 ,
1495 5397 1598 5434 non
1627 5381 1774 5433 illum
1803 5379 1964 5441 vide-.

385 5476 464 5529 bis
501 5476 614 5528 lucc
652 5473 833 5542 iniquo
868 5471 1046 5525 animo
1072 5471 1324 5536 ferentem
1351 5512 1366 5534 ,
1398 5477 1456 5524 ut
1491 5484 1585 5523 vos
1620 5467 1825 5532 facitis;
1861 5466 1954 5522 sed

385 5564 704 5633 gaudentem
731 5601 745 5624 .
791 5562 1107 5630 gestientem
1150 5571 1203 5613 et
1236 5560 1590 5614 exsultantem
1619 5576 1631 5610 :
1665 5569 1788 5622 tunc
1812 5558 1955 5612 enim

389 5652 526 5708 bona
570 5651 702 5721 ejus
733 5651 900 5720 magis
943 5650 1134 5704 florent
1173 5657 1227 5702 et
1271 5649 1468 5717 vigent.
1528 5646 1731 5701 Vestra:
1776 5652 1952 5700 autem

389 5742 619 5812 divitiae,
673 5741 878 5797 etiamsi
930 5739 1068 5794 bona
1114 5737 1343 5794 habeant
1385 5735 1684 5806 innumera,
1710 5736 1761 5791 in
1783 5735 1954 5805 primo

1091 364 1448 422 ADVERSUS
1484 363 2022 421 OPPUGNATORES
2067 333 2246 418 Vibii
2284 364 2574 451 MONAST.
2617 367 2744 421 LIB.
2785 367 2848 421 ll.

3509 372 3613 428 διδ

2045 477 2218 532 :etatis
2263 477 2392 531 llore
2429 477 2517 530 illa
2559 477 2888 532 concludunt
2923 496 2936 530 :
2976 494 3080 532 non
3119 479 3244 534 item
3277 479 3358 535 ha:
3389 481 3608 548 divitiae,

2043 567 2137 622 sed
2176 568 2226 622 in
2256 577 2532 622 senectute
2565 579 2802 636 manent,
2833 570 3255 642 exeedentesque
3276 587 3308 627 e
3328 573 3432 627 vita
3459 589 3610 628 eom-

2043 658 2240 711 itantur
2278 661 2316 711 ⁸.
2353 658 2555 713 Idcirco
2579 674 2674 713 vos
2693 673 2814 714 cum
2834 673 2964 730 opes
2996 662 3049 716 in
3069 671 3342 717 senectute
3369 677 3614 718 crescen-

2047 760 2127 803 tes
2152 750 2341 804 videtis
2358 790 2375 816 ,
2405 743 2754 820 pluri‘mazque
2771 751 2923 806 vobis
2943 760 2996 806 et
3017 751 3201 822 gloria:
3228 761 3282 808 et
3303 753 3613 809 deliciarum

2044 841 2353 895 occasiones
2381 850 2705 910 suppetunt,
2738 843 2951 913 indigne
2981 843 3149 908 fertis,
3181 844 3324 913 quod
3350 856 3478 900 tetas
3508 862 3614 900 nan

2045 929 2304 995 atifliciat,
2343 940 2402 986 ut
2433 932 2510 985 eis
2545 931 2648 987 frui
2685 933 2925 988 valeatis.
2979 932 3104 988 Ideo
3131 943 3355 988 mortem
3393 934 3614 1003 perhor-

2046 1021 2252 1076 rescitis
2273 1064 2286 1087 ,
2325 1037 2526 1090 vosque
2557 1031 2682 1078 tunc
2705 1025 2935 1078 maxime
2962 1025 3371 1082 miserabiliores
3392 1041 3512 1081 esse
3530 1027 3614 1080 di-

2047 1110 2186 1176 citis,
2205 1125 2323 1164 eum
2344 1111 2396 1165 in
2419 1127 2478 1166 re
2499 1126 2751 1182 prospera
2770 1114 2918 1168 estis.
2937 1112 3132 1168 Contra
3150 1115 3237 1169 ille
3260 1125 3368 1168 tum
3388 1115 3616 1170 maxime

2048 1203 2257 1272 quietus
2301 1205 2435 1269 erit,
2483 1219 2602 1260 cum
2644 1206 2926 1269 senuerit,
2971 1207 3164 1275 quippe
3193 1208 3280 1275 qui
3309 1207 3372 1260 ad
3405 1217 3614 1276 portum

2051 1304 2322 1363 preperet,
2351 1310 2416 1350 ae
2435 1296 2771 1364 juventutem
2798 1311 3010 1366 semper
3035 1298 3296 1366 vigentem
3325 1297 3536 1362 habeat,
3564 1309 3621 1353 et

2052 1382 2117 1436 ad
2164 1392 2489 1438 senectutem
2527 1400 2813 1454 numquam
2849 1395 3051 1455 vergat.
3099 1386 3177 1440 Tu
3209 1402 3336 1440 vero
3365 1387 3524 1440 lilium
3557 1388 3621 1440 iis

2052 1474 2253 1529 deliciis
2297 1476 2396 1529 frui
2437 1477 2736 1543 voluisses,
2783 1493 3004 1546 quarum
3050 1477 3196 1531 illum
3227 1478 3414 1532 millies
3454 1479 3623 1546 pando

2053 1565 2241 1618 tuisset
2263 1605 2277 1629 ,
2312 1580 2374 1620 ae
2399 1565 2465 1621 de
2493 1566 2682 1634 quibus
2713 1568 2765 1621 in
2791 1576 3064 1622 senectute
3105 1567 3380 1621 doluisset.
3429 1568 3621 1622 Verum

2053 1653 2218 1719 absit,
2268 1663 2325 1708 ut
2368 1656 2563 1709 inimici
2591 1671 2801 1726 quoque
2829 1657 2995 1710 nostri
3024 1657 3107 1710 his
3139 1657 3343 1712 deliciis
3382 1657 3624 1723 fruantur

2053 1761 2320 1815 umquam.
2364 1746 2566 1817 Ecquid
2604 1756 2932 1801 senectutem
2970 1747 3252 1802 memoro?
3297 1747 3626 1816 quandoqui-

2053 1834 2174 1890 dem
2205 1835 2294 1891 die
2331 1850 2435 1890 uno
2471 1837 2713 1907 voluptas
2754 1838 2840 1890 illa
2870 1837 3045 1891 omnis
3079 1837 3466 1905 exstinguitur,
3517 1837 3626 1891 imo

2056 1940 2160 1980 non
2186 1926 2272 1981 die
2299 1942 2404 1982 uno
2429 1966 2443 1992 ,
2485 1942 2592 1982 non
2621 1942 2724 1981 una
2761 1927 2914 1994 hora,
2942 1926 3037 1982 sed
3083 1927 3132 1980 in
3160 1927 3473 1982 brevissimo
3495 1939 3626 1983 tem-

2053 2018 2539 2086 porismomento.
2614 2017 2752 2087 Quid
2802 2018 2944 2072 enim
2991 2026 3073 2075 est
3119 2017 3397 2086 voluptas?
3449 2033 3626 2074 nonne

2057 2109 2225 2163 ventri
2265 2124 2323 2164 se
2365 2108 2561 2165 dedere
2585 2152 2599 2176 ,
2644 2108 2956 2180 sybariticas
3001 2123 3211 2162 mensas
3243 2124 3428 2177 parare
3451 2149 3468 2173 ,
3504 2126 3625 2163 cum

2055 2199 2311 2271 speciosis
2333 2200 2646 2255 mulieribus
2674 2198 2922 2270 congredi
2970 2211 3254 2268 porcorum
3285 2197 3449 2254 instar
3486 2215 3545 2254 se
3575 2201 3627 2254 iu

2055 2304 2212 2344 emno
2238 2290 2632 2358 volutantium?

2130 2379 2214 2434 10.
2264 2378 2545 2449 Voluptatis
2571 2380 2799 2436 brevitas.
2827 2410 2900 2422 ——
2922 2379 3025 2434 Sed
3065 2379 3131 2434 de
3162 2380 3242 2434 his
3272 2381 3504 2435 nondum
3545 2381 3636 2434 lo--

2058 2485 2282 2539 quamur
2313 2488 2326 2524 :
2358 2471 2568 2525 interim
2598 2472 2724 2541 quid
2764 2473 2833 2527 sit
2858 2473 3098 2542 voluptas
3127 2471 3500 2540 disquiramus,
3531 2488 3632 2526 ano

2059 2575 2162 2613 non
2195 2561 2349 2628 plane
2380 2559 2566 2630 frigida
2600 2570 2655 2616 et
2679 2561 2796 2617 vilis
2823 2563 3112 2633 sitzatqne
3149 2561 3314 2625 illam,
3355 2562 3397 2615 si
3436 2561 3648 2630 placet,

2058 2649 2286 2716 primum
2315 2650 2336 2680 ²
2365 2650 2726 2720 inspiciamus,
2745 2667 2861 2721 quae
2883 2649 3167 2722 jucundior
3197 2650 3422 2714 videtur,
3441 2666 3633 2717 nempe

2056 2738 2253 2805 gulam.
2287 2739 2400 2803 Dic,
2425 2755 2623 2809 quaeso,
2653 2741 2793 2797 illius
2815 2749 3041 2813 tempus,
3064 2749 3332 2811 quotaque
3355 2739 3454 2793 diei
3481 2750 3633 2810 parte

2060 2846 2155 2884 nos
2185 2830 2268 2882 illa
2295 2844 2558 2901 occupare
2589 2833 2756 2901 possit
2785 2849 2801 2895 ;
2833 2840 2978 2886 tanta
3002 2842 3172 2902 certe,
3204 2853 3261 2893 ut
3297 2840 3381 2894 vix
3413 2831 3640 2911 perspici

2060 2919 2246 2986 possit.
2278 2918 2424 2996 Nam]
2449 2920 2605 2973 simul
2635 2935 2698 2974 ac
2722 2921 2949 2991 quisque
2984 2922 3236 2995 impletus
3272 2928 3452 2991 fuerit,
3488 2930 3640 2986 volu-

2060 3015 2257 3074 ptatem
2300 3008 2554 3061 exstinxit
2583 3026 2596 3060 :
2624 3018 2679 3062 et
2721 3017 2846 3064 ante
2891 3010 3192 3070 satietatem
3237 3015 3438 3072 ﬂuento
3480 3019 3640 3075 citius

2061 3095 2268 3161 transit,
2323 3096 2393 3150 in
2423 3098 2657 3166 ipsisque
2699 3097 2940 3153 faucibus
2979 3100 3184 3170 deficit,
3231 3091 3330 3162 nec
3376 3123 3478 3162 una
3518 3116 3640 3164 cum

2059 3185 2190 3240 cibis
2219 3195 2394 3254 potest
2421 3186 2625 3256 ingredi
2656 3204 2671 3241 :
2701 3189 2880 3243 statim
2901 3190 3047 3248 enim
3073 3202 3233 3264 atque
3263 3196 3493 3266 linguam
3516 3214 3641 3267 per-

2063 3278 2328 3343 transivit,
2361 3279 2467 3332 vim
2499 3281 2659 3334 etiam
2696 3282 2889 3336 amisit.
2925 3281 3122 3354 Taceo,
3170 3269 3371 3358 reliqua
3401 3291 3558 3357 mala,
3587 3303 3643 3347 et

2030 3377 2256 3437 quanta
2300 3384 2367 3422 ex
2416 3369 2517 3423 ista
2569 3371 2840 3440 voluptate
2880 3372 3129 3442 gignatur
3174 3373 3478 3448 tempestas.
3523 3380 3646 3437 Non

2062 3457 2238 3518 modo~
2259 3458 2404 3514 enim
2427 3459 2710 3527 jucundior
2737 3459 2825 3530 qui
2853 3461 2923 3516 ab
2951 3463 3041 3519 illa
3078 3465 3331 3534 abstinet,
3361 3469 3456 3524 sed
3479 3471 3640 3525 etiam

2063 3549 2248 3612 levior,
2297 3550 2606 3620 faciliusque
2642 3552 2937 3620 recumbet,
2977 3569 3134 3624 quam
3181 3557 3226 3612 is
3268 3559 3357 3627 qui
3396 3559 3642 3629 satietate

2061 3639 2403 3695 distenditur.
2436 3641 2660 3696 Somnus
2686 3643 2851 3709 enim,
2880 3642 3068 3714 inquit,
3100 3647 3330 3702 sanitatis
3367 3650 3421 3702 in
3458 3651 3642 3704 viscere

2062 3732 2318 3785 moderato
2342 3731 2530 3802 (Eccli.
2564 3734 2653 3789 3!.
2693 3731 2807 3804 24).
2835 3733 2976 3799 Quid
3016 3750 3372 3794 memoremus
3401 3741 3636 3807 morbos,

2062 3837 2305 3889 nauseas,
2329 3824 2677 3892 calamitates,
2700 3825 2992 3895 inanesque
3013 3829 3292 3897 sumptus!
3317 3845 3434 3901 qua:
3459 3831 3641 3890 exitia

2060 3913 2319 3968 conviviis
2357 3914 2511 3980 lites,
2544 3930 2666 3984 quas
2709 3914 2942 3980 insidia',
2975 3930 3092 3986 qua:
3120 3918 3313 3973 damna
3339 3919 3640 3989 pullulant?

2063 4005 2257 4060 Verum
2293 4019 2454 4060 suave
2482 4016 2565 4060 est
2599 4021 2722 4061 cum
2758 4007 3130 4063 meretricibus
3157 4012 3429 4081 congredi.
3460 4012 3638 4085 Ecqua

2061 4104 2237 4167 potest
2279 4110 2400 4151 esse
2427 4096 2674 4166 voluptas
2699 4098 2752 4151 in
2790 4105 2936 4152 tanta
2980 4099 3336 4167 turpitudine?
3372 4101 3476 4158 Sed
3522 4103 3639 4160 hzec

2061 4186 2277 4241 interim
2314 4186 2566 4257 indagare
2606 4188 2936 4254 omittamus,
2977 4205 3076 4245 nec
3102 4190 3171 4245 de
3214 4200 3509 4247 amatorum
3542 4209 3638 4264 pu-

2059 4279 2179 4357 gnis
2219 4280 2516 4350 loquamur,
2556 4295 2656 4335 nec
2692 4279 2759 4335 de
2787 4280 3032 4336 rivalium
3076 4284 3506 4340 contentionibus
3549 4287 3634 4341 vel

2061 4371 2484 4426 accusationibus
2514 4388 2527 4425 :
2558 4369 2650 4425 sed
2684 4370 2755 4425 sit
2779 4371 2970 4456 aliquis
2994 4372 3082 4442 qui
3111 4387 3230 4429 cum
3269 4374 3510 4430 libertate
3534 4377 3636 4431 ob-

2062 4477 2241 4516 secena
2284 4463 2370 4517 ilia
2415 4462 2634 4518 libidine
2671 4461 2898 4531 fruatur,
2947 4462 3118 4536 neime
3163 4467 3380 4523 rivalem
3423 4471 3633 4538 habeat,

2061 4566 2236 4620 neque
2285 4553 2353 4608 ab
2395 4553 2595 4620 amasia
2638 4562 3031 4623 contemnatur,
3083 4558 3338 4628 pecunias
3384 4560 3528 4615 velut
3570 4577 3636 4617 ex

2065 4642 2296 4699 fontibus
2329 4645 2545 4701 haustas
2586 4645 2879 4716 impendat,
2910 4647 3116 4703 etiamsi
3165 4649 3278 4704 fieri
3326 4661 3552 4721 nequeat
3580 4663 3638 4707 ut

2061 4734 2177 4792 haec
2201 4737 2378 4792 omnia
2410 4737 2568 4806 simul
2596 4739 2944 4806 conveniant;
2975 4750 3029 4795 at
3054 4741 3104 4795 ei
3132 4741 3220 4812 qui
3263 4743 3482 4798 rivalem
3529 4759 3635 4799 non

2063 4827 2337 4883 habiturus
2375 4838 2460 4885 est
2490 4845 2680 4886 omnes
2700 4831 2977 4907 facultates
3001 4832 3378 4890 exhauriendas.
3408 4844 3550 4901 sunt,
3577 4846 3640 4891 tit

2063 4917 2307 4986 largitate
2346 4934 2630 4975 munerum
2657 4921 2790 4975 alios
2816 4935 3005 4977 omnes
3041 4933 3294 4992 superet:
3321 4937 3639 4997 rursumque

2062 5022 2184 5061 eum
2213 5008 2304 5077 qui
2344 5009 2576 5078 inepiam
2617 5010 2836 5076 devitat,
2875 5025 2905 5064 a
2942 5014 3222 5069 meretrice
3260 5025 3541 5084 spernatur
3582 5024 3640 5072 et

2061 5109 2340 5168 respuatur
2389 5108 2620 5168 Oportet.
2670 5099 2866 5156 Verum
2903 5102 3260 5158 concedamus
3311 5104 3442 5158 nihil
3495 5105 3640 5175 ejus-

2059 5190 2205 5244 modi
2231 5191 2363 5254 fore,
2386 5191 2486 5246 sed
2502 5193 2677 5247 omnia
2707 5194 2807 5261 ipsi
2829 5209 2894 5249 ex
2916 5196 3176 5250 sententia
3206 5205 3458 5252 eventura
3479 5213 3636 5255 esse:

2058 5296 2217 5351 quam
2256 5281 2309 5334 in
2350 5281 2432 5335 his
2455 5283 2780 5351 voluptatem
2811 5284 2964 5339 nobis
2999 5292 3150 5354 potes
3174 5287 3495 5342 ostendere?
3521 5287 3638 5344 Non

2057 5372 2204 5428 enim
2247 5372 2298 5425 in
2345 5372 2460 5442 ipso
2507 5387 2824 5443 congressus
2872 5383 3111 5446 tempore
3147 5388 3386 5446 apparet,
3427 5379 3518 5433 sed
3549 5381 3639 5450 qui

2094 5505 2140 5573 ..ί
2175 5505 2248 5553 Sic
2277 5503 2418 5573 savii.
2444 5511 2496 5555 et
2529 5518 2700 5556 omnes
2869 5508 3040 5573 Morel.
3060 5521 3195 5570 vero,
3216 5513 3591 5573 excedentesque
3611 5527 3639 5567 α

2125 5519 2140 5535 “
2175 5519 2248 5553 510
2277 5519 2418 5554 δεινιι.
2444 5519 2496 5555 ει
2529 5519 2700 5556 οπωθε
2739 5519 2846 5557 ωδε.
2869 5519 3040 5558 Morel.
3060 5521 3195 5570 νρΓΟ,
3216 5519 3370 5561 εἴδεα
3533 5527 3591 5563 ηε
3611 5527 3638 5567 θ

2496 5577 2558 5639 λς
2575 5579 2654 5639 te
2891 5567 3123 5639 ριεινεηιαε
3139 5571 3354 5639 eam

2058 5625 2448 5738 iit-casiam
2460 5625 2703 5687 habentes;
2724 5625 2918 5692 indigne
2933 5629 3088 5693 fertis,
3123 5625 3238 5694 etii,
3251 5633 3415 5685 multis
3435 5642 3634 5697 prater

2122 5747 2142 5776 ⁸
2176 5751 2273 5796 Duo
2297 5752 2424 5808 Mss,
2447 5747 2669 5815 primum.
