4266 6314
664 329 767 384 847

657 449 855 500 coitum
907 443 1154 514 explevit,
1207 443 1530 512 voluptatem
1578 441 1864 507 exstinxit;
1917 441 2006 512 qui
2056 449 2232 495 autem

657 538 834 590 adhuc
864 536 914 589 in
948 549 1237 602 congressu
1275 542 1375 599 est,
1426 548 1528 586 non
1574 533 1627 586 in
1656 533 1923 602 voluptate
1965 531 2090 600 agit,
2141 529 2235 585 sed

659 637 826 691 motu,
855 625 1040 679 aculeo
1067 636 1117 679 et
1147 624 1325 678 lurore
1345 631 1400 677 et
1430 623 1637 677 fervore
1666 622 1964 676 vehementi
1986 623 2228 690 agitatur.

657 717 817 786 Atqui
854 726 1032 770 nostra
1066 716 1307 785 voluptas
1343 729 1448 767 non
1477 713 1777 783 hujusmodi
1802 721 1904 779 est,
1937 711 2108 776 absit;
2139 711 2234 765 sed

656 810 890 862 animum
929 811 1073 862 omni
1105 807 1502 876 perturbatione
1533 821 1752 859 vacuum
1784 812 1980 869 servat,
2012 805 2235 858 nullam-

653 914 757 967 que
778 898 1116 968 agitationem
1149 897 1373 960 inducit,
1405 896 1498 951 sed
1537 912 1720 965 puram
1750 896 2029 965 quamdam
2057 905 2236 950 servat

655 991 1020 1059 integramque
1058 989 1314 1050 laetitiam,
1343 1002 1566 1056 eamque
1595 983 1898 1056 gloriosam,
1926 1000 2044 1054 qua:
2074 984 2232 1038 ﬁnem

652 1097 758 1133 non
810 1080 1022 1144 habeat,
1077 1079 1336 1148 longeque
1382 1079 1733 1146 potentiorem
1786 1091 1849 1130 ac
1899 1076 2228 1142 vividiorem,

651 1180 810 1241 quam
850 1181 1023 1225 vestra
1072 1170 1159 1223 sit.
1209 1168 1362 1236 Quod
1407 1169 1549 1222 enim
1593 1178 1772 1221 nostra
1818 1168 1886 1220 sit
1924 1163 2227 1235 jucundior,

650 1277 807 1330 quam
853 1269 1050 1324 vestra,
1101 1259 1307 1328 liquet:
1340 1274 1461 1311 nam
1507 1265 1735 1310 vestram
1783 1265 1954 1310 metus
2001 1254 2230 1323 abjicere

655 1360 870 1418 potest:
902 1352 944 1405 si
993 1350 1135 1404 enim
1185 1348 1478 1418 Imperator
1526 1346 1690 1402 literis
1739 1354 1964 1399 mortem
2016 1344 2232 1398 commi-

652 1453 825 1506 netnr,
869 1443 934 1497 ab
975 1458 1035 1496 ea
1069 1443 1334 1510 voluptate
1364 1439 1590 1493 maxime
1640 1453 1758 1507 pars
1788 1435 2058 1490 hominum
2089 1436 2228 1491 absi-

649 1544 773 1588 stet.
816 1532 1062 1587 Nostram
1091 1547 1218 1586 vero
1262 1530 1470 1584 etiamsi
1502 1530 1621 1598 quis
1646 1528 1961 1582 sexcenties
2002 1534 2227 1580 mortem

648 1625 859 1689 inferat,
902 1639 1007 1679 non
1039 1622 1198 1676 modo
1228 1635 1331 1676 non
1364 1619 1700 1688 persuadebit
1740 1628 1883 1673 utea
1924 1624 2225 1687 spernatur,

653 1732 834 1769 verum
875 1714 1216 1776 irridebitur;
1255 1711 1393 1765 adeo
1435 1720 1615 1764 nostra
1659 1709 1939 1763 violentior
1979 1708 2135 1762 simul
2176 1715 2231 1763 et

653 1809 882 1873 dulcior,
915 1822 1072 1876 quam
1102 1814 1274 1859 vestra
1319 1812 1422 1865 est,
1453 1803 1701 1876 nullaque
1726 1816 1944 1871 prorsus
1971 1810 2052 1855 est
2092 1802 2229 1855 inter

647 1910 929 1968 utramque
951 1897 1298 1966 comparatio.
1328 1895 1403 1950 Ne
1430 1896 1604 1964 itaque
1633 1893 1872 1948 invideas
1896 1893 2024 1955 tilio,
2053 1907 2173 1947 cum
2196 1907 2226 1946 a

647 1993 808 2045 ilttxis
850 1991 1021 2054 bonis,
1059 2005 1178 2062 qua:
1218 2003 1285 2043 ne
1322 1990 1586 2042 exsistunt
1625 1985 1861 2056 quidem,
1899 1984 1964 2038 ad
2005 1998 2066 2038 ea
2109 1998 2226 2054 qum

645 2095 769 2139 sum
814 2093 869 2139 et
915 2091 1132 2138 manent
1175 2097 1236 2137 se
1273 2080 1506 2145 confert;
1541 2095 1710 2149 neque
1751 2079 1932 2146 lugeas
1968 2092 2088 2131 eum
2137 2077 2225 2147 qui

647 2177 988 2230 beatissimus
1029 2170 1395 2243 przedicandus
1445 2180 1561 2234 est;
1605 2169 1695 2224 sed
1739 2169 1783 2223 is
1818 2167 2093 2237 lugendus,
2137 2168 2226 2238 qui

647 2283 751 2322 non
782 2268 901 2338 talis
935 2273 1038 2332 est,
1070 2264 1266 2335 quique
1293 2261 1346 2315 in
1370 2262 1619 2332 prresenti
1653 2260 1758 2313 vita
1790 2259 1935 2328 quasi
1966 2261 2017 2312 in
2044 2259 2228 2327 euripo

570 2412 576 2418 .
644 2339 1044 2422 circmnfErlur.
1089 2355 1263 2424 Atque
1307 2361 1363 2406 ut
1407 2351 1472 2406 ad
1503 2366 1764 2404 summam
1794 2349 2225 2402 veniamus:elsi

645 2450 789 2512 enim
823 2457 877 2502 tu
911 2446 1125 2517 gentilis
1168 2458 1248 2509 es,
1277 2443 1414 2496 hanc
1444 2451 1616 2497 tamen
1658 2451 1890 2494 nostram
1930 2439 2224 2493 orationem

606 2525 610 2531 1
644 2541 922 2613 suscipies.
954 2538 1120 2593 Audis
1148 2535 1573 2619 smpeﬂocytos,
1612 2542 1663 2586 et
1694 2530 2225 2602 Pyriphlegethontas

644 2633 860 2697 ﬂuvios,
882 2640 936 2686 et
964 2628 1143 2700 Stygis
1173 2625 1389 2687 undam,
1421 2635 1475 2678 et
1496 2623 1773 2677 Tartarum
1807 2623 2004 2674 tantum
2034 2635 2062 2672 a
2086 2628 2225 2674 terra

651 2722 961 2791 distantem,
1009 2727 1263 2790 quantum
1307 2716 1424 2771 haec
1465 2715 1577 2784 ipsa
1625 2713 1785 2768 distat
1824 2727 1851 2765 a
1895 2711 2046 2775 caelo,
2074 2709 2228 2778 pluri-

645 2829 872 2886 mosque
931 2790 1315 2881 suppliciorum
1383 2805 1588 2860 modos.
1646 2804 1762 2859 Etsi
1807 2802 1947 2858 enim
2002 2800 2113 2854 lure
2170 2809 2226 2853 ut

643 2915 794 2962 erant
822 2917 1073 2960 enarrare
1097 2897 1207 2954 non
1241 2905 1530 2969 potuerunt
1555 2895 1746 2959 Grmei,
1777 2900 1958 2961 utpote
1990 2891 2218 2961 propriis

643 2999 774 3052 moti
799 2992 1112 3056 ratiociniis,
1137 3004 1343 3045 necnon
1367 2985 1737 3042 traditionibus
1759 2991 2062 3038 nostrorum
2087 2983 2225 3037 male

643 3087 896 3157 acceptis,
944 3091 1178 3137 attamen
1223 3079 1506 3148 imaginem
1535 3074 1818 3149 quamdam
1855 3072 2039 3144 judieii
2070 3087 2222 3127 acce-

644 3186 856 3249 perunt.
884 3175 1122 3244 Itemque
1150 3169 1390 3248 invenies
1416 3176 1469 3223 et
1498 3175 1683 3238 poetas
1724 3175 1777 3218 et
1796 3162 2146 3233 philosophos
2171 3171 2225 3217 et

643 3277 886 3322 oratores
929 3272 1302 3334 atqne'omne
1341 3258 1658 3326 scriptorum
1694 3266 1868 3323 genus
1913 3255 2009 3306 hac
2060 3250 2127 3306 de
2169 3265 2225 3306 re

643 3355 1102 3428 philosnphantes.
1129 3345 1294 3406 Audis
1322 3357 1497 3406 autem
1525 3354 1580 3400 et
1611 3344 1849 3414 Elysium
1874 3357 2140 3410 campum,
2171 3348 2229 3394 et

643 3451 919 3504 beatorum
960 3443 1178 3507 insulas,
1210 3450 1263 3496 et
1293 3449 1440 3508 prata
1481 3445 1536 3493 et
1564 3444 1788 3506 myrtos,
1818 3443 1872 3488 et
1916 3448 2098 3488 auram
2141 3441 2223 3488 te-

642 3553 804 3596 nuem
825 3535 1152 3604 odoremque
1177 3527 1585 3590 suavissimum;
1610 3525 1802 3580 choros
1827 3524 1951 3578 item
1982 3523 2052 3577 ibi
2079 3536 2224 3577 como

641 3627 936 3694 morantes,
985 3625 1209 3678 amietos
1246 3620 1383 3676 stola
1423 3617 1668 3681 candida,
1719 3618 1942 3671 choreas
1983 3623 2222 3685 agentes,

641 3732 803 3790 atque
830 3719 1058 3790 hymnos
1084 3713 1341 3792 quosdam
1369 3719 1623 3767 canentes
1652 3727 1665 3763 :
1691 3723 1753 3765 ac
1784 3708 2070 3762 universim
2112 3723 2222 3762 ma-

645 3814 710 3866 lis
735 3817 790 3865 et
821 3808 975 3864 bonis
1014 3812 1132 3875 post
1154 3798 1358 3859 obitum
1385 3801 1670 3870 repositam
1710 3812 1805 3867 pro
1842 3797 2050 3851 meritis
2075 3797 2225 3851 retri-

643 3901 940 3957 butionem.
971 3895 1087 3964 Quo
1128 3903 1280 3964 putas
1306 3891 1465 3962 igitur
1489 3889 1650 3944 animi
1692 3888 1882 3942 aﬂ‘ectu
1913 3881 2094 3942 viveré
2132 3902 2226 3941 eos

643 3989 735 4060 qui
768 3985 1035 4059 ejusmodi
1080 3982 1431 4058 cogitationes
1466 3986 1701 4043 versant,
1741 3976 1854 4031 sive
1880 3977 2069 4042 bonos,
2112 3975 2226 4030 sive

643 4079 862 4136 maloéi
880 4075 1066 4131 Nonne
1098 4073 1184 4127 atii
1211 4070 1450 4143 quidem,
1492 4069 1597 4125 etsi
1620 4069 1674 4122 in
1708 4068 1957 4138 praesenti
2001 4067 2107 4120 vita
2132 4065 2225 4121 de-

642 4179 770 4244 gant
808 4170 923 4226 sine
963 4179 1195 4223 maerore
1232 4176 1548 4231 summaque
1593 4165 1716 4215 cum
1751 4157 2041 4232 voluptate,
2073 4157 2224 4228 quasi

643 4260 874 4334 quodam
899 4255 1238 4315 conscientia:
1267 4253 1497 4324 ﬂagello,
1528 4251 1934 4320 futurorumque
1964 4249 2224 4304 malorum

643 4351 1054 4422 exspectatione
1079 4361 1294 4418 semper
1321 4343 1692 4413 stimulantur;
1722 4341 1843 4395 boni
1870 4356 1997 4395 vero
2017 4341 2224 4396 etiamsi

648 4442 800 4500 malis
854 4438 1151 4501 innumeris
1203 4426 1501 4500 vexentur,
1550 4430 1844 4488 secundum
1898 4429 2222 4496 Pindarum,

647 4549 798 4604 spem
844 4534 1062 4598 habent,
1103 4544 1208 4601 qua
1255 4535 1586 4602 recreentur,
1615 4540 1734 4595 qua:
1776 4524 1909 4578 mala
1941 4523 2223 4594 prmsentia

647 4629 791 4697 ipsos
819 4639 916 4680 nec
951 4621 1152 4679 sentire
1179 4613 1546 4686 sinitl'itaque
1585 4616 1636 4669 in
1675 4614 1779 4688 hoc
1803 4629 2012 4684 quoque
2054 4614 2226 4681 major

646 4716 766 4772 inec
797 4715 1036 4785 uoluptas
1065 4719 1166 4767 est.
1201 4708 1366 4772 Multo
1391 4707 1532 4763 enim
1565 4705 1755 4775 melius
1780 4714 1863 4758 est
1890 4718 1919 4756 a
1953 4712 2221 4772 tempora-

650 4807 768 4862 ,εἰς
807 4803 1077 4860 laboribus
1120 4801 1376 4870 incipere,
1416 4795 1662 4868 atquein
1694 4794 1952 4850 infinitam
1987 4793 2224 4862 requiem

647 4896 914 4961 desinere,
943 4908 1100 4964 quam
1135 4893 1227 4958 iis,
1252 4905 1371 4962 qua:
1397 4887 1779 4960 iucundissima
1808 4884 2054 4940 videntur
2083 4899 2224 4949 esse,

650 4987 884 5046 breviter
906 4983 1150 5057 gustatis,
1187 4983 1238 5036 in
1275 4979 1618 5044 acerbissima
1647 4986 1703 5032 et
1735 4975 2049 5046 gravissima
2090 4977 2228 5031 mala

649 5078 923 5135 decidere.
960 5074 1095 5132 Cum
1135 5082 1310 5128 autem
1358 5071 1427 5126 ad
1470 5069 1586 5126 hac
1634 5069 1686 5124 in
1733 5067 1980 5123 confesso
2025 5068 2096 5121 sit
2143 5066 2228 5121 hic

651 5168 814 5224 etiam
835 5166 999 5221 vitam
1023 5164 1166 5219 illam
1196 5159 1724 5232 essejucundiorem,
1752 5174 1950 5226 nonne,
1989 5167 2048 5212 ut
2076 5157 2238 5211 initio.

647 5257 915 5325 dicebam,
947 5254 1235 5313 miserandi
1277 5261 1400 5317 sunt
1435 5252 1492 5318 ii,
1532 5251 1624 5321 qui
1649 5248 1717 5304 de
1747 5248 1939 5307 talibus
1968 5248 2121 5305 bonis
2147 5248 2226 5303 la-

1373 323 1748 382 S..JOANNIS
1783 321 2257 382 CHRYSOSTOMI
2296 322 2611 380 ARCHIEP.
2651 323 3181 385 CONSTANTINOP.

3773 340 3777 344 ’
3812 332 3914 388 518

2349 444 2696 514 crymantur?
2727 444 2866 499 Sane
2903 445 3044 499 luctu
3089 445 3279 514 dignus
3323 460 3427 500 non
3477 448 3734 502 esttilius
3773 458 3911 513 tuus,

2345 531 2436 586 sed
2479 519 2660 602 plausu
2699 543 2749 587 et
2781 536 3016 602 corOnis,
3044 551 3131 605 qut
3171 536 3236 590 ad
3281 537 3614 602 tranquillam
3643 544 3800 592 vitam
3831 552 3913 593 tu-

2346 634 2560 695 tumque
2603 636 2812 694 portum
2849 641 2906 682 se
2937 628 3155 695 recepit.
3187 630 3254 681 At
3277 635 3596 698 exprobrant
3619 631 3707 683 tibi
3741 643 3917 699 patres

2343 714 2574 781 plurimi,
2617 731 2840 783 quorum
2873 715 2963 770 lilii
2996 715 3048 769 in
3091 720 3332 785 prmsenti
3378 719 3575 772 smcnlo
3603 731 3915 784 versantur;

2341 815 2395 858 et
2422 805 2507 859 alii
2557 821 2675 859 cum
2722 807 2923 871 vident,
2974 818 3112 860 tuam
3161 809 3326 862 vicem
3374 811 3553 864 dolent
3610 812 3648 875 ',
3694 812 3918 866 irrident

2339 897 2465 949 alii.
2509 896 2614 950 Cur
2658 906 2710 950 tu
2777 912 2882 951 non
2941 913 3037 951 eos
3095 899 3260 966 magis
3305 899 3492 954 irrides
3533 907 3586 954 et
3632 900 3916 969 deploras?

2338 986 2518 1056 Neque
2536 988 2678 1042 enim
2697 987 2745 1041 id
2765 989 3138 1042 attendendum
3155 1000 3234 1042 est
3254 991 3295 1043 si
3320 990 3470 1043 nobis
3493 990 3737 1054 iiludunt,
3761 991 3853 1044 sed
3872 992 3913 1045 si

2334 1077 2455 1146 jure
2492 1092 2556 1131 ac
2591 1079 2778 1132 merito
2805 1097 2818 1132 :
2843 1089 2898 1134 et
2937 1078 2980 1132 si
3027 1079 3095 1132 ita
3123 1096 3208 1133 res
3247 1095 3305 1134 se
3347 1081 3561 1144 habeat,
3592 1083 3797 1135 etiamsi
3834 1081 3916 1136 illi

2337 1184 2442 1221 non
2481 1168 2706 1234 rideant,
2756 1185 2852 1223 nos
2895 1171 3202 1239 lugeamus;
3245 1173 3326 1225 sin
3362 1188 3486 1226 vero
3525 1173 3710 1240 injuria
3761 1173 3811 1242 id
3843 1173 3918 1226 fa-

2337 1259 2498 1323 ciant,
2527 1261 2734 1314 etiamsi
2764 1277 2952 1314 omnes
2977 1261 3206 1325 rideant,
3242 1277 3338 1315 nos
3365 1271 3543 1317 tamen
3573 1264 3757 1318 beatos
3790 1280 3916 1318 cen-

2337 1363 2568 1415 seamus,
2601 1351 2718 1403 illos
2741 1367 2866 1404 vero
2894 1351 3185 1419 lugeamus,
3222 1361 3408 1420 utpote
3437 1353 3525 1421 qui
3565 1353 3805 1405 omnium
3834 1354 3918 1406 in-

2337 1439 2625 1495 felicissimi
2655 1443 2780 1508 sint,
2813 1452 2866 1497 et
2897 1444 3281 1497 nihiloinsanis
3307 1444 3575 1497 meliores.
3605 1443 3917 1518 Insanorum

2334 1532 2530 1602 quippe
2562 1544 2665 1596 est,
2703 1542 2756 1586 et
2786 1533 3046 1603 ejusmodi
3091 1534 3277 1586 morbo
3303 1534 3675 1596 laborantium,
3715 1535 3799 1588 illa
3840 1537 3916 1589 ri-

2335 1621 2482 1690 dere,
2516 1639 2633 1692 qua:
2665 1624 2904 1694 plurimis
2934 1624 3178 1678 laudibus
3216 1631 3270 1678 et
3310 1624 3523 1677 coronis
3567 1624 3723 1692 digna
3770 1635 3916 1678 sunt.

2337 1714 2431 1768 Dic
2467 1717 2629 1776 enim,
2665 1731 2867 1784 quaeso,
2911 1717 2954 1770 si
2993 1715 3060 1770 de
3100 1715 3207 1768 ﬁlio
3233 1725 3323 1769 tuo
3352 1717 3658 1769 saltatorutn
3689 1726 3744 1770 et
3771 1718 3920 1771 auri-

2333 1819 2517 1876 garum
2556 1807 2818 1860 insaniam
2866 1806 3162 1861 admirante
3205 1817 3255 1860 te
3295 1821 3483 1860 omnes
3537 1805 3813 1861 laudarent
3855 1823 3920 1861 ac

2334 1897 2545 1953 beatum
2573 1899 2947 1968 praedicarent,
2989 1914 3164 1953 nonne
3205 1899 3253 1952 id
3294 1899 3578 1953 derisionis
3604 1899 3722 1952 loco
3750 1899 3919 1954 habe-

2334 1989 2629 2056 resiQuid
2669 1988 2866 2059 igitur?
2917 1990 2963 2044 si
3006 1997 3058 2044 te
3099 2000 3375 2043 strenuum
3418 1990 3620 2043 facinus
3661 1989 3921 2058 laudeque

2338 2080 2555 2150 dignum
2597 2080 2790 2134 edente
2835 2080 2908 2133 illi
2959 2079 3217 2142 riderent,
3261 2078 3463 2148 tibique
3503 2079 3917 2148 exprobrarent,

2333 2185 2511 2225 nonne
2538 2179 2777 2224 amentes
2800 2170 2919 2224 illos
2945 2184 3063 2224 esse
3084 2169 3329 2223 diceres?
3356 2171 3514 2237 Atqui
3540 2169 3640 2223 hoc
3669 2182 3810 2222 nunc
3838 2167 3920 2223 ia-

2333 2262 2538 2316 ciamus
2567 2280 2578 2314 :
2608 2277 2714 2315 non
2757 2260 3112 2315 multitudinis
3141 2261 3400 2329 opinioni,
3432 2259 3526 2314 sed
3554 2259 3793 2328 diligenti
3835 2274 3920 2314 re-

2333 2369 2448 2408 rum
2480 2353 2708 2407 examini
2738 2353 3002 2406 calculum
3038 2352 3105 2405 de
3132 2353 3239 2421 tilio
3272 2361 3363 2406 tuo
3387 2350 3662 2405 ferendum
3693 2341 3920 2419 permit-

2334 2453 2542 2497 tamus:
2570 2452 2623 2498 et
2654 2443 2858 2498 videbis
2894 2444 3139 2498 irrisores
3169 2444 3287 2497 illos
3327 2443 3711 2512 mancipiorum
3744 2439 3920 2512 po‘tius

2332 2548 2488 2602 quam
2535 2533 2823 2587 liberorum
2865 2541 3112 2602 parentes
3151 2547 3291 2594 esse.
3336 2538 3378 2587 si
3423 2547 3610 2603 eorum
3653 2535 3761 2587 nati
3810 2533 3922 2588 lilio

2333 2635 2424 2678 ιυο
2449 2634 2842 2694 comparentur.
2942 2635 2944 2638 ’

2407 2715 2634 2770 Historia
2671 2718 2935 2788 cujusdam
2969 2717 3184 2771 solitarii
3211 2717 3354 2781 cuius
3380 2725 3523 2785 pater
3557 2717 3760 2787 gentilis
3785 2727 3918 2772 erat.

2331 2838 2403 2848 —
2419 2808 2568 2871 Nunc
2595 2824 2752 2879 porro
2777 2824 3008 2864 mmrore
3033 2809 3409 2864 obtenebratus
3432 2811 3788 2879 ne.respicere
3807 2811 3922 2881 qui.

2332 2887 2453 2956 dem
2497 2902 2594 2956 ista
2637 2903 2868 2971 poteris;
2900 2904 3232 2956 cum'autem
3266 2902 3500 2955 animum
3531 2891 3832 2967 sedaveris,
3860 2901 3922 2956 ii-

2325 2978 2536 3062 ‘iusque
2567 3003 2684 3051 tuus
2707 2998 2959 3064 magnam
3003 2993 3251 3046 virtutem
3283 2993 3617 3058 exhibuerit,
3649 3009 3753 3048 non
3785 2993 3921 3046 ultra

2333 3083 2425 3138 tibi
2450 3083 2673 3138 aliorum
2694 3097 2941 3138 sermone
2965 3097 3099 3151 opus
3118 3082 3238 3146 erit,
3264 3082 3355 3137 sed
3378 3091 3430 3134 tu
3451 3071 3568 3136 haec
3588 3092 3641 3137 et
3667 3082 3746 3135 bis
3772 3082 3919 3151 plura

2331 3175 2448 3229 aliis
2472 3176 2635 3230 dices.
2665 3176 2731 3229 Et
2762 3176 2875 3230 haec
2904 3188 3002 3245 ego
3032 3189 3134 3232 non
3165 3173 3254 3226 tibi
3286 3182 3486 3228 temere
3515 3173 3792 3246 vaticinor,
3823 3172 3920 3227 sed

2332 3280 2449 3335 qua:
2468 3265 2658 3336 loquor
2678 3275 2928 3334 expertus
2953 3279 3100 3326 sum.
3124 3265 3339 3318 Amicus
3364 3264 3504 3317 enim
3532 3263 3660 3316 mihi
3689 3261 3803 3327 fuit,
3830 3263 3920 3332 qui

2334 3368 2538 3428 patrem
2589 3358 2813 3412 habebat
2857 3357 3123 3413 inﬁdelem
3146 3399 3160 3423 ,
3202 3357 3421 3410 divitem
3442 3397 3458 3421 ,
3500 3364 3796 3424 spectatum
3819 3396 3837 3422 ,
3865 3360 3922 3409 et

2321 3449 2679 3519 undequaque
2704 3451 2928 3506 clarum.
2960 3449 3009 3502 ls
3038 3449 3268 3519 primum
3295 3447 3578 3502 concitavit
3617 3447 3918 3516 principes,

2331 3540 2560 3594 minatus
2600 3550 2682 3595 est
2721 3541 2961 3604 vincula,
3001 3539 3278 3613 ipsumque
3323 3538 3573 3592 omnibus
3612 3546 3825 3592 exutum
3865 3538 3920 3593 in

2330 3631 2500 3685 aliena
2528 3639 2668 3684 terra
2695 3630 2925 3700 reliquit,
2951 3619 3266 3684 necessariis
3292 3629 3449 3682 etiam
3477 3627 3741 3681 alimentis
3761 3642 3921 3696 egen-

2333 3707 2460 3788 tem,
2485 3719 2587 3799 hoc
2612 3721 2769 3776 modo
2797 3729 2986 3791 putans
3013 3735 3074 3774 se
3103 3719 3246 3773 illum
3277 3718 3343 3781 ad
3373 3718 3553 3773 saeculi
3578 3719 3740 3771 vitam
3763 3719 3923 3773 redu-

2331 3822 2540 3867 cturum
2573 3829 2586 3865 :
2619 3821 2898 3881 postquam
2938 3819 3116 3864 autem
3147 3809 3294 3863 illum
3335 3808 3387 3862 in
3423 3809 3573 3862 nullo
3602 3809 3700 3863 sibi
3730 3808 3922 3863 cedere

2333 3901 2498 3966 vidit,
2527 3902 2697 3956 victus
2732 3902 2946 3956 tandem
2983 3900 3301 3969 palinodiam
3338 3899 3563 3963 cecinit,
3599 3913 3661 3952 ac
3696 3898 3920 3952 nuncin

2337 3991 2540 4046 honore
2583 3992 2751 4045 illium
2799 3991 2992 4056 habet,
3033 4005 3260 4059 eumque
3295 3989 3462 4058 magis
3491 3984 3648 4057 quam
3690 3990 3733 4043 si
3773 3999 3922 4058 pater

2335 4097 2464 4136 suus
2503 4091 2681 4146 esset,
2723 4090 3048 4135 veneratur:
3080 4095 3308 4148 eumque
3346 4079 3479 4133 alios
3515 4079 3706 4133 habeat
3750 4079 3918 4155 filios,

2336 4181 2602 4242 spectatos
2629 4171 2791 4236 viros,
2821 4187 2914 4226 eos
2939 4186 3005 4226 ne
3030 4172 3218 4241 dignos
3243 4171 3452 4240 quidem
3479 4171 3569 4239 qui
3597 4172 3733 4225 servi
3765 4171 3922 4240 hujus

2334 4264 2440 4317 sint
2466 4263 2751 4317 arbitratur
2780 4280 2792 4314 :
2824 4263 2936 4332 ipse
2963 4277 3172 4332 quoque
3202 4270 3420 4331 propter
3447 4262 3613 4315 [ilium
3639 4261 3794 4332 longe
3813 4263 3922 4316 cla-

2334 4356 2444 4411 rior
2463 4363 2564 4410 est.
2590 4355 2713 4410 “:I‘C
2735 4356 2786 4409 in
2809 4363 2898 4409 tuo
2922 4369 3131 4424 quoque
3152 4355 3260 4432 lilio
3280 4354 3596 4408 videbimus.
3620 4353 3771 4421 Quod
3795 4369 3926 4413 vero

2335 4463 2441 4502 non
2467 4449 2712 4513 mentiar,
2743 4463 2806 4502 ex
2837 4448 2998 4502 rebus
3027 4447 3156 4518 ipsis
3187 4446 3408 4500 videbis.
3437 4446 3616 4512 Quare
3649 4447 3808 4500 linem
3839 4448 3921 4501 lo-

2335 4539 2530 4609 quendi
2558 4539 2766 4602 faciam,
2800 4538 2849 4592 id
2878 4547 3078 4595 tantum
3106 4551 3318 4608 rogans.
3350 4544 3407 4591 ut
3433 4551 3572 4589 anno
3602 4552 3707 4590 uno
3733 4552 3923 4606 exspo—

2335 4640 2470 4697 ctes,
2501 4639 2590 4684 aut
2615 4631 2788 4685 minus
2814 4631 2995 4685 etiam.
3025 4628 3214 4683 Nostra
3237 4629 3432 4698 quippe
3453 4628 3620 4681 virtus
3647 4643 3752 4681 non
3786 4629 3923 4683 mul-

2338 4720 2407 4774 tis
2433 4734 2565 4790 opus
2601 4719 2758 4774 habet
2786 4719 2974 4774 diebus
2993 4760 3008 4785 ,
3041 4725 3222 4787 utpote
3250 4733 3366 4788 qua:
3390 4717 3569 4770 divina
3595 4718 3768 4786 gratia
3799 4717 3922 4786 pul-

2337 4811 2466 4866 lulet
2489 4829 2501 4862 :
2528 4810 2834 4880 videbisqne
2854 4825 2916 4865 ea
2937 4809 3114 4864 omnia
3135 4823 3253 4878 qua:
3273 4807 3412 4862 dicta
3433 4815 3575 4871 sunt,
3601 4806 3763 4861 rebus
3789 4807 3922 4875 ipsis

2338 4900 2550 4970 impleta
2590 4917 2602 4955 :
2644 4914 2814 4968 neque
2855 4897 3014 4953 modo
3053 4893 3273 4975 eaquae
3314 4896 3449 4951 facta
3488 4904 3611 4949 sunt
3648 4895 3921 4964 laudabis,

2335 4975 2519 5045 verum
2542 5032 2557 5055 ,
2590 4990 2634 5044 si
2668 4997 2720 5045 te
2755 4990 3017 5044 tantillum
3051 4988 3286 5044 excitare
3313 4987 3578 5053 volueris,
3607 4986 3715 5050 cito
3755 4987 3921 5056 ipsius

2336 5081 2556 5137 romulus
2581 5081 2688 5137 eris
2705 5121 2720 5148 ,
2735 5081 3060 5152 magistrum
3087 5078 3289 5134 habens
3318 5081 3372 5132 in
3401 5078 3595 5134 virtute
3622 5076 3814 5134 ﬁlim

2405 5266 2421 5296 ί
2455 5263 2592 5314 Savil.
2612 5265 2660 5314 in
2693 5242 2932 5327 margine,
2953 5267 2996 5313 ω
3188 5243 3458 5324 dm
3530 5242 3533 5245 ’
