4266 6314
299 393 404 450 349

1047 396 1422 456 ADVERSUS-
1447 397 1993 456 GPPUGNATORES
2030 399 2216 455 VlTxE
2242 400 2532 458 MONAST.
2575 401 2704 458 LIB.
2750 401 2834 457 lli.

3500 404 3608 458 550

313 530 3592 552 WW

1024 608 1257 715 AD
1340 608 1562 713 ΡΑ
1570 607 2021 716 TREM
2075 551 2855 726 FIDELEM.

1555 826 1832 917 sum
1905 826 2216 923 tertias
2262 816 2372 914 (π).

1755 1017 2078 1074 ιδλΞ-ςῦἓέβε
2087 1029 2128 1066 3³

371 1145 422 1199 Ι.
456 1146 564 1215 Age
585 1145 693 1215 jam
723 1146 932 1201 fidelem
955 1162 1167 1216 quoque
1194 1159 1396 1216 patrem
1418 1145 1726 1211 doceamus,
1756 1148 1895 1216 quod

295 1251 404 1291 non
451 1237 644 1292 debeat
685 1255 780 1293 eos
817 1254 1157 1310 oppugnare,
1187 1241 1277 1310 qui
1309 1226 1495 1294 ﬁlium
1521 1255 1674 1291 suum
1705 1239 1770 1292 ad
1806 1238 1898 1293 Dei

297 1328 486 1397 placita
511 1329 779 1400 sequenda
803 1331 1103 1386 hortantur.
1133 1332 1464 1402 Quamquam
1495 1331 1787 1402 perieulmn
1816 1341 1899 1385 est

296 1437 365 1474 ne
392 1437 570 1476 sermo
595 1423 696 1477 istc
721 1424 1022 1493 superﬂuus
1048 1424 1135 1483 sit.
1168 1441 1301 1480 neve
1320 1426 1645 1480 contrarium
1668 1424 1894 1488 accidat,

297 1521 354 1566 ut
383 1513 632 1581 superius
650 1515 912 1569 dicebam.
937 1516 1240 1572 Tuncenim
1265 1516 1372 1570 dixi
1405 1516 1560 1585 hujus
1589 1516 1896 1571 certaminis

295 1604 466 1671 legem
497 1621 582 1659 me
612 1621 715 1659 non
756 1622 948 1676 cogere
986 1623 1109 1662 cum
1145 1607 1326 1677 gentili
1355 1623 1546 1662 manus
1574 1621 1893 1671 conserere,

295 1695 390 1749 sed
422 1711 543 1750 eum
566 1697 788 1766 jusserit
818 1699 1011 1754 Paulus
1031 1715 1124 1754 eos
1151 1709 1355 1754 tantum
1381 1700 1469 1768 qui
1503 1700 1643 1752 intus
1669 1708 1792 1752 sunt
1812 1698 1898 1764 ju-

295 1787 513 1856 dicare,
553 1805 582 1844 a
621 1807 792 1860 pugna
821 1808 943 1846 cum
980 1793 1044 1846 iis
1087 1792 1178 1861 qui
1221 1791 1352 1846 foris
1394 1801 1519 1847 sunt
1560 1807 1657 1846 nos
1697 1793 1898 1846 liberos

295 1881 445 1934 sinit.
488 1881 635 1936 Nunc
664 1892 840 1937 autem
867 1926 881 1950 ,
914 1895 969 1938 ut
999 1883 1239 1948 videtur,
1270 1901 1336 1940 ne
1367 1885 1462 1939 has
1491 1884 1705 1953 quidem
1735 1884 1894 1936 dimi-

294 1972 534 2028 cationes
565 1973 701 2029 inire
733 1983 977 2030 tenemur
1007 1994 1021 2030 :
1046 1993 1166 2030 nam
1197 1977 1239 2030 si
1269 1977 1417 2047 prius
1442 1977 1508 2030 de
1535 1976 1616 2030 his
1636 1976 1898 2030 Christia-

296 2080 367 2120 no
409 2068 568 2123 verba
610 2067 790 2124 facere
834 2080 987 2139 turpe
1027 2069 1305 2124 videbatur
1333 2084 1483 2134 esse,
1523 2069 1688 2123 multo
1727 2069 1897 2139 magis

297 2177 457 2216 ltllllC.
487 2162 767 2228 Quomodo
796 2164 937 2217 enim
968 2178 1074 2217 non
1105 2163 1383 2218 erubescet
1421 2162 1621 2228 fidelis,
1650 2163 1695 2217 si
1725 2162 1793 2216 de
1833 2162 1896 2215 iis

292 2253 572 2307 admoneri
602 2268 736 2322 npus
767 2254 979 2319 habeat,
1013 2269 1175 2323 super
1199 2241 1393 2324 quibus
1423 2270 1489 2307 ne
1520 2252 1747 2307 inﬁdelis
1774 2253 1890 2321 qni—

293 2343 415 2396 dem
461 2343 615 2398 nobis
657 2346 1027 2399 contradicere
1065 2344 1271 2414 pOssit?
1301 2344 1437 2410 Quid
1477 2343 1673 2413 igitur?
1704 2342 1896 2398 idemne

294 2435 621 2500 tacebimns,
655 2437 894 2507 nihilque
924 2438 1240 2507 loquemur?
1271 2437 1486 2491 Minime
1516 2451 1661 2490 vero.
1694 2435 1748 2491 Si
1777 2437 1896 2505 quis

290 2526 436 2579 enim
460 2542 689 2596 sponsor
711 2531 1015 2594 accmleret,
1045 2529 1303 2598 nobisque
1330 2529 1668 2598 perspicuum
1697 2527 1897 2582 faceret

292 2615 405 2671 fore
434 2618 653 2686 posthac
676 2620 943 2674 neminem
972 2621 1060 2690 qui
1084 2637 1195 2675 rem
1223 2620 1527 2689 bnjusmodi
1553 2635 1780 2674 ausurus
1803 2620 1893 2682 sit,

293 2724 391 2762 nos
421 2726 632 2779 quoque
672 2715 952 2780 quiescere
991 2729 1124 2781 opus
1155 2723 1295 2766 esset
1320 2753 1335 2776 ,
1367 2719 1423 2767 et
1451 2710 1518 2764 iis
1545 2712 1632 2781 qui
1673 2719 1896 2778 pra-ter-

292 2803 488 2868 iernnt,
520 2814 573 2856 ut
601 2805 847 2868 laterent,
878 2807 1172 2859 concedere
1203 2823 1213 2856 :
1245 2803 1460 2874 quando
1485 2812 1661 2856 autem
1691 2802 1894 2857 nullum

291 2891 553 2948 habemus
582 2909 742 2963 super
782 2894 880 2949 hac
919 2910 977 2950 re
1008 2894 1374 2964 ﬁdejnssorem
1407 2894 1678 2960 idoneum,
1709 2908 1899 2947 ncces-

291 2982 429 3036 Saria
473 2998 694 3052 prorsus
734 2983 944 3039 videtur
982 2983 1265 3038 verborum
1297 2984 1614 3038 admonitio.
1655 2983 1715 3038 Si
1752 2983 1896 3037 enim

291 3088 352 3126 ea
383 3074 591 3144 aliquos
621 3075 884 3130 invenerit
923 3076 1025 3130 hoc
1051 3075 1241 3128 morbo
1271 3074 1576 3128 laborantes
1596 3116 1610 3140 ,
1643 3072 1898 3144 opera‘ni-

294 3173 382 3218 tur
409 3164 550 3234 quod
581 3181 736 3218 suum
764 3173 877 3230 est;
901 3166 982 3219 sin
1008 3181 1166 3219 nemo
1194 3166 1245 3218 in
1272 3163 1642 3232 aegritudinem
1672 3162 1895 3227 incidat,

291 3267 467 3309 aetum
497 3263 662 3311 estut
698 3257 962 3327 cupimus.
1004 3255 1274 3326 Siquidem
1317 3255 1571 3322 medicis,
1615 3265 1899 3326 postquam

293 3347 682 3402 medicamenta
715 3348 1054 3416 paraverint,
1084 3347 1375 3415 optandum
1405 3357 1488 3401 est
1519 3361 1586 3400 ne
1615 3347 1678 3400 iis
1711 3348 1898 3417 aegroti

294 3453 431 3507 opus
458 3438 690 3494 habeant
719 3457 731 3492 :
766 3454 972 3509 nosque
1000 3439 1250 3494 similiter
1271 3449 1514 3506 optamus
1534 3438 1800 3494 neminem
1832 3454 1899 3492 ex

295 3530 548 3584 fratribus
567 3530 762 3584 nostris
786 3530 885 3584 hac
901 3546 1057 3600 egere
1079 3530 1452 3584 adhortatione
1481 3531 1559 3584 :si
1591 3545 1716 3584 vero
1741 3545 1902 3600 egere

297 3620 760 3691 t‘onlingat,quod
781 3621 938 3686 absit,
964 3622 1194 3675 secunda
1225 3621 1515 3691 navigatio,
1539 3629 1597 3674 ut
1618 3619 1902 3687 proverbio

294 3716 520 3781 dicitur,
554 3731 661 3770 non
699 3717 804 3771 illis
845 3716 1038 3771 deerit.
1085 3717 1338 3786 Fingatur
1371 3729 1498 3784 ergo
1540 3714 1711 3769 ﬁdelis
1741 3713 1899 3777 talis,

293 3808 468 3878 qualis
506 3807 766 3873 inﬁdelis,
808 3808 1014 3879 ipsique
1053 3824 1150 3877 per
1187 3805 1646 3872 etmetasimilis,
1676 3817 1901 3876 excepta

295 3901 554 3970 religione
589 3919 602 3954 :
635 3901 883 3956 similiter
920 3901 1132 3972 lugeat,
1166 3901 1508 3970 provolvatur
1537 3899 1776 3954 omnium
1810 3914 1902 3969 pc-

295 3993 474 4058 (libus,
503 4008 668 4048 canos
693 3993 1746 4070 ostendat,lsenectutem,solitudinem,
1779 4007 1900 4047 om—

296 4085 384 4138 nia
414 4083 676 4152 ejusmodi
709 4086 961 4155 proferat,
992 4095 1048 4141 et
1072 4097 1327 4156 quantum
1361 4086 1471 4140 vult
1503 4087 1791 4142 iracundia:
1815 4086 1902 4156 juo

297 4176 507 4231 ilicibus
536 4186 766 4232 moveat.
797 4177 912 4233 lino
951 4179 1130 4249 potius
1167 4179 1425 4234 adversus
1465 4178 1604 4234 hunc
1645 4195 1753 4234 non
1789 4179 1902 4248 jam

295 4283 479 4322 coram
508 4268 817 4324 hominibus
846 4271 999 4325 nobis
1042 4271 1106 4326 lis
1137 4280 1220 4326 eSt
1251 4288 1266 4323 :
1294 4271 1497 4325 audivit
1522 4271 1668 4326 enim
1695 4286 1756 4325 ea
1782 4286 1903 4340 qua:

299 4360 396 4413 viri
427 4360 564 4430 apud
596 4376 694 4416 nos
719 4361 901 4416 divino
929 4361 1130 4432 Spiritu
1169 4363 1357 4432 repleti
1387 4353 1765 4418 de'hurrendo
1794 4371 1902 4417 ter-

259 4508 266 4514 _
298 4452 549 4524 ribilique
594 4454 878 4521 tribunali,
917 4456 983 4510 ad
1023 4455 1164 4525 quod
1208 4466 1327 4525 post
1365 4455 1568 4510 obitum
1609 4456 1899 4521 sistemnr,

301 4545 661 4616 philos0phati
690 4558 833 4602 sunt.
863 4551 1002 4603 Ante
1030 4549 1210 4603 omnia
1239 4566 1367 4603 vero
1395 4550 1904 4604 commemorandus

299 4636 392 4691 ille
420 4637 535 4692 dies
564 4648 668 4704 est,
701 4655 796 4693 nec
825 4657 928 4694 non
966 4640 1104 4709 ignis
1130 4641 1363 4694 ﬂuminis
1392 4641 1558 4694 instar
1582 4641 1900 4708 decurrens,

300 4733 515 4784 ﬂamma
547 4746 838 4799 numquam
870 4732 1290 4801 exstinguenda,
1328 4733 1460 4786 radii
1502 4733 1630 4785 solis
1668 4733 1861 4788 sublati
1886 4775 1900 4798 ,

300 4821 427 4878 luna
455 4825 739 4886 occultata,
769 4826 938 4879 stella:
965 4825 1296 4890 decidentes,
1325 4826 1438 4880 ea-li
1467 4826 1759 4892 convoluti,
1791 4827 1903 4880 vir-

302 4925 444 4969 tutes
470 4925 752 4969 commoto
771 4959 784 4981 ,
817 4932 1076 4970 concussa
1111 4917 1344 4985 undique
1371 4926 1425 4970 et
1450 4926 1681 4969 a-stuans
1715 4926 1859 4970 terra
1884 4958 1900 4983 ,

301 5006 559 5061 terribilis
584 5017 635 5061 et
665 5007 906 5063 alternus
935 5008 1178 5062 tubarum
1209 5011 1456 5075 clangor,
1485 5008 1657 5077 angeli
1697 5023 1791 5077 per
1816 5023 1905 5062 oro

301 5098 424 5152 hem
454 5099 762 5154 universum
790 5102 1153 5155 discurrentes
1173 5141 1188 5167 ,
1226 5102 1390 5154 millia
1423 5101 1649 5155 millium
1681 5101 1903 5155 adstan-

301 5193 474 5256 tium,
531 5193 798 5264 myriade's
849 5195 1249 5252 ministrantes.
1298 5194 1569 5248 exercitus
1615 5208 1737 5247 cum
1789 5194 1906 5261 ipso

298 5283 480 5354 judice
509 5286 881 5351 adventantes,
911 5288 1118 5356 signum
1149 5289 1198 5340 in
1223 5297 1508 5356 conspectu
1533 5287 1648 5358 ejus
1676 5287 1796 5357 fulgl
1818 5301 1902 5352 ns,

303 5378 580 5445 appositus
610 5376 856 5442 thronus,
888 5381 1055 5446 aperti
1087 5381 1228 5444 libri,
1261 5380 1529 5433 inaccessa
1570 5381 1759 5448 gloria,
1795 5391 1906 5433 ter-

302 5468 476 5523 rihilis
505 5477 559 5524 et
586 5469 850 5524 horrenda
886 5472 1175 5541 judicantis
1212 5487 1312 5525 vox
1339 5514 1351 5535 ,
1387 5473 1474 5541 qui
1515 5473 1647 5525 alios
1687 5473 1904 5542 quidem

305 5561 470 5615 mittit
496 5564 547 5616 in
577 5564 750 5631 ignem
781 5575 1022 5633 paratum
1051 5565 1269 5618 diabolo
1296 5575 1351 5617 et
1379 5566 1582 5633 angelis
1613 5565 1729 5633 ejus
1752 5608 1765 5627 ,
1798 5567 1893 5620 vir-

304 5655 458 5722 gines
483 5664 683 5719 autem,
718 5667 836 5726 post
866 5659 1107 5728 ingentes
1145 5657 1466 5728 virginitatis
1498 5658 1734 5723 labores,
1761 5658 1908 5712 clauo

372 5769 446 5828 (α)
469 5771 652 5839 Titulus
675 5787 745 5823 Sic
768 5775 918 5827 habet
941 5778 986 5826 in
1009 5779 1198 5828 duobus
1223 5779 1407 5830 itss.:in
1434 5776 1578 5827 editis
1600 5792 1719 5827 vero
1742 5779 1905 5836 deest,

306 5829 625 5887 atteruntur.
651 5838 787 5890 lnitio
804 5842 920 5891 item
939 5855 1050 5904 vox,
1070 5841 1187 5904 funt,
1201 5829 1504 5892 desideratur
1524 5842 1571 5890 il.
1589 5842 1778 5892 duobus

1995 1879 2344 1938 ‘mentiSsimo'
2385 1887 2811 1955 gravissimoque
2854 1886 3113 1954 supplicio
3169 1886 3366 1954 plectet
3412 1899 3427 1938 :

2011 1153 2083 1205 sis
2123 1152 2323 1208 foribus
2361 1166 2542 1217 arcet;
2582 1157 2670 1226 qui
2713 1171 2778 1211 ex
2822 1154 3083 1212 ministris
3123 1158 3237 1216 suis
3279 1156 3412 1213 alios
3450 1157 3603 1227 jubet

2009 1245 2208 1299 zizauia
2251 1248 2536 1317 colligare,
2587 1257 2643 1303 et
2686 1248 2734 1301 in
2783 1248 3054 1303 fornacem
3102 1249 3416 1312 immittere,
3465 1250 3602 1304 alios

2007 1339 2294 1404 Compedes
2321 1339 2638 1408 quibusdam
2670 1340 2938 1405 inducere,
2963 1349 3019 1395 et
3041 1342 3284 1394 manibus
3313 1349 3432 1409 post
3454 1352 3600 1410 terga

2009 1428 2202 1483 vinctis
2229 1432 2445 1485 eosdem
2477 1431 2708 1500 ahjicere
2743 1433 2792 1484 in
2826 1431 3071 1485 tenebras
3097 1431 3411 1494 exteriores,
3443 1441 3603 1499 atque

2009 1519 2280 1575 horrendo
2307 1522 2545 1576 dentium
2577 1522 2791 1576 stridori
2822 1522 3031 1576 tradere
3053 1537 3076 1586 ;-
3109 1522 3256 1576 illum
3287 1521 3502 1590 quidem
3533 1522 3602 1573 ob

2011 1612 2308 1680 impudicos
2335 1620 2583 1681 aspectus
2613 1622 2850 1678 tantum,
2885 1613 3032 1667 illum
3064 1628 3190 1666 vero
3216 1612 3286 1665 ob
3316 1613 3485 1666 risum
3517 1611 3602 1664 in-

2009 1704 2418 1772 tempestivum,
2447 1704 2608 1757 alimn
2631 1744 2644 1766 ,
2674 1704 2815 1772 quod
2859 1704 3156 1778 proximum
3198 1704 3316 1759 sine
3353 1703 3602 1757 examine

2005 1794 2360 1860 dmumtverit,
2390 1795 2718 1864 alium'quod
2743 1794 3078 1849 maledixerit
3104 1794 3399 1858 dumtaxat,
3433 1793 3599 1848 vehe-

3477 1900 3600 1938 nant

2005 1977 2145 2045 quod
2187 1978 2317 2030 istos
2344 1993 2554 2046 quoque
2608 1992 2761 2047 pruna
2801 1985 3011 2031 maneat
3061 1980 3102 2041 ³,
3143 1992 3265 2031 eum
3307 1977 3476 2046 ipsum
3508 1975 3602 2046 qui

2007 2066 2120 2120 lucc
2148 2067 2405 2136 supplicia
2436 2068 2678 2121 illaturus
2704 2078 2786 2122 est
2814 2068 3079 2122 dicentem
3105 2078 3158 2121 et
3184 2068 3600 2120 eounninantem

2005 2158 2191 2213 audire
2232 2159 2372 2215 licet.
2402 2159 2479 2214 Ad
2528 2160 2670 2214 hunc
2710 2160 2864 2230 nobis
2901 2160 3151 2214 omnibus
3195 2160 3426 2228 judicem
3475 2158 3602 2214 hinc

2006 2249 2240 2304 eundum
2271 2260 2372 2316 est,
2400 2251 2622 2321 diesque
2645 2252 2732 2305 illa
2759 2251 2985 2306 videnda
3010 2252 3186 2318 nobis,
3216 2252 3268 2304 in
3291 2266 3394 2321 qua
3420 2251 3600 2306 nuntia

2007 2343 2145 2398 nuda
2179 2353 2231 2398 et
2259 2343 2520 2413 patefacta
2550 2353 2710 2400 eruat
2730 2387 2745 2409 ,
2775 2360 2882 2398 non
2923 2359 3086 2414 opera
3121 2353 3174 2398 ct
3204 2343 3367 2398 verba
3406 2343 3599 2410 modo,

2006 2435 2098 2491 sed
2126 2437 2253 2504 ipsae
2278 2451 2491 2505 quoque
2519 2435 2892 2506 cogitationes.

2076 2529 2130 2581 2.
2176 2527 2405 2581 Proximi
2451 2529 2606 2582 saluti
2650 2527 3053 2598 advigilandum.
3099 2555 3174 2568 --
3214 2525 3344 2582 Nam
3409 2540 3597 2581 eorum

2006 2620 2187 2681 etimn,
2220 2635 2338 2688 qua-3
2369 2634 2511 2673 nunc
2542 2619 2675 2674 levia
2720 2619 2988 2680 videntur,
3019 2626 3145 2672 tunc
3175 2617 3438 2672 terribiles
3485 2617 3602 2670 lue-

2007 2727 2126 2765 mus
2159 2726 2375 2782 poenas:
2409 2712 2542 2766 adeo
2578 2712 2741 2782 judcx
2779 2713 2850 2766 illi
2878 2711 2989 2782 pari
3020 2713 3361 2766 accurationc
3406 2719 3460 2766 et
3501 2727 3601 2764 no-

2005 2811 2172 2856 stram
2203 2811 2256 2856 et
2286 2802 2650 2872 proximorum
2680 2802 2904 2856 salutem
2931 2802 3154 2872 requirit
3189 2817 3218 2854 a
3269 2800 3444 2855 nobis.
3481 2800 3607 2855 Ideo

2009 2893 2204 2947 Paulus
2232 2894 2308 2963 (Ι.
2331 2893 2448 2948 Cor.
2486 2893 2570 2948 lO.
2593 2893 2688 2964 24)
2717 2894 2912 2964 ubique
2937 2893 3181 2948 hortatur
3202 2893 3461 2962 singulos,
3495 2909 3604 2946 non

2007 2999 2126 3054 qua:
2153 3000 2244 3038 sua
2273 2997 2396 3038 sunt
2417 3001 2678 3054 quatrere,
2711 2984 2804 3040 sed
2827 3001 2946 3054 qua:
2981 2985 3210 3053 proximi
3238 3002 3249 3036 :
3277 2995 3605 3054 quapropter

2010 3075 2063 3129 in
2088 3075 2396 3129 Corinthios
2420 3075 2766 3130 vehementer
2792 3076 3079 3138 invehitur,
3110 3075 3231 3144 quia
3264 3075 3463 3127 nullam
3487 3089 3607 3142 pro-

2008 3164 2296 3219 videntiam
2328 3174 2380 3219 et
2404 3180 2585 3219 curam
2609 3164 2905 3219 habuerant
2936 3165 3074 3232 ejus,
3097 3164 3259 3234 quiin
3291 3163 3605 3218 fornicatio-

2009 3272 2132 3312 nem
2162 3257 2440 3321 inciderat,
2473 3255 2566 3311 sed
2597 3256 2709 3326 ejus
2738 3256 2930 3310 vulnus
2963 3264 3175 3309 tumens
3209 3253 3603 3323 despexerunt;

2009 3347 2211 3403 Calatis
2236 3362 2447 3418 quoque
2485 3347 2727 3403 scribens
2763 3346 3012 3402 dicebat:
3047 3344 3278 3411 Fratres,
3311 3354 3356 3398 et
3385 3347 3428 3400 si
3465 3362 3602 3414 pra:-

2009 3451 2286 3510 ocrupatus
2315 3441 2470 3511 fuerit
2497 3441 2646 3494 homo
2692 3442 2747 3494 in
2773 3441 2944 3508 aliqua
2975 3439 3182 3499 delicto,
3209 3453 3297 3491 vos
3325 3437 3410 3505 qui
3451 3438 3607 3505 spiri-

2011 3531 2170 3586 tuales
2200 3519 2335 3594 estis,
2385 3530 2679 3600 Imjusmodt'
2719 3530 2953 3583 iustruite
2983 3527 3128 3598 (Gal.
3160 3527 3217 3583 6.
3253 3528 3326 3596 1).
3372 3527 3608 3581 Thcssa-

2009 3622 2372 3678 lonicensibus
2389 3623 2514 3678 item
2541 3631 2694 3677 antea
2713 3621 2899 3676 eadem
2920 3621 3116 3676 monita
3137 3619 3566 3685 dederat,diccns
3588 3639 3602 3674 :

2011 3712 2194 3784 Itaque
2226 3713 2566 3768 ex/tortamini
2594 3714 2808 3767 invicem
2836 3713 2966 3766 sicut
2996 3722 3040 3764 et
3081 3711 3250 3782 facitis
3287 3727 3306 3766 :
3347 3710 3606 3780 itemque,

2013 3805 2267 3874 Corripite
2290 3807 2559 3875 inquietos,
2602 3804 2935 3859 consolamini
2963 3803 3336 3872 pusillanimes,
3367 3804 3620 3858 sustinete-

2012 3899 2240 3966 iu/irmos
2259 3899 2333 3970 (l.
2361 3896 2542 3952 Thess.
2564 3899 2616 3952 5.
2644 3898 2731 3951 ll.
2760 3906 2805 3950 et
2827 3895 2936 3967 14).
2966 3895 3043 3950 Ne
3069 3896 3190 3965 quis
3215 3895 3356 3972 enim
3381 3895 3613 3959 diceret,

2008 3988 2152 4055 Quid
2184 4003 2298 4043 mea
2326 3989 2546 4043 interest
2571 3989 2730 4043 etiam
2758 3987 2982 4042 aliorum
3009 4001 3199 4041 curare
3225 3975 3448 4040 salutem
3472 3985 3608 4056 iqui

2014 4084 2172 4154 perit,
2202 4091 2406 4154 pereat,
2453 4091 2511 4137 et
2537 4081 2625 4150 qui
2662 4091 2924 4143 servatur,
2960 4089 3240 4141 servetur;
3288 4078 3338 4132 id
3371 4077 3504 4132 nihil
3542 4077 3610 4131 ad

2014 4191 2102 4230 me
2131 4177 2379 4246 pertinet,
2412 4174 2572 4229 rebus
2595 4174 2728 4228 meis
2763 4174 3066 4242 prospicere
3084 4171 3279 4240 jubeor
3311 4187 3328 4226 :
3367 4185 3437 4225 ne
3462 4171 3610 4240 quis,

2015 4268 2255 4338 inquam,
2298 4267 2412 4320 lucc
2452 4265 2674 4329 diceret,
2710 4263 2928 4318 feralem
2976 4263 3116 4316 illam
3163 4271 3219 4316 et
3259 4261 3615 4315 inhumanam

2013 4359 2392 4428 cogitationem
2437 4357 2724 4417 auferens,
2774 4355 2982 4424 legibus
3025 4353 3140 4406 istis
3188 4352 3332 4404 illam
3378 4350 3620 4422 sopivit,

2014 4452 2242 4522 plurima
2266 4450 2460 4518 jnhens
2499 4446 2779 4503 Commoda
2822 4446 3110 4516 negligere,
3137 4453 3193 4497 ut
3219 4443 3478 4515 proximis
3508 4456 3611 4495 no-

2017 4543 2142 4597 stris
2166 4542 2530 4599 consulainus.
2559 4550 2719 4608 atque
2741 4536 3026 4591 hanc.vit:e
3054 4534 3381 4603 diligentiam
3410 4532 3617 4602 ubique

2016 4635 2316 4690 habendam
2363 4649 2485 4689 esse
2531 4631 2740 4687 definit.
2801 4630 3058 4685 Romanis
3097 4641 3310 4698 quoque
3365 4625 3618 4680 scribens

2020 4729 2196 4801 (Rom.
2241 4729 2337 4783 15.
2377 4729 2455 4796 l).
2494 4728 2763 4797 ingentem
2811 4725 2916 4779 illis
2941 4738 3124 4778 curam
3155 4718 3418 4791 ejusmodi
3449 4719 3620 4774 ofﬁcii

2015 4825 2287 4894 imposuit,
2321 4823 2488 4877 fortes
2532 4823 2813 4878 imbecillis
2853 4829 3060 4890 patrum
3089 4819 3209 4874 loco
3253 4817 3615 4887 essejubens,

2019 4927 2181 4988 utque
2211 4933 2398 4971 eorum
2437 4916 2581 4970 salus
2618 4931 2760 4968 eui-:e
2806 4915 2906 4968 illis
2935 4913 3348 4984 sit_admonens.
3391 4911 3494 4968 Sed
3525 4912 3619 4966 hie

2017 5011 2233 5081 quidem
2263 5009 2655 5063 adhortationis
2682 5019 2736 5062 et
2775 5007 2982 5061 consilii
3013 5005 3238 5060 formam
3271 5017 3470 5069 servat,
3507 5006 3624 5059 alit)-

2017 5113 2195 5158 autem
2242 5104 2292 5156 in
2339 5103 2457 5156 loco
2498 5117 2704 5155 summa
2749 5117 2869 5155 cum
2917 5099 3256 5154 vehementia
3311 5099 3619 5152 auditarum

2019 5197 2229 5250 animos
2255 5195 2496 5264 percellit
2521 5213 2533 5249 :
2559 5210 2654 5249 eos
2684 5194 2849 5259 enim,
2887 5194 2975 5262 qui
3009 5190 3230 5245 fratrum
3265 5192 3489 5244 Salutem
3517 5206 3618 5243 ne-

2017 5289 2241 5358 gligant.
2269 5289 2318 5339 in
2350 5287 2519 5356 ipsmn
2544 5286 2816 5340 Christum
2845 5299 3066 5354 peccare
3093 5283 3242 5348 dicit,
3273 5282 3470 5351 Deique
3490 5280 3622 5333 tedi-

2019 5382 2196 5436 licinm
2227 5381 2442 5435 diruere
2461 5381 2537 5450 (-l.
2567 5377 2686 5434 Cor.
2711 5380 2910 5447 8.192):
2943 5377 3101 5446 idque
3133 5394 3237 5431 non
3267 5391 3294 5428 a
3317 5374 3618 5444 seipso,sed

2017 5493 2044 5530 a
2074 5476 2331 5546 magistro
2371 5475 2596 5528 edoctus
2625 5474 2879 5542 loquitur.
2907 5472 3149 5541 Namque
3181 5469 3490 5540 unigenitus
3523 5467 3617 5520 Dei

2025 5569 2210 5632 Filius,
2265 5575 2321 5620 ut
2362 5567 2582 5620 doceret
2632 5564 2736 5618 hoc
2786 5563 3020 5618 ofﬁcium
3061 5577 3183 5617 esse
3231 5559 3617 5616 necessarium.

2019 5672 2177 5731 atque
2203 5675 2319 5719 eos.
2351 5659 2439 5729 qui
2470 5659 2597 5712 illud
2634 5657 2856 5712 reddere
2890 5657 3183 5726 negligant,
3215 5653 3441 5710 summis
3465 5650 3622 5705 malis

2081 5778 2096 5808 ¹
2133 5774 2184 5824 in
2218 5774 2322 5822 salo
2358 5773 2522 5822 Morel.
2548 5776 2727 5823 desunt
2750 5773 2856 5822 hrrc
2881 5773 3047 5833 verba.
3079 5785 3193 5822 nam
3216 5765 3345 5834 quod
3367 5764 3482 5818 istos
3506 5775 3624 5828 τριο-

2016 5854 2107 5902 que
2129 5850 2270 5904 pirata
2302 5843 2488 5888 meum:
2505 5851 2534 5899 ,1
2549 5838 2634 5889 sed
2661 5839 2874 5900 genuina
2896 5842 3024 5885 sunt.
