4266 6314
719 387 815 443 331

732 498 1074 571 excipiendos
1101 514 1238 560 esse,
1273 498 1479 551 dicebat
1507 516 1518 548 ε
1553 499 1862 565 Quicumque
1888 496 2303 549 scandut'izat'crit

721 608 877 643 unum
908 591 1208 658 ειηριιεὶιιὶε
1232 588 1359 653 istis,
1389 588 1591 656 expedit
1634 589 1679 641 ei
1710 598 1760 638 ut
1792 588 2132 654 suspendatur
2169 585 2314 636 mola

721 683 946 734 asinaria
968 684 1100 734 circa
1128 680 1313 734 collum
1340 682 1468 750 ejus,
1495 690 1538 732 (τι
1561 681 1882 747 demergatur
1908 679 1957 729 in
1991 675 2303 746 profundum

722 776 877 827 maris
904 774 1111 843 (Matth.
1144 772 1226 827 l8.
1261 774 1337 841 6).
1375 774 1546 841 Atque
1584 773 1644 831 is,
1682 771 1769 838 qui
1804 771 2054 822 talentum
2097 767 2305 821 obtule-

722 875 824 928 rat,
848 879 949 916 non
978 863 1115 931 quod
1139 861 1335 932 aiiqnid
1367 878 1426 915 ex
1461 864 1570 915 suis
1597 860 2021 928 contempsisset,
2042 858 2133 911 sed
2163 870 2303 924 quoa

723 956 1337 1025 proximorumsalntem
1368 952 1717 1022 ηρειεκῐςδυι,
1768 951 1855 1003 illo
1886 947 2145 1017 supplicio
2184 946 2302 999 al‘li-

722 1045 875 1100 citur.
906 1026 1109 1113 'ltaque
1147 1042 1245 1096 Olsi
1293 1044 1451 1096 vitam
1506 1053 1737 1094 nostram
1772 1048 1919 1093 recte
1944 1037 2298 1101 instituamus,

723 1134 853 1189 nihil
880 1134 927 1187 id
956 1134 1169 1202 prodest
1198 1133 1370 1198 nobis,
1405 1147 1521 1185 enm
1555 1143 1831 1200 peceatum
1864 1128 1986 1181 iliud
2017 1127 2182 1197 possit
2208 1140 2302 1178 nos

723 1226 776 1280 in
805 1226 1064 1294 gehennm
1106 1225 1421 1293 profundum
1470 1223 1806 1291 immergere.
1854 1221 1907 1275 Si
1958 1222 2101 1275 enim
2156 1218 2300 1271 nulla

723 1320 860 1372 ratio
902 1317 1065 1385 possit
1092 1332 1185 1371 eos
1211 1319 1297 1386 qni
1332 1316 1586 1383 proximis
1617 1328 1929 1383 cetpoream
1959 1326 2111 1380 opem
2160 1307 2302 1364 ferre

724 1412 989 1465 noluerint
1018 1410 1263 1471 liberare,
1299 1424 1501 1469 verum,
1545 1408 1642 1460 etsi
1674 1406 2025 1475 virginitatem
2056 1415 2303 1456 servave-

724 1504 850 1563 rint,
886 1513 1056 1555 tamen
1098 1510 1244 1553 extra
1287 1500 1467 1569 sponsi
1502 1497 1789 1550 thalamum
1819 1493 2104 1561 abjiciendi
2153 1492 2298 1544 sint:

722 1597 768 1648 is
793 1590 880 1663 qui
910 1592 1047 1662 quod
1089 1593 1254 1645 multo
1286 1590 1453 1658 majus
1486 1598 1565 1641 est
1594 1588 1829 1641 omiserit
1871 1585 2061 1654 (multo
2106 1583 2301 1652 quippe

720 1685 893 1752 major
923 1694 1001 1737 est
1030 1683 1323 1735 animarum
1347 1678 1496 1749 cura)
1528 1695 1622 1733 cur
1662 1693 1765 1731 non
1812 1677 1945 1729 mala
1974 1675 2151 1727 omnia
2184 1687 2299 1725 mc-

722 1776 826 1827 rito
858 1773 1115 1842 patiatur?
1136 1771 1409 1824 Hominem
1431 1769 1570 1821 enim
1600 1785 1701 1820 non
1724 1776 1779 1819 ιιι
1805 1766 1901 1820 sibi
1927 1773 2127 1818 tantum
2152 1760 2303 1829 prod-

720 1875 863 1922 esset
898 1864 1095 1918 creavit
1128 1863 1299 1928 Deus,
1328 1861 1419 1915 sed
1451 1869 1506 1914 ιιι
1549 1861 1665 1912 aliis
1693 1859 1851 1912 etiam
1875 1858 2073 1911 multis.
2100 1854 2302 1909 Idcirco

723 1956 916 2009 Paulus
979 1955 1231 2025 (Philipp.
1265 1953 1319 2005 ρ.
1370 1952 1458 2019 15)
1509 1950 1688 2003 ﬁdeles
1731 1947 2007 2002 luminaria
2048 1945 2298 2014 appellat,

726 2046 848 2100 hinc
877 2046 1167 2100 ostendens
1192 2060 1284 2097 eos
1307 2043 1515 2098 cauet-is
1547 2044 1706 2095 etiam
1734 2040 1848 2093 usui
1876 2052 1995 2092 esse
2026 2044 2297 2106 oportere:

724 2139 985 2191 luminare
1020 2137 1233 2205 quippe,
1289 2134 1539 2203 quamdiu
1589 2134 1821 2200 seipsnm
1867 2138 2068 2183 tantum
2102 2127 2301 2181 illumi-

724 2239 834 2293 nat,
868 2229 1125 2281 luminare
1163 2227 1398 2294 profecto
1443 2240 1545 2277 non
1576 2232 1675 2278 est.
1707 2224 1991 2291 Propterea
2017 2220 2301 2291 gentili-bus

722 2332 935 2388 quoque
984 2317 1112 2385 ipsis
1161 2316 1453 2369 deteriores
1503 2327 1622 2366 esse
1667 2312 1760 2377 ait,
1817 2310 1905 2381 qui
1938 2310 2301 2381 proximorum

723 2409 946 2462 salutem
994 2406 1341 2475 negligere-nt,
1371 2403 1453 2457 his
1491 2403 1670 2458 verbis
1700 2420 1712 2456 :
1756 2400 1817 2456 Si
1845 2403 1955 2470 quis
1982 2410 2150 2452 autem
2180 2415 2301 2451 suo-

720 2504 857 2563 rtmr,
894 2505 940 2550 et
965 2497 1181 2549 maxime
1205 2494 1587 2547 domesticorum
1612 2490 1977 2556 providentiam
2008 2505 2105 2541 non
2149 2488 2296 2558 gerit,

724 2591 872 2659 [idem
920 2588 1134 2658 negavit,
1175 2596 1219 2639 et
1249 2594 1319 2639 es!
1366 2585 1561 2652 inﬁdeli
1610 2584 1831 2638 deterior
1862 2586 1936 2654 (1.
1968 2582 2097 2635 Tim.
2122 2582 2175 2636 5.
2218 2581 2298 2651 8).

721 2681 856 2749 Quid
888 2681 1027 2735 enim
1061 2679 1161 2734 hoc
1190 2680 1305 2733 loco
1334 2677 1676 2747 providentia:
1705 2676 1920 2729 nomine
1946 2675 2027 2729 vis
2049 2673 2304 2743 intelligi?

722 2790 789 2829 au
846 2773 1071 2827 fortasse
1124 2770 1544 2825 necessariorum
1599 2765 1993 2838 largitionem?
2041 2765 2301 2835 Equidem

722 2875 852 2939 puto
898 2868 1067 2935 ipsum
1109 2878 1291 2917 curam
1342 2861 1533 2915 anima:
1581 2859 1911 2928 signiﬁcare.
1950 2858 2043 2911 Sin
2071 2872 2197 2910 vero
2247 2866 2300 2909 ttt

723 2957 1079 3020 contradicas,
1109 2956 1185 3008 sic
1212 2968 1423 3023 quoque
1448 2966 1563 3004 mea
1594 2949 1853 3003 sententia
1889 2946 2089 3000 tirmior
2119 2960 2300 3000 mane—

722 3050 819 3104 bit.
850 3048 980 3103 Nam
1013 3047 1056 3101 si
1088 3046 1153 3101 de
1190 3060 1419 3115 corpore
1464 3044 1577 3098 haec
1605 3042 1753 3105 dicit,
1787 3055 2015 3109 eumque
2046 3038 2136 3109 qui
2165 3053 2301 3107 quo-

722 3142 977 3196 tidianum
1012 3140 1153 3193 hunc
1177 3139 1351 3193 cibum
1377 3153 1480 3190 non
1513 3136 1715 3206 prmbet
1746 3142 1892 3188 tanto
1918 3133 2178 3203 supplicio
2209 3132 2304 3186 ad-

721 3234 874 3299 dixit,
901 3232 1291 3303 gentilibnsque
1314 3229 1634 3289 deteriorem
1662 3241 1784 3282 esse
1807 3226 1881 3281 ait
1910 3243 1923 3279 :
1955 3242 2061 3298 quo
2086 3224 2300 3279 tandem

724 3324 777 3378 in
808 3325 923 3377 loco
948 3331 1209 3377 statuetur
1232 3322 1295 3385 is,
1326 3321 1578 3389 quiquod
1609 3318 1781 3387 majus
1811 3319 2084 3388 magisque
2116 3330 2303 3371 neces-

720 3397 919 3452 sarium
948 3408 1029 3451 est
1060 3399 1393 3452 contemnit?

792 3488 844 3542 5.
891 3487 1144 3553 Quantum
1180 3489 1244 3542 sit
1282 3488 1471 3542 nmium
1503 3488 1767 3543 liberorum
1790 3490 2062 3560 neglectus.
2092 3520 2165 3530 —
2193 3490 2303 3559 Age

720 3577 898 3647 itaque
942 3580 1319 3633 ratiocinemur
1356 3579 1422 3634 de
1464 3582 1663 3649 peccati
1703 3584 1869 3635 nostri
1901 3581 2262 3651 magnitudine
2285 3621 2300 3647 ,

717 3685 780 3725 ac
804 3671 1054 3739 paulatim
1085 3672 1433 3727 ascendentes
1468 3673 1808 3727 ostendam‘us
1852 3675 2138 3727 maximum
2184 3690 2304 3727 om-

720 3765 865 3817 nium
895 3772 1172 3832 peccatum
1200 3779 1317 3819 esse
1345 3764 1630 3819 liberorum
1652 3766 1975 3835 neglectum,
2021 3776 2072 3820 et
2112 3766 2179 3819 ad
2220 3768 2302 3836 ip-

721 3870 837 3909 sum
885 3855 1101 3909 maluisti
1150 3856 1353 3925 apicem
1400 3858 1718 3927 pertingere.
1767 3857 1862 3912 Est
1903 3858 2060 3927 igitur
2102 3859 2301 3927 primus

722 3946 958 4010 malitize,
984 3947 1275 4016 iniquitatis
1301 3956 1354 4001 ct
1380 3948 1711 4003 crudelitatis
1736 3949 1951 4018 gradus,
1982 3932 2181 4003 amicos
2212 3966 2302 4005 as-

718 4037 928 4105 pernari
972 4055 985 4090 :
1017 4038 1141 4106 quin
1171 4047 1224 4091 ut
1253 4038 1318 4091 ad
1351 4036 1598 4092 inferiora
1629 4054 1927 4094 sermonem
1953 4042 2299 4109 reducamus;

718 4126 769 4181 id
796 4128 935 4181 enim
966 4129 1145 4182 nescio
1176 4129 1440 4198 quomodo
1472 4145 1558 4184 me
1598 4146 1733 4199 pene
1775 4130 2007 4200 fugerat;
2040 4133 2185 4202 prior
2217 4134 2299 4187 illa

718 4221 802 4275 lex
832 4221 1027 4275 Judieis
1048 4221 1187 4284 data,
1224 4240 1287 4275 ne
1311 4222 1548 4291 jumenta
1579 4224 1793 4292 quidem
1821 4223 2155 4279 inimicorum
2201 4240 2298 4280 ne-

718 4312 915 4381 gligere
946 4316 1222 4380 permittit,
1256 4314 1366 4367 sive
1388 4312 1701 4379 deciderint,
1724 4315 1834 4368 sive
1856 4318 2145 4369 erraverint
2168 4335 2182 4381 ;
2208 4318 2299 4371 sed

720 4402 832 4457 lucc
858 4402 1066 4469 quidem
1096 4402 1369 4465 reducere,
1402 4403 1487 4456 illa
1517 4419 1643 4457 vero
1673 4405 1876 4474 erigere
1902 4406 2071 4474 jubet.
2096 4406 2305 4461 Estita-

716 4509 816 4561 que
850 4494 1066 4561 primus,
1099 4495 1164 4545 ab
1197 4494 1388 4547 intimis
1419 4494 1771 4562 ascendendo,
1796 4496 2009 4551 malitim
2035 4506 2089 4552 ct
2112 4497 2301 4553 crude-

718 4584 879 4637 litatis
899 4588 1111 4654 gradus.
1142 4584 1472 4639 inimicorum
1500 4586 1738 4653 jumenta
1776 4596 1829 4641 ct
1872 4603 2058 4655 pecora
2100 4589 2297 4643 malum

718 4691 965 4745 perpessa
995 4677 1259 4746 negligere
1310 4694 1323 4729 :
1361 4678 1623 4731 secundus
1653 4679 1741 4731 illo
1763 4681 2022 4749 superior,
2056 4681 2299 4736 inimicos

718 4772 865 4840 ipsos
889 4772 1234 4840 neglige-otius
1260 4787 1485 4826 curare:
1514 4782 1711 4841 quanto
1747 4775 1888 4827 enim
1929 4773 2087 4829 homo
2128 4775 2301 4830 brutis

717 4870 956 4929 praislat,
982 4870 1126 4914 tanto
1160 4871 1428 4931 peccatum
1462 4862 1561 4917 hoc
1602 4863 1772 4931 majus
1808 4863 1915 4917 illo.
1947 4863 2154 4919 Tertius
2191 4874 2297 4933 est,

717 4952 906 5007 fratres
933 4958 1225 5021 aspernari,
1256 4954 1376 5009 licet
1406 4954 1566 5023 ignoti
1598 4954 1791 5009 fuerint
1824 4974 1836 5010 :
1869 4968 2107 5025 quartus,
2142 4956 2302 5012 fami-

716 5044 876 5099 liares
902 5060 1112 5114 quoque
1157 5045 1433 5115 despicere
1474 5063 1487 5099 :
1530 5048 1763 5115 quintus,
1811 5062 1931 5101 cum
1975 5064 2082 5102 non
2126 5048 2297 5103 solum

715 5148 957 5202 corpore,
988 5134 1077 5188 sed
1106 5134 1263 5189 etiam
1291 5137 1461 5188 anima
1486 5150 1669 5191 eorum
1699 5147 1970 5205 pereunte,
1999 5140 2301 5194 contemni-

716 5240 833 5280 tnus
856 5242 869 5278 :
894 5235 1094 5293 sextus,
1123 5243 1241 5282 cum
1272 5245 1375 5283 non
1407 5231 1577 5284 solum
1608 5229 1974 5298 familiaribus,
2004 5249 2188 5288 verum
2215 5236 2297 5305 ip-

716 5317 793 5371 ois
819 5332 1030 5387 quoque
1060 5319 1239 5373 liberis
1270 5322 1629 5388 pereuntibus,
1652 5322 1995 5393 negligimus:
2016 5326 2297 5396 septimus,

715 5419 835 5459 cum
858 5423 955 5462 nec
978 5410 1111 5463 alios
1136 5410 1223 5479 qui
1247 5410 1456 5464 illorum
1483 5426 1663 5469 curam
1696 5412 1891 5469 habere
1919 5415 2121 5485 possint
2147 5431 2300 5485 quic-

716 5498 925 5554 rimus:
958 5509 1195 5567 octavus,
1225 5517 1345 5557 cum
1373 5514 1422 5558 ct
1445 5518 1559 5569 eos,
1598 5504 1688 5573 qui
1726 5504 1775 5559 id
1818 5522 1846 5561 a
1886 5508 2075 5577 scipsis
2122 5506 2301 5567 facere

716 5589 1013 5656 instituunt,
1044 5608 1287 5649 arcemus
1322 5604 1478 5665 atque
1528 5595 1868 5665 prohibemus
1908 5616 1919 5652 :
1951 5612 2142 5665 nonus,
2176 5615 2297 5654 cum

712 5699 819 5739 non
849 5693 1049 5740 tantum
1078 5687 1193 5741 illos
1232 5688 1593 5757 prohibemus,
1625 5689 1717 5744 sed
1760 5704 2127 5760 Oppugnamus
2168 5707 2301 5760 quo-

712 5790 835 5846 que.
868 5776 1046 5851 Itaque
1071 5780 1113 5835 si
1149 5778 1394 5850 primum,
1426 5780 1713 5837 secundum
1754 5791 1806 5837 ct
1838 5782 2046 5838 tertium
2080 5784 2293 5840 malitia:

1467 385 1521 443 S.
1546 384 1827 441 101Nle
1871 380 2340 439 CHRYSOSTOMI
2364 380 2681 437 ARCHIEP.
2714 382 3247 441 CONSTANTINOP.

3895 387 4001 446 352

2412 494 2569 563 hujus
2598 494 2837 565 gradum,
2874 506 3012 551 tanta
3046 498 3296 567 sequitur
3331 513 3503 567 pmna,
3538 514 3583 554 et
3614 500 3704 572 qui
3738 499 3855 554 iilas
3879 517 3997 555 om-
4062 490 4067 495 ’

2411 599 2507 638 nes
2535 594 2767 653 supcrat.
2800 585 2850 638 in
2876 602 2983 655 quo
3030 601 3124 640 vos
3152 589 3300 651 estis,
3346 604 3534 657 nempe
3573 605 3731 652 nono,
3770 607 3997 660 quantus

2409 674 2546 744 ignis
2574 675 2867 729 destinatus
2897 678 3011 730 est?
3054 676 3321 742 Quinimo.
3372 694 3475 733 non
3522 689 3723 734 tantum
3777 698 3992 742 nonum.

2410 781 2508 819 nec
2535 766 2951 832 decimam,‘.sed
2984 768 3140 820 etiam
3172 769 3506 822 undecimum
3546 769 3668 837 jure
3708 786 3772 823 ac
3810 772 4000 825 merito

2408 871 2530 911 cum
2558 858 2928 926 appellaveris.
2952 856 3058 911 Cur
3080 859 3219 912 hoc?
3264 859 3395 926 Quia
3442 873 3547 913 n0u
3594 869 3778 913 natura
3825 860 3998 913 solum

2411 946 2513 1001 hoc
2545 957 2814 1016 peccatum
2842 965 2997 1017 supra
3029 951 3332 1003 memoratis
3351 949 3520 1017 majus
3546 959 3646 1014 est,
3674 950 3766 1004 sed
3796 952 4000 1006 ratione

2411 1041 2665 1109 temporis
2695 1042 2939 1113 gravius.
2964 1040 3098 1105 Quid
3130 1040 3230 1094 sibi
3253 1041 3364 1094 vult
3389 1041 3536 1107 illud,
3568 1042 3772 1096 ratione
3796 1054 4001 1110 tempo-

2410 1130 2527 1184 ris?
2554 1130 2682 1195 Quia
2712 1131 2863 1184 nobis
2894 1132 3079 1185 eadem
3110 1131 3479 1199 peccantibus,
3512 1148 3628 1201 qua:
3683 1132 3717 1186 ii
3769 1134 3859 1203 qui
3899 1134 4001 1187 sub

2409 1220 2527 1290 lege
2557 1230 2727 1286 erant,
2763 1235 2864 1273 non
2897 1221 3037 1289 paria
3068 1222 3322 1288 supplicia
3375 1220 3655 1287 debentur,
3703 1222 3796 1276 sed
3842 1222 4001 1291 longe

2408 1314 2670 1384 graviora,
2703 1325 2900 1382 quanto
2941 1313 3143 1367 scilicet
3186 1313 3373 1382 majori
3419 1314 3559 1366 dono
3605 1314 3775 1381 potiti,
3819 1313 3997 1383 perfeo

2408 1406 2558 1457 ctiori
2587 1404 2827 1457 doctrina
2862 1403 3068 1466 imbuti,
3102 1404 3289 1472 majori
3336 1403 3536 1458 honore
3572 1404 3743 1457 all‘ecti
3788 1419 3993 1459 sumus.

2407 1496 2537 1551 Cum
2566 1498 2725 1565 igitur
2752 1507 2935 1549 natura
2959 1504 3011 1550 et
3032 1496 3236 1550 ratione
3268 1497 3522 1566 temporis
3552 1497 3653 1551 hoc
3678 1500 3852 1553 scelus
3873 1515 3997 1568 gra-

2406 1586 2683 1640 vissimum
2728 1587 2814 1650 sit,
2846 1586 3123 1640 considera
3153 1596 3403 1654 quantam
3434 1587 3697 1641 ﬂammam
3732 1590 3782 1642 in
3810 1605 3997 1644 eorum

2406 1676 2718 1747 capita,qui
2744 1676 2794 1730 id
2824 1688 3132 1746 perpetrare
3168 1676 3386 1741 audent,
3436 1676 3667 1733 inducet.
3714 1678 3865 1747 Quod
3906 1695 4002 1733 au-

2406 1777 2513 1822 tem
2542 1784 2646 1822 non
2678 1777 2879 1823 temere
2910 1770 2980 1823 ita
3010 1769 3314 1835 ratiocinor,
3349 1786 3413 1825 ex
3442 1785 3501 1825 re
3543 1770 3655 1839 ipsa
3696 1770 3998 1842 exeritplnm

2407 1858 2647 1925 afferam,
2681 1867 2739 1913 ut
2768 1859 2968 1925 sciatis,
2997 1861 3207 1914 tametsi
3248 1874 3334 1916 res
3378 1870 3591 1915 nostras
3627 1877 3814 1917 omnes
3853 1875 4000 1917 recto

2408 1950 2838 2017 instituamus,si
2870 1950 3100 2005 ﬁliorum
3123 1950 3346 2005 saltttem
3380 1950 3726 2021 negligamus,
3770 1967 3868 2007 nos
3901 1968 3999 2008 ex-

2408 2050 2605 2095 tremas
2656 2040 2876 2095 daturos
2917 2056 3037 2096 esse
3080 2056 3285 2111 poenas.
3331 2040 3483 2107 Quod
3542 2042 3691 2096 vobis
3739 2042 4000 2099 allaturos

2407 2148 2548 2199 sum,
2581 2149 2687 2188 non
2719 2148 2782 2188 ex
2816 2134 3020 2203 meipso
3046 2132 3279 2202 profero,
3303 2133 3399 2187 sed
3427 2134 3479 2188 in
3502 2133 3694 2189 divinis
3710 2132 4000 2204 Scriptut'is

2401 2224 2567 2295 jacet.
2598 2224 2862 2280 Sacerdos
2892 2224 3105 2294 quidam
3134 2223 3270 2293 apud
3296 2223 3511 2279 Iudaeos
3536 2233 3666 2290 crat,
3697 2225 3777 2279 vir
3810 2226 4000 2281 mode-

2409 2324 2558 2371 ratus
2587 2330 2648 2370 ac
2669 2316 2889 2386 probus,
2914 2316 3031 2371 lleli
3062 2316 3299 2370 nomine.
3326 2315 3459 2369 lluic
3489 2314 3595 2369 duo
3620 2324 3772 2371 erant
3802 2315 3954 2371 liberi
3983 2334 3996 2370 :

2407 2422 2543 2477 quos
2571 2421 2691 2461 cum
2716 2407 2919 2461 videret
2959 2406 3025 2460 ad
3062 2407 3192 2460 vitia
3239 2406 3525 2472 declinare,
3577 2422 3685 2461 non
3735 2406 3998 2473 cohibuit,

2406 2506 2514 2552 non
2544 2496 2809 2561 coercuit;
2864 2497 2971 2551 imo
3016 2496 3194 2567 potius
3233 2495 3476 2551 cohibuit
3516 2504 3572 2551 et
3606 2497 3861 2563 coercuit,
3903 2497 4000 2551 sed

2408 2602 2513 2642 non
2543 2598 2739 2656 quanta
2766 2585 3035 2656 diligentia
3063 2596 3115 2640 et
3135 2602 3259 2641 cura
3287 2602 3381 2654 par
3408 2595 3542 2640 erat.
3577 2585 3775 2640 [lorum
3818 2595 4000 2641 autem

2408 2677 2524 2732 hmc
2550 2684 2699 2731 erant
2726 2676 2968 2739 crimina,
3001 2675 3280 2730 fornicatio
3310 2684 3363 2731 et
3386 2676 3529 2746 gula.
3563 2676 3802 2730 Edebant
3827 2676 3995 2745 enim,

2408 2766 2581 2835 inquit
2607 2766 2683 2835 (1.
2708 2758 2836 2835 Reg.
2867 2764 2921 2818 2.
2948 2765 3062 2835 t6),
3093 2774 3374 2834 antequam
3410 2764 3870 2820 sanctiﬁcarentur
3912 2780 4002 2821 εει

2406 2874 2513 2913 cra:
2533 2873 2746 2925 carnes,
2776 2868 2827 2911 et
2851 2858 3157 2927 priusquam
3186 2857 3614 2913 olferretuereo
3654 2859 3996 2914 sacrificium.

2407 2950 2501 3004 llis
2526 2948 2816 3018 compertis
2845 2957 2996 3018 pater
3038 2964 3145 3003 non
3184 2948 3305 3002 illos
3354 2963 3511 3018 ptena
3557 2948 3849 3017 mulctavit,
3902 2949 4000 3003 sed

2408 3042 2584 3096 verbis
2608 3042 2662 3095 e't
2690 3039 2908 3095 monitis
2937 3040 3005 3094 ab
3040 3039 3139 3093 hac
3171 3039 3401 3109 nequitia
3433 3039 3575 3108 ipsos
3614 3053 3869 3093 revocare
3906 3054 4001 3094 co-

2409 3142 2565 3187 natus
2604 3141 2707 3199 est,
2733 3144 2890 3201 atque
2920 3131 3003 3185 his
3041 3130 3347 3201 frequenter
3366 3130 3543 3185 verbis
3568 3145 3661 3184 eos
3686 3130 4000 3200 alloqueba—

2408 3231 2496 3277 tur
2528 3241 2541 3277 :
2572 3222 2770 3289 Nolite,
2793 3223 2909 3292 ﬁlii,
2938 3222 3093 3275 nolite
3120 3222 3191 3275 sic
3216 3223 3420 3294 facere:
3443 3237 3542 3274 non
3571 3220 3699 3274 bona
3726 3225 3865 3291 [ante
3891 3231 3997 3285 est,

2405 3329 2559 3384 quam
2579 3328 2669 3383 ego
2697 3314 2851 3365 audio
2882 3312 2942 3364 de
2966 3312 3123 3377 vobis,
3158 3322 3208 3364 ut
3238 3312 3441 3381 faciatis
3472 3313 3714 3380 populum
3748 3327 3854 3365 non
3886 3316 4015 3365 σείει--

2410 3401 2514 3453 nire
2533 3397 2772 3453 Domino.
2800 3398 2859 3453 Si
2881 3398 3177 3473 delinquens
3200 3399 3473 3467 peccauerit
3495 3400 3569 3450 vir
3597 3398 3649 3450 in
3677 3412 4003 3463 utrunque-

2410 3494 2532 3547 bunt
2561 3509 2653 3561 pro
2682 3492 2772 3546 illo
2809 3490 3120 3557 Dominum;
3150 3491 3227 3544 sin
3256 3500 3426 3543 autent
3454 3487 3673 3543 Domino
3726 3489 4005 3564 peccaverit

2410 3588 2579 3651 homo,
2608 3585 2720 3654 quis
2740 3600 2832 3655 pro
2859 3583 2949 3636 illo
2978 3584 3139 3635 orabit
3165 3582 3243 3653 (l.
3274 3581 3400 3651 Reg.
3426 3580 3479 3634 2.
3511 3578 3639 3649 24)?
3664 3578 3824 3633 Multa
3855 3585 4028 3632 certe;

2409 3687 2491 3733 est
2512 3676 2743 3747 gravitas
2761 3690 2823 3730 ac
2850 3675 3146 3730 reverentia
3170 3672 3609 3743 verborum,qu;e
3634 3672 3803 3726 virum
3822 3679 4009 3725 mente

2410 3769 2691 3842 pratditutn
2740 3768 2807 3823 ad
2858 3767 3135 3823 meliorem
3182 3765 3387 3836 frugem
3431 3780 3683 3821 revocare
3727 3772 3944 3834 possent
3972 3780 4019 3817 7:-

2410 3878 2532 3917 nam
2561 3862 2763 3918 crimen
2795 3860 2967 3926 aﬂ‘ert,
2998 3875 3062 3914 ac
3109 3857 3446 3913 tremendum
3487 3871 3605 3910 esse
3647 3855 3997 3916 demonstrat,

2410 3954 2715 4024 ingruentcs
2744 3967 2872 4007 vero
2901 3965 3088 4021 prunas
3116 3947 3477 4003 intolerabiles
3504 3955 3557 4002 et
3584 3946 3879 4001 horrendas
3899 3945 4000 4000 de-

2413 4045 2639 4100 nuntiat.
2680 4045 2930 4099 Attamen
2969 4043 3091 4112 quia
3133 4039 3387 4112 qnidquid
3432 4038 3695 4109 agendum
3739 4045 3853 4093 erat
3892 4051 3999 4091 non

2410 4136 2667 4197 exhibuit,
2700 4136 2813 4205 ipse
2839 4149 2957 4189 cum
2987 4133 3091 4188 illis
3110 4148 3215 4187 una
3246 4131 3422 4202 periit.
3452 4129 3689 4200 Namque
3711 4129 3881 4183 minas
3901 4126 3999 4183 ad-

2409 4227 2537 4283 dere
2561 4226 2837 4292 debuerat,
2868 4241 2896 4279 a
2925 4234 3215 4295 conspectu
3246 4236 3344 4277 suo
3382 4236 3653 4285 amovere,
3690 4219 4000 4275 verberibus

2410 4320 2691 4388 castigare,
2734 4317 3008 4387 multoque
3053 4316 3157 4371 illis
3204 4316 3420 4386 gravius
3462 4324 3514 4369 et
3552 4313 3736 4369 durius
3779 4313 3996 4367 instare.

2410 4410 2542 4477 Quia
2571 4410 2729 4479 igitur
2757 4408 2885 4462 nihil
2916 4408 3107 4463 horum
3141 4408 3266 4475 egit,
3293 4406 3458 4461 Deum
3488 4414 3540 4461 et
3568 4404 3669 4458 sibi
3700 4412 3753 4459 et
3783 4404 3882 4458 illis
3902 4404 4007 4457 ini-

2410 4501 2604 4555 nticutn
2631 4499 2788 4554 fecit:
2822 4506 2983 4570 utque
3011 4497 3132 4552 ﬁliis
3162 4496 3534 4566 intempestive
3562 4502 3825 4566 parceret,
3852 4492 4000 4562 etip-

2411 4607 2592 4647 sorum
2616 4599 2671 4647 et
2698 4605 2847 4645 suam
2871 4589 3096 4665 salutem
3118 4588 3317 4643 amisit.
3348 4587 3486 4642 Audi
3518 4599 3647 4657 ergo
3689 4583 3814 4655 quid
3857 4582 4007 4637 dicat

2411 4684 2486 4739 illi
2517 4683 2690 4748 Deus;
2720 4683 2827 4737 imo
2855 4696 2985 4737 vero
3011 4697 3117 4735 non
3144 4680 3256 4749 jam
3305 4679 3404 4744 illi,
3448 4694 3621 4749 neque
3663 4678 3806 4731 enim
3854 4676 3998 4729 illum

2410 4788 2671 4843 responso
2701 4772 2918 4843 dignum
2949 4769 3471 4841 ampliusjudicavit,
3502 4767 3595 4822 sed
3628 4776 3893 4835 tamquam
3927 4767 3991 4819 fa-

2410 4865 2609 4920 mulum
2640 4864 2729 4936 qui
2760 4879 2817 4919 se
2842 4864 3077 4935 graviter
3114 4861 3443 4928 odendisset,
3495 4874 3590 4929 per
3633 4859 3794 4912 alium
3834 4875 4001 4939 even-

2411 4966 2525 5012 tura
2550 4957 2649 5027 ipsi
2676 4956 2816 5010 mala
2839 4953 3173 5025 signiﬁcavit.
3205 4952 3377 5007 Tanta
3425 4960 3550 5005 tunc
3597 4958 3715 5004 erat
3756 4948 3849 5030 Dei
3896 4949 3999 5002 ira.

2408 5046 2547 5101 Audi
2576 5047 2755 5115 itaque
2774 5044 2899 5115 quid
2929 5044 2994 5098 ad
3024 5042 3343 5114 discipulum
3374 5040 3441 5096 de
3463 5040 3717 5109 magistro
3734 5038 4001 5107 loquatur,

2408 5139 2670 5211 siquidem
2692 5146 2748 5195 et
2768 5137 3030 5207 discipulo
3049 5146 3110 5193 ct
3142 5134 3625 5216 alteriprophcm,
3666 5141 3721 5187 et
3754 5131 4003 5186 omnibus

2408 5234 2607 5303 potius,
2635 5245 2795 5302 quam
2822 5230 2915 5295 illi,
2945 5228 3013 5285 de
3042 5227 3220 5282 futura
3241 5226 3544 5281 calamitate
3581 5225 3699 5295 ejus
3740 5220 3997 5294 loq‘itebas

2410 5332 2496 5381 tur
2527 5344 2538 5378 :
2566 5324 2702 5380 adeo
2732 5323 2879 5379 illttm
2907 5322 2973 5377 ad
2992 5329 3287 5377 extremum
3315 5317 3678 5381 aversabatur.
3711 5315 3849 5385 Quid
3876 5330 4001 5383 ergo

2409 5415 2582 5487 inquit
2604 5413 2876 5471 Samueli?
2905 5411 3134 5467 Noverat
3167 5408 3309 5480 quod
3336 5407 3714 5463 maledicerent
3752 5402 3845 5459 ﬁlii
3883 5402 4007 5473 ejus

2413 5506 2617 5571 Deo,ct
2644 5519 2751 5559 non
2778 5502 3174 5565 moncbatcos;
3208 5514 3313 5555 non
3340 5499 3419 5554 sic
3455 5508 3655 5561 tamen,
3696 5509 3820 5551 nam
3853 5502 4007 5549 certe

2411 5606 2709 5662 monuerat,
2742 5596 2835 5651 sed
2869 5594 3005 5650 hanc
3032 5594 3172 5649 Deus
3198 5607 3295 5664 pro
3323 5591 3686 5668 admonitione
3709 5603 3814 5644 non
3840 5574 4005 5643 acoe-

2411 5692 2506 5761 pit,
2539 5690 2670 5745 adeo
2701 5690 2845 5744 illam
2878 5685 3232 5757 improbabat,
3264 5683 3405 5756 quod
3437 5684 3769 5738 vehementia
3796 5680 4004 5735 caruis-

2410 5793 2509 5839 set.
2546 5764 2725 5855 Itaque
2762 5781 2805 5838 si
2850 5781 2968 5835 liliis
3016 5778 3411 5852 provideamus,
3454 5778 3546 5833 sed
3599 5776 3703 5833 non
3745 5784 4007 5848 «putatum
