4266 6314
116 394 237 452 355

116 514 358 579 oportet.
389 520 495 560 non
515 519 581 561 ea
615 511 760 558 certe.
799 499 1131 571 providentia
1171 494 1396 552 dicenda
1439 501 1538 554 est,
1583 490 1723 542 sicut

114 615 229 654 nec
253 599 342 653 illa
378 595 672 652 admonitio
693 593 831 648 ileli.
856 592 990 648 Cum
1021 606 1150 645 vero
1181 589 1384 643 crimen
1428 589 1720 642 narrasset.

113 700 238 745 tum
272 705 482 760 pinnam
526 685 739 757 ingenti
771 701 891 739 eum
938 682 1208 738 iracundia
1251 678 1475 733 induxit.
1517 673 1720 738 Jurrnvi,

111 783 293 849 enim,
318 779 504 850 inquit,
533 778 707 832 domui
733 776 875 841 Heli,
900 776 945 831 si
973 784 1228 846 peccatum
1259 773 1394 825 istud
1419 769 1594 822 domui
1619 766 1725 818 lla-

113 877 154 928 li
185 861 496 944 expiabitur,
525 873 627 924 sive
653 870 982 940 thymianmte
1024 869 1126 919 sive
1173 863 1438 932 sacrificiis
1480 875 1633 929 usque
1672 857 1724 909 in

111 976 370 1020 teter-num
399 963 472 1035 (1.
507 963 635 1032 Reg.
667 963 721 1015 5.
757 959 1145 1032 14).γί(1ἰειῖιιο
1176 959 1444 1026 ingentem
1477 952 1723 1017 indigna-

115 1056 348 1116 tionem,
373 1065 692 1122 ptenamque
723 1052 867 1105 omni
895 1062 991 1118 spe
1025 1048 1197 1102 venia:
1226 1041 1541 1100 carentem?
1568 1041 1726 1093 l’ror-

113 1160 239 1211 sus,
270 1145 460 1213 inquit,
491 1143 636 1197 illum
667 1141 842 1211 perire
867 1145 1098 1208 oportet,
1128 1151 1227 1190 nec
1257 1134 1428 1204 ipsum
1469 1130 1629 1186 modo
1672 1139 1726 1183 et

112 1236 248 1306 ejus
276 1235 432 1299 ﬁlios,
456 1234 551 1290 sed
577 1250 698 1288 cum
725 1234 841 1302 ipso
872 1231 1090 1285 domum
1131 1229 1458 1289 universam,
1496 1223 1727 1278 nullum-

111 1341 229 1398 que
260 1325 706 1380 medicamentum
754 1323 876 1387 crit,
924 1320 1064 1392 quod
1110 1319 1302 1373 vulnus
1349 1315 1490 1370 istud
1537 1328 1727 1398 curare

116 1395 300 1490 possit
330 1437 345 1472 ε
377 1419 500 1473 licet
530 1418 645 1472 seni
676 1417 750 1471 illi
785 1425 981 1484 praeter
1009 1414 1239 1467 ﬁliorum
1268 1410 1566 1480 neglectum
1595 1395 1725 1460 nihil

113 1509 269 1581 quod
294 1509 507 1564 crimini
529 1507 681 1563 daret
709 1506 951 1561 habuerit
973 1505 1134 1559 Deus.
1159 1503 1287 1558 Erat
1317 1501 1460 1556 enim
1484 1501 1536 1553 in
1567 1505 1729 1553 cante-

115 1604 199 1656 ris
227 1601 475 1655 omnibus
504 1599 872 1662 admirandus,
906 1598 1131 1666 ejusque
1178 1593 1570 1664 philosophiam
1610 1605 1727 1644 om-

116 1708 248 1746 nem
271 1707 375 1746 non
398 1706 462 1746 ex
481 1691 598 1744 aliis
625 1689 806 1754 modo,
837 1687 932 1742 sed
958 1703 1024 1741 ex
1055 1687 1120 1740 iis
1145 1700 1355 1755 quoque
1383 1698 1502 1753 qua:
1546 1683 1598 1736 in
1633 1696 1730 1735 ea-

116 1783 366 1837 lamitate
394 1783 754 1851 contigerunt,
787 1779 970 1834 videre
997 1786 1098 1832 est.
1141 1777 1377 1830 Primum
1419 1775 1562 1827 enim
1605 1788 1725 1828 cum

115 1873 243 1930 haec
270 1874 448 1928 omnia
480 1873 737 1939 audisset,
763 1886 926 1942 seque
947 1870 1012 1924 ad
1039 1884 1345 1939 supremam
1378 1883 1586 1938 pinnam
1608 1881 1726 1934 per-

113 1966 340 2021 venisse
380 1965 735 2035 conspiceret,
785 1979 894 2018 non
937 1963 1192 2033 graviter,
1242 1975 1347 2015 non
1391 1959 1728 2028 indignanter

118 2049 270 2125 tulit,
304 2074 408 2113 non
436 2058 489 2112 id
519 2058 652 2112 dixit
679 2057 824 2127 quod
857 2055 1068 2125 plurimi
1106 2055 1367 2109 dixissent
1400 2071 1413 2106 :
1451 2051 1584 2106 Num
1629 2066 1728 2119 ego

117 2150 354 2205 aliorum
381 2150 670 2204 voluntatis
699 2148 950 2203 dominus
981 2146 1140 2202 sum?
1181 2145 1526 2200 Peccatorum
1577 2157 1729 2196 meo-

117 2258 243 2297 rum
269 2256 454 2312 poenas
485 2243 631 2296 luere
651 2240 823 2296 debeo
855 2240 991 2306 :,ﬁlii
1019 2247 1232 2294 aetatem
1270 2237 1490 2302 habent,
1523 2236 1730 2305 ipsique

117 2335 225 2389 soli
259 2334 578 2405 supplicium
607 2342 901 2388 merentur.
923 2333 1126 2386 llorum
1155 2331 1289 2385 nihil
1321 2329 1455 2384 dixit
1484 2329 1562 2384 vel
1581 2328 1730 2398 cogi-

121 2425 295 2490 tavit;
324 2424 418 2480 sed
447 2435 504 2479 ut
527 2439 712 2479 servus
742 2424 881 2478 bene
907 2421 1148 2488 affectus,
1180 2423 1264 2475 cui
1292 2420 1344 2474 id
1383 2435 1544 2474 unum
1580 2419 1729 2474 cordi

118 2524 264 2578 erat,
293 2514 648 2568 utadomino
701 2514 880 2568 omnia
927 2513 1077 2568 facile
1119 2512 1488 2582 patienterquc
1537 2509 1725 2576 ferret,

117 2606 522 2675 quantumlibet
547 2606 632 2659 illa
663 2606 856 2660 acerba
891 2613 1088 2671 essent,
1119 2605 1197 2659 sic
1240 2604 1328 2658 ille
1359 2603 1520 2658 verba
1552 2601 1728 2672 philo-

119 2695 333 2765 SOphite
364 2697 520 2765 plena
550 2696 792 2766 protulit.
837 2695 1110 2761 Dominus,
1160 2695 1327 2761 enim,
1381 2693 1570 2763 inquit,
1615 2702 1729 2759 est;

119 2785 266 2855 quod
294 2796 495 2856 gratum
526 2797 597 2841 est
625 2788 675 2840 in
698 2796 968 2857 conspectu
990 2803 1080 2841 suo
1102 2787 1252 2857 faciet
1275 2787 1352 2856 (l.
1382 2783 1510 2855 Reg.
1541 2783 1725 2853 5.18).

121 2876 244 2931 Νοη
277 2879 448 2932 solum
476 2887 652 2932 autem
685 2879 830 2942 hinc,
856 2878 952 2931 sed
978 2877 1194 2931 aliunde
1224 2891 1437 2947 quoque
1471 2875 1586 2945 ejus
1623 2875 1732 2928 vir-

121 2977 215 3024 tus
246 2967 572 3038 deprehendi
607 2976 801 3038 potest.
831 2969 963 3022 Nam
1009 2984 1129 3021 cum
1172 2968 1314 3022 bello
1358 2975 1729 3036 premerentur

121 3059 323 3125 Judmi,
353 3060 718 3130 accedensque
749 3060 963 3130 quidam
997 3059 1119 3114 belli
1139 3059 1315 3114 clades
1336 3059 1726 3126 annuntiasset,

121 3162 294 3223 utque
325 3153 549 3223 turpiter
578 3162 629 3206 et
656 3153 852 3206 misere
885 3151 1000 3220 ejus
1045 3151 1136 3204 ﬁlii
1180 3151 1232 3204 in
1280 3151 1462 3220 prmlio
1501 3150 1729 3205 cecidis-

124 3255 270 3310 sent,
302 3245 416 3299 hacc
445 3247 621 3315 quiete
646 3245 876 3308 audivit;
911 3254 963 3296 at
1008 3244 1096 3298 ubi
1151 3245 1239 3298 ille
1289 3253 1486 3313 praeter
1525 3244 1727 3298 caedem

120 3338 434 3408 hnjusmodi
461 3353 640 3391 arcam
669 3338 735 3392 ab
762 3337 1004 3390 hostibus
1046 3347 1257 3405 captam
1293 3336 1458 3391 fuisse
1497 3337 1728 3406 διηθεῖς-

120 3436 227 3491 set,
257 3440 384 3483 tunc
412 3443 641 3483 interere
669 3428 1048 3482 obtcnebratus
1081 3443 1244 3481 senex
1271 3427 1462 3481 cecidit
1487 3426 1554 3481 de
1599 3428 1728 3481 sella

123 3530 276 3576 retro
301 3521 448 3588 juxta
494 3521 734 3591 januam,
777 3531 828 3574 et
865 3522 1153 3574 contritum
1189 3528 1272 3574 est
1315 3519 1534 3574 dorsum
1566 3521 1681 3588 ejus
1713 3537 1726 3573 :

122 3627 295 3667 senex
316 3613 457 3667 enim
487 3622 620 3676 erat,
649 3621 701 3667 et
720 3612 897 3683 gravis
917 3620 970 3666 et
1000 3611 1347 3677 honorabilis,
1368 3621 1420 3665 et
1456 3612 1567 3680 ipse
1588 3612 1731 3680 judi-

121 3705 269 3759 cavit
315 3703 474 3758 lsrael
520 3705 702 3774 viginti
729 3704 903 3758 annis.
930 3704 1081 3773 Quod
1105 3703 1146 3756 si
1167 3703 1498 3758 sacerdotem
1521 3717 1726 3770 senem,

125 3797 523 3861 honorabilem,
567 3799 654 3867 qui
701 3797 819 3851 sine
859 3797 1075 3866 querela
1123 3796 1468 3850 Hebraeorum
1516 3807 1727 3866 gentem

125 3887 316 3957 viginti
360 3889 514 3940 annis
563 3897 799 3954 rexerat,
848 3889 936 3957 qui
969 3887 1033 3940 iis
1061 3887 1390 3958 temporibus
1418 3888 1566 3952 vixit,
1611 3903 1730 3957 qua:

125 3995 236 4034 non
273 3988 472 4032 tantam
506 3980 627 4033 vita:
654 3979 981 4049 diligentiam
1006 3979 1369 4047 requirebant,
1388 3977 1519 4031 nihil
1540 3979 1729 4034 horum

125 4085 391 4126 excusare
427 4071 743 4140 potuit;sed
767 4072 812 4124 is
843 4071 963 4140 quia
994 4069 1222 4124 ﬁliorum
1269 4084 1451 4123 curam
1500 4084 1605 4122 non
1650 4077 1732 4122 sat

124 4163 419 4232 diligenter
441 4162 719 4226 habuerat,
747 4163 941 4216 misere
964 4171 1017 4218 et
1045 4151 1328 4215 infeliciter
1352 4161 1529 4231 periit,
1557 4176 1732 4215 aene-

123 4253 398 4322 gtigentia:
419 4253 560 4306 illius
581 4254 789 4306 crimen
822 4252 990 4305 instar
1015 4249 1208 4306 ﬂuctus
1241 4252 1472 4322 ingentis
1498 4252 1586 4305 illa
1614 4268 1732 4305 om-

127 4344 215 4396 nia
246 4343 596 4409 transcendit,
629 4352 681 4398 et
711 4351 856 4397 recte
877 4341 1015 4396 facta
1038 4343 1217 4396 omnia
1245 4343 1420 4397 obruit
1449 4361 1460 4396 :
1486 4359 1604 4412 qua:
1633 4359 1731 4398 nos

127 4437 266 4490 ultio
289 4436 540 4506 e'xcipiet,
571 4438 660 4506 qui
689 4435 772 4490 his
792 4436 1125 4505 temporibus
1156 4435 1407 4501 vivimus,
1449 4436 1500 4488 in
1541 4437 1734 4504 quibus

127 4527 307 4596 major
330 4527 669 4597 philosophia
701 4527 1010 4597 requiritur,
1037 4537 1090 4581 et
1112 4536 1286 4582 tamen
1314 4527 1392 4580 illi
1416 4526 1611 4581 virtute
1648 4527 1734 4579 in-

128 4618 360 4674 feriores
386 4634 608 4683 sumus;
633 4633 695 4673 ac
727 4635 833 4672 non
865 4618 1026 4672 modo
1052 4619 1175 4673 ﬁliis
1205 4634 1312 4672 non
1355 4618 1730 4687 prospicimus,

127 4711 225 4765 sed
252 4711 414 4764 etiam
442 4711 576 4764 alios
603 4711 654 4764 id
694 4710 870 4764 facere
901 4711 1131 4765 nitentes
1180 4710 1386 4763 insidiis
1432 4709 1734 4778 appetimus

130 4813 186 4857 et
210 4819 601 4873 oppugnamus,
637 4818 700 4857 ac
727 4803 970 4860 barbaris
1019 4803 1364 4858 innnanioros
1408 4818 1529 4873 erga
1581 4811 1735 4856 natos

132 4907 353 4952 tiostros
383 4897 608 4951 sumus?
637 4895 853 4950 Illorum
880 4898 1075 4967 quippe
1103 4896 1288 4951 feritas
1317 4909 1485 4965 usque
1511 4895 1578 4949 ad
1619 4911 1734 4949 ser-

132 4992 354 5044 vitutem
385 4998 612 5052 tantum,
642 4998 695 5044 et
720 4990 1020 5044 vastitatem
1047 5005 1110 5043 ac
1133 4990 1494 5060 captivitatem
1529 4989 1732 5057 patrire,

132 5094 501 5148 corporeaque
525 5080 662 5133 mala
691 5082 848 5134 saevit
868 5097 882 5146 ;
903 5096 997 5135 vos
1022 5090 1198 5135 autem
1228 5083 1396 5150 ipsam
1425 5082 1659 5134 animam
1683 5081 1734 5133 in

133 5172 448 5226 servitutem
467 5171 728 5249 redigitis,
743 5187 968 5243 eamque
995 5174 1132 5228 velut
1155 5172 1420 5242 captivum
1442 5173 1734 5241 alligatam,

136 5264 207 5315 ita
235 5261 480 5332 malignis
501 5260 736 5330 ferisque
770 5262 1103 5317 daemonibus
1133 5279 1427 5332 eorumque
1459 5261 1737 5316 aﬁ'cctibus

141 5353 374 5408 traditis.
398 5353 531 5407 Cum
585 5346 746 5410 enim'
779 5369 951 5424 neque
996 5355 1096 5424 ipsi
1145 5355 1419 5425 quidpiam
1463 5345 1739 5424 spirit'uale

141 5445 396 5511 monetis,
429 5460 602 5514 neque
643 5446 778 5500 alios
814 5445 864 5500 id
893 5447 1171 5516 cupientes
1199 5445 1372 5501 facere
1408 5445 1736 5516 permittitis,

143 5535 275 5589 nihil
310 5536 546 5606 profecto
573 5537 716 5594 aliud
771 5539 948 5608 agitis.
995 5539 1104 5593 Nec
1157 5539 1286 5592 mihi
1332 5538 1475 5592 dicat
1523 5539 1736 5606 aliquis,

143 5628 365 5695 multos,
397 5631 486 5700 qui
511 5631 628 5700 plus
659 5647 814 5700 quam
851 5631 964 5685 llcli
1015 5630 1152 5686 ﬁlios
1195 5631 1576 5702 neglexerant,
1611 5630 1738 5683 nihil

145 5720 323 5775 simile
371 5737 559 5791 passos
589 5737 727 5777 esse.
774 5723 920 5777 Multi
961 5724 1103 5777 enim
1142 5738 1284 5790 sarpe
1326 5724 1393 5777 ob
1423 5722 1738 5790 hujusmodi

146 5813 354 5882 culpam
384 5813 542 5868 etiam
573 5813 636 5867 iis
656 5814 897 5882 graviora
929 5813 1070 5884 passi
1099 5822 1242 5868 sunt.
1274 5811 1404 5867 Nam
1435 5811 1574 5867 unde
1604 5829 1738 5882 prte-

883 383 1242 442 ADVERSUS
1271 367 1822 437 OPPUGN.\T011ES
1865 368 2045 425 Vili-1
2083 369 2377 428 MONAST.
2421 368 2550 424 LIB.
2593 367 2683 426 lll.

3334 369 3442 428 355

1837 493 2060 539 matura:
2090 483 2330 538 mortes?
2358 481 2503 560 unde
2525 480 2827 552 gravissimi
2857 487 2913 535 et
2934 478 3243 549 frequentes
3264 481 3440 539 morbi

1833 585 1886 630 et
1909 576 2064 632 nobis
2086 585 2140 631 et
2163 575 2347 632 liberis
2397 575 2599 630 nostris
2642 572 2987 629 inferuntur?
3025 573 3170 629 unde
3218 572 3438 637 damna,

1835 668 1974 724 unde
2002 669 2353 736 calamitates,
2376 668 2518 723 unde
2558 665 2902 734 uocumeuta,
2934 666 3076 722 unde
3105 667 3245 722 mala
3277 668 3440 722 innu-

1833 759 2016 813 mera?
2048 776 2228 814 nonne
2255 760 2397 830 quod
2430 761 2704 829 improbos
2750 760 2890 814 ﬁlios
2933 760 3221 814 emendare
3266 760 3440 826 negli-

1832 851 2058 919 gamus?
2086 850 2237 917 Quod
2266 851 2378 905 haec
2404 860 2581 904 autem
2624 866 2728 904 non
2780 851 3088 920 conjectura
3137 850 3238 915 sit,
3294 847 3442 902 senis

1835 941 1976 994 illius
2007 956 2163 995 casus
2193 943 2323 994 satis
2353 941 2606 996 ostendit.
2642 942 2754 1011 Ego
2788 935 2916 996 vero
2951 941 3211 1011 sapientis
3253 941 3439 1012 cujus-

1833 1033 1955 1086 dam
1983 1049 2046 1086 ex
2086 1034 2286 1087 nostris
2316 1033 2415 1088 hac
2443 1034 2509 1089 de
2561 1050 2618 1089 re
2659 1035 2860 1089 dictum
2909 1035 3138 1088 referam
3171 1052 3184 1087 :
3217 1033 3286 1088 de
3315 1031 3440 1087 filiis

1833 1125 1975 1178 enim
2001 1124 2291 1186 disserens.
2316 1127 2383 1178 ita
2415 1127 2652 1194 loquitur
2677 1145 2688 1178 ε
2717 1126 3000 1180 Nelwteris
3021 1126 3073 1178 in
3097 1124 3218 1194 ﬁliis
3242 1123 3440 1192 impiis;

1833 1218 1932 1269 nisi
1963 1218 2113 1286 fuerit
2142 1217 2194 1269 in
2216 1217 2320 1270 illis
2357 1215 2454 1269 Dei
2497 1219 2665 1282 timor,
2702 1235 2764 1272 ne
2800 1217 3031 1286 confidas
3064 1215 3274 1271 illorum
3323 1218 3438 1270 vita

1834 1308 2017 1377 (Eccli.
2055 1309 2139 1363 16.
2176 1310 2312 1381 1-5).
2343 1310 2665 1381 lngemisces
2681 1312 2822 1366 enim
2852 1322 3176 1382 praematuro
3201 1312 3441 1375 luctu,et

1833 1399 2123 1469 derepente
2153 1401 2363 1456 illorum
2395 1405 2860 1474 consumptionem
2889 1405 3047 1458 scies.
3082 1403 3302 1457 Plurimi
3335 1402 3437 1474 igi-

1835 1497 1940 1555 tur,
1971 1502 2026 1544 ut
2048 1491 2180 1557 dixi,
2215 1494 2379 1547 multa
2407 1471 2674 1563 ejusmodi
2705 1495 2844 1563 passi
2876 1505 3022 1548 sunt.
3057 1496 3112 1548 Si
3135 1504 3312 1548 autem
3335 1471 3438 1546 aii-

1833 1585 1923 1655 qui
1973 1586 2289 1656 effugerint,
2320 1598 2374 1641 at
2420 1603 2526 1642 non
2578 1588 2628 1642 in
2673 1588 2835 1642 ﬁnem
2885 1589 3141 1658 effugient
3174 1591 3210 1652 ‘,
3248 1587 3344 1644 sed
3384 1589 3436 1642 in

1834 1679 2023 1748 capitis
2047 1680 2129 1732 sui
2157 1681 2353 1734 malum
2377 1698 2390 1745 ;
2421 1682 2726 1736 acerbiores
2753 1683 2918 1747 enim,
2952 1699 3072 1736 cum
3104 1683 3438 1737 excesserint

1833 1787 1864 1826 e
1891 1772 2018 1836 vita,
2049 1789 2237 1843 poenas
2264 1774 2427 1829 luent.
2461 1773 2568 1830 Cur
2595 1786 2796 1840 autem,
2827 1777 3056 1845 inquies,
3084 1793 3186 1830 non
3216 1777 3301 1830 hic
3324 1793 3439 1830 nm-

1834 1882 1930 1922 nes
1953 1868 2276 1936 puniuntur?
2304 1869 2438 1936 Quia
2472 1870 2610 1931 Deus
2637 1869 2778 1924 diem
2807 1873 3016 1935 statuit,
3044 1887 3144 1939 qua
3171 1871 3438 1939 judicatu-

1834 1975 1926 2014 rus
1952 1969 2034 2045 est
2060 1961 2244 2014 orbem
2277 1961 2582 2016 universum
2613 1979 2627 2016 :
2661 1960 2777 2016 hmc
2814 1973 2990 2016 autem
3035 1963 3151 2016 dies
3199 1962 3437 2016 nondum

1834 2051 2008 2105 adest.
2041 2051 2119 2105 Ad
2145 2052 2263 2106 1]ωο
2288 2068 2414 2113 veno
2449 2054 2492 2106 si
2535 2054 2607 2107 ita
2653 2051 2822 2116 ﬁeret,
2848 2053 2957 2123 jam
2992 2054 3333 2121 absumptum
3385 2065 3440 2107 et

1834 2144 2113 2214 abreptum
2144 2156 2286 2199 esset
2308 2161 2466 2199 omne
2503 2161 2671 2214 genus
2713 2144 3030 2199 humanum.
3075 2145 3180 2199 Sed
3233 2152 3290 2198 ut
3339 2159 3438 2198 nec

1836 2235 1940 2291 hoc
1970 2237 2264 2305 contingat,
2295 2252 2394 2291 nec
2424 2237 2639 2305 plurimi
2672 2237 2948 2307 segniores
2986 2236 3113 2289 ﬁant
3149 2250 3218 2290 ex
3269 2235 3438 2288 tardi-

1835 2334 1946 2381 tate
1970 2326 2180 2397 judicii,
2206 2327 2465 2396 quosdam
2489 2328 2629 2382 Deus
2653 2328 2887 2399 peccatis
2919 2327 3183 2382 obnoxios
3211 2326 3296 2379 hic
3326 2341 3438 2395 pm-

1835 2419 1920 2472 nis
1949 2418 2209 2485 afﬁciens,
2235 2419 2427 2474 horum
2457 2422 2703 2490 exemplo
2733 2421 2969 2491 reliquos
2990 2419 3168 2486 docet,
3190 2433 3435 2489 quamam

1835 2508 1906 2563 sit
1930 2509 2313 2580 suppliciorum
2342 2511 2479 2565 ratio
2506 2527 2568 2566 ac
2593 2527 2865 2577 mensura,
2887 2520 2946 2566 ut
2963 2510 3229 2576 ediscant,
3251 2524 3331 2575 se,
3355 2520 3435 2564 ct-

1835 2603 1882 2657 si
1911 2599 1972 2657 in'
1995 2603 2095 2657 hac
2122 2604 2228 2657 vita
2253 2620 2439 2674 pmnas
2464 2620 2568 2659 non
2600 2607 2768 2671 luant,
2800 2615 2920 2675 post
2950 2620 3228 2660 excessum
3257 2614 3435 2658 tamen

1835 2693 1992 2764 longe
2033 2696 2308 2764 graviores
2351 2697 2626 2752 subituros
2669 2712 2812 2752 esse.
2856 2695 3042 2766 Neque
3095 2698 3238 2751 enim
3291 2696 3433 2766 quod

1835 2786 2153 2856 prophetam
2181 2802 2322 2841 nunc
2353 2803 2458 2842 non
2490 2790 2666 2842 mittat
2696 2788 2861 2853 Deus,
2885 2803 2986 2842 nec
3014 2802 3199 2856 poenas
3223 2787 3436 2841 denun-

1836 2877 1932 2932 tiet
1959 2886 2017 2931 ut
2048 2877 2164 2931 Heli
2194 2888 2457 2947 tempore,
2485 2879 2603 2933 ideo
2624 2878 2836 2933 desides
2855 2893 2976 2933 esse
3004 2878 3260 2932 debemus
3289 2895 3302 2932 :
3327 2882 3437 2930 non

1834 2970 1978 3025 enim
2007 2969 2386 3040 prophetarum
2439 2972 2542 3024 hoc
2585 2981 2796 3040 tempus
2843 2981 2964 3034 est;
3010 2971 3114 3023 imo
3164 2985 3292 3024 vero
3341 2983 3437 3024 eos

1835 3076 1978 3116 nunc
2003 3076 2216 3131 quoque
2245 3063 2427 3116 mittit.
2461 3060 2638 3133 [Unde
2660 3061 2710 3116 id
2747 3061 2902 3117 nobis
2925 3061 3082 3130 liquet
3106 3059 3354 3117 ?'.llabent
3385 3060 3426 3124 ',

1835 3151 2023 3221 inquit,
2052 3151 2284 3223 Moysem
2303 3163 2352 3206 et
2381 3151 2671 3225 prophetas]
2688 3151 2840 3224 (Luc.
2873 3154 2960 3207 l6.
2989 3153 3104 3224 29).
3131 3153 3200 3206 Ea
3230 3151 3428 3219 quippe

1836 3261 1958 3315 quas
1983 3246 2125 3300 illius
2165 3248 2421 3315 temporis
2468 3247 2594 3300 viris
2637 3245 2779 3300 dicta
2829 3254 2973 3311 sunt,
3022 3245 3175 3298 nobis
3218 3259 3434 3312 quoque

1835 3339 1974 3394 dicta
2003 3347 2146 3404 sunt,
2181 3354 2281 3396 nec
2309 3339 2630 3404 modelleli,
2661 3337 2753 3392 sed
2785 3337 3034 3391 omnibus
3065 3336 3218 3389 simul
3243 3335 3432 3388 eadem

1836 3431 2182 3500 peccantibus
2214 3445 2310 3499 per
2340 3431 2484 3484 illum
2514 3445 2713 3500 perque
2742 3429 2881 3482 illius
2905 3428 3235 3481 calamitate.-
3264 3427 3435 3496 loqui-

1838 3533 1923 3578 tur
1945 3524 2106 3579 Deus.
2129 3518 2243 3578 Nec‘
2270 3525 2411 3578 enim
2447 3537 2702 3592 personas
2729 3523 2943 3590 accipit,
2974 3535 3073 3574 nec
3099 3521 3186 3590 qui
3215 3519 3428 3572 minora

1836 3626 2149 3688 peccantem
2175 3631 2295 3671 cum
2323 3617 2485 3670 domo
2507 3624 2615 3669 tota
2651 3613 2888 3669 funditus
2931 3613 3144 3678 evertit,
3187 3612 3433 3683 graviora

1837 3725 2119 3781 aggressos
2148 3709 2378 3764 dimittet
2402 3708 2622 3762 inultos.

1906 3803 1962 3857 4.
2010 3802 2164 3872 Leges
2204 3800 2580 3854 educandorum
2610 3798 2881 3852 liberorum
2907 3795 3015 3849 Deo
3042 3795 3193 3848 datae.
3222 3825 3294 3867 .—
3315 3795 3430 3849 Non

1836 3894 1978 3949 enim
2005 3894 2185 3947 dicere
2214 3891 2293 3944 fas
2318 3900 2419 3954 est,
2450 3905 2570 3944 eum
2596 3904 2700 3942 non
2732 3887 2951 3941 multam
2979 3887 3137 3954 hujus
3166 3888 3238 3941 rei
3270 3886 3436 3939 ratio-

1836 4001 1959 4040 nem
2008 3984 2226 4048 habere,
2259 3996 2521 4036 summam
2550 3980 2767 4048 quippe,
2801 3976 3198 4030 educandorum
3241 3976 3436 4029 libero-

1836 4091 1954 4131 rum
1982 4074 2390 4129 sollicitudinem
2423 4072 2621 4125 iuducit
2655 4088 2665 4121 :
2701 4068 2964 4138 siquidem
3002 4079 3198 4121 tantam
3229 4079 3434 4121 naturze

1837 4168 2321 4235 concupiscentiam
2361 4165 2482 4218 ideo
2523 4163 2730 4228 indidit,
2776 4173 2834 4217 ut
2863 4160 3011 4231 quasi
3058 4160 3432 4228 necessitatem

1838 4259 2121 4332 quamdam
2155 4259 2515 4314 inevitabilem
2535 4271 2676 4310 curas
2704 4255 2932 4308 ﬁliorth
2955 4252 3214 4309 habendm
3238 4266 3438 4320 parcn-

1839 4357 1978 4411 tibus
2017 4353 2368 4408 constitueret
2417 4369 2429 4403 :
2481 4350 2624 4418 leges
2653 4347 2776 4402 item
2796 4345 3137 4422 postmodum
3170 4343 3343 4396 intulit
3367 4341 3437 4396 de

1839 4462 1963 4501 cura
1989 4446 2216 4499 ﬁliorum
2247 4441 2478 4512 gerenda
2505 4455 2604 4493 nos
2633 4438 2912 4507 alloquens
2937 4453 2951 4490 :
2984 4445 3033 4489 et
3070 4450 3192 4488 cum
3215 4433 3329 4488 dies
3352 4433 3436 4487 fe-

1839 4545 1951 4589 stos
1978 4543 2258 4599 statueret,
2303 4541 2361 4585 ut
2384 4544 2574 4586 causas
2603 4529 2723 4582 ﬁliis
2745 4528 2856 4581 suis
2879 4525 3175 4579 indicarent
3208 4525 3439 4592 impera-

1841 4629 1935 4681 vit.
1979 4627 2110 4680 Nam
2143 4641 2264 4680 cum
2303 4624 2370 4678 de
2405 4621 2666 4677 Pascbatc
2697 4619 3024 4687 loqueretur,
3066 4614 3260 4683 adjecit
3302 4631 3314 4666 :
3376 4611 3440 4665 Et

1841 4720 2163 4775 aununtiabis
2217 4718 2324 4787 ﬁlio
2379 4727 2462 4769 tuo
2502 4715 2556 4767 in
2613 4712 2695 4764 die
2741 4711 2832 4763 illa
2883 4708 3052 4761 diceris
3096 4722 3114 4758 :
3149 4704 3276 4758 Ideo
3323 4703 3440 4773 fecit

1841 4811 1983 4866 Deus
2013 4811 2136 4863 mihi
2180 4810 2307 4872 hcce,
2336 4824 2448 4860 cum
2485 4805 2671 4858 exirem
2693 4801 2754 4854 de
2789 4798 3042 4869 Egypto.
3075 4797 3130 4851 lu
3162 4797 3278 4864 lege
3304 4793 3440 4863 quo-

1842 4921 1946 4976 que
1987 4904 2214 4974 idipsum
2274 4900 2442 4954 facit:
2490 4913 2612 4950 nam
2669 4894 2737 4949 de
2774 4890 3140 4962 primogenitis
3192 4888 3444 4956 loquutus

1842 5013 2028 5055 rursus
2093 4996 2273 5064 adjicit
2330 5010 2345 5047 :
2413 4990 2472 5046 Si
2519 4998 2686 5043 autem
2752 4981 3132 5053 interrogaverit
3191 4989 3238 5033 te
3306 4977 3444 5044 ﬁlius

1845 5102 1981 5156 tuus,
2010 5089 2178 5142 dicens
2198 5103 2216 5140 :
2255 5083 2390 5151 Quid
2421 5083 2513 5136 Itoc
2543 5081 2655 5135 est?
2680 5079 2814 5132 dices
2840 5076 2909 5128 ad
2935 5091 3066 5137 eum,
3097 5071 3229 5139 Quia
3255 5069 3308 5122 in
3330 5083 3444 5120 ma-

1845 5200 1914 5235 nu
1941 5181 2108 5234 valida
2137 5179 2310 5233 eduxit
2336 5193 2425 5230 nos
2456 5175 2701 5227 Dominus
2731 5171 2792 5223 de
2829 5166 3061 5238 Afyypto
3095 5181 3158 5217 ea:
3176 5165 3306 5234 jugo
3339 5177 3448 5214 ser-

1846 5272 2038 5325 vitutis.
2064 5268 2190 5324 Cum
2207 5285 2321 5322 vero
2348 5267 2680 5320 obduraretur
2693 5261 2900 5314 Pharao
2923 5273 3012 5310 nec
3034 5254 3306 5310 dimitteret
3331 5268 3445 5314 nos,

1848 5363 2032 5417 occidit
2049 5378 2196 5415 omne
2213 5359 2600 5431 primogenitum
2617 5355 2668 5407 in
2683 5364 2814 5406 terra
2825 5349 3042 5419 Αἴθῃ]ρεὶ
3057 5363 3086 5399 a
3103 5343 3454 5416 primogenitis

1849 5455 2111 5507 hominum
2126 5455 2293 5521 usque
2310 5450 2377 5503 ad
2400 5446 2733 5519 primnoenita
2747 5444 3116 5516 jumentorum.
3139 5434 3341 5489 Idcirco
3359 5447 3455 5500 ego

1914 5569 1928 5600 ¹
1967 5577 2075 5616 meo
2099 5565 2270 5624 verba,
2293 5567 2342 5612 at
2364 5575 2456 5612 non
2479 5561 2529 5610 in
2551 5557 2698 5623 ﬁnem
2730 5557 2983 5621 emtgient,
3007 5555 3055 5603 in
3079 5548 3245 5601 Morel.
3267 5555 3454 5598 tantum

1848 5630 2258 5746 ἀθῗιῗιίέἓηὲἷιὲίε
2280 5686 2335 5736 id
2359 5685 2492 5735 nobis
2516 5679 2704 5743 itque"
2751 5679 2950 5744 παιεηις
2970 5677 3139 5746 ίηίηίίίν
3168 5683 3377 5746 Μονδεηὲ
3395 5677 3455 5746 ἔξ

1850 5737 2125 5813 oraplietns,
2149 5751 2211 5813 at)
2231 5750 2454 5797 omnibus
2476 5737 2670 5813 absunt,
2689 5740 2898 5813 excepto
2922 5737 3087 5789 Morel.
3114 5752 3126 5786 :
3153 5748 3263 5800 qua:
3286 5740 3456 5798 apert:

1855 5803 2263 5878 est'interpolatio
2284 5825 2297 5872 ;
2323 5821 2475 5872 quare
2501 5808 2690 5856 uncinis
2712 5803 3018 5854 seclusitnus.
