4266 6314
362 284 467 338 357
508 306 513 311 -

361 402 405 453 si
432 417 521 453 eas
550 402 620 455 ita
650 402 907 459 baberent
936 415 1202 477 tamquam
1228 427 1330 463 non
1363 412 1638 476 habentes,
1668 419 1720 466 ct
1752 418 1951 465 mundo

365 509 469 545 non
502 493 867 563 abuterentur.
902 498 1009 552 Nos
1036 511 1237 563 autem,
1269 504 1311 554 si
1344 503 1531 569 placet.
1563 504 1662 555 hoc
1686 503 1951 571 disquira-

365 599 502 636 llttlS.
536 586 763 640 Potesne
787 589 988 655 dicere,
1016 592 1098 644 vel
1126 602 1176 645 te
1198 604 1449 647 monente
1469 593 1737 647 audivisse
1766 595 1951 657 lilium,

365 679 445 728 vel
476 692 505 729 a
537 679 714 746 scipso
742 679 1027 743 didicisse.
1072 699 1194 736 cum
1236 686 1324 754 qui
1357 686 1498 754 jurat
1519 726 1533 752 ,
1583 685 1789 739 etiamsi
1834 700 1954 739 cum

365 768 571 821 ratione
599 769 760 839 jnret,
798 773 964 827 Deum
994 785 1168 829 tamen
1194 776 1507 831 oll‘endere?
1532 778 1613 832 An
1647 779 1771 831 item
1795 793 1916 831 cum
1939 818 1954 841 ,

364 859 454 925 qui
488 860 796 925 injuriarum
828 866 1139 919 recordatur
1160 908 1174 931 ,
1227 868 1436 921 salvum
1469 883 1590 923 esse
1626 884 1733 922 non
1762 867 1959 937 posse?

367 970 487 1007 nam
531 955 665 1021 Vite,
716 958 916 1028 inquit,
956 962 1332 1015 recordantium
1366 963 1607 1031 injurias,
1650 962 1717 1015 ad
1746 972 1959 1015 mortem

368 1044 549 1111 (Prov.
585 1048 669 1100 1'2.
703 1049 820 1115 28).
855 1054 935 1103 An
958 1092 972 1119 ,
1005 1053 1143 1119 quod
1179 1052 1499 1107 maledicum
1531 1054 1598 1106 ita
1626 1053 1955 1107 dehonesta-

366 1132 499 1186 verit
532 1138 686 1199 Deus,
724 1150 777 1191 ut
804 1155 924 1192 eum
956 1156 984 1193 a
1010 1142 1205 1194 divinte
1234 1146 1525 1212 Scriptura:
1548 1144 1777 1197 lectione
1802 1158 1958 1197 arce-

364 1225 485 1277 ret?
512 1242 601 1290 an,
635 1229 775 1295 quod
797 1240 1136 1299 arrogantem
1164 1241 1217 1286 et
1241 1234 1686 1287 contumeliosum
1718 1235 1784 1287 de
1815 1234 1961 1287 uelis

364 1318 725 1372 exturbaverit
747 1358 763 1385 ,
813 1330 865 1373 et
893 1322 1151 1390 gehenme
1184 1323 1320 1392 ignis
1348 1324 1666 1378 tradiderit?
1693 1338 1782 1386 an,
1814 1323 1958 1391 quod

365 1423 487 1460 eum
515 1412 603 1476 qui
631 1408 919 1478 impudicis
948 1414 1169 1481 respicit
1196 1413 1388 1478 oculis,
1420 1415 1573 1483 quasi
1601 1428 1726 1469 vere
1746 1413 1960 1467 adulte-

367 1512 484 1549 rtnn
513 1501 735 1566 puniat?
761 1504 845 1555 An
874 1502 1126 1573 frequens
1154 1504 1282 1558 illud
1311 1512 1365 1559 et
1389 1506 1636 1560 omnibus
1659 1506 1813 1559 facile
1835 1519 1961 1574 pec.

364 1599 543 1641 catum
567 1631 582 1653 ,
635 1594 906 1661 proximos
950 1610 1141 1663 nempe
1173 1595 1415 1663 judicare
1439 1606 1493 1651 et
1515 1599 1595 1654 sic
1623 1597 1836 1666 gravius
1860 1596 1962 1651 sibi

367 1683 689 1751 supplicium
717 1685 1009 1751 attrahere,
1043 1698 1099 1742 ut
1134 1687 1344 1759 fugeret
1371 1689 1646 1755 monuisti,
1676 1698 1731 1743 et
1762 1690 1906 1759 leges
1930 1703 1963 1743 a

366 1772 584 1827 Citrile
615 1777 715 1830 hac
744 1779 811 1831 de
838 1793 897 1832 re
938 1778 1140 1847 positas
1167 1780 1266 1849 ipsi
1295 1780 1507 1851 legisti?
1530 1796 1596 1834 an
1625 1790 1681 1834 tu
1721 1782 1857 1881 ipse,
1895 1794 1964 1835 ne

366 1865 411 1918 si
433 1869 692 1922 exsistant
713 1870 950 1939 quidem,
977 1871 1156 1925 nosti?
1177 1872 1419 1939 Quonam
1443 1889 1571 1944 ergo
1592 1865 1966 1943 modo‘poterit

366 1972 428 2010 ea
461 1958 601 2013 ﬁlius
630 1961 887 2030 perﬁcere
906 1991 929 2025 ,-
950 1979 1178 2032 quorum
1208 1979 1309 2019 nec
1335 1976 1487 2035 pater
1516 1966 1629 2036 ipse
1649 2008 1663 2034 ,
1691 1966 1781 2035 qui
1812 1965 1961 2019 illum

367 2049 584 2104 erudire
625 2051 918 2121 debuerat,
973 2055 1119 2125 leges
1164 2056 1568 2126 novitiAtque
1610 2058 1812 2111 utinam
1860 2055 1965 2111 hoc

366 2140 751 2195 solum‘danmi
783 2144 1035 2210 adesset,
1065 2144 1205 2215 quod
1233 2145 1365 2199 nihil
1394 2146 1523 2201 utile
1550 2157 1728 2217 patres
1753 2145 1963 2201 consilii

365 2232 589 2296 darent,’
611 2248 717 2287 non
748 2244 952 2289 tantum
985 2236 1167 2306 utique
1194 2238 1392 2291 malum
1416 2247 1596 2292 esset:
1619 2252 1760 2292 nunc
1786 2244 1962 2290 autem

366 2338 461 2375 eos
490 2324 554 2376 ad
581 2327 851 2380 coittraria
881 2323 1100 2396 prorsus
1127 2329 1419 2399 impellitis.
1448 2328 1630 2400 Neque
1653 2330 1797 2389 enim
1821 2328 1965 2383 aliud

368 2427 549 2485 patres
579 2420 763 2473 audias
806 2434 925 2474 cum
959 2422 1082 2476 filiis
1118 2430 1380 2487 tractare,
1406 2438 1535 2478 cum
1572 2438 1666 2479 eos
1694 2421 1762 2476 ad
1789 2422 1965 2486 studia

368 2508 638 2561 literarum
684 2508 1006 2575 hortantur.
1035 2514 1136 2567 nisi
1166 2514 1325 2568 verba
1359 2513 1666 2583 hujusmodi
1694 2531 1707 2566 :
1732 2513 1857 2582 ille,
1886 2514 1968 2569 iu-

366 2600 514 2667 quit,
541 2596 811 2669 illumilis,
861 2604 1154 2675 humilique
1198 2606 1319 2661 loco
1360 2616 1555 2674 natus,
1605 2593 1964 2676 eloquentiam

366 2694 615 2761 adeptus,
644 2710 884 2749 summos
906 2700 1249 2767 magistratus
1272 2700 1523 2767 obtinuit,
1546 2698 1758 2754 divitias
1777 2700 1965 2770 acqui-

367 2787 493 2839 sivu
520 2789 784 2856 ingentes,
830 2805 1051 2843 uxorem
1100 2791 1249 2843 duxit
1282 2792 1611 2861 epuleutam,
1656 2790 1966 2861 splendidas

366 2881 663 2932 eonstruxit
686 2882 850 2947 aedes,
881 2884 1130 2937 omnibus
1154 2886 1343 2939 terrori
1370 2895 1472 2951 est,
1502 2896 1556 2941 et
1582 2885 1751 2955 gloria
1778 2883 1960 2954 fulget.

364 2972 519 3025 Alius
558 2988 767 3026 rursum
794 2993 808 3027 :
834 2973 959 3037 Ille,
1012 2977 1213 3045 inquit,
1247 2976 1433 3031 Latina
1475 2977 1652 3048 lingua
1692 2977 1963 3044 eruditus,

366 3064 421 3117 in
449 3065 592 3133 regia
621 3065 953 3120 clarissimus
974 3079 1075 3133 est,
1100 3079 1398 3136 cunctaque
1428 3069 1571 3122 intus
1600 3068 1960 3124 administrat.

366 3156 439 3210 Et
460 3158 596 3210 alius
622 3158 783 3211 alium
810 3175 996 3214 rursus
1036 3162 1305 3227 ostendit,
1346 3162 1632 3232 cunctique
1670 3176 1765 3217 eos
1789 3162 1880 3231 qui
1909 3161 1962 3215 in

369 3242 511 3305 terra
539 3246 778 3319 insignes
805 3261 928 3305 sunt
958 3264 1277 3317 memorant,
1304 3255 1600 3308 cailestium
1621 3263 1798 3308 autem
1822 3253 1962 3306 nulla

366 3354 591 3409 usquam
623 3342 853 3403 mentio;
886 3342 991 3395 imo
1013 3344 1057 3397 si
1078 3330 1199 3413 quis
1221 3345 1308 3397 illa
1330 3360 1759 3403 commemorare
1775 3360 1966 3415 aggre-

363 3429 564 3496 diatur,
598 3441 657 3485 ut
684 3434 773 3502 qui
802 3444 995 3488 cuncta
1025 3445 1316 3503 pervertat,
1347 3437 1580 3506 ejieitur.

437 3525 492 3579 6.
522 3524 656 3579 Cum
690 3526 851 3595 igitur
876 3542 905 3579 a
940 3529 1201 3599 principio
1234 3534 1348 3583 hate
1378 3530 1486 3586 illis
1507 3529 1769 3585 uccinalis
1790 3570 1805 3594 ,
1829 3528 1963 3583 nihil

364 3615 508 3670 aliud
531 3632 627 3671 eos
656 3634 815 3687 quam
846 3621 1084 3674 omnium
1116 3622 1381 3675 malorum
1413 3624 1691 3677 materiam
1714 3624 1923 3677 docetis
1942 3662 1959 3689 ,

362 3709 502 3764 duos
531 3710 951 3766 violentissimos
976 3728 1191 3768 amores
1218 3714 1583 3781 insinuantes,
1618 3716 1961 3785 pecuniarum

362 3800 507 3867 dico,
541 3812 595 3855 et
623 3803 711 3871 qui
746 3803 902 3873 longe
918 3804 1149 3874 iniquior
1164 3817 1268 3873 e~t,
1287 3822 1438 3861 vana:
1459 3807 1737 3877 inanisque
1755 3807 1961 3877 gloriae.

363 3889 567 3946 llorutn
597 3907 728 3947 vero
756 3893 1015 3951 alteruter
1046 3910 1140 3964 per
1164 3911 1223 3950 se
1261 3897 1409 3950 solus
1432 3908 1624 3951 cuncta
1656 3907 1965 3966 pervertere

363 3990 719 4049 potestzcum
748 3996 925 4038 autem
957 3987 1116 4041 ambo
1146 3986 1198 4039 in
1233 3996 1467 4041 teneram
1490 3988 1704 4057 juvenis
1727 3989 1961 4043 animam

363 4070 679 4139 conﬂuunt,
723 4062 876 4144 quasi
925 4077 1143 4145 quidam
1188 4086 1451 4134 torrentes
1503 4080 1772 4148 conjuncti
1822 4079 1961 4134 bona

362 4166 543 4218 omnia
568 4178 953 4237 corrumpunt,
1000 4178 1201 4248 tantam
1236 4174 1342 4225 vim
1385 4172 1660 4241 spinarum
1691 4174 1707 4205 ⁸
1745 4182 1800 4228 et
1836 4189 1958 4230 are-

362 4272 467 4323 nte,
501 4268 700 4312 tantam
729 4262 1010 4319 colluvicm
1038 4264 1440 4331 contrahentes,
1474 4274 1529 4321 ut
1556 4268 1789 4320 animam
1817 4267 1962 4321 illam

363 4349 639 4416 sterilem,
684 4349 1109 4421 infructuosam,
1158 4354 1419 4427 bonisque
1457 4357 1706 4421 omnibus
1740 4373 1961 4413 vacuam

362 4440 622 4496 efﬁciant.
671 4442 872 4497 llorutn
916 4452 1086 4507 testes
1127 4461 1248 4502 esse
1275 4430 1499 4517 possunt
1537 4451 1705 4507 exteri
1745 4465 1962 4519 quoque

363 4531 658 4600 scriptores
679 4549 693 4585 :
716 4549 942 4602 quorum
966 4551 1103 4591 unus
1123 4538 1350 4591 alterum
1371 4537 1618 4593 affectum
1635 4579 1651 4604 ,
1693 4554 1799 4593 non
1839 4555 1962 4594 cum

362 4626 470 4681 alio
492 4628 736 4696 junctum
762 4671 779 4697 ,
811 4628 907 4683 sed
934 4644 1031 4699 per
1059 4646 1119 4685 se
1144 4632 1319 4686 solum
1341 4676 1357 4700 ,
1387 4646 1599 4698 arcem,
1627 4634 1763 4687 alius
1790 4649 1960 4698 vero,

362 4729 525 4792 caput
553 4723 812 4775 malorum
843 4724 1096 4792 appellat.
1128 4725 1281 4790 Quod
1327 4726 1373 4779 si
1418 4737 1724 4794 separatum
1755 4740 1851 4778 arx
1878 4734 1964 4780 est

363 4820 418 4866 et
439 4821 619 4881 caput,
651 4827 772 4866 cum
800 4814 938 4867 alius
962 4813 1123 4883 looge
1148 4814 1365 4883 gravior
1392 4823 1447 4868 et
1479 4816 1746 4883 potentior
1771 4830 1959 4870 acces-

364 4903 518 4977 serit,
543 4904 731 4957 insana
755 4919 948 4973 nempe
976 4906 1163 4975 gloriae
1187 4904 1403 4973 cupido,
1426 4916 1622 4960 etcum
1644 4907 1737 4960 illo
1761 4906 1966 4960 violen-

367 5003 449 5048 ter
479 4995 730 5061 irruerit,
765 4996 1079 5065 radicesque
1114 4997 1386 5066 posuerit,
1416 5009 1575 5066 atque
1597 4997 1813 5066 juvenis
1840 4999 1962 5055 ani-

367 5103 513 5140 mum
554 5088 936 5157 occupaverit,
984 5090 1105 5159 quis
1142 5091 1359 5145 demum
1405 5090 1668 5159 ejusmodi
1712 5091 1962 5145 morbum

366 5194 619 5235 amovere
660 5181 865 5249 possit,
898 5196 1020 5234 cum
1064 5183 1296 5237 maxime
1338 5191 1519 5250 patres
1560 5182 1695 5250 ipsi,
1745 5196 1853 5236 non
1906 5190 1964 5235 ut

366 5271 699 5336 evellantur,
744 5271 839 5326 sed
882 5280 942 5326 ut
972 5271 1208 5326 firmiora
1235 5273 1344 5326 sint
1373 5272 1489 5325 haec
1516 5273 1655 5327 mala
1681 5273 1959 5341 germina,

369 5363 504 5418 nihil
536 5377 641 5417 non
670 5374 833 5435 agant
861 5372 916 5418 et
944 5365 1162 5419 dicant?
1208 5363 1365 5439 Quis.
1386 5365 1545 5435 igitur
1585 5340 1721 5419 adeo
1766 5340 1961 5418 stulttis

367 5464 472 5519 est,
506 5464 565 5507 ut
595 5470 700 5507 non
728 5454 980 5523 desperet
1004 5454 1072 5509 de
1099 5455 1273 5509 salute
1298 5456 1448 5524 pueri
1475 5455 1543 5509 ad
1569 5453 1711 5509 hunc
1741 5455 1959 5509 modum

356 5546 636 5601 instituti?
661 5546 964 5617 Optandum
990 5555 1073 5601 est
1098 5547 1334 5601 animam
1353 5547 1637 5602 contrariis
1663 5546 1826 5602 rebus
1851 5545 1958 5600 im-

434 5684 451 5712 ι
486 5690 595 5731 Hac
611 5682 782 5741 verba,
802 5686 984 5730 tantam
1004 5677 1099 5727 vim
1119 5676 1388 5739 spinarum
1410 5678 1589 5730 desunt
1621 5680 1670 5729 in
1702 5676 1868 5729 Morel.
1910 5690 1961 5732 ei

268 5758 277 5765 '
369 5745 528 5805 Savil.,
553 5745 639 5794 sed
664 5743 903 5793 habentur
927 5744 975 5791 in
998 5742 1191 5791 duobus
1212 5750 1315 5792 Mss.

1063 295 1425 354 ADVERSUS
1465 298 2011 356 OPNIGNATORES
2038 300 2221 355 ῊΤᾸΞ
2262 302 2556 358 MONAST.
2590 302 2717 359 LlB.
2763 303 2847 358 Ill.

3552 303 3654 361 338

2059 413 2237 469 hutam
2260 430 2287 468 a
2311 417 2507 471 malitia
2537 434 2595 471 se
2621 418 2917 472 subducere
2938 434 2950 471 :
2970 415 3183 486 quando
3210 426 3385 471 autem
3416 416 3648 485 undique

2060 506 2284 559 illiciunt
2324 510 2675 577 pecuniarum
2734 510 2986 578 przcntia,
3038 520 3094 563 et
3147 509 3392 561 scelerati
3443 510 3537 562 viri
3584 510 3651 563 ad

2062 598 2371 651 imitandum
2402 614 2796 668 prepouuutur,
2826 616 3067 667 qurenam
3103 600 3291 652 salutis
3317 614 3440 667 spes
3463 616 3653 667 snper-

2060 687 2180 740 est?
2207 687 2340 741 Nam
2374 705 2502 756 eos,
2535 691 2621 759 qui
2657 692 2995 758 pecuniarum
3026 706 3211 745 amore
3262 700 3511 744 tenentur
3537 732 3552 754 ,
3604 702 3656 742 ιει

2062 778 2290 846 invidos,
2319 787 2375 832 et
2403 781 2672 849 improbos
2702 790 2755 833 et
2778 782 3001 834 multum
3023 781 3288 848 jurautes,
3309 791 3362 833 et
3388 781 3651 848 perjuros,

2061 868 2479 923 contumeliosos
2499 871 2646 932 item,
2671 869 2835 933 fures,
2867 871 3269 934 inverecuudos,
3295 871 3651 937 impudentes,

2062 959 2297 1028 ingratos
2316 1002 2331 1025 ,
2359 962 2591 1031 denique
2616 964 2762 1016 omni
2798 963 3031 1033 nequitia
3068 962 3256 1032 plenos
3287 976 3408 1016 esse
3434 975 3655 1015 necesse

2061 1058 2163 1102 est.
2206 1050 2409 1104 llorutn
2450 1052 2600 1105 testis
2633 1051 2734 1106 ﬁde
2777 1053 2969 1121 dignus
2994 1063 3079 1107 est
3118 1054 3302 1108 beatus
3342 1051 3537 1106 Paulus
3574 1053 3655 1121 (l.

2063 1137 2196 1193 Tim.
2214 1142 2267 1196 6.
2284 1142 2395 1211 10),
2424 1149 2513 1211 qui
2547 1143 2778 1198 radicem
2795 1125 3031 1197 omnium
3051 1143 3312 1197 malorum
3335 1155 3453 1200 esse
3479 1158 3651 1195 avari-

2065 1230 2190 1285 tiam
2227 1233 2361 1285 dixit
2385 1252 2398 1287 :
2423 1245 2477 1287 et
2502 1242 2629 1289 ante
2655 1235 2826 1303 ipsum
2854 1234 3097 1291 Christus
3126 1234 3178 1289 id
3207 1235 3378 1304 ipsum
3406 1233 3653 1288 declara-

2062 1330 2213 1375 verat
2241 1321 2454 1394 (Matth.
2501 1322 2555 1379 6.
2598 1324 2693 1392 24)
2714 1366 2729 1388 ,
2771 1338 3091 1380 asseverans
3120 1340 3225 1379 non
3256 1339 3377 1379 esse
3406 1324 3657 1394 possibile

2063 1413 2178 1468 Deo
2202 1416 2405 1470 servire
2428 1430 2551 1471 eum
2576 1458 2591 1483 ,
2622 1418 2711 1488 qui
2743 1418 2817 1471 illi
2844 1418 3030 1472 morbo
3055 1418 3301 1473 serviret.
3335 1416 3466 1471 Cum
3500 1417 3659 1487 igitur

2066 1505 2218 1559 initio
2239 1505 2453 1575 juvenis
2477 1508 2542 1561 ad
2568 1508 2713 1563 hanc
2748 1512 2927 1564 statim
2966 1509 3263 1564 adducatur
3301 1512 3611 1564 Servitutem
3638 1549 3654 1575 ,

2064 1596 2278 1665 quando
2304 1598 2442 1653 liber
2467 1600 2691 1654 evadere
2723 1604 2948 1670 poterit,
2999 1601 3211 1671 quando
3245 1602 3462 1655 fluctum
3496 1598 3660 1655 susti-

2065 1702 2219 1753 nere,
2242 1691 2494 1745 onmibus
2524 1691 2867 1761 pollentibus.
2900 1694 3154 1748 omnibus
3180 1692 3616 1761 immergentibus
3640 1732 3655 1758 ,

2065 1788 2121 1833 et
2146 1780 2198 1833 in
2228 1790 2486 1836 extremae
2514 1783 2901 1838 submersiouis
2928 1786 3303 1839 necessitatem
3328 1786 3498 1853 ipsum
3525 1798 3657 1837 cou-

2059 1872 2456 1927 stituentibus?
2501 1873 2633 1928 Nam
2671 1875 2752 1943 si,
2793 1876 2941 1929 nullo
2971 1876 3315 1945 pertus-hante
3338 1917 3353 1942 ,
3398 1876 3441 1929 si
3477 1874 3659 1929 multis

2066 1976 2283 2015 manum
2309 1964 2724 2035 porrigentibus,
2756 1982 3033 2036 emergere
3068 1969 3237 2037 possit
3270 1982 3333 2021 ac
3358 1966 3657 2036 respicere,

2062 2054 2425 2126 vitiorumque
2443 2058 2767 2128 salsuginem
2786 2060 3027 2125 abluere,
3051 2052 3227 2113 annon
3248 2059 3481 2128 optabile
3500 2056 3656 2130 illud?

2065 2145 2143 2209 si,
2172 2145 2385 2216 inquam
2403 2188 2417 2212 ,
2450 2148 2609 2218 longo
2631 2156 2874 2221 tempore
2902 2151 3095 2205 divinis
3108 2144 3435 2205 ’excantatns
3461 2148 3661 2204 carmi-

2060 2235 2263 2303 nibus,
2320 2237 2619 2293 incidentes
2668 2241 2887 2295 morbos
2940 2241 3110 2310 p038“
3157 2242 3425 2310 ahjicere,
3480 2252 3660 2295 nonne

2069 2325 2407 2395 laudandus,
2468 2344 2646 2385 nonne
2703 2330 2900 2385 millies
2949 2329 3289 2386 coronandus
3342 2330 3468 2385 est?
3519 2330 3657 2385 Dura

2062 2416 2265 2485 quippe
2314 2428 2399 2473 est
2456 2420 2830 2487 consuetudo,
2899 2420 3033 2475 dura
3100 2429 3154 2475 et
3216 2419 3283 2473 ad
3342 2419 3657 2475 vineendam

2062 2509 2490 2581 capiendamque
2534 2512 2764 2566 animam
2810 2520 3152 2582 comparata,
3192 2526 3313 2565 cum
3363 2510 3659 2581 przesertim

2065 2602 2186 2658 ha-c
2222 2606 2549 2675 voluptatem
2588 2606 2906 2676 adjutricem
2939 2605 3151 2667 haheat,
3185 2605 3271 2659 illa
3303 2619 3430 2657 vero
3458 2602 3660 2668 virtus,

2066 2693 2132 2747 ad
2155 2710 2315 2763 quam
2344 2695 2679 2762 festinamus,
2711 2712 2868 2766 quam
2894 2696 3154 2765 attingere
3181 2695 3456 2749 Studctntts
3477 2736 3491 2757 ,
3521 2680 3661 2746 ntul-

2068 2795 2153 2839 tos
2180 2786 2331 2840 nobis
2364 2788 2543 2856 pariat.
2564 2787 2793 2842 labores.
2819 2786 3021 2841 Idcirco
3045 2787 3207 2850 Deus,
3241 2785 3500 2850 Hebraeis,
3528 2797 3663 2857 quos

2068 2877 2350 2944 Oportebat
2390 2879 2641 2933 vitiorum
2697 2886 2935 2933 veterem
2987 2876 3427 2932 consuetudinem
3492 2875 3662 2945 depo-

2065 2984 2217 3033 nere,
2243 2984 2361 3039 qua:
2387 2986 2581 3041 nempe
2610 2971 2663 3025 in
2694 2967 2929 3041 Egypto
2951 2968 3269 3033 didicerant,
3307 2966 3531 3021 seorsim
3563 2966 3665 3018 ab.

2065 3058 2242 3115 ductis
2273 3061 2327 3114 in
2354 3061 2696 3117 solitudinem
2716 3103 2731 3127 ,
2763 3071 2817 3115 et
2840 3076 2871 3115 a
2912 3059 3317 3130 corruptoribus
3348 3059 3535 3128 procul
3579 3072 3665 3112 so-

2065 3153 2319 3222 gregatis,
2370 3152 2424 3207 in
2454 3140 2688 3207 deserto
2730 3168 2831 3208 ceu
2880 3152 2934 3206 in
2982 3151 3215 3221 quodam
3264 3150 3591 3205 monasterio
3642 3150 3695 3181 "

2066 3260 2252 3299 eorum
2294 3245 2607 3301 instituebat
2648 3246 2881 3311 animos,
2929 3245 3073 3299 viam
3116 3259 3333 3298 omnem
3382 3244 3663 3298 medicina:

2068 3346 2301 3401 tentans,
2347 3346 2457 3390 tum
2506 3339 2851 3405 asperiorem,
2880 3324 3016 3390 tum
3060 3335 3380 3400 dulciorem,
3423 3334 3664 3403 nihilque

2067 3436 2212 3481 retro
2228 3429 2538 3499 relinquens
2556 3443 2766 3495 eorum,
2783 3443 2913 3498 qua:
2924 3428 2990 3482 ad
3009 3428 3366 3483 Valetudinem
3386 3425 3661 3497 profutura

2067 3530 2268 3576 essent.
2301 3520 2489 3592 Neque
2527 3522 2605 3576 sic
2634 3530 2813 3576 tamen
2835 3536 2865 3574 a
2894 3521 3128 3593 nequitia
3161 3520 3536 3584 desciverunt,
3567 3519 3660 3571 sed

2065 3629 2188 3668 cum
2228 3630 2422 3669 manna
2461 3630 2643 3683 cepas,
2681 3611 2803 3669 allia
2826 3656 2842 3681 ,
2874 3624 3179 3683 eazteraque
3220 3614 3401 3669 omnia
3443 3612 3663 3683 Egypti

2067 3707 2208 3760 mala
2237 3707 2599 3777 requirebant.
2632 3706 2862 3761 Tantum
2909 3707 3108 3760 malum
3156 3714 3239 3760 est
3284 3703 3657 3759 consuetudo!

2065 3800 2269 3855 Deinde
2294 3800 2467 3855 Judaei
2496 3809 2641 3855 tanta
2667 3801 2760 3855 Dei
2783 3815 2910 3855 cura
2930 3800 3203 3862 fruentes,
3230 3801 3338 3852 tam
3368 3794 3583 3867 egregio
3611 3806 3667 3849 et

2065 3907 2330 3963 generoso
2350 3892 2603 3962 magistro
2626 3893 2729 3957 usi,
2748 3902 2804 3948 et
2826 3886 3021 3946 timore
3045 3900 3100 3945 et
3124 3890 3383 3969 minis,'et
3403 3887 3665 3944 benefit-io

2065 3995 2119 4040 et
2148 3986 2411 4057 supplicio
2434 3985 2499 4040 ad
2526 3996 2740 4039 omnem
2770 3986 2987 4044 modum
3021 3984 3287 4049 instituti,
3327 3992 3408 4036 tot
3428 3986 3663 4051 conspe-

2064 4078 2165 4132 ctis
2182 4078 2465 4148 prodigiis,
2487 4094 2591 4133 non
2610 4078 2677 4133 ad
2698 4079 2971 4132 meliorem
2989 4093 3049 4132 se
3071 4076 3276 4151 frugem
3301 4084 3620 4145 receperunt
3646 4092 3661 4127 :

2066 4179 2121 4224 tu
2149 4185 2279 4225 vero
2308 4169 2476 4225 lilium
2503 4179 2654 4225 tuum
2682 4171 3077 4227 adolescentem
3118 4170 3172 4226 in
3203 4171 3379 4226 media
3410 4169 3661 4240 Egypto,

2065 4263 2175 4321 imo
2196 4264 2247 4316 in
2274 4263 2467 4317 mediis
2493 4263 2693 4318 diaboli
2738 4254 2929 4319 castris
2958 4272 3288 4337 versantem,
3329 4262 3661 4334 nullumque,

2064 4352 2155 4421 qui
2202 4353 2345 4423 quod
2389 4353 2521 4407 utile
2562 4353 2632 4407 sit
2672 4354 2954 4408 consilium
3002 4353 3113 4419 det,
3167 4352 3495 4416 audientem,
3548 4369 3666 4406 omo

2028 4480 2031 4483 -
2064 4460 2276 4514 nesqne
2292 4460 2353 4499 se
2380 4444 2448 4499 ad
2475 4448 2745 4499 contraria
2766 4446 3026 4501 ducentes
3050 4444 3343 4511 videntem,
3370 4443 3665 4519 imprimis-

2063 4551 2170 4605 que
2200 4546 2449 4606 parentes
2477 4546 2532 4592 et
2560 4536 2847 4591 eductures
2872 4551 3034 4601 suos,
3067 4546 3223 4606 putas
3276 4550 3435 4609 posse
3463 4534 3669 4590 diaboli

2066 4629 2289 4698 laqueos
2312 4628 2588 4700 eli‘ugere?
2615 4627 2787 4696 Unde,
2818 4628 3037 4698 quiusa?
3064 4643 3189 4682 nnm
3214 4642 3280 4681 cx
3310 4615 3668 4699 hortamentzs

2069 4722 2174 4774 luis
2196 4720 2221 4771 τ
2245 4721 2404 4789 Atqui
2429 4730 2485 4774 tu
2517 4720 2583 4773 ad
2613 4721 2881 4774 contraria
2926 4731 3146 4782 evocas,
3177 4734 3245 4772 ne
3277 4734 3371 4786 per
3397 4720 3666 4771 somnium

2065 4812 2283 4882 quidem
2314 4828 2435 4866 eum
2464 4810 2818 4881 philosophia
2854 4811 3171 4865 meminisse
3209 4808 3539 4872 concedens;
3573 4828 3612 4861 st
3634 4813 3667 4860 ti

2068 4905 2197 4959 dum
2245 4904 2387 4958 hanc
2430 4905 2595 4957 vitam
2642 4903 2866 4973 ejusque
2910 4902 3193 4957 commoda
3242 4900 3385 4954 ultro
3426 4901 3670 4966 citroque

2066 5012 2249 5051 versas
2269 5038 2286 5061 ,
2318 4999 2370 5049 iu
2402 4996 2729 5051 decumanos
2758 4996 2906 5049 illum
2949 4994 3290 5063 majorcsque
3318 4991 3513 5046 ﬂuctus
3538 5008 3669 5044 con»

2060 5090 2204 5160 jicis.
2236 5088 2372 5144 Num
2412 5104 2482 5144 ex
2506 5087 2838 5157 semetipso?
2864 5084 3116 5141 Profecto
3155 5085 3370 5151 juvenis
3414 5099 3521 5137 non
3567 5083 3667 5135 sibi

2067 5184 2166 5251 ipsi
2195 5182 2328 5236 Satis
2370 5191 2453 5237 est
2481 5181 2547 5235 ad
2580 5169 3226 5235 virtutem'exercendam
3259 5194 3273 5230 :
3314 5175 3411 5230 sed
3455 5175 3665 5228 etiamsi

2066 5273 2195 5342 quid
2229 5289 2294 5328 cx
2324 5275 2506 5343 seipse
2533 5281 2811 5327 strenuum
2839 5270 3042 5342 pariat,
3071 5281 3357 5337 antequam
3386 5266 3436 5321 id
3465 5266 3667 5337 germi-

2066 5376 2180 5429 net,
2228 5365 2446 5419 assiduo
2490 5364 2775 5419 verborum
2817 5371 3028 5416 tuorum
3074 5360 3249 5415 imbre
3293 5357 3662 5413 sui'focahitnr.

2065 5457 2526 5525 Quemadmodum
2553 5457 2697 5511 enim
2738 5469 2965 5525 corpus,
2996 5453 3140 5524 quod
3166 5452 3487 5507 salutaribus
3531 5451 3665 5505 cibis

2068 5564 2177 5603 non
2209 5548 2417 5614 fruitur,
2444 5549 2538 5604 sed
2569 5547 2929 5602 insalubribus
2952 5547 3130 5613 alitur,
3159 5561 3227 5601 ne
3249 5559 3421 5615 parvo
3447 5543 3658 5615 quidem

2132 5749 2149 5784 ι
2184 5750 2359 5811 Verba,
2384 5749 2433 5798 in
2465 5747 2673 5808 deserto,
2712 5748 2763 5796 in
2794 5743 2959 5796 Morel.
2984 5743 3090 5794 solo
3110 5742 3310 5792 desunt.
