4266 6314
580 339 687 404 εἴ,

586 463 827 525 tempore
855 450 1150 509 subsistere
1180 452 1321 507 valet
1338 493 1356 519 ρ
1382 453 1462 507 sic
1486 466 1589 508 nec
1611 452 1788 507 anima
1827 450 1911 507 his
1940 451 2177 508 instituta

583 550 640 598 et
682 542 906 611 imbuta,
935 550 1213 598 strenuum
1252 542 1380 614 quid
1408 550 1500 597 aut
1524 554 1776 613 magnum
1815 543 2051 611 cogitare
2082 555 2180 610 po-

584 635 734 700 terit,
766 632 859 687 sed
896 648 1118 689 necesse
1147 642 1230 689 est
1254 648 1371 687 eam
1400 640 1456 688 et
1500 630 1805 703 languidam
1848 640 1906 685 et
1931 629 2178 695 mollem,

588 727 824 796 nequitia
854 742 952 782 ceu
982 727 1210 797 quadam
1241 735 1389 795 peste
1416 724 1631 780 assidue
1656 724 1950 789 detentum,
1980 723 2060 777 sic
2087 721 2184 797 de-

590 792 737 871 mum
768 816 820 870 in
843 792 1145 887 gehennam
1174 792 1301 870 etin
1332 816 1621 886 perniciem
1647 813 1826 885 deiici.
2148 792 2165 806 ’

664 908 716 960 7.
745 906 991 962 Parentes
1037 923 1173 978 saepe
1198 907 1506 961 contrariam
1534 904 1836 975 evangelica!
1860 902 2182 973 disciplinam

592 1001 716 1070 ﬁliis
746 1001 972 1054 tradunt.
1000 1030 1072 1042 -
1099 1000 1195 1055 Sin
1222 1009 1277 1056 tu
1302 1000 1451 1056 dicas
1468 1040 1484 1065 ,
1506 1015 1614 1056 non
1639 999 1711 1055 ita
1737 1015 1795 1055 se
1819 1014 1931 1053 rem
1962 998 2181 1053 habere.

597 1108 864 1163 posseque
894 1092 949 1147 in
977 1091 1159 1149 medio
1184 1108 1364 1148 rerum
1395 1100 1697 1147 versantem
1735 1092 1989 1145 virtutem
2028 1102 2187 1145 exer-

595 1199 723 1240 cere
750 1200 987 1249 omnem,
1020 1200 1191 1255 neque
1216 1184 1406 1239 ludens
1432 1184 1530 1240 sed
1556 1183 1699 1239 serio
1725 1184 1793 1238 ita
1826 1183 2089 1254 loquaris,
2118 1170 2186 1237 ne

598 1286 671 1339 te,
698 1292 914 1346 qttteso,
969 1276 1143 1347 pigeat
1167 1275 1310 1332 hanc
1336 1292 1527 1332 novam
1572 1290 1670 1331 nos
1707 1285 1867 1347 atque
1893 1274 2184 1331 inauditam

598 1365 795 1425 docere
819 1366 1160 1438 disciplinam
1184 1385 1200 1421 :
1225 1382 1395 1439 neque
1412 1368 1555 1422 enim
1584 1366 1741 1422 velim
1759 1375 1963 1421 temere
1980 1373 2187 1420 tantum

600 1458 733 1515 milii
780 1460 978 1528 negotii
1023 1472 1534 1529 assumere,neque
1561 1466 1639 1513 tot
1662 1458 1820 1513 bonis
1864 1455 2059 1517 frustra
2100 1470 2190 1511 ca-

602 1564 743 1604 rere.
778 1550 970 1605 Verum
998 1549 1049 1605 td
1073 1550 1315 1605 ediscere
1350 1552 1666 1606 nullatenus
1694 1562 1909 1618 possum
1926 1546 2018 1614 ;/id
2045 1547 2189 1603 enim

602 1656 708 1697 non
742 1640 1049 1712 permittitis
1070 1656 1166 1697 vos
1187 1660 1208 1698 ι
1227 1651 1387 1713 atque
1404 1640 1533 1697 huic
1557 1639 1838 1696 sententiae
1862 1647 1918 1694 et
1934 1638 2117 1693 verbis
2137 1646 2192 1693 et

602 1733 769 1801 gestis
799 1734 1135 1804 repugnatis,
1165 1742 1220 1790 et
1243 1732 1508 1791 contraria
1546 1731 1796 1788 docetis:
1840 1728 2100 1799 siquidem
2130 1742 2193 1783 ac

603 1827 663 1879 si
680 1824 854 1889 dedita
876 1840 1037 1895 opera
1059 1824 1197 1879 filios
1250 1822 1473 1895 perdere
1493 1822 1772 1889 studentis,
1794 1821 1875 1876 sic
1896 1820 1987 1875 illa
2013 1819 2193 1875 omnia

606 1916 892 1987 prmcipitis
918 1917 996 1973 eis
1015 1958 1029 1982 ,
1056 1931 1177 1988 qum
1220 1916 1309 1985 qui
1340 1926 1709 1987 exsequuntur
1745 1915 1973 1970 salutem
2000 1928 2195 1969 conse-

604 2006 698 2075 qui
727 2021 832 2061 non
865 2013 1108 2076 possunt.
1156 2005 1291 2061 Rem
1321 2006 1480 2062 altius
1518 2004 1821 2061 considera.
1863 2003 1971 2069 Var,
2002 2004 2195 2074 inquit,

608 2098 888 2151 ridentibus
926 2095 1083 2167 (Luc.
1136 2097 1187 2153 6.
1228 2097 1320 2153 24.
1361 2106 1411 2153 et
1455 2095 1653 2168 seqq.);
1701 2111 1797 2152 vos
1838 2106 2016 2151 autem
2068 2095 2199 2165 ipsis

609 2191 804 2246 multas
853 2188 1104 2259 praebetis
1143 2189 1348 2246 ridendi
1386 2190 1699 2245 occasiones
1740 2206 1754 2242 :
1795 2187 1883 2242 Vo:
1924 2187 2200 2252 divitibus;

607 2296 707 2335 vos
734 2288 865 2335 vero
893 2290 949 2336 ut
976 2280 1252 2351 pecuniosi
1283 2280 1392 2335 sint
1415 2290 1605 2334 cuncta
1636 2277 1896 2335 molimini
1924 2296 1937 2332 :
1977 2275 2064 2332 Vat
2086 2292 2199 2330 cum

610 2371 953 2424 benedixcrt'ut
982 2369 1121 2425 vobis
1158 2386 1332 2425 omnes
1358 2369 1620 2437 bonum;
1648 2383 1744 2424 vos
1770 2378 1951 2424 autem
1980 2382 2078 2437 pro
2104 2380 2203 2436 po-

611 2462 783 2532 pulari
807 2476 937 2517 aura
966 2460 1243 2518 facultates
1265 2477 1410 2534 saepe
1433 2476 1623 2518 omnes
1649 2461 1942 2517 eﬂ‘unditis.
1969 2460 2201 2516 Rursum

539 2585 547 2590 ι
613 2554 683 2620 is,
709 2553 799 2623 qui
830 2552 979 2608 fratri
1019 2553 1398 2609 contumeliam
1426 2552 1623 2618 infert,
1659 2568 1783 2609 reus
1811 2561 1893 2607 cst
1913 2551 2201 2623 gehennae,

614 2661 815 2715 vosque
856 2652 1035 2699 tamen
1073 2652 1131 2699 et
1156 2644 1455 2701 imbecillos
1498 2654 1553 2700 et
1594 2644 1812 2699 timidos
1838 2658 1958 2698 esse
2006 2644 2205 2713 putatis

613 2749 731 2801 eos,
760 2734 847 2805 qui
878 2735 1038 2790 tacite
1060 2734 1236 2790 illatas
1260 2735 1361 2790 sibi
1388 2736 1457 2789 ab
1484 2736 1601 2790 aliis
1626 2734 1982 2790 contumelias
2008 2733 2204 2788 ferunt.

609 2825 774 2883 Iubet
800 2827 1041 2883 Christus
1067 2842 1269 2897 pugnas
1296 2836 1351 2883 et
1368 2828 1488 2882 lites
1508 2836 1884 2891 contemnere;
1905 2842 2001 2881 vos
2028 2835 2205 2879 autem

614 2918 738 2974 illos
762 2919 814 2973 in
843 2918 927 2973 liis
951 2933 1167 2995 semper
1187 2917 1341 2973 malis
1367 2918 1566 2974 versari
1598 2918 1816 2974 curatis.
1845 2916 2067 2972 Oculum
2092 2918 2203 2982 ille,

617 3010 664 3065 si
708 3020 920 3073 noceat,
968 3022 1163 3064 eruere
1205 3024 1349 3081 saepe
1383 3008 1577 3079 iubet;
1600 3017 1654 3061 at
1696 3021 1793 3062 vos
1839 3021 1932 3061 eos
1976 3007 2207 3061 maxime

615 3100 771 3157 mbia
795 3101 1095 3157 conciliatis
1131 3102 1364 3167 amicos,
1404 3100 1495 3172 qui
1534 3101 1740 3171 possint
1786 3099 2037 3171 pecunias
2062 3114 2206 3169 prm-

618 3188 783 3259 bere,
819 3192 1031 3248 etiamsi
1060 3201 1355 3249 extremam
1387 3190 1676 3261 nequitiam
1699 3189 1948 3246 doceant.
1970 3189 2206 3245 Uxorem

616 3288 904 3363 repudiare
927 3290 1033 3344 non'
1054 3286 1722 3359 permittit,.pr:eterquam
1753 3284 1806 3341 in
1828 3286 1938 3339 sola
1961 3284 2208 3340 adulterii

618 3395 819 3447 causa;
846 3389 901 3435 at
940 3396 1035 3435 vos
1076 3380 1201 3435 dum
1234 3378 1501 3450 pecunias
1550 3377 1846 3448 acquirere.
1873 3377 2057 3441 liceat,
2108 3374 2211 3431 hoc

623 3482 949 3543 praeceptum
974 3470 1251 3541 deSpicere
1272 3470 1497 3526 docetis.
1521 3468 2063 3539 Jusjurandumvcm
2089 3482 2208 3522 om-

622 3580 724 3631 ne;
757 3580 856 3619 vos
893 3564 937 3619 si
963 3579 1122 3634 quem
1155 3563 1204 3617 id
1234 3578 1449 3619 servare
1486 3562 1769 3628 videritis,
1799 3562 1960 3617 etiam
2002 3561 2210 3618 ridetis.

624 3657 727 3723 Qui
760 3666 917 3720 autat,
960 3652 1152 3727 inquit,
1192 3656 1417 3709 animum
1451 3670 1620 3722 suain,
1668 3656 1843 3725 perdet
1878 3670 1992 3709 eam
2033 3652 2212 3727 (lactt.

622 3748 715 3804 12.
744 3746 877 3819 25);
910 3762 1002 3800 vos
1024 3748 1089 3801 ad
1123 3748 1264 3803 hunc
1285 3762 1525 3805 amorem
1557 3748 1676 3802 illos
1703 3762 1916 3817 semper
1939 3746 2212 3804 inducitis.

622 3837 687 3892 Si
718 3853 819 3890 non
854 3836 1167 3903 remisert'tt's,
1202 3837 1412 3908 inquit,
1448 3837 1735 3891 hominibus
1780 3848 2019 3909 percolo,
2057 3853 2217 3903 neque

614 3927 764 3980 nobis
790 3927 1007 3980 remittet
1031 3925 1185 3980 Pater
1212 3937 1372 3982 vester
1396 3928 1610 3981 ca'lestt's
1640 3927 1850 3997 (Matth.
1882 3928 1936 3983 6.
1969 3928 2091 3998 lt);
2120 3944 2217 3983 vos

618 4018 735 4075 illis
780 4020 1145 4089 exprobratis,
1172 4034 1297 4074 cum
1349 4034 1465 4085 eos,
1493 4020 1582 4090 qui
1613 4032 1677 4076 se
1718 4019 1977 4087 la‘secint,
2032 4003 2215 4077 ulcisci

628 4111 844 4180 nolunt;
876 4122 1037 4183 utque
1057 4112 1111 4168 id
1138 4121 1344 4168 mattu-e
1370 4120 1625 4184 praestare
1667 4114 1870 4183 possint
1914 4114 2034 4169 illos
2061 4115 2217 4169 iusti-

621 4205 815 4261 tnitis.~
848 4205 1047 4261 Gloria:
1093 4201 1313 4275 cupidos
1356 4205 1537 4261 omnia
1583 4202 1783 4260 frustra
1826 4220 1985 4277 agere
2036 4204 2221 4261 docuit

628 4295 896 4361 Christus,
925 4296 1041 4351 sive
1071 4296 1145 4350 illi
1187 4295 1575 4365 ieiunaverint,
1608 4296 1726 4351 sive
1764 4295 2071 4362 oraverint,
2099 4297 2219 4352 sive

634 4388 836 4444 miserti
860 4387 1091 4451 fuerint;
1115 4395 1169 4440 at
1185 4402 1288 4441 svos
1317 4396 1375 4441 ut
1402 4386 1548 4441 illaut
1576 4396 1930 4457 assequuntur
1957 4387 2086 4445 nihil
2115 4405 2219 4444 non

629 4482 805 4551 agitis.
840 4478 1039 4551 quuid
1070 4493 1205 4547 opus
1234 4480 1413 4532 omnia
1453 4477 1723 4549 persequi,
1750 4492 1873 4532 cum
1914 4493 2073 4547 supra
2105 4495 2219 4534 me—

632 4583 843 4631 morata
861 4575 1172 4629 innumeras
1189 4568 1683 4641 geliennasinferre
1704 4570 1927 4639 possint;
1947 4569 2223 4625 nec-modo

632 4665 812 4721 omnia
853 4664 1034 4728 simul,
1080 4662 1173 4718 sed
1212 4676 1459 4717 seorsum
1498 4660 1745 4731 singula?
1787 4661 1857 4717 At
1900 4676 2011 4717 vos
2045 4662 2223 4717 omnia

634 4758 791 4812 simtu
818 4764 1093 4827 congesta,
1125 4764 1179 4809 et
1195 4751 1548 4809 intolerabile
1578 4760 1921 4823 peccatorum
1954 4767 2091 4805 onus
2118 4754 2223 4806 im-

637 4857 932 4917 ponentes,
962 4847 1040 4901 sic
1066 4846 1117 4899 in
1148 4844 1367 4899 lluvinm
1416 4844 1632 4915 igneum
1652 4842 1972 4899 immittitis.
2003 4841 2227 4909 Quando

634 4940 863 4995 salutem
895 4935 1127 4993 nancisci
1168 4944 1419 5005 poterunt
1458 4943 1659 4990 tantam
1702 4933 1934 4988 ferentes
1974 4932 2112 5003 ignis
2136 4948 2227 4986 es-

636 5030 795 5086 cam?
819 5030 1003 5096 Neque
1046 5028 1097 5084 id
1124 5026 1460 5085 solummodo
1502 5041 1665 5097 grave
1694 5034 1811 5090 est,
1833 5024 1981 5095 quod
2031 5024 2229 5079 Christi

639 5121 921 5193 proneptis
941 5121 1209 5177 contraria
1238 5117 1477 5189 doceatis
1495 5158 1509 5181 ,
1538 5116 1633 5173 sed
1662 5101 1803 5189 quod
1838 5116 2111 5186 prmelaris
2138 5129 2231 5185 ap-

640 5210 1023 5284 pellationibus
1044 5209 1173 5265 vitia
1204 5209 1490 5278 obtegatis,
1520 5208 1890 5279 ltippodromis
1912 5221 1975 5261 ac
2006 5207 2231 5262 theatris

634 5302 833 5376 iugiter
851 5303 1116 5358 interesse
1128 5300 1484 5357 urbanitatem
1496 5309 1771 5361 vocantes,
1790 5298 2235 5354 divitiasliberta—

642 5406 773 5458 tom,
792 5393 975 5463 gloria
988 5408 1228 5450 amorem
1250 5390 1763 5465 magnanimitatem,
1784 5391 2145 5462 arrogantium
2167 5392 2234 5443 ll-

639 5489 874 5552 duciam.
896 5486 1324 5560 prodigalitatem
1353 5484 1767 5548 humanitatem,
1787 5483 2099 5553 iniustitiam
2120 5481 2233 5537 for-

643 5580 945 5639 titudincm.
971 5578 1173 5635 Deinde
1194 5620 1211 5644 ,
1262 5577 1413 5649 quasi
1446 5576 1561 5631 lucc
1584 5574 1796 5630 fallacia
1830 5589 1935 5627 non
1957 5572 2188 5627 sufﬁciat
2216 5611 2233 5637 ,

646 5676 894 5731 virtutem
920 5688 1132 5745 quoque
1148 5669 1447 5729 contrariis
1470 5666 1781 5723 nominibus
1808 5664 2012 5720 vocatis
2040 5703 2057 5729 .
2098 5672 2235 5719 tent-

646 5766 942 5843 itersntiam
966 5763 1297 5840 appellantes
1326 5760 1680 5816 rusticitatem
1699 5799 1716 5826 ,
1741 5755 2062 5821 modestiam
2094 5753 2234 5809 timi-

1292 336 1351 397 8.
1393 334 1672 397 ωλκκιε
1708 336 2183 398 οιηηδοδτωη
2218 335 2536 416 ΑΒΕΗῘΕΡ.
2576 334 3119 396 CONSTANTINOP.

2285 451 2529 518 ditatem,
2550 450 2817 524 justitiam
2846 452 3288 515 imbecillitatem.
3313 458 3679 522 contemptmn
3704 451 3870 506 fastus

2268 542 2535 599 servilem
2584 542 2823 599 animum
2848 583 2865 610 ,
2918 543 3230 613 iniuriarum
3273 542 3610 598 tolerantiam
3645 542 3874 597 inlimi-

2286 641 2450 687 tatem
2478 651 2491 686 :
2542 648 2607 689 ac
2633 633 2677 689 si
2707 636 2959 689 metuatis
3007 652 3075 689 ne
3106 675 3122 699 ,
3154 636 3198 689 si
3238 634 3308 689 ab
3335 634 3453 689 aliis
3476 651 3654 688 veram
3686 636 3876 689 horum

2298 723 2695 792 ippellationcm
2723 724 2987 779 audierint
3016 725 3108 779 filii
3140 725 3341 791 vestri,
3372 726 3660 796 perniciem
3689 724 3879 794 huius-

2284 812 2432 867 modi
2463 812 2687 883 fugiant.
2713 814 2893 884 Neque
2914 814 3057 868 euim
3079 829 3268 884 parmn
3296 814 3507 869 confert
3536 814 3604 869 ad
3625 800 3879 869 vitiorum

2288 906 2624 961 aversionem
2649 947 2665 971 ,
2692 907 2737 961 si
2765 908 2921 962 nudze
2942 917 2995 962 et
3014 908 3243 977 propria;
3264 922 3466 962 eorum
3494 907 3881 977 appellationes

2289 996 2662 1065 proferantur;
2705 997 2798 1053 sed
2829 1007 3033 1053 tantum
3062 999 3112 1053 id
3137 998 3296 1052 habet
3326 999 3535 1054 roboris
3559 999 3625 1054 ad
3654 1013 3885 1069 peccan-

2293 1087 2423 1141 tium
2464 1088 2674 1143 animos
2698 1082 2967 1145 feriendus
2996 1132 3012 1155 ,
3041 1099 3099 1145 ut
3120 1091 3362 1161 plerique
3390 1094 3534 1161 sa-pe
3562 1092 3885 1161 turpissimis

2292 1179 2530 1250 insignes
2553 1180 2693 1236 vitiis
2723 1223 2740 1249 ,
2770 1197 2827 1237 se
2854 1183 2923 1236 ita
2952 1183 3130 1238 vocari
3162 1199 3269 1239 non
3298 1184 3530 1239 libenter
3552 1183 3724 1239 ferant
3742 1226 3757 1247 .
3789 1183 3885 1239 sed

2292 1271 2429 1326 adeo
2459 1273 2683 1328 saeviant
2705 1284 2761 1329 et
2784 1273 3129 1345 indignentur
3160 1315 3176 1343 ,
3208 1291 3270 1329 ac
3292 1276 3337 1329 si
3360 1274 3704 1332 acerbissima
3736 1284 3887 1346 pate-

2293 1374 2501 1420 rentur.
2529 1365 2586 1422 Si
2613 1367 2735 1437 quis
2759 1367 3113 1423 adulteratam
3145 1369 3461 1435 mulierem,
3505 1378 3559 1425 et
3586 1377 3888 1438 stupratum

2296 1472 2520 1527 puerum
2547 1474 2615 1515 ex
2642 1460 2949 1530 turpissimo
2969 1469 3091 1515 actu
3119 1461 3411 1529 vocaverit,
3433 1460 3892 1517 irreconciliabilis

2296 1551 2531 1607 efiieitur
2558 1551 2806 1607 inimicus
2834 1594 2848 1617 ,
2880 1562 3063 1623 utpote
3083 1554 3172 1625 qui
3196 1569 3387 1624 magna
3412 1554 3651 1609 all'ecerit
3674 1552 3887 1621 iniuria.

2298 1643 2483 1713 Neque
2518 1644 2615 1698 ltos
2656 1652 2861 1700 tantum
2888 1685 2903 1712 ,
2957 1644 3053 1700 sed
3095 1649 3254 1700 etiam
3287 1662 3503 1699 avarum
3526 1686 3541 1711 ,
3574 1645 3845 1699 ebriosum
3873 1682 3893 1709 ,

2300 1746 2641 1809 arrogantem
2672 1778 2687 1802 ,
2738 1737 3061 1808 demumque
3086 1752 3277 1791 omnes
3293 1738 3613 1808 gravissima
3638 1746 3895 1803 operatos

2300 1830 2482 1886 videas
2510 1872 2527 1898 ,
2576 1844 2682 1884 non
2713 1837 2820 1884 tam
2842 1828 2911 1885 de
2940 1829 3057 1899 ipso
3084 1843 3251 1898 Opere
3275 1870 3291 1894 ,
3336 1828 3585 1898 vulgique
3631 1829 3888 1898 opinione

2301 1922 2422 1992 angi
2447 1930 2499 1979 et
2523 1920 2729 1987 dolere,
2761 1936 2919 1992 quam
2943 1921 3013 1976 de
3035 1918 3330 1974 facinorum
3356 1917 3664 1974 nominibus
3703 1904 3899 1972 Multos

2305 2029 2467 2083 porro
2482 2014 2605 2069 novi
2623 2014 2725 2068 hoc
2744 2014 3056 2068 emendatos
3074 2012 3252 2075 modo,
3271 2010 3363 2082 qui
3379 2010 3683 2080 opprobriis
3708 2009 3898 2064 mode-

2306 2106 2531 2161 ratiores
2559 2114 2868 2161 evaserunt.
2893 2107 2960 2158 At
2986 2118 3081 2159 vos
3121 2105 3226 2160 hoc
3252 2103 3503 2160 solatium
3535 2110 3697 2173 atque
3726 2116 3901 2155 reme-

2306 2198 2454 2252 dium
2505 2196 2840 2253 sustulistis:
2894 2195 3145 2268 quodque
3182 2193 3399 2266 gravius
3424 2203 3529 2259 cst,
3572 2210 3677 2247 non
3723 2191 3901 2247 verbis

2301 2291 2505 2356 solum,
2529 2290 2623 2347 sed
2650 2290 2899 2360 exemplo
2923 2305 3136 2361 quoque
3156 2297 3210 2344 et
3238 2303 3402 2359 opere
3430 2286 3544 2341 haec
3567 2286 3671 2340 illis
3697 2286 3901 2338 monita

2306 2381 2469 2449 datis,
2496 2381 2625 2437 dum
2654 2381 2799 2437 :edes
2816 2379 3125 2451 splendidas
3150 2379 3460 2433 construitis
3489 2426 3503 2446 ,
3529 2393 3687 2447 agros
3724 2376 3903 2430 eutitis

2310 2475 2709 2548 pinguissimos,
2731 2473 3073 2543 reliquosque
3102 2472 3413 2543 magniﬁcos
3437 2478 3725 2541 apparatus
3754 2466 3904 2522 addi-

2311 2572 2379 2625 tis
2410 2611 2427 2635 ,
2479 2583 2807 2641 prorsusque
2828 2567 2991 2623 veluti
3011 2565 3239 2637 quadam
3263 2564 3462 2626 nebula.
3481 2565 3692 2618 animos
3717 2575 3905 2617 eorum

2309 2661 2707 2717 obtenebratis.
2753 2659 2905 2716 Unde
2952 2660 3113 2730 igitur
3159 2658 3289 2712 milii
3344 2656 3655 2727 persuaderi
3706 2652 3907 2724 poterit

2314 2767 2472 2823 posse
2509 2754 2631 2808 illos
2658 2750 2883 2807 salutem
2914 2748 3168 2818 consequi
3193 2792 3210 2816 ,
3240 2764 3361 2803 cum
3393 2747 3459 2803 ad
3486 2762 3551 2803 ea
3579 2744 3793 2801 evocari
3818 2743 3901 2797 vi-

2313 2847 2467 2901 deam
2491 2888 2507 2911 ,
2536 2861 2656 2915 qua:
2680 2846 2768 2913 qui
2816 2844 3019 2899 faciunt
3056 2855 3274 2912 prorsus
3304 2841 3573 2911 perituros
3597 2852 3718 2893 esse
3748 2836 3908 2891 Chri-

2313 2948 2428 2991 Stns
2472 2934 2804 2990 declaravit?
2845 2948 2967 2989 cum
2997 2934 3208 2987 videam
3250 2946 3347 2985 vos
3395 2930 3629 2984 animam
3678 2940 3864 2981 eorum
3889 2965 3907 2989 .

2313 3032 2465 3101 quasi
2498 3030 2721 3084 minoris
2768 3027 2924 3099 pretii
2974 3026 3180 3097 aliquid
3226 3026 3496 3096 negligere
3526 3065 3540 3089 ,
3598 3022 3689 3077 illa
3729 3030 3909 3074 autem

2314 3138 2433 3192 qua:
2464 3136 2590 3177 vere
2614 3119 2884 3190 superﬂua
2908 3128 3033 3173 sunt
3059 3158 3075 3180 ,
3108 3119 3258 3187 quasi
3293 3114 3594 3169 necessaria
3626 3122 3681 3167 et
3718 3109 3910 3181 praeci-

2318 3229 2423 3288 pna
2446 3198 2676 3270 curare?
2703 3213 2942 3282 Namque
2980 3219 3037 3264 ttt
3062 3226 3249 3265 servus
3277 3249 3295 3275 ,
3326 3218 3387 3263 ut
3411 3222 3582 3277 equus
3611 3248 3625 3269 ,
3656 3216 3716 3259 at
3741 3204 3911 3259 vesti-

2319 3316 2560 3363 mentum
2590 3304 3007 3376 pulcherrimum
3040 3302 3151 3357 lilio
3171 3302 3262 3367 sit,
3294 3300 3476 3355 onmia
3500 3297 3708 3363 facitis;
3739 3306 3796 3351 ut
3816 3312 3913 3350 att-

2318 3412 2424 3457 tem
2447 3400 2562 3471 ipse
2575 3398 2774 3470 probus
2794 3398 2883 3462 sit,
2908 3412 2975 3452 ne
2991 3396 3227 3465 cogitare
3248 3392 3463 3463 quidem
3485 3391 3675 3446 vultis:
3697 3405 3761 3445 ac
3789 3406 3913 3445 cum

2319 3494 2387 3549 ad
2413 3496 2653 3565 lignum,
2681 3490 2747 3546 ad
2792 3490 3021 3559 lapidem
3064 3488 3173 3543 ltoc
3214 3486 3449 3542 studium
3501 3486 3517 3517 ⁸
3554 3482 3859 3539 extendatis
3893 3522 3910 3548 ,

2318 3586 2555 3640 animam
2594 3598 2663 3639 ne
2707 3582 2926 3637 minima
2975 3578 3195 3652 quidem
3232 3575 3615 3647 sollicitudinis
3643 3585 3793 3645 parte
3824 3573 3912 3629 di-

2320 3676 2481 3751 gnam
2509 3677 2784 3747 iudicatis.
2812 3673 2919 3731 Sed
2947 3683 3003 3728 ut
3029 3681 3201 3728 statua
3228 3669 3474 3741 quredam
3509 3669 3561 3724 in
3592 3669 3797 3723 aedibus
3816 3666 3917 3722 sd-

2321 3770 2566 3829 mirauda
2586 3769 2843 3840 erigatur,
2859 3774 3055 3821 tectum
3076 3764 3147 3820 sit
3165 3776 3417 3829 aureum,
3438 3761 3675 3817 laborem
3697 3774 3915 3815 onmem

2321 3862 2628 3933 suscipitis:
2658 3860 2895 3915 omnium
2924 3865 3223 3913 statuarum
3250 3842 3633 3929 pretiosissima
3656 3856 3832 3907 anima
3853 3860 3917 3906 ut

2323 3969 2484 4010 aurea
2506 3951 2800 4018 efficiatur,
2828 3950 3035 4005 nullam
3060 3958 3246 4003 curam
3269 3960 3462 4017 gerere
3492 3943 3674 3998 vultis.

2395 4048 2452 4103 8.
2486 4045 2551 4101 In
2579 4046 2830 4118 nefarium
2870 4041 3241 4099 Sodontiticum
3265 4040 3430 4094 scelus
3466 4037 3717 4092 inuehitur
3737 4077 3754 4104 ,
3781 4035 3917 4107 quod

2325 4151 2444 4196 tunc
2464 4142 2685 4193 maxime
2710 4135 2980 4191 obtinebat.
3000 4131 3191 4188 --Scd
3216 4131 3455 4188 nondum
3478 4129 3744 4193 malorum
3765 4126 3916 4183 colo-

2326 4234 2562 4305 phonem
2581 4230 2712 4293 dixi,
2732 4242 2833 4284 nec
2849 4224 3171 4282 calamitatis
3190 4232 3351 4293 caput
3368 4214 3547 4301 detexl
3566 4235 3583 4287 ;
3607 4219 3747 4289 quod
3776 4234 3920 4288 saepe

2325 4326 2507 4381 dicere
2531 4335 2817 4393 aggressus
2840 4319 3049 4381 erubui.
3078 4331 3223 4389 saepe
3240 4330 3353 4388 prae
3375 4313 3579 4384 pudore
3592 4312 3795 4369 destiti.
3824 4310 3923 4369 Eo-

2328 4416 2453 4486 quid
2477 4414 2606 4470 illud
2630 4412 2755 4469 est?
2792 4409 3094 4486 audendum
3116 4410 3263 4465 enim
3283 4408 3393 4477 iam
3420 4415 3476 4463 et
3497 4404 3785 4462 dicendum
3812 4415 3917 4460 est.

2330 4482 2533 4580 linguae
2559 4508 2754 4578 quippe
2782 4492 3008 4577 ignavite
3038 4482 3277 4568 idesset,
3296 4502 3340 4556 si
3370 4500 3496 4570 quid
3525 4498 3651 4555 mali
3673 4512 3921 4554 resecare

2330 4602 2609 4670 cupientes
2635 4639 2651 4665 ,
2683 4613 2751 4654 ne
2780 4596 2975 4652 mutirc
3009 4594 3225 4665 quidem
3250 4607 3415 4662 super
3440 4589 3529 4645 illo
3555 4590 3879 4645 auderemus
3902 4629 3919 4654 ,

2331 4710 2395 4750 ac
2423 4697 2466 4751 si
2513 4692 2783 4749 silentium
2826 4676 3196 4760 aegritudinem
3225 4685 3367 4741 ultro
3402 4694 3714 4742 sanaturum
3757 4690 3921 4737 esset.

2333 4786 2410 4841 Ne
2437 4797 2710 4840 taceamus
2738 4777 2919 4853 igitur,
2936 4779 3145 4834 etiamsi
3168 4776 3364 4833 millies
3388 4773 3814 4849 erubescendum
3830 4772 3923 4827 sit.

2334 4880 2516 4950 Neque
2540 4877 2686 4934 enim
2716 4876 2956 4935 medicus
2975 4888 3096 4928 cum
3114 4868 3467 4940 abstergenda
3486 4865 3715 4938 putredo
3739 4864 3923 4932 fuerit,

2336 4967 2537 5029 ferrum
2567 4972 2808 5035 arripere
2831 4964 3098 5023 dubitabit
3124 5004 3141 5030 ,
3169 4972 3223 5021 et
3242 4961 3309 5017 ad
3336 4961 3510 5032 ipsum
3536 4957 3776 5014 vulneris
3801 4956 3925 5012 fun-

2336 5065 2461 5121 dum
2474 5063 2668 5134 digitos
2684 5060 3004 5115 immittere.
3030 5054 3142 5111 Nec
3170 5068 3270 5109 nos
3294 5051 3456 5123 igitur
3482 5048 3731 5106 de’bisce
3760 5047 3923 5104 verba

2338 5157 2515 5211 facere
2551 5152 2922 5210 recnsabimus
2952 5188 2969 5214 ,
2998 5154 3489 5217 quantumcumque
3542 5141 3817 5196 molestior
3856 5139 3929 5193 sit

2339 5248 2587 5329 putredo.
2611 5244 2768 5316 Quod
2799 5255 2929 5315 ergo
2959 5240 3175 5297 tandem
3204 5236 3344 5293 istud
3378 5235 3577 5291 malum
3620 5232 3741 5290 eat?
3762 5234 3928 5287 Amor

2338 5324 2553 5412 quidam
2584 5352 2756 5393 novus
2784 5349 2847 5391 ac
2876 5329 3343 5417 nequissimuan
3386 5336 3629 5384 nostrum
3671 5324 3926 5380 saeculum

2342 5433 2535 5505 irrupit
2567 5450 2582 5487 :
2610 5429 2831 5488 morbus
2857 5426 3013 5483 irruit
3032 5423 3381 5495 gravissimus
3400 5430 3456 5477 et
3470 5417 3803 5482 iucurabtlis,
3834 5431 3930 5485 pe-

2340 5528 2439 5584 stis
2463 5523 2703 5579 omnium
2734 5518 2961 5591 pestium
2984 5514 3281 5572 teterrima.
3310 5512 3516 5569 Novum
3559 5520 3615 5566 et
3639 5508 3933 5564 intoleran-

2340 5621 2470 5679 dttm
2498 5618 2676 5675 scelus
2701 5614 3057 5686 excogitatum
3077 5606 3310 5665 est.Non
3341 5606 3483 5662 enim
3511 5604 3727 5675 script:
3747 5600 3932 5668 modo,

2407 5758 2425 5789 ι
2462 5754 2635 5813 Verba,
2661 5750 2748 5803 hoc
2772 5747 3006 5807 studium,
3025 5748 3073 5797 lu
3090 5740 3255 5796 Morel.
3272 5738 3377 5793 solo
3396 5739 3594 5793 domat.
