4266 6314
226 478 325 531 δδι

223 588 321 653 sed
367 587 639 642 naturales
676 588 806 655 ipsa:
854 587 995 656 leges
1025 594 1356 640 evertuntur.
1386 584 1553 638 Parva
1593 599 1677 637 res
1704 583 1811 652 jam

225 691 311 732 est
345 679 410 732 ad
440 678 784 747 impudicitia:
814 678 1070 731 rationem
1101 675 1378 727 fornicatio
1414 692 1427 726 :
1468 690 1532 727 ac
1561 673 1815 743 quemad-

226 769 448 821 modum
473 769 525 820 iii
554 767 847 831 doloribus,
871 766 959 834 qui
988 764 1269 819 violentior
1298 764 1606 831 supervenit
1626 763 1817 831 prioris

226 875 446 937 sensum
476 860 655 914 obruit
686 901 700 926 ,
734 860 810 913 sic
852 868 903 912 et
938 858 1095 925 hujus
1139 856 1477 910 eonttnllelite
1507 854 1817 923 tllagnittado

230 968 339 1005 nou
380 951 658 1020 permittit,
690 960 745 1003 ιιι
787 949 927 1018 quod
956 965 1079 1002 vere
1103 947 1435 1001 intolerabile
1480 954 1581 1010 est,
1602 945 1708 1013 jam
1739 945 1819 996 in.

232 1042 514 1095 tolerabile
558 1040 805 1094 videatur
831 1080 847 1105 ,
888 1040 1141 1093 ollscmna
1194 1051 1386 1105 nempe
1427 1050 1548 1090 cmn
1583 1034 1819 1088 mulieri-

228 1132 335 1184 bus
358 1133 373 1161 ¹
397 1131 579 1184 libido.
606 1129 905 1197 Optandum
931 1128 1072 1181 enim
1103 1128 1312 1180 videtur
1334 1141 1489 1194 posse
1516 1125 1818 1192 llujusmodi

230 1223 365 1276 retia
394 1222 626 1291 effugere
665 1240 677 1273 :
709 1220 1109 1289 periculumque
1150 1229 1232 1290 est
1266 1233 1331 1271 ne
1358 1231 1518 1269 sexus
1546 1214 1821 1269 muliebris

227 1316 339 1384 jam
388 1316 689 1383 superﬂuus
725 1312 985 1367 efficiatur
1014 1353 1028 1376 ,
1058 1310 1486 1364 adolescentibus
1518 1308 1663 1362 vices
1706 1308 1822 1376 ejus

230 1422 424 1459 omnes
455 1405 815 1473 implentibus.
845 1403 996 1470 Quod
1024 1402 1395 1473 gravissimum
1424 1415 1555 1454 sane
1582 1409 1660 1453 est
1691 1439 1705 1463 ,
1728 1398 1821 1454 sed

232 1498 395 1566 longe
420 1498 656 1550 atrocius
688 1494 829 1565 quod
860 1511 945 1549 res
975 1507 1079 1547 tam
1107 1491 1435 1546 exsecranda
1471 1490 1670 1559 ingenti
1698 1505 1820 1542 eum

231 1587 453 1641 audacia
486 1598 819 1655 perpetretur
848 1627 862 1648 ,
896 1586 963 1637 ita
1001 1594 1056 1637 ιιι
1106 1584 1311 1659 facinus
1331 1582 1465 1635 adeo
1495 1581 1822 1649 illegitimum

232 1679 286 1731 ill
319 1678 491 1747 legem
520 1677 810 1731 transierit.
839 1676 1007 1729 Nemo
1028 1674 1137 1744 jam
1168 1673 1376 1733 metuit,
1407 1687 1566 1725 nemo
1596 1670 1828 1739 peritor-

234 1772 399 1824 rescit
425 1812 440 1835 ,
482 1785 640 1823 nemo
666 1778 877 1821 veretur
904 1777 993 1821 aut
1020 1767 1289 1821 erebi-scit
1321 1806 1334 1826 ,
1380 1764 1472 1818 sed
1500 1764 1651 1832 quasi
1678 1765 1743 1815 de
1770 1777 1827 1817 re

237 1859 377 1915 bene
404 1868 554 1929 gesta
582 1859 785 1913 ridetur
808 1876 819 1914 :
848 1859 945 1926 ipsi
988 1866 1349 1924 temperantes
1370 1856 1609 1908 insanire
1631 1854 1824 1907 viden-

236 1960 345 2013 tur,
369 1958 425 2003 ct
449 1949 742 2002 munitores
771 1948 982 2011 furere;
1015 1948 1102 2016 qui
1130 1948 1175 1999 si
1203 1946 1582 1999 imbecilliores
1611 1944 1825 2007 fuerint,

234 2040 553 2127 verberibus
582 2038 919 2103 afﬁciuntur;
970 2039 1051 2091 sin
1082 2036 1409 2105 potentiores
1434 2077 1450 2099 ,
1483 2035 1780 2089 irridentur
1811 2075 1826 2099 ,

236 2124 554 2193 illo—duntur,
586 2144 646 2183 ac
678 2130 888 2199 probris
915 2139 1302 2198 resperguntur
1333 2127 1651 2179 innumeris.
1684 2124 1829 2179 Nihil

230 2222 346 2291 jam
375 2222 679 2285 tribunalia,
710 2221 840 2274 nihil
865 2221 1010 2290 leges
1034 2219 1248 2273 valent:
1274 2234 1379 2273 non
1402 2217 1699 2288 pietlagogi,
1726 2232 1829 2268 non

239 2323 441 2381 patres,
471 2330 576 2368 non
608 2314 849 2374 asseclas,
876 2328 980 2365 non
1009 2310 1275 2381 magistri:
1305 2310 1392 2363 alii
1421 2311 1564 2363 enim
1591 2308 1832 2377 pecuniis

237 2408 478 2475 corrupti
499 2405 751 2471 sunt,alii
784 2404 832 2457 id
857 2404 1029 2457 solum
1051 2410 1308 2456 curantut
1331 2416 1540 2454 merces
1568 2399 1829 2453 solvatur:

237 2513 305 2552 ex
358 2498 422 2551 iis
459 2512 586 2550 vero
620 2496 711 2565 qui
760 2496 897 2564 frugi
947 2503 1115 2560 sunt,
1154 2501 1208 2546 et
1261 2490 1360 2544 sibi
1393 2488 1831 2543 concreditorum

238 2580 401 2644 saluti
478 2588 873 2657 prospiciunt,
947 2587 1040 2640 alii
1111 2584 1268 2640 facile
1342 2583 1835 2638 circumveniuntur

238 2695 302 2732 ac
350 2679 726 2747 decipiuntur,
769 2677 859 2730 alii
898 2675 1288 2746 impudicorum
1327 2675 1615 2743 potentiam
1658 2671 1835 2727 refor—

241 2768 466 2822 lnidallt.
522 2768 753 2822 Facilius
813 2769 955 2822 enim
1010 2768 1254 2821 elabatur
1301 2766 1391 2835 qui
1456 2767 1508 2819 ill
1573 2764 1835 2819 affectata:

242 2859 538 2930 tyrannidis
612 2858 971 2929 suspicionem
1035 2859 1292 2921 venerit,
1356 2872 1517 2926 quam
1598 2855 1834 2924 ipsorum

242 2965 437 3003 manus
486 2949 706 3019 effugiat
775 2949 863 3019 qui
932 2964 1126 3018 pueros
1188 2947 1256 3001 ab
1326 2946 1669 3000 exsecrandis
1728 2946 1837 2999 illis

244 3039 552 3093 hominibus
591 3040 858 3094 abducere
886 3039 1188 3092 tentaverit.
1233 3037 1322 3091 Sic
1366 3036 1557 3090 mediis
1609 3036 1661 3088 in
1694 3035 1837 3089 urbi-

242 3132 366 3197 bus,
398 3132 549 3202 quasi
597 3132 649 3186 ill
681 3141 844 3186 .vasta
873 3130 1181 3196 solitudine,
1224 3128 1448 3183 masculi
1484 3128 1535 3182 in
1570 3127 1836 3182 masculos

245 3224 627 3295 turpitudinem
654 3231 925 3278 exercent.
944 3208 1103 3291 Quod
1128 3222 1173 3276 si
1200 3222 1288 3290 qui
1316 3220 1417 3274 hos
1449 3220 1669 3289 laqueos
1698 3217 1835 3272 ell‘u-

237 3327 441 3397 gerint,
475 3325 675 3377 malam
712 3331 893 3375 tamen
926 3321 1322 3374 sceleratorum
1360 3314 1560 3369 famam
1607 3311 1824 3367 diﬂicile

238 3417 491 3470 vitabunt
520 3432 530 3465 :
569 3414 741 3482 primo
764 3411 1007 3482 quidem,
1036 3409 1165 3479 quia
1189 3406 1483 3461 admodum
1513 3405 1670 3474 pauci
1699 3419 1823 3458 cum

238 3508 373 3570 sint,
405 3504 780 3574 improborum
809 3488 1161 3554 multitudine
1184 3496 1345 3550 facile
1363 3494 1708 3549 obruuntur?
1737 3506 1825 3548 se-

238 3596 443 3659 cundo,
469 3595 599 3665 quia
624 3593 931 3649 detestandi
958 3593 1033 3647 illi
1057 3608 1120 3645 ac
1143 3590 1359 3646 scelesti
1378 3589 1675 3650 daemones,
1702 3600 1827 3639 cum

239 3694 652 3755 contemptores
686 3700 817 3740 suos
843 3685 951 3738 alio
981 3683 1143 3737 modo
1173 3682 1371 3750 ulcisci
1405 3686 1702 3749 nequeant,
1729 3677 1829 3729 bac

235 3778 326 3831 via
342 3776 535 3830 laedere
551 3783 838 3829 conantur.
859 3773 998 3839 Quia
1014 3772 1157 3828 enim
1178 3772 1337 3825 letale
1354 3770 1465 3824 illis
1481 3768 1679 3821 vulnus
1699 3766 1833 3819 infli-

237 3884 368 3939 gere
382 3884 488 3923 non
506 3875 757 3938 possunt,
778 3881 956 3935 neque
972 3880 1144 3934 usque
1159 3864 1225 3918 ad
1243 3862 1481 3916 animam
1499 3859 1829 3931 pertingere,

244 3962 578 4017 exteriorem
617 3961 811 4015 saltem
860 3968 1114 4026 ornatum
1159 3958 1373 4021 licdere,
1409 3956 1720 4023 bonamque
1754 3952 1834 4005 fa-

239 4072 383 4112 mam
428 4071 642 4110 onmem
690 4052 901 4107 auferre
948 4052 1211 4104 nituntur.
1254 4044 1614 4110 Quamobrem
1643 4045 1842 4099 multos

239 4147 440 4212 audivi,
484 4147 573 4217 qni
616 4161 676 4201 se
707 4144 886 4199 mirari
918 4144 1180 4204 dicerent,
1217 4135 1359 4206 quod
1384 4134 1619 4191 nondum
1651 4135 1839 4189 bodie-

238 4256 347 4310 que
389 4240 562 4294 imber
610 4237 749 4291 alius
794 4238 979 4308 igneus
1009 4224 1261 4302 delapsus
1306 4228 1395 4294 sit,
1441 4229 1693 4299 quodque
1734 4243 1839 4283 non

240 4330 389 4400 paria
439 4345 559 4384 eum
605 4328 853 4383 Sodomis
896 4326 1022 4379 urbs
1073 4335 1253 4378 nostra
1283 4333 1441 4392 passa
1482 4319 1573 4385 sit,
1617 4335 1737 4389 qua:
1777 4335 1842 4374 eo

240 4423 491 4491 graviore
538 4418 799 4489 supplicio
846 4418 1004 4486 digna
1047 4425 1152 4478 est,
1185 4429 1292 4483 quo
1336 4428 1406 4467 ne
1438 4410 1583 4466 illius
1627 4410 1839 4480 quidem

241 4517 413 4571 cladis
442 4515 690 4585 exemplo
720 4512 1057 4568 emendatur.
1101 4509 1300 4563 Verum
1332 4505 1545 4561 etiamsi
1578 4504 1662 4557 illa
1694 4504 1843 4573 regio

244 4611 315 4665 ab
341 4609 497 4664 anuis
528 4610 608 4662 bis
650 4605 799 4660 mille
838 4619 971 4659 voce
1000 4601 1239 4672 qualibet
1282 4600 1571 4654 clariorem
1612 4612 1841 4663 conspe-

244 4713 391 4755 ctum
420 4697 683 4769 prteferat,
716 4711 822 4766 quo
844 4694 961 4750 orbi
993 4692 1242 4747 universo
1266 4690 1461 4745 clamat
1492 4705 1559 4743 ne
1582 4688 1708 4759 quid
1740 4686 1839 4741 lili-

240 4791 476 4863 jusmodi
504 4790 716 4853 audeat,
745 4803 849 4841 non
894 4786 1054 4843 modo
1085 4785 1362 4854 segniores
1392 4782 1456 4835 ad
1490 4782 1592 4837 lloc
1639 4782 1844 4836 facinus

248 4884 375 4938 facti
406 4899 512 4937 non
562 4888 707 4944 sunt,
738 4878 831 4933 sed
862 4874 1023 4953 etiam
1052 4886 1179 4930 sunt
1213 4874 1665 4942 impudentiorcs:
1699 4888 1761 4926 ac
1796 4872 1841 4926 si

248 4992 372 5031 cum
422 4974 531 5027 Deo
555 4970 905 5034 contendant,
950 4979 1110 5037 atque
1141 4966 1393 5035 operibus
1422 4965 1700 5018 declarare
1728 4973 1843 5017 stu-

250 5070 413 5124 deant
460 5080 579 5120 sese
630 5075 777 5118 tanto
823 5063 992 5133 magis
1043 5061 1127 5114 llis
1177 5060 1330 5113 malis
1373 5058 1655 5112 dedituros
1698 5072 1840 5117 esse,

251 5168 454 5230 quanto
483 5156 715 5226 majores
760 5155 850 5210 ille
897 5169 1081 5224 pinnas
1107 5153 1465 5207 comminatus
1514 5148 1691 5203 fuerit.
1737 5149 1845 5203 Cur

251 5266 380 5320 ergo
415 5248 546 5305 nihil
575 5246 772 5302 factum
800 5254 882 5301 est
928 5242 1264 5314 bujusmodi:
1297 5240 1392 5295 sed
1434 5256 1555 5295 cum
1583 5239 1845 5294 Sodomo-

251 5359 369 5402 tum
397 5342 602 5397 scelera
644 5340 1017 5401 admittantur,
1049 5336 1406 5391 Sodomorum
1451 5342 1630 5386 tamen
1663 5331 1844 5386 clades

254 5452 362 5490 nou
388 5432 738 5503 contingunt?
768 5432 900 5500 Quia
934 5440 1113 5485 manet
1142 5444 1237 5483 eos
1264 5428 1399 5497 ignis
1428 5427 1585 5496 longe
1610 5426 1841 5494 gravior,

252 5539 308 5580 et
333 5527 653 5595 supplicium
688 5524 847 5577 finem
879 5537 984 5576 non
1015 5521 1341 5574 habiturum.
1372 5516 1504 5571 Nam
1532 5532 1652 5570 cum
1676 5516 1846 5567 multo

254 5617 496 5687 graviora
528 5616 755 5677 scelera,
785 5628 943 5683 qualn
977 5612 1010 5665 ii
1036 5611 1125 5680 qui
1153 5609 1307 5680 aquis
1332 5608 1518 5662 diluvii
1549 5607 1837 5674 perierunt,

255 5710 469 5780 plurimi
504 5717 687 5778 postea
712 5703 1050 5766 admiserint,
1081 5703 1253 5757 nullus
1285 5711 1463 5755 tamen
1506 5699 1679 5753 imber
1704 5696 1843 5765 ejus-

242 5836 264 5855 κ

319 5865 332 5894 ¹
369 5864 441 5912 Sic
454 5860 593 5973 Tull.
623 5862 669 5910 in
690 5836 829 5911 textu
856 5866 907 5910 et
928 5858 1026 5907 duo
1050 5864 1178 5918 Mss;
1198 5854 1357 5905 Morel.
1374 5860 1425 5905 et
1438 5850 1579 5904 savii.
1606 5850 1654 5901 in
1671 5864 1847 5913 marg..

319 5941 362 5973 ιιι
388 5939 465 5973 Mill
487 5937 604 5973 tere.

257 5939 362 5975 cum
388 5937 604 5974 ιιιιιιιετυ.

944 472 1300 528 ADVEllSUS
1338 468 1887 527 UPPUGNA'I'OBES
1931 470 2112 526 VITA'J
2153 470 2438 527 MONAST.
2487 473 2612 527 LIB.
2658 473 2745 528 lll.

3399 475 3500 526 διιὲ

1920 585 2062 639 modi
2111 591 2446 655 postmodum
2490 589 2702 641 accidit.
2733 589 2930 642 Eadem
2962 588 3045 642 llic
3089 603 3298 656 quoque
3346 603 3503 641 causa

1920 678 2189 733 afferenda
2211 688 2312 733 est.
2359 680 2467 733 Cur
2493 681 2635 735 enim
2664 682 2719 747 ii,
2748 682 2836 749 qui
2875 682 3031 750 paulo
3061 690 3181 750 post
3211 680 3391 733 mundi
3421 679 3501 733 ill-

1923 769 2072 822 itium
2122 768 2357 832 fuerunt,
2388 786 2527 823 cum-
2554 786 2725 840 neque
2756 772 3039 824 tribunalia
3085 778 3286 831 essent,
3334 783 3505 836 neque

1923 862 2322 930 magistratuum
2347 871 2519 915 metus
2556 863 2877 926 immineret,
2911 877 3016 915 non
3049 861 3181 929 legis
3208 861 3503 914 commina-

1925 952 2017 1015 tio,
2042 966 2147 1004 non
2182 951 2560 1019 prophetarum
2609 953 2825 1015 chorus,
2858 954 2947 1021 qui
2981 951 3371 1015 moderaretur,
3406 966 3508 1003 non

1922 1044 2252 1110 exspectatio
2279 1042 2557 1112 geliennre,
2593 1060 2697 1097 non
2728 1027 2875 1113 regni
2906 1058 3053 1111 spes,
3089 1058 3193 1096 non
3234 1042 3336 1095 alia
3381 1042 3501 1109 plli-

1925 1128 2189 1202 losopbia,
2221 1149 2324 1187 non
2357 1135 2627 1197 miracula,
2661 1149 2780 1204 qua:
2810 1142 3028 1203 possent
3060 1133 3147 1187 vel
3177 1132 3379 1201 lapides
3408 1146 3503 1183 ex-

1924 1226 2124 1278 citare:
2155 1238 2270 1289 cur,
2299 1223 2532 1293 inquam,
2556 1224 2630 1277 illi
2653 1225 2742 1293 qui
2773 1225 2917 1278 nullo
2939 1223 3132 1277 horum
3158 1223 3499 1291 potitieraat,

1930 1330 2104 1374 tantas
2132 1320 2400 1374 scelerum
2441 1334 2625 1388 poenas
2654 1318 2951 1382 dederunt;
2994 1317 3083 1385 qui
3115 1325 3293 1370 autem
3325 1316 3512 1366 lorum

1928 1412 2167 1465 Omnium
2197 1410 2483 1479 participes
2515 1408 2746 1473 fuerunt,
2778 1419 2832 1463 et
2876 1408 3013 1462 inter
3041 1416 3217 1460 tantos
3241 1415 3350 1458 tum
3379 1405 3515 1457 divi-

1933 1519 2120 1557 norum
2154 1513 2262 1555 tum
2295 1504 2650 1555 humanorum
2683 1500 3029 1554 tribunalium
3078 1508 3253 1553 metus
3296 1511 3516 1551 versan-

1932 1602 2038 1657 tur,
2086 1592 2319 1645 nondum
2366 1591 2509 1659 paria
2540 1590 2645 1643 illis
2694 1590 2832 1657 pissi
2875 1597 3016 1651 sunt,
3047 1602 3166 1641 cum
3210 1586 3320 1640 sint
3363 1586 3519 1654 longe

1929 1683 2157 1752 graviori
2189 1681 2448 1750 supplicio
2475 1680 2663 1750 digni?
2693 1679 2881 1733 Nonne
2910 1679 2991 1732 vel
3024 1692 3185 1747 puero
3216 1677 3379 1746 liquet
3401 1676 3519 1729 illos

1931 1774 2178 1827 alrociori
2221 1773 2408 1825 ultioni
2451 1770 2751 1825 reservari?
2777 1769 2910 1823 Nam
2953 1770 2997 1822 si
3027 1784 3124 1823 nos
3152 1782 3313 1836 super
3340 1767 3421 1819 bis
3449 1766 3518 1820 ita

1933 1865 2215 1918 irascimur
2245 1873 2299 1917 et
2330 1863 2687 1931 indignamur,
2721 1861 2865 1917 Deus
2907 1860 2995 1929 qui
3034 1874 3200 1929 genus
3231 1858 3523 1912 humanum

1932 1956 2052 2024 plus
2080 1970 2238 2024 quam
2280 1954 2385 2008 alia
2411 1954 2588 2007 omnia
2614 1962 2786 2017 curat,
2828 1962 2881 2007 et
2920 1951 3206 2021 nequitiam
3234 1949 3521 2002 admodum

1932 2056 2231 2111 aversatur,
2271 2045 2541 2115 quomodo
2569 2044 2684 2099 hinc
2714 2044 2931 2113 impune
2965 2043 3079 2097 fieri
3109 2043 3376 2111 patiatur?
3406 2040 3520 2093 Non

1936 2139 2005 2193 ita
2033 2149 2200 2204 certe,
2248 2154 2354 2192 non
2384 2139 2455 2191 ita
2492 2152 2551 2191 se
2592 2151 2678 2191 res
2709 2136 2890 2202 liabet,
2921 2134 3015 2189 sed
3052 2133 3298 2188 immittet
3327 2132 3378 2184 ill
3409 2132 3525 2185 illos

1937 2229 2093 2298 plane
2138 2245 2353 2282 manum
2398 2228 2543 2282 illam
2569 2226 2821 2290 validam,
2869 2225 3183 2295 plagamque
3228 2222 3519 2276 intoleran-

1935 2323 2080 2383 dam,
2111 2330 2271 2391 atque
2301 2320 2635 2373 cruciatuuln
2664 2318 2878 2372 illorum
2907 2316 3148 2371 dolorem
3178 2316 3248 2369 ita
3285 2330 3523 2385 gravem,

1936 2424 1995 2467 ut
2040 2413 2395 2467 Sodomorum
2424 2409 2605 2464 clades
2650 2408 2725 2462 illi
2755 2415 3063 2477 comparata
3090 2407 3247 2461 ludus
3286 2405 3529 2459 videatur

1936 2519 2077 2558 esse.
2110 2502 2257 2570 Quos
2287 2502 2431 2556 enim
2463 2501 2537 2554 illi
2569 2500 2827 2554 barbaros
2866 2514 2968 2552 non
3000 2497 3355 2567 superarunt?
3384 2495 3527 2566 quod

1938 2596 2169 2652 ferarum
2214 2609 2385 2666 genus
2439 2610 2531 2661 per
2591 2590 3114 2662 impudentissimam
3173 2605 3519 2660 congressum

1940 2704 2044 2741 non
2069 2698 2213 2741 retro
2237 2684 2583 2755 relinquunt?
2608 2684 2702 2738 Est
2728 2683 2779 2737 in
2803 2680 3121 2753 quibusdam
3143 2681 3313 2736 brutis
3334 2679 3530 2755 ardens

1940 2778 2124 2843 libido,
2154 2754 2456 2845 cupidoque
2484 2774 2859 2838 intolerabilis,
2892 2772 3025 2827 nihil
3055 2773 3123 2827 ab
3150 2771 3355 2825 insania
3386 2754 3530 2824 dilic-

1940 2886 2101 2925 rens:
2134 2885 2255 2939 qure
2299 2876 2475 2922 tamen
2507 2868 2648 2923 hunc
2676 2880 2915 2921 amorem
2948 2878 3055 2919 non
3085 2871 3300 2926 norunt,
3331 2861 3422 2915 scd
3453 2863 3530 2913 in—

1943 2972 2022 3016 tra
2067 2970 2273 3015 natura:
2323 2958 2584 3013 terminos
2629 2967 2879 3022 manent;
2930 2957 3031 3011 etsi
3080 2954 3275 3010 millies
3316 2952 3533 3006 libidine

1940 3061 2186 3117 urantur,
2217 3062 2421 3105 naturae
2461 3065 2749 3118 numquam
2782 3049 2929 3120 leges
2954 3056 3221 3102 evertunt.
3266 3046 3335 3098 At
3366 3044 3529 3096 ratio-

1942 3145 2150 3199 nabiles
2194 3143 2293 3208 illi,
2341 3140 2520 3197 divina
2563 3143 2717 3213 potiti
2747 3142 3014 3205 doctrina,
3056 3140 3145 3209 qui
3171 3154 3289 3209 qua:
3328 3136 3530 3206 agenda

1940 3237 2024 3292 vel
2070 3252 2175 3291 non
2208 3236 2413 3305 agenda
2443 3235 2551 3290 sint
2592 3234 2712 3289 aliis
2753 3234 3065 3305 prtedicant,
3121 3231 3534 3300 Scripturasque

1940 3345 2007 3383 ex
2038 3327 2170 3382 caelo
2200 3327 2444 3397 delapsas
2473 3326 2776 3392 audierunt,
2804 3342 2905 3378 non
2937 3326 3005 3378 ita
3037 3323 3374 3393 impudenter
3403 3336 3526 3374 cum

1942 3419 2318 3474 meretricibus
2362 3427 2421 3473 ut
2466 3434 2585 3473 cum
2614 3417 3046 3473 adolescentibus
3086 3413 3527 3483 congrediuntur.

1942 3512 2073 3565 Nam
2100 3511 2251 3581 quasi
2279 3510 2523 3566 homines
2549 3525 2655 3563 non
2684 3508 2814 3575 sint,
2844 3522 3013 3576 neque
3040 3504 3368 3573 providentia
3397 3517 3533 3570 pras-

1940 3602 2012 3657 sit
2050 3603 2213 3657 rebus
2240 3601 2489 3655 humanis
2516 3600 2690 3670 deque
2717 3600 2867 3653 factis
2890 3598 3113 3667 judicet,
3142 3595 3236 3651 sed
3266 3595 3417 3664 quasi
3450 3603 3529 3646 tc-

1943 3694 2125 3749 nebris
2170 3702 2361 3748 cuncta
2406 3690 2814 3761 occupantibus,
2859 3689 3114 3757 nulloque
3155 3687 3271 3741 lucc
3317 3685 3533 3739 vidente

1941 3787 2026 3841 vel
2050 3785 2324 3849 audiente,
2357 3772 2639 3838 sic'omnia
2662 3790 2860 3837 etcum
2900 3788 3043 3835 tanta
3074 3778 3280 3833 insania
3308 3776 3530 3831 audent.

1943 3878 2263 3933 Vitiatorum
2290 3884 2467 3930 autem
2490 3888 2776 3944 puerorum
2806 3881 2986 3943 patres
3009 3870 3124 3924 hinc
3143 3868 3304 3923 tacite
3333 3868 3532 3938 fcrpnt,

1945 3978 2048 4017 nec
2074 3980 2260 4020 secum
2285 3964 2427 4019 filios
2446 3973 2593 4019 terra
2614 3966 2880 4027 obruunt,
2903 3981 3003 4020 nec
3024 3963 3171 4034 quod
3192 3977 3357 4031 quam
3378 3970 3534 4015 tanto

1946 4053 2090 4109 male
2117 4055 2417 4110 remedium
2443 4063 2716 4125 quierunt.
2748 4057 2817 4109 At
2843 4055 2989 4109 enim
3012 4054 3057 4110 si
3083 4055 3136 4106 ill
3157 4053 3414 4121 exsilium
3438 4051 3532 4107 ab-

1945 4145 2183 4200 ducendi
2205 4153 2392 4200 essent
2423 4146 2540 4209 filii,
2566 4155 2624 4201 ut
2644 4146 2712 4201 ab
2735 4147 2840 4202 hac
2860 4152 3014 4215 peste
3052 4145 3445 4208 liberarentur,
3480 4143 3526 4197 si

1946 4242 2002 4295 ili
2021 4252 2191 4301 mare,
2210 4236 2257 4291 si
2275 4238 2328 4290 in
2352 4238 2585 4301 insulas,
2602 4238 2650 4292 si
2669 4237 2723 4291 in
2738 4244 2939 4292 terram
2955 4236 3253 4299 desertam,
3274 4234 3319 4291 si
3340 4235 3394 4288 in
3410 4249 3531 4289 eam

1946 4345 2067 4401 qua:
2107 4330 2249 4384 ultra
2292 4345 2395 4385 nos
2432 4338 2519 4383 est
2560 4328 2712 4383 orbis
2744 4336 2989 4395 partem,
3024 4342 3207 4381 nonne
3250 4334 3533 4395 Oporteret

1946 4424 2131 4477 omnia
2154 4422 2334 4477 facere
2355 4431 2409 4477 et
2426 4424 2655 4493 perpeti,
2679 4437 2747 4477 ne
2770 4420 3088 4491 huiusmodi
3107 4420 3308 4489 llagitia
3332 4418 3531 4472 admit-

1948 4513 2230 4568 terentur?
2269 4512 2431 4567 Certe
2473 4513 2520 4567 si
2568 4513 2867 4567 insalubris
2915 4522 3063 4566 essct
3103 4512 3257 4566 locus
3291 4511 3531 4579 aliquis,

1952 4619 2133 4688 nonqe
2152 4602 2277 4656 inde
2294 4602 2431 4656 lilios
2445 4611 2882 4671 asportaremus,
2899 4601 3115 4656 etiamsi
3130 4602 3279 4654 lucra
3293 4600 3533 4669 ingentia

1951 4696 2022 4750 ibi
2053 4696 2449 4765 consequuturi
2489 4703 2680 4765 essent
2702 4734 2715 4759 ,
2741 4694 2956 4749 etiamsi
2987 4695 3193 4765 Optima
3226 4692 3536 4747 valetudine

1954 4787 2295 4858 potirentur?
2317 4786 2671 4841 Nuncanteul
2695 4801 2822 4840 cum
2848 4794 3000 4840 tanta
3019 4787 3137 4840 lues
3163 4787 3346 4839 omnia
3372 4774 3536 4838 occu-

1955 4889 2043 4951 pet
2076 4896 2182 4933 uon
2212 4879 2374 4934 modo
2402 4895 2500 4933 eos
2534 4879 2603 4932 ad
2630 4879 2892 4933 baratllra
2930 4879 3224 4947 trahimus,
3252 4879 3347 4932 sed
3372 4878 3416 4933 si
3442 4878 3533 4946 qui

1956 4977 2076 5030 illos
2099 4976 2312 5044 eripere
2358 4974 2562 5037 velint,
2621 4989 2716 5028 eos
2755 4982 2817 5027 ιιι
2856 4981 3210 5043 corruptores
3257 4972 3536 5041 pellionis.

1957 5067 2171 5132 Quanta
2190 5068 2269 5119 ira
2289 5066 2499 5130 istllazc,
2514 5066 2735 5135 quantis
2753 5064 3075 5119 fulminibus
3089 5065 3251 5134 digna
3265 5078 3372 5117 non
3390 5065 3542 5117 sunt?

1955 5160 2397 5230 quandoquidem
2413 5161 2650 5230 linguam
2666 5160 2800 5229 ipsis
2817 5167 3201 5228 perexternam
3215 5157 3540 5226 sapientiam

1954 5257 2222 5327 perpolire
2254 5253 2551 5316 studemus,
2593 5249 2824 5303 animam
2871 5259 3001 5299 vero
3048 5243 3100 5296 in
3134 5241 3247 5311 ipso
3274 5236 3544 5307 spurcitia:

1952 5365 2109 5404 emno
2133 5349 2426 5419 iacentem,
2450 5342 2779 5411 omninoque
2805 5343 3223 5409 putrescentem,
3255 5346 3361 5385 non
3385 5329 3545 5382 modo

1955 5442 2298 5509 ileSpicimns,
2345 5436 2441 5490 sed
2470 5435 2633 5491 etiam
2671 5442 2963 5501 exstirgere
2991 5427 3259 5481 volentem
3288 5420 3541 5493 prohibe-

1954 5548 2093 5588 mus.
2144 5531 2282 5586 Num
2332 5530 2451 5598 quis
2502 5526 2679 5580 adhuc
2718 5523 2899 5578 dicere
2937 5522 3078 5575 ausit
3119 5532 3278 5589 posse
3318 5517 3544 5568 salutem

1954 5623 2210 5691 consequi
2266 5636 2380 5684 eos,
2411 5618 2500 5688 qtti
2552 5617 2605 5671 ill
2655 5616 2817 5669 tantis
2867 5614 3022 5667 malis
3066 5606 3384 5664 versantur‘l
3434 5610 3545 5667 Qua

1956 5715 2201 5771 ratione?
2230 5712 2471 5781 Namque
2502 5710 2559 5773 ii,
2592 5707 2683 5778 qui
2721 5707 3055 5761 exoletorum
3100 5694 3379 5756 vesaniam
3418 5696 3549 5751 ctl‘n-

1955 5817 2166 5879 gerunt,
2216 5804 2307 5876 qui
2356 5803 2509 5873 pauci
2540 5816 2673 5855 sane
2711 5812 2937 5853 munero
2967 5803 3111 5857 sunt,
3164 5805 3379 5846 amores
3428 5788 3549 5841 illos

1963 5900 2245 5966 violentos,
2289 5897 2378 5963 qui
2428 5894 2605 5951 omnia
2656 5898 3029 5959 Corrumpunt,
3061 5882 3298 5956 pecunia:
3343 5879 3552 5934 scilicet
