4266 6314
759 380 865 438 ἔξω

759 504 810 548 ct
840 494 1046 565 gloriar,
1075 510 1182 550 non
1211 495 1468 566 effugiunt
1486 513 1501 550 :
1519 496 1702 565 plures
1727 505 1976 551 autemet
2000 495 2086 551 bis
2110 497 2260 567 lpsis,
2287 503 2341 550 et

761 597 862 635 una
878 582 1158 652 impudicis
1174 584 1446 640 amoribus
1466 585 1831 641 vehementius
1853 573 2324 656 oppressidetinen

764 683 868 725 tur.
891 673 1089 728 Deinde
1101 690 1220 730 cum
1235 675 1353 730 illos
1369 675 1639 731 literarum
1654 677 1842 733 studiis
1855 679 2065 734 tradere
2079 679 2340 740 volumus,

769 778 875 816 non
904 775 1106 820 tantum
1138 783 1200 822 ea
1235 783 1353 836 qua:
1379 768 1502 825 huic
1535 770 1852 826 institutioni
1879 771 2093 827 officere
2119 781 2341 842 possunt

758 855 1074 919 auferimus,
1101 858 1195 912 sed
1215 875 1332 929 quae
1352 861 1518 929 ipsam
1532 861 1721 931 juvare
1737 872 1960 934 pessum
1980 878 2297 933 apparantus
2321 878 2337 926 ;

762 946 1077 1016 p:cdagogos
1116 960 1170 1003 et
1201 950 1481 1020 magis-tros
1523 954 1654 1024 ipsis
1685 970 2062 1024 procurantes,
2091 955 2340 1024 pecunias

760 1039 1134 1106 expendimus,
1163 1051 1322 1113 atque
1350 1062 1378 1095 a
1405 1047 1615 1100 caneris
1640 1048 1797 1100 rebus
1818 1048 1983 1100 otium
2003 1057 2336 1116 praestamus,

761 1144 824 1180 ac
850 1130 1197 1198 frequentius,
1233 1149 1390 1202 quam
1430 1136 1733 1204 pmdotriba:
1770 1136 1820 1189 in
1847 1137 2139 1208 Ulympicis
2161 1145 2335 1191 curta-

731 1250 735 1251 κ
760 1219 993 1274 minibus
1022 1221 1377 1280 vociferantes
1405 1266 1419 1288 ,
1452 1228 1815 1298 paupertatem
1845 1243 2004 1297 quam
2048 1225 2334 1295 imperitia,

758 1312 969 1364 divitias
988 1329 1116 1380 quas
1131 1315 1360 1370 eruditio
1376 1317 1528 1371 affert
1545 1318 1878 1382 exhibemus,
1902 1318 2032 1372 nihil
2051 1334 2154 1372 non
2176 1333 2338 1388 agen-

760 1413 839 1457 tes
861 1421 920 1458 ac
937 1407 1194 1473 dicentes,
1232 1419 1286 1463 et
1323 1419 1504 1464 nostro
1532 1421 1585 1465 et
1607 1411 1831 1465 aiiorum
1857 1425 2128 1477 sermone,
2157 1419 2214 1466 ut
2241 1424 2335 1465 eos

756 1494 826 1548 ad
864 1496 1022 1551 finem
1068 1508 1227 1554 tanta:
1256 1502 1628 1556 Sollicitudinis
1657 1490 2031 1572 perducamus,
2061 1519 2235 1572 neque
2259 1504 2338 1558 sic

755 1588 944 1642 crebro
964 1591 1070 1642 voti
1088 1603 1360 1660 compotes
1380 1594 1645 1648 efficimur
1672 1612 1686 1647 :
1711 1612 1919 1649 morum
1945 1611 2072 1650 vero
2097 1592 2334 1664 probita-

758 1689 889 1744 tem,
921 1692 978 1734 et
1005 1681 1242 1738 honesta:
1274 1685 1394 1738 vita:
1433 1701 1616 1740 curam
1658 1688 1797 1741 ultro
1826 1687 1956 1755 ipsis
1985 1687 2336 1744 obventuram

754 1770 1078 1836 putabimus,
1112 1786 1231 1825 cum
1274 1775 1504 1830 maxime
1553 1785 1628 1829 tot
1677 1786 1928 1846 tantaque
1967 1778 2091 1843 sint,
2123 1794 2241 1846 qua:
2268 1777 2334 1830 il-

754 1861 860 1915 lam
893 1863 1225 1932 impediant?
1253 1866 1454 1935 Ecquid
1479 1867 1576 1922 hac
1604 1868 2198 1924 absurditate’deterius
2219 1869 2335 1924 fue-

752 1955 841 2014 rit,
869 1954 918 2006 id
949 1955 1086 2023 quod
1116 1957 1320 2011 facilius
1343 1968 1425 2011 est
1453 1962 1504 2012 in
1533 1976 1722 2030 magno
1750 1963 1922 2028 pretio
1949 1961 2146 2016 habere
2172 2002 2186 2024 ,
2222 1970 2330 2015 tam

752 2046 980 2099 addicite
1015 2049 1282 2118 persequi,
1324 2051 1474 2119 quasi
1525 2068 1626 2106 non
1652 2052 1810 2106 liceat
1842 2052 1987 2107 aliud
2028 2052 2186 2106 aliter
2208 2052 2332 2106 adi-

753 2135 910 2203 pisci,
943 2139 1080 2206 quod
1110 2149 1286 2194 autem
1312 2139 1465 2210 longe
1488 2141 1758 2196 difficilius
1787 2152 1887 2208 est,
1911 2143 2011 2197 hoc
2037 2143 2190 2197 nobis
2210 2143 2334 2197 dor-

755 2225 1048 2279 mientibus
1079 2229 1427 2283 ohvcnturum
1454 2244 1573 2285 esse
1614 2235 1818 2300 putare,
1852 2233 1999 2302 quasi
2027 2233 2221 2302 aliquid
2253 2233 2334 2287 vi-

753 2313 822 2369 lis
852 2319 1004 2386 pretii
1033 2330 1083 2372 et
1114 2320 1257 2388 parvi
1285 2323 1540 2376 momenti
1565 2322 1586 2376 ?
1615 2323 1953 2390 Philosophia
1981 2323 2176 2393 quippe
2211 2323 2332 2376 ani-

752 2421 852 2460 ma:
877 2408 1146 2460 literarum
1173 2409 1502 2465 institutione
1524 2423 1670 2465 tanto
1695 2413 1962 2466 difﬁcilior
1981 2423 2035 2467 et
2054 2413 2333 2482 operosior

750 2508 853 2561 est,
902 2509 1100 2566 quanto
1144 2499 1413 2554 difiicilius
1457 2512 1541 2556 est
1583 2501 1778 2567 facere,
1824 2519 1982 2572 qu:im
2024 2504 2224 2567 dicere,
2279 2514 2332 2558 et

750 2600 949 2656 quanto
975 2603 1134 2656 Opera
1161 2600 1284 2644 sunt
1308 2593 1646 2647 sermonibus
1675 2593 2046 2648 laboriosiora.

745 2658 756 2671 .
825 2685 879 2733 9.
919 2678 1257 2750 Philosophia
1278 2683 1378 2736 sive
1407 2699 1604 2736 morum
1622 2685 1870 2737 institutio
1888 2685 2332 2753 quutttnecessaria

755 2769 1146 2838 sin—Ecquid,
1176 2772 1381 2842 inquies
1409 2774 1742 2844 philosophia
1760 2788 1813 2830 et
1841 2777 2155 2831 accuratiori
2174 2778 2330 2831 insti-

753 2860 956 2916 tutione
987 2863 1106 2916 filiis
1129 2864 1324 2918 nostris
1352 2867 1530 2933 opus?
1553 2865 1685 2920 Illud
1729 2867 1869 2920 enim
1895 2909 1910 2933 ,
1940 2867 2069 2922 illud
2106 2869 2329 2922 omnino

751 2960 833 3004 est
857 2952 1000 3019 quod
1021 2954 1195 3007 omnia
1224 2954 1474 3023 perdidit,
1498 2957 1636 3026 quod
1663 2971 1747 3010 res
1770 2961 1839 3011 ita
1868 2960 2192 3024 necessaria,
2211 2976 2329 3028 qua:

748 3043 911 3096 vitant-
935 3045 1203 3098 contineat
1234 3054 1492 3112 nostran,
1524 3046 1794 3116 superﬂua
1820 3057 1875 3102 et
1899 3049 2070 3102 otiosa
2098 3064 2217 3103 esse
2241 3049 2325 3102 vi-

748 3132 957 3186 deatur.
989 3131 1143 3188 Certe
1174 3136 1216 3188 si
1243 3138 1361 3204 quis
1389 3137 1556 3191 filium
1585 3138 1722 3192 mala
1749 3139 1991 3208 corporis
2025 3141 2327 3195 valetudine

750 3223 1078 3277 laborantem
1128 3226 1336 3290 viderit,
1380 3244 1667 3297 numquam
1693 3230 1833 3283 dicet
1875 3249 1887 3284 :
1920 3230 2059 3297 Quid
2093 3232 2165 3284 illi
2193 3247 2328 3301 Opus

753 3313 887 3365 bona
933 3323 986 3366 et
1027 3313 1177 3368 ﬁrma
1229 3316 1572 3373 valetudine?
1608 3320 1702 3374 sed
1749 3322 1928 3375 omnia
1968 3323 2238 3389 molietur,
2273 3331 2329 3377 ut

750 3402 889 3456 [uina
915 3405 1163 3460 valetudo
1201 3407 1270 3460 ita
1318 3410 1415 3477 ipsi
1448 3412 1780 3477 restituatur,
1814 3423 1871 3467 ut
1897 3413 2116 3467 mOrbns
2143 3423 2326 3482 postea

749 3516 854 3551 nou
887 3499 1085 3554 redeat.
1117 3504 1308 3556 Anima
1334 3521 1457 3559 vero
1490 3516 1802 3574 :cgrotaute,
1833 3507 1965 3560 nihil
1989 3508 2138 3560 aiunt
2167 3522 2323 3562 cura-

749 3591 891 3646 tione
914 3608 1046 3660 opus
1076 3609 1214 3657 esse,
1252 3597 1437 3666 bisque
1467 3599 1690 3666 prolatis
1715 3599 1892 3654 verbis
1936 3610 2112 3669 patres
2138 3617 2197 3656 se
2225 3618 2321 3656 vo-

746 3698 870 3736 care
894 3684 1108 3738 audent.
1139 3687 1273 3752 Quid
1306 3688 1503 3755 igitur?
1537 3690 1685 3743 aiunt
1711 3709 1725 3753 ;
1756 3690 2322 3762 pbilosophabimurne

746 3789 952 3836 omnes,
984 3785 1036 3827 et
1080 3779 1254 3829 omnia
1287 3794 1404 3846 qua:
1442 3780 1503 3831 ad
1533 3780 1787 3835 s;eculum
1830 3791 2074 3850 spectant
2111 3798 2322 3852 pessum

750 3863 937 3914 illum?
963 3863 1078 3917 Non
1110 3868 1175 3918 ita
1210 3882 1452 3934 prorsus,
1482 3871 1713 3924 virorum
1747 3873 1945 3941 Optime
1969 3915 1984 3936 ,
2015 3889 2122 3928 non
2140 3874 2324 3944 ‘philo-

747 3952 961 4020 sophia,
987 3955 1079 4007 sed
1107 3956 1458 4026 philosophia:
1479 3960 1655 4027 inopia
1677 3962 1856 4015 omnia
1881 3964 2113 4032 perdidit
2140 3975 2194 4019 et
2213 3979 2326 4020 cor-

747 4045 910 4110 rupit.
962 4044 1210 4112 Quinam,
1264 4064 1465 4116 qumso,
1523 4063 1840 4122 prmsentcm
1895 4070 2071 4110 rerum
2124 4064 2324 4110 statum

747 4139 1138 4203 wt'rttmpmit?
1166 4140 1310 4193 illine
1336 4144 1423 4210 qui
1457 4143 1728 4199 moderate
1759 4156 1815 4200 et
1837 4146 2000 4214 probe
2027 4148 2225 4213 vivunt,
2255 4164 2322 4202 an

744 4227 832 4294 qui
877 4244 1045 4282 novos
1087 4241 1140 4284 et
1183 4232 1394 4301 iniquos
1423 4238 1721 4305 excogitant
1751 4238 2062 4293 deliciarum
2086 4241 2320 4294 modos?

747 4318 836 4384 qui
869 4335 952 4372 res
981 4323 1217 4375 nuntium
1246 4324 1344 4377 sibi
1375 4340 1648 4393 assumere
1676 4330 1918 4382 nituntur
1942 4371 1957 4394 ,
1999 4345 2065 4384 an
2092 4333 2181 4401 qui
2209 4333 2322 4385 suis

746 4411 978 4462 contenti
1014 4422 1134 4464 sunt
1159 4415 1186 4465 Ῡ
1207 4416 1297 4482 qui
1336 4416 1749 4472 domesticorum
1781 4419 2069 4489 phalangas
2101 4422 2316 4488 habent,

743 4509 794 4550 et
819 4511 1208 4556 asSentatorum
1241 4508 1255 4534 ⁸
1284 4520 1486 4559 cuneus
1512 4509 1917 4563 circumducunt
1946 4554 1961 4576 ,
1990 4526 2057 4564 an
2085 4513 2172 4580 qui
2201 4530 2319 4564 scr-

743 4604 867 4642 vum
893 4607 1054 4645 unum
1080 4595 1178 4647 sibi
1211 4597 1339 4648 satis
1358 4612 1475 4651 esse
1502 4599 1868 4654 arbitrantur?
1893 4603 2152 4669 (nondum
2175 4605 2317 4656 enim

743 4682 809 4734 de
851 4697 1096 4750 suprema
1142 4685 1473 4756 philosomiia
1522 4691 1732 4758 loquor,
1773 4691 1869 4745 sed
1904 4692 1971 4745 de
2017 4693 2126 4754 illa,
2159 4711 2318 4762 quam

742 4769 951 4838 plurimi
983 4773 1131 4828 adire
1161 4788 1412 4843 possmit:
1443 4777 1468 4848 )
1497 4779 1649 4836 illine
1682 4782 1768 4849 qui
1813 4781 2030 4837 humani
2057 4800 2121 4837 ac
2164 4801 2318 4837 man-

742 4861 875 4914 sueti
907 4872 1052 4928 sunt,
1083 4865 1542 4937 inuititudinisque
1573 4869 1831 4926 iuniorem
1863 4887 1970 4926 non
1995 4882 2220 4940 curant,
2252 4893 2318 4930 an

742 4951 799 5016 ii,
829 4955 918 5020 qui
949 4955 1206 5010 honorem
1241 4959 1354 5026 plus
1395 4976 1556 5028 quam
1596 4978 1759 5017 omne
1795 4963 2032 5017 debitum
2076 4967 2317 5035 exigunt,

740 5045 1137 5114 hinnulei-isque
1166 5049 1551 5105 calamitatibus
1574 5053 1812 5107 afficiunt
1830 5070 1953 5108 eum
1980 5056 2072 5124 qui
2099 5071 2204 5110 non
2230 5076 2318 5110 as-

739 5146 938 5206 surgat,
970 5153 1074 5191 non
1122 5139 1326 5208 primus
1350 5143 1567 5206 salutet,
1601 5161 1704 5199 non
1735 5162 1794 5200 se
1826 5149 2064 5210 inclinet,
2096 5160 2318 5204 cuneta-

737 5243 841 5294 que
871 5243 1145 5282 servorum
1177 5230 1433 5301 obsequia
1468 5250 1575 5301 pra:
1603 5249 1661 5289 se
1706 5236 1879 5290 ferat?
1901 5239 1992 5308 qui
2017 5240 2192 5294 aiieno
2219 5243 2319 5294 itit-

737 5319 886 5386 perio
910 5334 1096 5391 parcre
1117 5333 1327 5385 curant,
1359 5341 1427 5377 an
1458 5326 1544 5395 qui
1571 5329 1912 5396 magistratus
1939 5333 2314 5397 praefecturas-

737 5423 839 5476 que
883 5420 1086 5475 amant,
1130 5421 1183 5466 et
1213 5414 1313 5468 hac
1357 5416 1424 5468 de
1463 5431 1520 5470 re
1558 5419 1735 5471 omnia
1769 5418 1998 5474 libenter
2027 5422 2224 5476 iaciunt
2253 5440 2317 5477 ac

735 5499 1055 5565 patiuntur?
1079 5504 1167 5570 qui
1196 5518 1255 5560 se
1279 5506 1517 5561 omnium
1542 5510 1769 5577 Optimos
1797 5526 1918 5564 esse
1944 5513 2147 5577 dicunt,
2177 5514 2317 5567 ideo-

732 5603 836 5658 quc
869 5591 1046 5645 omnia
1073 5591 1252 5649 dicere
1277 5596 1527 5652 etfacere
1551 5599 1651 5654 sibi
1683 5601 1847 5656 licere
1868 5589 2214 5667 arbitrantur,
2245 5624 2315 5658 an

727 5725 1328 5851 stiiiiﬁmiﬂf’e"
1352 5733 1700 5784 αδδεηιαίοδύτη
1733 5738 1776 5784 εί
1800 5731 2144 5798 tiaratorum,
2170 5743 2220 5786 et
2243 5737 2315 5788 sic

1469 380 1526 435 S.
1565 379 1843 437 JOANNlS
1877 378 2013 434 CRB
2029 376 2348 436 YSOSTOMI
2376 376 2694 433 ARCHIEP.
2725 379 3257 439 CONSTANTINOP.

3931 384 4032 441 3'64

2451 494 2543 565 qui
2587 509 2646 549 se
2691 495 2892 550 ultimis
2921 508 3306 566 annuinerant,
3340 509 3394 553 et
3433 499 3512 555 sic
3536 499 3750 556 brutam
3782 500 4034 555 vitiorum

2449 586 2737 652 potentiam
2759 572 3021 657 castigant
3039 589 3062 641 ?
3080 590 3170 658 qui
3194 589 3502 658 splendidas
3522 601 3840 646 construunt
3864 591 4027 658 mdes,

2448 683 2503 729 et
2526 675 2695 730 lautas
2738 686 3013 744 apponunt
3054 694 3284 742 mensas,
3318 696 3384 733 an
3412 681 3501 749 qui
3538 689 3594 735 et
3618 681 3739 735 cibo
3764 690 3819 735 et
3847 681 4028 734 domi-

2446 767 2571 821 cilio
2609 768 2838 837 simplici
2869 769 3108 824 contenti
3137 769 3268 824 nihil
3313 771 3546 839 amplius
3573 773 3851 841 requirunt
3876 771 3902 824 2
3939 772 4030 840 qui

2448 855 2725 914 innumera
2747 865 2905 913 terrae
2931 859 3136 914 soleant
3152 858 3338 928 jugera
3363 900 3380 924 ,
3400 874 3474 913 an
3499 860 3588 930 qui
3615 876 3684 914 ne
3707 861 3878 929 gleba:
3903 861 4030 929 qui-

2445 944 2568 999 dem
2605 946 2760 1000 unius
2779 947 3172 1016 possessionem
3197 947 3296 1002 sibi
3315 948 3675 1004 necessariam
3698 948 4034 1004 existiinantl

2443 1035 2534 1104 qui
2559 1034 2764 1091 {tenera
2795 1036 3091 1092 faenoribus
3117 1037 3434 1109 adjieicntes
3468 1039 3704 1109 iniquam
3746 1040 4035 1110 cujuslibet

2443 1126 2754 1181 commercii
2786 1128 2926 1181 viam
2967 1129 3190 1195 adeunt,
3221 1145 3289 1184 an
3338 1129 3430 1200 qui
3469 1129 3679 1200 iniquas
3726 1130 4038 1200 bujusmodi

2444 1217 2781 1288 syngraphas
2819 1218 3148 1288 discerpunt,
3178 1237 3351 1292 exque
3385 1219 3730 1276 facultatibus
3765 1223 3874 1278 suis
3901 1239 4035 1292 ege-

2444 1322 2546 1361 nos
2575 1307 2801 1362 fovent?
2823 1309 2913 1379 qui
2941 1310 3184 1366 mortalis
3217 1322 3423 1366 natura:
3446 1311 3726 1368 ~Tvilitatem
3775 1313 4034 1367 conside-

2443 1411 2566 1455 rant
2589 1441 2603 1463 .
2634 1418 2702 1456 an
2731 1403 2821 1473 qui
2853 1403 2906 1458 id
2948 1419 3016 1459 ne
3058 1406 3196 1459 scire
3223 1403 3439 1474 quidem
3467 1405 3672 1469 volunt,
3703 1405 3797 1459 sed
3829 1405 4033 1475 ingenti

2442 1506 2536 1544 sua
2563 1493 2887 1567 arrogantia,
2915 1508 2974 1549 se
3002 1493 3247 1549 homines
3266 1495 3574 1550 existimare
3603 1496 3918 1550 desierunt?
3943 1495 4037 1565 qui

2441 1582 2754 1637 meretrices
2788 1584 2958 1650 alunt,
2987 1584 3298 1656 alienasque
3323 1587 3535 1657 nuptias
3565 1587 3830 1657 polluant,
3855 1602 3924 1640 an
3939 1587 4035 1656 qui

2440 1687 2468 1724 a
2503 1673 2717 1742 propria
2762 1675 2924 1729 etiam
2956 1691 3121 1732 uxore
3152 1677 3468 1733 abstinent?
3493 1678 3683 1734 Nonne
3709 1679 3783 1732 illi
3812 1679 4035 1749 quidem

2442 1764 2603 1817 veluti
2635 1773 2874 1819 tumores
2901 1767 3114 1836 corpori
3142 1767 3391 1837 ventique
3420 1767 3657 1823 furentes
3681 1769 3813 1823 mari
3841 1768 4038 1821 adver-

2441 1870 2534 1908 sus
2590 1863 2792 1910 rectam
2843 1857 2992 1913 orbis
3037 1860 3427 1915 institutionem
3476 1861 3776 1932 insurgunt,
3827 1877 4038 1931 perque

2448 1962 2602 2002 suam
2634 1947 3099 2018 intemperantiam
3130 1964 3228 2007 eos
3256 1992 3272 2018 ,
3298 1951 3388 2022 qui
3418 1953 3643 2007 salutem
3671 1953 3909 2008 nancisci
3932 1968 4032 2021 po-

2441 2047 2633 2105 terant,
2662 2038 2714 2092 in
2744 2038 2936 2094 fluctus
2966 2040 3260 2110 conjiciunt
3285 2059 3301 2107 ;
3327 2042 3380 2096 hi
3413 2058 3541 2098 vero
3571 2053 3840 2114 tamquam
3870 2043 4037 2097 lumi-

2439 2130 2586 2183 naria
2625 2130 2687 2184 in
2719 2131 2994 2200 profundis
3039 2133 3275 2188 tenebris
3321 2133 3591 2202 micantia,
3623 2149 3740 2200 eos,
3769 2135 3858 2204 qui
3889 2150 4034 2188 nau-

2438 2221 2607 2293 fragio
2648 2223 2876 2292 proximi
2915 2223 2966 2278 in
2999 2224 3177 2279 medio
3202 2237 3524 2293 versantur,
3569 2226 3638 2280 ad
3685 2227 4032 2281 securitatem

2438 2323 2683 2380 evocant,
2716 2324 2770 2369 ct
2801 2315 3154 2385 philosophiae
3184 2315 3325 2371 faces
3367 2319 3419 2371 in
3449 2318 3668 2374 sublimi
3697 2319 3814 2373 loco
3842 2320 4035 2388 procul

2437 2419 2689 2459 accensas
2717 2415 3010 2476 ponentes,
3039 2409 3116 2461 sic
3140 2423 3234 2464 eos
3259 2408 3350 2478 qui
3379 2409 3646 2463 voluerint
3670 2411 3736 2465 ad
3767 2412 4032 2479 tranquil-

2436 2493 2544 2547 lunt
2589 2505 2799 2564 portum
2828 2496 3146 2552 deducunt?
3188 2496 3379 2553 Nonne
3409 2509 3629 2568 propter
3654 2501 3775 2555 illos
3800 2501 4032 2555 seditio-

2437 2599 2554 2648 nes,
2587 2585 2743 2649 bella,
2782 2602 2990 2655 pugnat,
3023 2587 3234 2642 urbium
3274 2589 3503 2656 excidia,
3539 2591 3769 2655 vincula,
3799 2593 4034 2645 servitu-

2439 2684 2540 2740 tes,
2570 2676 2900 2744 t-aptivitates
2921 2717 2936 2743 ,
2965 2677 3139 2732 caades
3179 2689 3234 2731 et
3279 2677 3558 2733 innumera
3600 2681 3777 2734 saeculi
3801 2681 3940 2734 mala
3974 2681 4036 2734 ’ἲ

2435 2782 2540 2819 non
2566 2777 2767 2820 tantum
2793 2783 2878 2832 ea,
2910 2784 3028 2837 qua:
3059 2784 3154 2837 per
3182 2769 3428 2824 homines
3447 2769 3758 2826 hominibus
3787 2772 4032 2826 inferun-

2437 2869 2543 2920 tur,
2572 2859 2666 2913 sed
2691 2859 2851 2913 etiam
2889 2875 2971 2924 ea,
3003 2876 3123 2929 qua:
3146 2860 3214 2915 de
3238 2861 3370 2915 czelo
3391 2865 3632 2928 veniunt,
3657 2873 3712 2916 ut
3737 2864 4033 2930 siccitates,

2437 2948 2682 3002 imbrium
2731 2948 3092 3015 exundantiaz,
3127 2960 3287 3004 teme
3324 2963 3522 3017 motus,
3578 2953 3771 3015 I'uinzc,
3814 2954 4030 3006 urbium

2433 3040 2822 3108 demersiones,
2846 3039 3037 3109 fames,
3059 3053 3237 3112 pestes
3261 3042 3474 3114 aliaque
3489 3045 3689 3109 omnia,
3717 3060 3836 3116 qua:
3866 3047 4024 3100 nobis

2431 3133 2636 3189 coalitus
2661 3135 3055 3190 immittuntur?

2507 3228 2594 3282 10.
2636 3228 2794 3299 Leges
2837 3239 2886 3283 et
2929 3229 3181 3300 supplicia
3205 3229 3498 3300 reipublica:
3523 3230 3828 3284 necessaria.
3857 3259 3928 3269 —
3955 3229 4020 3284 lli

2435 3319 2612 3387 itaque
2639 3329 2793 3385 sunt,
2817 3320 2908 3390 qui
2943 3314 3328 3390 rempublicam
3353 3331 3622 3386 evertunt,
3650 3321 3835 3391 reique
3880 3337 4033 3376 eom-

2434 3411 2579 3463 tnuni
2626 3397 2828 3480 pestem
2861 3409 3097 3466 inferunt
3137 3428 3151 3464 :
3191 3409 3244 3464 lii
3263 3411 3381 3464 aliis
3424 3411 3828 3466 innumerarum
3880 3415 4028 3468 cala-

2431 3503 2678 3556 mitatum
2718 3516 2878 3555 causa
2926 3512 3085 3567 sunt,
3135 3503 3227 3572 qtti
3284 3504 3406 3557 vitae
3456 3504 3703 3573 quietiori
3750 3504 4030 3560 studentes

2433 3595 2771 3663 perturbant,
2822 3595 3056 3664 undique
3099 3594 3432 3664 pertrahunt,
3481 3607 3537 3650 et
3577 3596 3835 3651 dilaniant
3873 3614 3888 3650 :
3932 3597 4032 3652 ho—

2432 3701 2548 3738 rum
2578 3700 2738 3739 causa
2784 3685 3064 3741 tribunalia
3093 3696 3254 3754 sunt,
3288 3687 3453 3757 leges,
3503 3687 3751 3752 mulcbe,
3801 3699 3856 3743 et
3895 3691 4029 3745 varii

2431 3776 2810 3844 suppliciorum
2859 3777 3003 3831 ntodi
3061 3795 3075 3831 :
3125 3793 3189 3832 ac
3229 3777 3674 3847 quemadmodum
3724 3780 3777 3833 in
3821 3781 4023 3847 domo,

2433 3865 2521 3919 ubi
2585 3867 2732 3920 multi
2769 3866 2952 3935 jaceat
3011 3866 3243 3932 infirmi,
3298 3868 3600 3924 incolumes
3651 3885 3782 3924 vero
3829 3872 4022 3940 pauci,

2430 3965 2486 4010 et
2531 3957 2883 4010 medicamina
2928 3966 2983 4012 et
3043 3958 3276 4014 medicos
3319 3959 3624 4028 complures
3665 3961 3845 4014 videas
3879 4003 3893 4025 ,
3947 3977 4028 4016 me

2431 4057 2482 4101 et
2541 4048 2592 4101 in
2619 4046 2751 4102 orbe
2791 4055 2905 4100 toto
2948 4048 3091 4101 nulla
3127 4063 3259 4118 gens
3297 4058 3379 4102 est
3415 4091 3430 4114 ,
3477 4049 3620 4103 nulla
3673 4050 3892 4116 civitas,
3934 4053 4026 4106 ubi

2430 4153 2536 4193 non
2577 4139 2758 4192 multa:
2812 4138 2956 4207 leges
2992 4138 3095 4191 sint
3130 4181 3145 4204 ,
3211 4141 3360 4194 multi
3412 4143 3752 4212 magistratus
3790 4186 3806 4210 ,
3859 4145 4028 4200 multa.

2431 4231 2705 4298 supplicia.
2730 4229 2911 4299 Neque
2931 4230 3073 4284 enim
3099 4231 3212 4298 ipsa
3236 4249 3328 4301 per
3349 4250 3408 4287 se
3429 4234 3779 4287 medicamina
3803 4249 4026 4303 possunt

2429 4337 2627 4390 aegrum
2658 4323 2885 4390 erigere,
2911 4323 3009 4375 nisi
3036 4323 3212 4376 adsint
3232 4325 3320 4391 qui
3351 4327 3626 4392 imponant
3653 4327 3737 4378 illa
3764 4368 3779 4388 ,
3813 4328 3863 4378 hi
3895 4345 4027 4382 vero

2429 4422 2552 4467 sunt
2578 4414 2803 4481 judices,
2828 4413 2918 4483 qui
2946 4430 3137 4483 :cgros,
3171 4416 3337 4468 velint
3369 4417 3576 4481 nolint,
3601 4417 3665 4470 ad
3703 4418 4023 4476 medicinant

2428 4503 2790 4571 accipiendam
2816 4514 3030 4574 cogunt.
3057 4506 3308 4560 Attamen
3335 4505 3404 4558 ita
3432 4507 3651 4560 morbus
3676 4508 3924 4573 obtinuit,
3961 4521 4020 4564 ut

2429 4592 2596 4660 ipsam
2629 4594 2955 4646 medicorum
2982 4604 3150 4648 artem
3177 4602 3412 4662 superet,
3439 4594 3687 4664 ipsosque
3712 4596 3919 4664 judices
3942 4599 4018 4652 in.

2429 4684 2660 4737 vascrit:
2685 4685 3016 4754 idipsumque
3038 4686 3317 4755 contingit,
3343 4701 3406 4740 ac
3432 4687 3476 4739 si
3499 4688 3618 4755 quis
3642 4688 3800 4754 febri,
3829 4692 4026 4745 morbo

2427 4775 2673 4828 intercuti
2703 4816 2717 4839 ,
2760 4775 3162 4845 innumerisque
3201 4776 3321 4830 aliis
3361 4776 3697 4845 gravioribus
3739 4791 4025 4845 correptus

2428 4867 2840 4927 infirmitatibus,
2871 4868 3008 4922 mala
3039 4867 3254 4938 quidem
3298 4869 3514 4937 propria
3555 4885 3660 4922 non
3702 4882 4021 4939 superaret,

2427 4957 2520 5010 sed
2546 4956 2713 5021 alios,
2745 4956 2835 5024 qui
2866 4956 3055 5011 iisdem
3087 4957 3439 5012 incommodis
3480 4957 3825 5026 laborarent,
3856 4960 3924 5014 ab
3953 4962 4024 5018 iis

2425 5047 2634 5115 eripere
2662 5046 2922 5099 studeret.
2954 5046 3228 5114 Siquidem
3260 5047 3511 5116 nequitia:
3542 5047 3761 5113 fluctus,
3781 5067 3880 5103 ceu
3907 5062 4022 5105 tor-

2427 5153 2553 5192 rens
2577 5180 2591 5200 ,
2620 5138 2862 5192 obicibus
2891 5137 3118 5192 sublatis
3145 5127 3394 5192 omnibus
3425 5139 3476 5192 in
3509 5139 3770 5195 humanos
3809 5143 4024 5198 animos

2427 5233 2775 5287 vehementer
2799 5230 2997 5286 eﬂ‘usus
3018 5241 3119 5285 est.
3155 5231 3354 5302 Ecquid
3374 5231 3563 5302 loquor
3586 5233 3653 5288 de
3675 5244 3835 5288 rectae
3866 5233 4018 5288 insti-

2426 5323 2648 5376 tutionis
2663 5321 2986 5377 eversione?
3012 5321 3312 5377 Periculum
3340 5324 3483 5378 enim
3512 5337 3614 5392 est,
3645 5343 3719 5380 ne
3736 5327 3819 5380 illa
3851 5331 4021 5393 pestis

2423 5413 2490 5466 ab
2513 5412 2768 5480 improbis
2793 5412 3100 5468 hominibus
3122 5414 3348 5477 invecta,
3372 5430 3434 5468 ea
3456 5416 3642 5480 etiam,
3666 5435 3781 5483 qua:
3804 5418 3873 5472 de
3894 5436 4018 5486 pro.

2425 5503 2657 5557 videntia
2687 5504 2780 5557 Dei
2807 5522 2842 5557 a
2869 5505 3110 5574 pfuritnis
3135 5506 3398 5574 disputata
3438 5516 3564 5560 sunt
3583 5547 3600 5572 ,
3648 5510 3854 5561 refellat
3883 5527 3895 5561 :
3926 5527 3993 5564 us

2423 5613 2524 5664 quc
2544 5595 2681 5650 adeo
2713 5597 3066 5667 progreditur,
3097 5607 3338 5665 augetur,
3371 5600 3548 5651 omnia
3577 5602 3867 5668 pervadere
3900 5616 4015 5655 sat-

2424 5689 2530 5757 agit
2551 5729 2566 5752 ,
2608 5689 2786 5742 omnia
2817 5688 3084 5758 susdeque
3123 5690 3314 5742 evertit
3335 5729 3349 5751 ,
3375 5702 3703 5757 uetituﬂnluc
3731 5692 3998 5752 adversus

2491 5807 2507 5834 ι
2544 5824 2611 5851 εις.
2647 5799 2781 5850 salii.
2827 5807 2873 5850 et
2911 5806 3015 5849 uss.
3043 5806 3095 5849 tu
3117 5799 3282 5849 nor-sl.
3309 5801 3532 5864 qutetiam
3557 5803 3858 5853 emittuntur.
