4266 6314
147 499 261 558 365

149 611 332 678 ipsum
353 604 542 662 caelum
563 599 785 670 suscipit
809 598 1005 653 bellum
1022 639 1038 663 ,
1060 596 1186 650 dum
1207 593 1480 667 hominum
1503 591 1732 660 linguas,

148 713 259 752 non
285 697 398 768 jam
429 703 616 750 contra
635 699 948 752 conservos,
973 687 1066 742 sed
1091 695 1284 742 contra
1301 682 1739 749 omnibusimpe-

147 799 360 843 tantem
392 785 670 841 Dominum
699 791 889 836 armat.
920 779 1195 836 Undenam
1221 817 1237 843 ,
1273 790 1456 847 quaeso
1479 817 1492 838 ,
1536 783 1614 827 tot
1655 774 1740 827 illa

148 882 350 949 ubique
377 878 445 932 de
476 877 582 930 fato
605 873 906 944 colloquia?
932 871 1197 926 nudenam
1221 868 1566 923 irrationabili
1593 865 1738 920 side-

148 985 270 1022 rum
301 969 469 1022 motui
498 965 672 1019 omnia
702 978 821 1034 qua:
853 962 1005 1027 ﬁunt,
1029 959 1341 1016 adscribunt
1367 957 1618 1028 plurimi?
1647 971 1745 1011 cur

149 1059 445 1119 fortunam,
475 1071 570 1109 cur
597 1069 777 1109 casum
807 1051 1022 1122 quidant
1054 1047 1389 1119 pra-dicant?
1419 1063 1514 1101 cur
1540 1055 1744 1100 temere

147 1157 204 1201 et
249 1147 368 1200 sine
407 1145 611 1200 ratione
652 1143 777 1198 ferri
808 1141 984 1196 omnia
1025 1138 1253 1210 putant?
1294 1145 1516 1207 propter
1540 1149 1741 1196 eosne,

147 1240 239 1308 qui
266 1236 432 1307 probe
446 1245 499 1291 et
514 1235 786 1290 moderate
799 1233 1002 1295 vivunt,
1018 1248 1083 1284 an
1105 1227 1321 1299 propter
1339 1242 1434 1283 eos
1451 1240 1585 1297 quos
1603 1233 1656 1279 tu
1673 1224 1747 1279 di-

147 1334 317 1388 cebas
341 1329 723 1399 rempublicam
748 1327 1043 1388 continere,
1059 1337 1159 1392 ego
1171 1335 1298 1376 vero
1314 1333 1650 1374 communem
1664 1332 1745 1372 or-

149 1422 235 1477 bis
247 1431 454 1492 pestem
473 1433 592 1475 esse
605 1417 894 1472 monstravi
910 1415 1169 1483 ?Propter
1189 1411 1288 1466 hos
1312 1426 1462 1475 sane,
1477 1419 1535 1465 ut
1559 1410 1744 1479 liquet.

149 1511 326 1567 Nemo
349 1511 491 1565 enim
522 1509 855 1578 indignatur,
880 1505 1021 1576 quod
1046 1504 1132 1558 hic
1151 1513 1296 1558 recte
1322 1500 1745 1572 philosophetur,

138 1611 245 1656 aut
267 1599 411 1671 quod
441 1599 530 1654 ille
552 1613 736 1666 aequus
765 1597 922 1666 plane
953 1594 1368 1662 moderatusque
1391 1592 1481 1657 sit,
1505 1600 1597 1645 aut
1623 1600 1750 1644 tem-

151 1705 373 1759 perans,
401 1689 650 1758 quodque
671 1702 757 1742 res
783 1686 942 1754 hujus
969 1684 1148 1738 s:eculi
1172 1682 1465 1752 despiciat;
1492 1681 1586 1737 sed
1607 1681 1749 1751 quod

151 1761 245 1835 ille
269 1781 342 1834 sit
363 1779 686 1848 epulcntus;
715 1776 856 1845 quod
883 1775 936 1828 in
967 1775 1172 1829 deliciis
1198 1781 1320 1843 agat
1344 1813 1360 1839 ,
1392 1771 1534 1841 quod
1558 1784 1752 1825 avarus

151 1872 244 1934 sit,
277 1870 420 1940 quod
452 1868 642 1938 rapiat,
674 1868 814 1938 quod
844 1867 913 1920 sit
945 1865 1251 1934 improbus,
1283 1865 1532 1934 vitiisque
1563 1864 1751 1932 plenus

151 1959 473 2022 innumeris,
501 1958 642 2027 quod
673 1955 985 2025 splendidus
1011 1955 1080 2008 sit
1106 1963 1160 2009 et
1187 1969 1439 2024 prospere
1460 1964 1600 2024 agat.
1628 1953 1752 2008 Huic

151 2059 442 2120 querentes
461 2061 515 2105 et
532 2051 834 2104 incusantes
851 2047 1114 2116 jactitaut,
1138 2046 1228 2114 qui
1252 2045 1360 2099 Deo
1378 2059 1483 2100 non
1505 2043 1748 2099 credunt.

152 2140 250 2195 llis
269 2140 612 2196 oﬂ'enduntur
629 2139 860 2208 plurimi,
877 2139 946 2191 ita
962 2148 1022 2190 ut
1041 2136 1248 2190 illorum
1271 2136 1458 2205 gratia,
1476 2136 1563 2205 qui
1587 2134 1753 2204 probe

154 2231 320 2284 vitam
341 2240 522 2299 agunt,
542 2245 648 2287 non
675 2229 834 2284 modo
859 2226 1164 2297 hujusmodi
1187 2226 1315 2280 nihil
1334 2226 1600 2296 loquuturi
1622 2227 1749 2291 sint,

153 2323 250 2378 sed
272 2325 479 2392 seipso:
499 2322 820 2386 damnaturi,
838 2321 883 2374 si
898 2321 964 2374 ad
984 2318 1368 2388 providentiam
1389 2318 1484 2373 Dei
1505 2319 1754 2373 incusan-

155 2414 278 2468 dam
302 2415 500 2469 inducti
520 2413 731 2481 iuerint.
751 2413 900 2480 Quod
916 2413 960 2466 si
979 2425 1167 2466 omnes
1181 2421 1271 2466 aut
1289 2420 1434 2467 certe
1456 2412 1628 2480 major
1652 2411 1748 2464 lto-

155 2507 360 2561 tuinmn
382 2521 503 2575 pars
525 2506 593 2558 ita
615 2503 801 2559 vivere
813 2495 1212 2568 vellent,nullus
1226 2518 1476 2572 umquam
1490 2501 1751 2572 ejusmodi

159 2599 320 2652 verba
336 2599 639 2667 cogitasset,
655 2612 828 2666 neque
848 2597 932 2651 ille
949 2598 1211 2650 malorum
1227 2595 1488 2666 colaphou
1506 2596 1755 2650 inductus

158 2690 344 2744 fuisset
372 2730 386 2754 ,
425 2699 483 2743 ut
522 2699 851 2758 qumreretur
889 2687 1038 2756 unde
1055 2688 1162 2741 sint
1186 2687 1346 2741 mala.
1375 2686 1508 2740 Nam
1537 2687 1582 2740 si
1612 2687 1753 2739 mala

158 2796 260 2836 nec
279 2789 482 2849 essent,
509 2797 605 2834 nec
625 2789 946 2849 apparerent
961 2779 1115 2848 ,tquis
1139 2779 1394 2848 potuisset
1421 2792 1663 2847 quamam
1685 2777 1754 2830 sit

159 2873 426 2927 tnalorum
451 2886 612 2926 causa
642 2887 903 2940 qtnerere,
934 2879 1000 2925 et.
1016 2873 1111 2941 per
1136 2870 1272 2923 bane
1297 2868 1755 2938 qumstiouent'l‘u-

160 2981 412 3020 numeras
439 2965 672 3018 ltmreses
693 2962 994 3018 suscitare?
1019 2964 1228 3017 Etenim
1255 2961 1486 3016 Marcion
1507 3001 1522 3027 ,
1552 2961 1754 3026 Manes,

161 3054 498 3113 Valentinus.
515 3065 565 3108 et
587 3055 796 3123 plurimi
819 3053 1126 3108 Graecorum
1151 3052 1275 3107 hinc
1297 3052 1758 3120 iuitiumsompse-

162 3158 306 3200 runt.
339 3147 393 3202 Si
420 3157 596 3200 autem
627 3161 814 3200 omnes
836 3143 1334 3215 philosopharentur
1358 3184 1373 3208 ,
1407 3143 1584 3196 nullus
1613 3150 1756 3196 esset

162 3235 285 3292 huic
301 3236 581 3307 quaestioni
608 3237 774 3301 locus;
799 3237 892 3290 sed
920 3236 965 3290 si
983 3250 1086 3289 non
1102 3234 1335 3300 aliunde,
1358 3235 1424 3288 ab
1451 3233 1548 3288 hac
1567 3234 1756 3286 saltent

161 3329 362 3398 Optima
387 3326 594 3382 vivendi
622 3332 825 3380 relicuo
847 3326 1157 3381 didicissent
1184 3339 1390 3389 omnes,
1411 3339 1508 3378 nos
1532 3324 1631 3379 sub
1650 3325 1757 3378 Deo

163 3435 289 3490 rege
313 3419 510 3481 vivere,
530 3419 783 3486 illumque
802 3433 887 3472 res
905 3427 1112 3471 nostras
1133 3417 1424 3470 secundum
1441 3416 1757 3484 sapientiam

167 3510 607 3579 prudentiamque
635 3523 785 3562 suam
814 3507 1187 3561 adtniuis‘trare
1211 3515 1265 3561 et
1290 3505 1572 3560 moderari.
1605 3501 1757 3572 Quod

167 3615 308 3654 nunc
328 3616 537 3669 quoque
554 3597 632 3662 lit,
647 3599 740 3653 sed
764 3614 866 3652 non
895 3597 1047 3651 facile
1070 3597 1386 3666 perspicitur
1402 3595 1472 3651 ob
1491 3597 1756 3666 ingentem

168 3693 313 3748 illaut
338 3693 606 3758 nebulam,
636 3708 792 3762 quam
819 3707 913 3759 per
938 3699 1105 3743 totum
1131 3700 1389 3743 terrarqu
1416 3689 1598 3743 orbem
1627 3688 1759 3743 etfu-

167 3783 386 3836 deront.
419 3782 571 3848 Quod
600 3782 646 3836 si
673 3797 759 3836 res
786 3797 891 3836 non
917 3780 990 3834 ita
1019 3794 1078 3840 se
1105 3779 1360 3846 haberet,
1385 3779 1537 3849 quasi
1567 3778 1619 3832 iu
1648 3794 1761 3832 tue-.

169 3874 376 3928 ridiana
401 3874 519 3928 luce
550 3881 605 3926 et
640 3888 830 3927 sereno
859 3886 984 3927 aere
1013 3873 1104 3927 Dei
1139 3871 1471 3942 providentia
1507 3872 1759 3925 omnibus

169 3975 471 4036 appareret.
501 3965 635 4020 Nam
665 3966 709 4019 si
737 3981 840 4019 non
862 3965 1148 4024 tribunalia
1176 3973 1377 4032 essent,
1402 3981 1507 4039 non
1537 3979 1758 4019 accusa-

173 4065 318 4111 tores
338 4096 354 4122 ,
385 4071 490 4110 nou
519 4056 864 4126 sycophanta:
883 4097 898 4122 ,
928 4072 1033 4109 nou
1064 4057 1352 4121 cruciatus,
1386 4044 1498 4110 non.
1520 4055 1756 4120 mulctat,

173 4163 280 4201 non
311 4160 558 4201 carceres
584 4133 738 4211 ,lnou
767 4147 1056 4216 supplicia,
1089 4163 1195 4209 non
1227 4147 1485 4201 honorum
1515 4146 1757 4218 publica-

174 4238 368 4302 tiones,
398 4254 504 4292 non
535 4239 754 4311 damna,
786 4253 892 4292 non
921 4238 1143 4292 timores
1169 4246 1223 4292 et
1247 4239 1500 4308 pericula,
1528 4251 1633 4292 non
1663 4238 1762 4292 iui-

173 4330 536 4401 tiiieitim,,nou
559 4320 785 4398 insidiae,
810 4347 914 4385 non
935 4332 1176 4385 convicia
1197 4340 1251 4387 et
1276 4332 1419 4397 odia,
1442 4347 1546 4385 non
1569 4331 1758 4397 fames,

173 4438 278 4477 non
305 4434 484 4494 pestes
505 4464 521 4490 ,
556 4439 663 4477 non
689 4423 830 4478 aliud
861 4422 1133 4493 quidpiam
1161 4438 1366 4487 eorum,
1396 4439 1514 4494 qua:
1541 4425 1592 4478 in
1621 4440 1763 4479 mru-

176 4517 316 4570 ntnis
353 4525 728 4578 numerantur,
771 4515 864 4570 sed
901 4531 1088 4570 omnes
1127 4526 1453 4586 congruente
1483 4531 1603 4571 cum
1641 4535 1765 4586 pro-

176 4604 340 4659 bitate
373 4606 642 4670 viverent,
674 4606 792 4675 quis
823 4621 1073 4674 umquam
1104 4606 1342 4660 vivoruut
1372 4606 1439 4662 de
1472 4608 1762 4678 providen-

177 4698 245 4752 tia
291 4697 467 4751 divina
507 4698 823 4751 dubitaret?
862 4697 1108 4754 Profecto
1147 4699 1345 4754 nullus.
1389 4698 1539 4754 Nune
1583 4709 1761 4756 autem

176 4788 405 4856 idipsum
446 4789 724 4857 contingit,
751 4805 814 4843 ac
840 4789 885 4842 si
916 4789 1192 4858 ingruente
1219 4798 1549 4859 tempestate,
1569 4792 1765 4861 guber-

180 4891 330 4934 nator
356 4897 480 4934 suas
510 4880 754 4949 impleret
781 4889 978 4950 partes,
1006 4889 1060 4936 et
1079 4881 1332 4950 scapham
1362 4893 1622 4951 servaret,
1646 4885 1763 4954 ejus

181 4983 354 5027 tamen
383 4973 568 5040 peritia
595 4973 972 5042 diligentiaque
996 4990 1026 5028 a
1057 4973 1359 5029 vectoribus
1385 4991 1490 5028 non
1516 4976 1766 5036 adverte-

180 5071 343 5124 retur,
373 5064 442 5115 ob
472 5063 950 5130 perturbationem,
982 5071 1206 5125 metum,
1238 5064 1764 5135 impendentiumque

180 5153 438 5206 malorum
470 5152 909 5232 sollicitudinem.
939 5152 1078 5208 Deus
1103 5155 1299 5223 quippe
1329 5155 1429 5211 hoc
1455 5155 1762 5210 universum

179 5243 336 5296 ctiam
373 5257 514 5297 nunc
551 5243 845 5313 gubernat,
888 5245 1068 5299 multis
1102 5251 1280 5299 autem
1321 5245 1372 5299 id
1411 5261 1517 5301 non
1553 5247 1765 5302 videtur

179 5337 247 5391 ob
275 5351 453 5390 rerum
490 5324 940 5406 perturbationem
973 5351 1037 5392 ac
1067 5347 1455 5408 tempestatem,
1474 5355 1632 5409 quam
1663 5340 1680 5370 ί
1707 5339 1764 5394 lti

180 5428 409 5480 maxime
433 5419 669 5481 omnium
698 5429 952 5482 excitant.
979 5428 1162 5498 Itaque
1192 5445 1297 5484 non
1325 5438 1528 5483 tantum
1553 5430 1785 5490 institu-.

182 5517 378 5572 tionem
409 5533 616 5572 morum
645 5531 922 5587 evertunt,
955 5520 1049 5575 sed
1085 5530 1139 5576 et
1175 5522 1313 5590 piam
1345 5523 1656 5592 religionem
1687 5525 1764 5577 la-

182 5606 449 5663 befactant
473 5627 486 5662 :
523 5625 622 5665 nec
644 5625 774 5665 sane
810 5612 1053 5682 peccabit
1079 5612 1169 5683 qui
1197 5627 1292 5667 eos
1311 5627 1625 5681 communes
1655 5613 1758 5668 itii-

241 5765 262 5796 ¹
293 5771 394 5813 Duo
428 5771 535 5816 uss.
561 5777 667 5828 pro,
687 5778 864 5832 quam,
905 5767 1106 5832 habent,
1133 5769 1538 5832 perturbationem
1573 5762 1761 5822 vero-et

180 5826 514 5897 pugnantem,
539 5826 634 5878 etc.
653 5826 728 5879 sic
744 5831 889 5880 etiam
912 5831 1029 5897 inn.
1055 5826 1366 5897 nestituimus
1383 5835 1518 5884 Savil.
1547 5842 1591 5884 et
1608 5832 1775 5883 Morel.

180 5880 448 5952 lectionem,
475 5880 644 5956 utpote
665 5903 774 5955 quae
798 5892 1071 5954 expeditior
1096 5892 1304 5942 videtur.

865 484 1225 544 ADVERSUS
1261 478 1807 539 OPPUGNATORES
1847 478 2026 534 VlT/F.
2065 479 2355 534 MONAST.
2401 479 2532 535 LIB.
2560 480 2647 534 Ill.

3327 485 3429 542 366

1855 591 2025 646 micos
2053 593 2416 662 appellaverit,
2447 594 2536 664 qui
2565 593 2686 649 ideo
2713 594 2896 666 vivunt
2923 603 2980 650 ut
3007 601 3321 653 czetcrorum
3347 616 3428 654 sa-

1851 682 1945 736 luti
1976 683 2807 754 adversentur,'exsecraudaque
2837 703 2928 740 sua
2965 688 3202 742 doctrina
3229 730 3241 752 ,
3275 700 3433 757 atque

1852 771 2212 840 itnpurissima
2232 773 2334 835 vita
2356 781 2470 835 eos.
2491 773 2581 844 qui
2601 789 2783 829 secum
2809 777 3075 846 navigant,
3097 778 3432 850 demergunt.

1923 864 2012 916 il.
2041 860 2411 917 Monac/torum
2430 866 2530 918 rita
2551 866 2792 936 angelicm
2821 878 3164 935 comparatur.
3188 899 3258 908 —
3285 872 3352 922 At
3384 872 3434 925 in

1798 975 1802 979 π
1853 954 2195 1009 monasteriis
2238 940 2715 1024 niliil‘ltujusmodi
2754 957 2935 1012 videre
2959 969 3074 1022 est;
3105 961 3198 1012 sed
3227 961 3454 1023 etiamsi

1853 1051 2000 1098 tanta
2039 1053 2325 1115 tempestas
2366 1046 2718 1111 intumescat,
2752 1048 2851 1102 soli
2897 1049 2948 1102 in
2991 1058 3174 1118 portu,
3206 1052 3256 1105 in
3290 1063 3437 1105 tran-

1853 1136 2115 1205 quillitate
2143 1145 2197 1191 et
2235 1137 2518 1193 securitate
2558 1153 2748 1208 magna
2786 1140 3060 1207 resident,
3102 1157 3165 1196 ac
3191 1145 3341 1211 quasi
3373 1160 3438 1198 ex
3468 1128 3475 1132 ’

1854 1226 1991 1281 callo
2030 1227 2146 1295 ipso
2171 1238 2489 1283 cancrorum
2531 1228 2807 1299 naufragia
2843 1229 3153 1299 respiciunt.
3199 1232 3439 1303 Namque

1854 1320 1978 1375 vitae
2005 1335 2173 1390 genus
2195 1321 2330 1376 eicio
2349 1322 2566 1393 dignum
2586 1323 2917 1395 delegerunt,
2945 1341 3042 1381 nec
3063 1327 3320 1382 minorem
3345 1346 3440 1382 an-

1854 1413 2028 1482 gelico
2072 1424 2269 1468 Statum
2312 1416 2573 1472 obtinent.
2611 1416 3074 1483 Quemadmodum
3113 1420 3252 1480 enim
3299 1419 3438 1488 apud

1855 1505 2074 1575 angelos
2099 1505 2240 1560 nulla
2268 1514 2352 1560 est
2371 1507 2724 1577 insequalitas,
2742 1517 2916 1578 neque
2939 1509 3026 1564 alii
3053 1525 3324 1580 prospere,
3352 1512 3437 1564 alii

1859 1595 1910 1650 iu
1942 1595 2198 1650 extremis
2225 1597 2380 1651 malis
2407 1607 2708 1663 versantur,
2736 1597 2829 1653 sed
2856 1614 3042 1654 omnes
3072 1600 3122 1653 in
3157 1617 3255 1654 una
3288 1617 3436 1670 paco,

1858 1685 2038 1740 laetitia
2069 1696 2126 1742 et
2152 1688 2318 1757 gloria
2338 1729 2354 1754 ,
2382 1690 2460 1744 sic
2489 1698 2544 1744 et
2572 1691 2656 1744 his
2686 1690 2736 1744 in
2765 1690 2898 1745 locis
2922 1708 2950 1757 ;-
2971 1708 3128 1746 nemo
3157 1704 3439 1763 pauperta-

1860 1789 1966 1834 tem
1996 1781 2300 1849 exprobrat,
2329 1797 2484 1836 uemo
2512 1782 2580 1838 de
2609 1783 2806 1838 divitiis
2846 1785 3104 1853 gloriatur
3133 1802 3146 1838 :
3178 1802 3354 1839 meum
3386 1790 3439 1840 et

1859 1880 2004 1924 tuum
2034 1870 2159 1925 illud
2178 1912 2193 1937 ,
2226 1871 2366 1940 quod
2391 1873 2568 1929 omnia
2599 1875 2858 1929 subvertit
2881 1885 2935 1929 et
2961 1877 3262 1944 perturbat,
3293 1877 3440 1946 peni-

1859 1968 1943 2013 tus
1969 1961 2166 2016 exulat.
2197 1963 2386 2017 Omnia
2427 1962 2556 2031 ipsis
2578 1962 2887 2019 communia
2911 1975 3036 2020 sunt
3059 2006 3072 2029 ,
3101 1983 3281 2020 mensa
3304 2008 3317 2032 ,
3345 1967 3442 2019 do-

1857 2051 2114 2106 micilium
2141 2093 2158 2118 ,
2189 2053 2528 2110 vestimenta.
2565 2053 2770 2124 Ecquid
2802 2055 2994 2109 mirunt
3015 2097 3030 2114 ,
3067 2057 3279 2124 quando
3326 2059 3438 2124 ipsa

1859 2143 2034 2197 anima
2081 2156 2184 2197 una
2228 2143 2524 2212 eademque
2562 2145 2808 2198 omnibus
2845 2147 2973 2199 est?
3015 2145 3211 2200 Onmvs
3256 2147 3440 2201 eadem

1858 2244 1984 2291 sunt
2013 2235 2541 2302 ttobilitate'uobiles,
2569 2238 2756 2292 eadem
2783 2237 3034 2293 servitute
3064 2239 3224 2304 servi,
3255 2238 3441 2293 eadem

1859 2326 2108 2382 libertate
2133 2326 2307 2383 liberi.
2335 2326 2464 2382 Una:
2495 2328 2602 2382 illic
2625 2329 2871 2382 omnibus
2904 2328 3100 2382 divitia:
3125 2373 3139 2394 ,
3171 2345 3288 2399 quae
3320 2344 3443 2386 vere

1858 2416 2056 2470 divitia:
2081 2425 2242 2471 sunt:
2273 2432 2376 2472 una
2402 2417 2567 2486 gloria
2590 2459 2606 2486 ,
2633 2433 2752 2488 quze
2781 2432 2907 2472 vere
2930 2420 3095 2488 gloria
3122 2437 3134 2472 :
3168 2437 3271 2473 non
3300 2422 3440 2474 eniu't

1859 2509 2098 2575 nomine,
2126 2507 2222 2562 sed
2245 2521 2305 2563 re
2333 2507 2472 2562 bona
2501 2517 2719 2572 tenent;
2747 2520 2850 2562 oua
2871 2509 3134 2578 voluptas.
3167 2526 3326 2563 unum
3353 2510 3445 2564 de-

1858 2598 2135 2664 siderium,
2162 2613 2266 2652 una
2290 2612 2414 2668 spes
2433 2598 2719 2652 omnibus:
2747 2613 2809 2652 ac
2829 2599 2977 2668 quasi
3004 2600 3230 2668 quadam
3259 2615 3443 2653 norma

1857 2697 1913 2742 et
1937 2688 2066 2741 libra
2093 2687 2538 2742 omniaxaccurate
2562 2687 2894 2741 ordinantur.
2921 2687 3072 2742 Nulla
3098 2691 3266 2759 ina‘qu
3287 2690 3445 2756 =li:as,

1860 2779 1955 2833 sed
1981 2779 2138 2843 ordo,
2165 2780 2516 2845 concinnitas,
2547 2779 2845 2844 harmonia,
2877 2788 2930 2834 et
2957 2781 3118 2834 multa
3147 2780 3447 2836 concordia:

1859 2871 2137 2925 servanda:
2179 2868 2492 2941 diligentia,
2543 2883 2906 2942 perpetuaque
2960 2872 3154 2927 lmtitia:
3205 2874 3444 2928 materia.

1860 2963 2218 3030 Quamobrem
2267 2978 2454 3019 omnes
2495 2966 2676 3020 omnia
2718 2965 2917 3019 faciunt
2949 2975 3004 3019 et
3046 2967 3346 3034 paiuutnr.
3392 2979 3447 3020 ut

1863 3056 2109 3110 iactentur
2147 3065 2200 3110 ct
2237 3057 2526 3126 gaudeant.
2575 3058 2688 3112 illic
2717 3057 2860 3112 enim
2903 3059 3077 3112 solum
3123 3060 3303 3114 videas
3335 3061 3446 3114 lucc.

1863 3149 2096 3218 perfecte
2123 3139 2462 3219 eo'ntingere,
2488 3163 2746 3220 nusquam
2777 3150 2901 3203 alibi
2927 3168 2941 3204 :
2975 3166 3079 3206 nou
3112 3150 3266 3206 tundo
3306 3155 3446 3221 quod

1865 3241 2146 3310 praesentia
2174 3242 2350 3296 omnia
2381 3250 2761 3306 contemnant,
2798 3251 2956 3311 atque
2984 3256 3198 3295 onmem
3231 3242 3358 3302 ritur.
3389 3257 3448 3298 ac

1863 3331 2143 3387 discordia:
2178 3334 2453 3386 materiam
2488 3332 2845 3397 absciderint,
2881 3331 3270 3403 "splendidaqne
3313 3335 3449 3388 littu-

1866 3440 2047 3478 rorum
2079 3439 2173 3494 spe
2203 3424 2313 3478 fulti
2343 3425 2468 3486 sint,
2499 3424 2592 3479 sed
2620 3425 2784 3480 etiam
2817 3423 2967 3494 quod
2997 3440 3060 3478 ea
3085 3440 3201 3494 qua:
3229 3425 3450 3495 Singulis

1865 3513 2156 3579 accidunt,
2191 3517 2285 3568 seu
2309 3505 2502 3568 tristia
2545 3515 2815 3568 seu‘bona
2835 3556 2848 3577 ,
2870 3515 3122 3568 omnibus
3148 3515 3456 3569 communia

1865 3620 1986 3659 esse
2025 3614 2296 3675 putentur.
2339 3605 2533 3659 Mmror
2573 3604 3018 3676 quippe'l‘acilins
3051 3607 3283 3671 tollitur,
3326 3622 3449 3662 cum

1866 3698 2210 3766 pmportione
2243 3697 2470 3766 quadam
2513 3711 2701 3751 omnes
2747 3697 3072 3767 singularum
3115 3701 3452 3769 comporteut

1863 3802 2068 3843 enera:
2097 3788 2292 3843 laetitiis
2321 3803 2452 3844 vero
2489 3789 2681 3842 multas
2712 3789 2910 3843 habent
2947 3791 3258 3846 occasiones
3285 3795 3317 3859 ,‘
3345 3806 3450 3848 non

1864 3879 1932 3933 de
1953 3879 2064 3933 suis
2091 3879 2252 3934 modo
2277 3879 2597 3946 commodis,
2617 3880 2712 3934 sed
2737 3881 2804 3934 de
2833 3879 3057 3934 aliorum
3083 3898 3314 3954 quoque,
3337 3887 3450 3938 non

1867 3971 2062 4034 minus,
2095 3985 2253 4040 quam
2283 3969 2351 4025 de
2376 3970 2506 4034 suis,
2535 3970 2848 4040 gaudentes.
2873 3971 3040 4036 Quem
3073 3972 3234 4042 igitur
3251 3976 3452 4028 exitum

1866 4059 2139 4116 habebunt
2163 4076 2268 4116 res
2310 4071 2508 4116 nostra:
2528 4102 2543 4125 ,
2573 4061 2619 4116 si
2645 4069 2820 4127 cunett
2847 4077 2947 4118 nos
2977 4065 3282 4119 unitemur?
3305 4064 3455 4120 None

1866 4156 2008 4208 enim
2055 4163 2270 4224 propter
2307 4171 2400 4209 eos
2434 4156 2714 4225 perierunt
2749 4171 2812 4211 ne
2850 4166 3096 4226 corrupta
3144 4165 3272 4212 sunt
3297 4200 3311 4226 ,
3355 4157 3446 4227 qui

1867 4245 2028 4316 longe
2061 4247 2128 4299 ab
2168 4245 2270 4302 hoc
2303 4247 2427 4301 vita:
2461 4249 2702 4303 instituto
2728 4259 3026 4304 versantur.
3055 4249 3134 4304 Tu
3167 4265 3294 4305 vero
3324 4252 3450 4306 dum

1865 4337 2134 4391 contraria
2164 4337 2445 4404 decernis,
2478 4338 2707 4407 itlipsum
2746 4340 2873 4393 facis
2894 4381 2908 4404 ,
2945 4355 3010 4394 ac
3045 4343 3089 4397 si
3123 4343 3257 4411 quis.
3287 4344 3455 4415 lyram

1866 4430 2129 4484 concinne
2164 4438 2396 4499 aptatam
2423 4433 2577 4500 quasi
2617 4432 2855 4486 inutilem
2895 4433 3205 4503 reprobarct
3234 4476 3248 4500 ,
3301 4452 3456 4493 secus

1866 4519 2176 4588 dispositam
2203 4561 2219 4587 ,
2252 4521 2335 4574 vel
2371 4521 2664 4576 intentioiic
2690 4564 2704 4587 ,
2729 4523 2813 4577 vel
2845 4525 3156 4577 remissione
3184 4525 3344 4580 nimia
3375 4527 3454 4580 la-

1866 4609 2183 4665 befactatam
2210 4651 2226 4676 ,
2261 4611 2505 4666 idoneam
2546 4612 2748 4667 diceret
2793 4613 2860 4667 ad
2906 4615 3260 4683 pulsationem
3296 4625 3350 4671 et
3388 4617 3454 4672 ad

1866 4703 2594 4773 spectatorumvoluptatem.
2625 4707 2688 4758 At
2714 4720 2885 4773 neque
2909 4706 2974 4759 ad
3004 4708 3219 4761 nutsicie
3241 4707 3456 4777 imperi-

1867 4795 1994 4848 tiam
2023 4794 2137 4848 haec
2165 4794 2390 4849 dicentis
2414 4794 2558 4848 aliud
2589 4795 2761 4864 majus
2787 4797 3158 4865 argumentum
3187 4814 3457 4868 quicrcre-

1867 4902 2006 4950 mus,
2033 4901 2210 4956 neque
2230 4885 2295 4940 ad
2325 4886 2546 4940 livorem
2569 4897 2623 4940 et
2645 4887 3084 4954 ii‘tbnmanitatem
3110 4890 3346 4954 illorum,
3364 4895 3456 4962 qni

1869 4977 1939 5032 ita
1966 4977 2280 5042 decernunt,
2303 4978 2829 5033 eommonstraudam
2850 4980 3056 5048 signum
3085 4981 3226 5035 aliud
3257 4983 3456 5037 clarius

1869 5069 2252 5139 proferremus.
2274 5071 2465 5125 Verum
2487 5071 2614 5141 quid
2637 5072 2820 5126 dicuttt
2845 5082 3025 5142 patres
3051 5075 3122 5129 illi
3154 5077 3242 5144 qui
3273 5076 3458 5131 mode-

1870 5160 2069 5214 ratiore
2096 5161 2276 5214 animo
2301 5161 2460 5215 sunt?
2493 5161 2739 5228 Discant,
2767 5166 2947 5226 aiunt,
2981 5166 3210 5232 primum
3242 5167 3454 5234 literas,

1867 5261 2027 5320 atque
2067 5267 2188 5306 cum
2227 5251 2332 5306 illis
2371 5252 2536 5321 probe
2573 5253 2757 5308 imbuti
2801 5253 3030 5323 fuerint,
3066 5267 3189 5312 tunc
3220 5259 3458 5328 philoso-

1869 5342 2059 5412 phiam.
2091 5342 2236 5398 hanc.
2266 5355 2552 5398 exerceant
2594 5363 2608 5398 :
2647 5355 2772 5400 tunc
2812 5364 2970 5401 nemo
3022 5351 3342 5418 prohibebit.
3391 5353 3458 5408 Et

1868 5432 2007 5510 unde
2033 5443 2241 5488 certum
2271 5437 2374 5488 erit
2396 5437 2514 5489 illos
2537 5436 2606 5490 ad
2629 5438 2835 5493 virilem
2865 5449 3076 5495 aetatem
3104 5453 3456 5511 perventuros

1866 5529 2026 5583 esse?
2056 5530 2208 5584 multi
2227 5530 2369 5584 ettim
2403 5543 2720 5602 praematura
2751 5546 2925 5591 morte
2950 5537 3145 5592 subisti
3173 5549 3318 5592 sunt.
3348 5539 3454 5594 Sed

1865 5621 2191 5676 Concedatur
2220 5622 2271 5676 id
2300 5634 2676 5694 certumesse,
2712 5641 3074 5697 ponamusque
3104 5629 3220 5686 illos
3248 5628 3456 5686 Futurus

1865 5728 1985 5765 esse
2020 5713 2200 5780 viros;
2237 5715 2359 5783 quis
2395 5731 2622 5784 sponsor
2655 5719 2757 5771 erit
2793 5734 2889 5787 pro
2926 5720 3012 5773 illa
3052 5723 3215 5790 priori
3249 5724 3456 5778 actate!

1866 5803 2133 5858 Niltildum
2158 5809 2490 5862 contentiose
2512 5808 2654 5874 dico,
2674 5825 2795 5864 nam
2823 5811 2869 5865 si
2891 5812 3010 5880 quis
3031 5812 3170 5867 hanc
3192 5814 3456 5884 praeberet

1873 5895 2136 5964 iiduciatu,
2155 5913 2221 5953 ne
2243 5907 2351 5953 tum
2375 5901 2587 5970 quidem
2618 5904 2903 5959 educerem
2925 5907 3236 5964 eumlitcris
3266 5909 3452 5968 imbuti
