4266 6314
692 419 797 475 367

690 539 895 590 esseut,
924 526 1021 581 sed
1050 537 1176 581 tunc
1206 524 1473 597 pra-cipue
1502 522 1608 576 illic
1636 532 1857 575 manere
1876 517 2155 586 iuberem;
2187 530 2287 568 nec

699 619 974 677 laudarem
1002 630 1097 674 eos
1120 658 1137 684 ,
1177 616 1266 687 qui
1302 615 1377 671 ad
1411 613 1586 684 fugam
1630 610 2069 668 cohortarentur,
2102 606 2194 660 sed
2230 612 2289 659 ut

693 702 1005 770 communes
1046 708 1353 779 reipublicae
1392 707 1573 763 hostes
1600 717 1881 758 aversarer
1908 717 1923 753 :
1954 700 2075 770 quia
2108 698 2285 751 lucer-

693 818 792 859 nas
813 802 1162 863 occultantes,
1187 809 1241 853 et
1268 796 1547 853 luminaria
1569 810 1635 850 ex
1658 793 1792 851 urbe
1813 790 1866 846 in
1892 788 2161 844 desertum
2187 786 2287 840 du-

693 905 899 956 centes,
917 891 1188 946 civitatem
1215 887 1463 943 maximis
1481 887 1751 957 privareut
1771 880 2167 938 emolumentis.
2189 878 2284 934 Sin

693 995 874 1041 autem
898 997 1059 1038 nemo
1086 980 1265 1047 fuerit,
1295 981 1385 1051 qui
1411 980 1527 1035 haec
1547 976 1783 1050 polliceri
1809 974 1997 1044 possit,
2026 988 2147 1043 qua:
2176 971 2284 1026 uti-4

694 1076 817 1130 litas
844 1075 890 1130 si
915 1073 983 1129 ad
1015 1074 1296 1142 magistros
1322 1071 1618 1134 mittantur,
1645 1068 1733 1123 ubi
1765 1067 1911 1137 prius
1944 1065 2065 1119 vitia
2082 1105 2098 1129 ,
2122 1079 2285 1135 quam

692 1168 878 1222 literas
906 1165 1148 1221 ediscunt
1170 1206 1185 1229 ,
1214 1163 1451 1234 dumque
1480 1162 1531 1216 id
1556 1160 1699 1231 quod
1741 1160 1915 1213 minus
1950 1166 2035 1213 est
2072 1157 2285 1227 assequi

692 1256 987 1312 studebunt
1007 1297 1023 1321 ,
1055 1254 1195 1325 quod
1230 1253 1402 1322 majus
1424 1260 1507 1307 est
1538 1250 1796 1321 perdent,
1821 1250 1962 1303 vires
1985 1247 2148 1303 animi
2177 1248 2286 1301 sei-

695 1348 841 1412 licet,
872 1360 1199 1415 omnemque
1229 1342 1507 1415 probitatis
1542 1340 1819 1397 indolem?
1845 1338 1981 1407 Quid
2005 1337 2178 1409 ergo?
2207 1338 2285 1392 lu-

693 1439 867 1495 dosne
891 1454 1082 1494 omnes
1111 1438 1376 1493 literarios
1402 1436 1699 1501 diruemus,
1729 1435 1918 1490 aiunt?
1946 1434 2162 1489 Minimo
2183 1430 2288 1487 hoc

696 1529 820 1585 dico
850 1546 865 1583 :
898 1529 992 1585 sed
1024 1539 1077 1584 ut
1108 1544 1179 1585 ne
1208 1529 1421 1583 virtutis
1458 1527 1798 1583 destruantus
1838 1524 2152 1587 adiﬁcium,
2184 1538 2286 1578 neu

697 1620 874 1675 vivam
894 1622 1183 1675 obruamus
1212 1618 1470 1673 animam.
1497 1617 1627 1687 Quae
1664 1619 1708 1672 si
1736 1626 2044 1687 temperans
2072 1615 2287 1686 quidem

698 1711 883 1777 fuerit,
912 1711 1113 1765 nullum
1143 1724 1208 1764 ex
1238 1709 1513 1764 literarum
1541 1706 1802 1777 imperitia
1833 1715 2091 1775 sequetur
2117 1704 2288 1760 detri-

698 1813 970 1868 mentum;
991 1804 1073 1856 sin
1096 1814 1346 1871 corrupta
1369 1800 1548 1863 fuerit.
1571 1799 1861 1856 maximum
1879 1796 2137 1853 damnum
2161 1797 2287 1864 erit,

696 1894 908 1950 etiamsi
952 1896 1129 1964 lingua
1160 1893 1508 1948 vehementer
1541 1902 1695 1947 acuta
1740 1891 1899 1946 fuerit
1926 1899 1980 1945 et
2017 1889 2284 1960 expolita,

698 1994 958 2053 tantoque
995 1984 1165 2056 majus
1188 1984 1443 2040 datnnum
1466 2023 1480 2048 ,
1508 1992 1709 2053 quanto
1754 1980 1927 2054 major
1969 1982 2182 2037 dicendi
2208 1982 2290 2037 vis

654 2134 655 2137 η
696 2077 1006 2131 accesserit.
2014 2112 2022 2122 -

773 2164 1014 2237 Nequitia
1054 2183 1169 2221 cum
1208 2153 1494 2237 eloquentia
1520 2166 1793 2237 conjuncta
1820 2166 1957 2237 quod
1985 2165 2195 2219 malunt.
2216 2193 2290 2205 —

698 2258 940 2329 Nequitia
966 2259 1109 2313 enim
1134 2273 1257 2313 cum
1283 2258 1495 2313 dicendi
1521 2256 1772 2314 facultate
1801 2258 2085 2328 conjuncta
2120 2258 2290 2313 multo

696 2349 983 2415 deteriora,
1009 2364 1169 2418 quam
1207 2349 1494 2418 imperitia,
1516 2349 1657 2411 mala
1681 2364 1867 2419 parere
1892 2349 2051 2404 solet.
2074 2348 2212 2417 Quid
2240 2349 2285 2403 si

697 2442 822 2495 illuc
857 2442 1137 2505 abeuntes,
1177 2441 1414 2511 inquiet,
1451 2452 1801 2512 prieterqttam
1830 2441 1972 2513 quod
1999 2443 2283 2497 tardiorem

698 2530 928 2604 linguam
952 2529 1204 2595 habeant,
1224 2530 1293 2585 ab
1319 2531 1405 2585 illa
1426 2532 1586 2587 etiam
1617 2534 1812 2587 virtute
1834 2532 2119 2588 excidant?
2147 2532 2287 2601 Quid

700 2638 831 2678 vero
858 2623 902 2676 si
939 2633 1251 2689 manentes,
1287 2623 1377 2678 dic
1404 2624 1555 2690 mihi,
1598 2633 1947 2695 printer-quam
1990 2625 2133 2696 quod
2173 2626 2282 2679 ani-

697 2732 837 2770 mam
874 2716 1131 2786 perdant,
1169 2716 1398 2772 nihilad
1432 2718 1789 2788 eloquentiam
1822 2720 1873 2774 in
1902 2720 2085 2775 schola
2118 2721 2285 2791 profl-

692 2807 871 2861 ciant?
912 2806 1035 2861 Mihi
1060 2807 1256 2877 quippe
1281 2807 1447 2877 magis
1474 2806 1590 2863 haec
1623 2809 1804 2863 dicere
1828 2812 2097 2876 convenit,
2122 2828 2283 2880 quam

694 2897 782 2951 illa
806 2896 919 2951 tibi.
948 2897 1157 2965 Quare?
1184 2897 1317 2966 Quia
1348 2898 1448 2953 etsi
1475 2900 1742 2970 utrimque
1762 2899 1999 2955 futurum
2019 2900 2283 2958 incertum

692 2999 796 3054 est,
819 3005 885 3044 ex
912 2998 996 3044 tua
1039 2998 1187 3058 parte
1217 2989 1472 3045 incertius
1509 2999 1611 3047 est.
1655 2992 1938 3057 Quomodo
1975 3003 2029 3047 et
2069 3009 2173 3064 qua
2215 2993 2284 3051 de

690 3079 890 3134 causa?
940 3078 1074 3146 Quia
1133 3079 1431 3134 litterarum
1479 3081 1712 3135 studimn
1763 3097 1975 3137 morum
2019 3085 2283 3153 probitate

692 3182 828 3236 opus
857 3167 1052 3235 habet,
1088 3184 1295 3224 morum
1325 3180 1502 3225 autem
1538 3171 1774 3241 probitas
1801 3188 1906 3227 non
1935 3175 2061 3229 item
2092 3175 2279 3231 literis.

692 3257 1122 3328 Temperantiam
1170 3275 1362 3331 nempe
1395 3261 1512 3316 siue
1549 3261 1650 3316 hac
1691 3264 1997 3318 eruditione
2026 3281 2281 3323 esercere

695 3364 995 3420 possumus,
1023 3349 1379 3406 eruditionem
1408 3366 1537 3408 vero
1560 3352 1761 3424 absque
1783 3370 1989 3408 morum
2015 3357 2281 3425 probitate

690 3456 851 3495 nemo
879 3452 1194 3513 assequatur
1222 3458 1494 3513 umquam,
1521 3459 1645 3499 cum
1673 3460 1834 3501 oume
1864 3456 2075 3516 tempus
2102 3450 2155 3505 in
2182 3465 2279 3506 που

693 3532 858 3600 quitia
899 3542 951 3584 et
995 3531 1208 3587 lascivia
1252 3533 1582 3589 absumatur.
1628 3536 1808 3606 Itaque
1844 3525 1987 3607 quod
2026 3538 2135 3594 illic
2169 3557 2282 3597 me-

695 3622 901 3688 tuebas,
930 3621 1017 3677 hic
1049 3638 1260 3694 quoque
1300 3624 1591 3680 timendum
1622 3635 1733 3693 est;
1782 3628 1889 3682 into
1924 3639 2073 3685 tanto
2110 3633 2279 3702 magis

690 3713 799 3780 hic,
821 3721 1020 3783 quanto
1044 3711 1374 3784 frequentius
1408 3732 1437 3769 ει
1472 3731 1638 3786 scopo
1674 3717 1975 3782 aberratnr,
1998 3729 2051 3774 et
2079 3732 2280 3791 quanto

690 3805 979 3875 majoribus
1002 3806 1070 3861 de
1097 3807 1257 3864 rebus
1285 3809 1574 3878 periculum
1599 3819 1701 3865 est.
1730 3813 1904 3881 Atque
1934 3812 2042 3867 illic
2062 3812 2277 3882 quidem

690 3897 847 3952 unius
887 3907 1093 3953 tantum
1136 3900 1211 3953 rei
1250 3901 1560 3956 exercitatio
1590 3904 1888 3956 necessaria
1922 3914 1999 3958 est
2021 3945 2037 3969 ,
2071 3905 2155 3958 hic
2178 3920 2276 3957 an-

690 3998 797 4045 tem
830 4004 917 4043 res
938 3989 1057 4043 dua:
1085 3990 1426 4059 acquirendae
1451 4000 1844 4061 proponuntur,
1872 3994 1943 4047 ita
1972 4003 2027 4049 ut
2053 3996 2277 4050 alteram

686 4080 803 4135 sine
821 4080 989 4136 altera
1012 4082 1246 4137 nancisci
1274 4097 1529 4159 nequeas,
1561 4084 1741 4138 literas
1775 4100 1970 4156 nempe
1998 4087 2115 4141 sine
2144 4097 2279 4142 tent-

689 4171 947 4240 perantia.
991 4170 1085 4226 Sin
1115 4180 1293 4227 autem
1316 4178 1415 4237 vis,
1446 4175 1587 4244 quod
1617 4190 1741 4230 vere
1782 4191 1890 4230 non
1910 4173 2107 4245 "potest
2133 4194 2271 4244 esse,

685 4263 1044 4317 concedamus
1073 4277 1196 4318 esse
1224 4279 1415 4333 posse;
1455 4266 1581 4334 quid
1618 4268 1829 4322 tandem
1864 4269 1988 4323 boui
2025 4270 2179 4324 nobis
2207 4272 2278 4347 ab

687 4351 787 4407 hac
825 4354 1009 4421 peritia
1031 4356 1321 4424 contingat,
1346 4357 1397 4411 si
1436 4358 1578 4413 letali
1615 4361 1837 4415 vulnere
1869 4361 2275 4419 confodiatuur?

683 4442 808 4512 quid
835 4458 963 4498 vero
986 4444 1111 4499 mali
1142 4445 1210 4499 ab
1230 4445 1515 4517 imperitia,
1541 4450 1586 4503 si
1615 4464 1733 4518 qua:
1764 4450 1991 4505 maxima
2025 4462 2150 4507 sunt
2183 4469 2275 4508 as-

682 4537 1004 4605 sequamur?
1033 4536 1160 4593 Ilmc
1186 4554 1315 4593 vero
1341 4554 1445 4593 non
1468 4541 1639 4594 solum
1663 4543 1803 4611 apud
1829 4558 1948 4607 nos,
1979 4545 2069 4615 qui
2093 4556 2277 4601 exter-

684 4643 803 4682 nam
826 4628 970 4682 illam
1001 4629 1316 4699 sapientiam
1339 4631 1595 4695 ridemus,
1615 4648 1841 4705 eamque
1860 4636 2138 4692 stultitiam
2154 4654 2276 4693 esse

681 4720 1024 4787 arbitramur,
1048 4721 1142 4776 sed
1168 4722 1327 4776 etiam
1348 4723 1487 4792 apud
1518 4724 1660 4793 ipsos
1683 4736 1898 4781 exteros
1926 4728 2274 4800 philosophos

684 4807 735 4861 in
771 4809 1017 4865 confesxo
1046 4810 1327 4865 habentur.
1374 4811 1498 4867 Ideo
1526 4829 1592 4868 ex
1621 4814 1725 4868 illis
1753 4815 1965 4885 plurimi
1997 4834 2103 4873 non
2140 4821 2275 4875 ntul-

683 4908 792 4951 tmn
808 4899 992 4954 literas
1005 4911 1292 4968 curarunt;
1318 4903 1407 4957 alii
1430 4918 1558 4957 vero
1578 4906 1788 4974 penitus
1810 4916 2270 4979 contempserunt,

680 4998 733 5044 et
769 4991 999 5059 imperiti
1031 5008 1463 5060 permanserunt,
1487 5005 1760 5068 totamque
1781 5002 1945 5056 vitam
1974 5002 2027 5057 in
2056 5018 2119 5059 ea
2150 5005 2271 5074 piti-

680 5079 938 5150 losophize
978 5092 1148 5150 parte,
1177 5099 1297 5154 qua:
1326 5100 1505 5142 mores
1534 5088 1770 5156 respicit,
1805 5102 2045 5161 agetites,
2080 5094 2271 5151 claris-

677 5170 801 5224 simi
844 5182 1007 5240 atque
1038 5172 1373 5230 celeberrimi
1398 5188 1703 5234 evaserunt.
1749 5181 1957 5238 Etenim
1986 5187 2269 5242 Anachar-

677 5262 754 5315 sis
772 5304 786 5325 ,
815 5259 1003 5319 Crates
1028 5274 1082 5319 et
1108 5265 1367 5336 Diogenes
1391 5267 1508 5339 ejus
1536 5271 1736 5327 nullam
1774 5272 2008 5331 habuere
2047 5293 2268 5346 curam;

680 5352 786 5406 imo
815 5368 883 5407 ne
910 5353 1162 5411 Socrates
1188 5358 1402 5426 quidem
1426 5400 1441 5423 ,
1480 5370 1539 5415 ut
1565 5364 1802 5418 nonnulli
1829 5364 2013 5421 dicunt
2036 5408 2051 5431 ,
2086 5368 2271 5442 hujus-

675 5459 782 5511 que
828 5444 905 5500 rei
948 5448 1097 5502 testis
1138 5449 1294 5504 nobis
1325 5465 1446 5508 esse
1482 5455 1649 5523 possit
1689 5458 1752 5522 is,
1788 5459 1878 5527 qui
1916 5458 2017 5516 hac
2057 5462 2109 5518 in
2153 5474 2269 5520 arte

678 5532 1083 5603 longecaeteros
1110 5541 1416 5606 antevertit,
1452 5552 1507 5597 et
1544 5543 1634 5612 qui
1674 5561 1758 5611 ea,
1793 5563 1914 5617 quze
1957 5550 2107 5607 illum
2142 5564 2269 5624 spe-

676 5634 730 5681 et
746 5628 909 5690 Ibant,
933 5628 1088 5700 longe
1114 5632 1415 5688 accuratius
1434 5650 1591 5698 quant
1612 5640 1815 5705 caueri,
1846 5653 2082 5699 noverat.

758 5714 918 5773 Verba
957 5718 1188 5775 Socratis
1234 5723 1376 5793 apud
1416 5722 1685 5781 Platonem
1711 5730 1856 5785 initio
1884 5733 2167 5806 Apologia.
2194 5768 2269 5779 —

678 5804 809 5860 Cum
828 5806 967 5862 enim
996 5808 1144 5868 illum
1169 5812 1455 5887 aliquando
1478 5816 1547 5875 ad
1575 5819 1802 5879 tribunal
1841 5804 2261 5903 introduxisset,

1406 412 1465 468 S.
1501 407 1781 467 JOANNIS
1814 400 2294 464 CHRYSOSTOMI
2332 399 2656 457 AllClllEP.
2698 398 3235 459 CONSTANTINOP.

3889 402 3994 460 368

2400 529 2451 568 ut
2481 530 2699 568 cau~am
2734 530 2886 570 suam
2932 515 3264 580 defenderet,
3296 516 3348 571 in
3388 516 3633 589 apologia
3676 518 3743 573 ad
3783 518 3996 588 iudices

2394 608 2463 661 ita
2496 609 2804 679 loquentem
2832 609 3035 670 inducit
3061 627 3072 662 :
3117 610 3217 665 Vos
3242 622 3410 665 autent
3440 628 3506 666 ea:
3530 629 3609 667 me
3631 613 3858 667 audituri
3878 617 3998 669 estis

2392 714 2591 752 omnem
2614 700 2866 755 raritatem
2887 717 2907 766 ;
2936 710 3250 769 nontamen,
3272 719 3350 756 me
3380 701 3583 767 Hercle,
3607 703 3701 758 uiri
3722 705 3999 760 Athenien-

2392 807 2493 855 ses,
2524 793 2751 845 oratione
2776 793 3015 863 eleganti,
3047 804 3101 846 ut
3126 794 3210 847 isti
3232 834 3247 859 ,
3273 795 3434 848 verbis
3458 812 3521 848 ac
3543 796 3829 853 nominibus
3840 814 3997 852 exor-

2392 891 2517 933 nata
2538 897 2558 935 .'
2584 881 2675 934 sed
2708 882 2936 935 audituri
2959 882 3078 937 estis
3106 883 3399 954 rulguribus
3424 886 3679 953 obviisqne
3710 888 3997 944 nominibus

2392 973 2698 1043 loquentem.
2742 972 2914 1028 Credo.
2944 974 3077 1028 enim
3105 976 3254 1045 justa
3278 993 3386 1031 esse
3412 994 3528 1049 qua
3548 977 3662 1031 dico
3680 1022 3696 1043 ,
3728 981 4002 1053 nullusque

2395 1076 2613 1118 uestrum
2639 1065 2786 1119 aliud
2823 1076 3093 1134 exspectet.
3129 1065 3313 1137 Neque
3337 1070 3471 1121 enim
3496 1074 3747 1141 profecto,
3770 1073 3997 1144 judices,

2392 1153 2509 1207 huic
2523 1155 2919 1217 tetatt'convenit,
2937 1158 3474 1229 velutadoleacentnlo,
3492 1163 3807 1216 concinnatis
3826 1164 3897 1217 ad
3912 1181 4001 1218 vos

2391 1245 2587 1315 ingredi
2610 1245 2788 1301 verbis.
2821 1246 2933 1302 Hoc
2953 1259 3131 1303 autem
3150 1264 3272 1303 eum
3292 1250 3441 1317 dicit,
3459 1253 3695 1307 ostendit
3719 1269 3905 1309 senon
3929 1271 3999 1310 ex

2392 1338 2733 1407 negligentia,
2753 1339 2847 1394 sed
2873 1339 3014 1408 quod
3037 1356 3157 1395 eam
3184 1357 3296 1395 rem
3326 1358 3433 1397 non
3454 1344 3633 1414 magni
3654 1344 3868 1410 faceret,
3896 1361 4000 1401 nec

2393 1430 2665 1496 didicisse,
2691 1446 2792 1485 nec
2820 1432 2911 1486 illa
2935 1447 3087 1487 usum
3112 1432 3295 1489 fuisse.
3320 1434 3500 1505 Itaque
3521 1452 3627 1491 non
3652 1436 4001 1507 philosoltho-

2393 1538 2511 1576 rum
2534 1531 2617 1577 est
2647 1522 2973 1592 eloquentia,
2996 1528 3105 1577 imo
3129 1540 3197 1580 ne
3221 1526 3460 1581 virorum
3480 1528 3719 1598 quidem,
3744 1531 3837 1585 sed
3868 1532 4003 1586 ado—

2394 1613 2809 1669 lescentulorum
2832 1625 3038 1671 tantum
3068 1616 3363 1673 ludentium
3386 1622 3677 1687 a-mulatio,
3704 1630 3762 1677 ut
3786 1632 3839 1678 et
3869 1624 4004 1691 ipsis

2392 1718 2607 1773 quoque
2641 1703 2979 1776 philosophis
3003 1706 3245 1771 videtur;
3292 1727 3391 1764 nec
3418 1711 3541 1765 aliis
3567 1713 3727 1767 modo
3752 1714 4001 1785 pltilosor

2394 1793 2536 1863 phis,
2573 1794 2669 1849 sed
2705 1796 2868 1850 etiam
2905 1797 2977 1858 ei,
3006 1798 3097 1867 qui
3136 1814 3328 1854 omnes
3375 1800 3532 1856 facile
3577 1806 3889 1871 superavit:
3916 1815 3991 1860 et-

2392 1884 2537 1938 enim
2560 1884 2871 1955 magistrum
2897 1902 2961 1941 ea
2990 1904 3049 1943 re
3069 1888 3253 1944 ornari
3283 1906 3389 1945 non
3424 1893 3701 1961 permittit,
3726 1909 3848 1949 cum
3872 1912 4001 1951 eum

2392 1985 2643 2031 ornatum
2683 1986 2891 2047 turpem
2930 1980 3356 2053 philosophoque
3396 1983 3669 2054 indignum
3704 1987 4001 2043 existimet.

2395 2067 2594 2123 Verum
2618 2070 2733 2126 hate
2760 2070 2827 2127 ad
2849 2071 3119 2128 inﬁdelem
3144 2075 3451 2147 quempiam
3480 2074 3673 2134 nteri'to
3701 2080 3822 2151 quis
3841 2081 4004 2136 dixer-

2394 2162 2499 2226 rlt;
2542 2162 2653 2221 imo
2679 2179 2810 2219 vero
2833 2165 2900 2221 ad
2929 2166 3141 2223 lidelem
3174 2170 3363 2240 magis.
3404 2170 3689 2238 Quomodo
3713 2176 3856 2228 enim
3887 2192 4003 2234 non

2392 2256 2684 2313 absurdqu
2710 2257 2908 2328 fuerit,
2946 2275 3070 2315 cum
3104 2262 3139 2315 ii
3165 2262 3363 2328 etiam,
3390 2265 3481 2335 qui
3514 2265 3869 2321 multitudinis
3902 2284 4005 2322 au-

2393 2366 2507 2406 ram
2530 2362 2885 2425 aucupantur.
2910 2370 3009 2411 nec
3034 2357 3143 2412 alio
3167 2358 3327 2414 modo
3357 2375 3515 2430 quam
3542 2372 3759 2418 externa
3783 2366 4005 2433 sapien-

2395 2443 2465 2498 tia
2498 2445 2628 2499 clari
2658 2461 2780 2501 esse
2810 2457 3069 2516 possunt,
3113 2464 3234 2505 eam
3289 2451 3420 2506 nihil
3472 2469 3594 2509 esse
3646 2456 4001 2526 arbitrentur,

2401 2548 2499 2589 nos
2524 2535 2670 2590 illaut
2693 2551 2863 2606 usque
2883 2538 3020 2594 adeo
3041 2540 3224 2595 mirari
3245 2543 3482 2613 tantique
3499 2544 3697 2607 facere,
3718 2558 3773 2601 ut
3794 2564 3855 2603 ea
3877 2566 4017 2621 qum

2393 2628 2629 2682 nntxime
2649 2632 2952 2685 necessaria
2988 2641 3115 2687 sunt
3138 2645 3354 2704 propter
3373 2636 3523 2692 illam
3553 2644 4005 2700 contemnamus?

2465 2717 2551 2773 η.
2577 2717 2756 2774 Sancti
2779 2720 2873 2775 uiri
2890 2731 3082 2793 quanta
3105 2724 3216 2780 sine
3240 2725 3525 2795 eloquentia
3553 2732 3899 2798 prwstitert'nt.
3924 2764 4003 2776 —

2392 2808 2472 2863 Ad
2504 2806 2787 2867 infidelem
2805 2812 3020 2883 quidem
3050 2814 3165 2871 hzec
3190 2816 3321 2871 satis
3349 2827 3475 2872 sunt
3503 2837 3517 2875 :
3541 2821 3607 2873 ad
3632 2821 3843 2877 fidelem
3866 2840 4004 2882 vero

2389 2909 2444 2954 et
2474 2900 2588 2955 hac
2626 2912 2679 2956 et
2704 2902 2808 2957 alia
2840 2919 2905 2958 ex
2936 2906 3136 2960 nostris
3162 2906 3485 2962 documenta
3530 2911 3799 2967 afferenda
3843 2928 3999 2971 sunt.

2388 2989 2647 3059 Quaenam
2677 2992 2803 3046 illa?
2833 2993 3006 3065 Magni
3039 2996 3115 3050 illi
3138 3006 3188 3050 et
3211 2999 3380 3052 sancti
3413 2999 3546 3063 viri,
3581 3004 3667 3069 qui
3697 3005 3849 3070 primi
3874 3007 4001 3063 fuc-

2391 3091 2537 3147 rttnt,
2564 3098 2685 3136 cum
2715 3083 2885 3139 literae
2917 3087 3151 3141 nondum
3183 3098 3396 3152 essent;
3431 3101 3539 3145 tuttt
3571 3093 3603 3147 ii
3623 3096 3711 3163 qui
3732 3108 3851 3165 post
3873 3098 4001 3154 illm

2388 3170 2623 3239 fuerunt,
2651 3189 2771 3228 cum
2798 3176 2966 3231 litera-
2996 3179 3212 3248 quidem
3239 3191 3441 3248 essent,
3466 3184 3678 3240 tlict‘udi
3699 3203 3827 3243 vero
3854 3194 3997 3259 peri.

2389 3266 2459 3320 tia
2488 3267 2756 3333 nondum;
2790 3280 2845 3323 et
2864 3272 2952 3340 qui
2979 3272 3078 3326 hos
3100 3274 3311 3343 sequuti
3336 3287 3481 3340 sunt,
3506 3293 3628 3332 cum
3658 3289 3714 3335 et
3744 3282 3911 3337 literze
3940 3297 3996 3341 et

2386 3358 2597 3414 dicendi
2645 3361 2831 3427 peritia
2878 3373 3081 3418 essent.
3132 3364 3215 3419 llli
3246 3383 3375 3422 vero
3408 3369 3611 3442 (primi)
3643 3384 3998 3445 utrorumque

2386 3461 2636 3520 expertes
2679 3462 2863 3520 erant;
2907 3471 3014 3509 non
3046 3457 3208 3511 modo
3244 3459 3388 3513 enim
3426 3461 3996 3532 eloquetttiteinstitu-

2388 3543 2553 3604 tione,
2594 3544 2688 3598 sed
2733 3546 2895 3600 etiam
2938 3546 3215 3603 literarum
3257 3551 3448 3619 peritia
3484 3554 3635 3608 vacui
3669 3565 3826 3610 erant
3854 3574 3869 3612 :
3900 3561 3997 3628 qui

2387 3643 2566 3688 tamen
2599 3636 2681 3688 vel
2726 3636 2791 3688 iis
2820 3638 2871 3691 in
2910 3638 3092 3703 rebus,
3124 3640 3177 3694 in
3204 3642 3400 3711 quibtts
3425 3644 3751 3715 eloquentia:
3779 3649 3859 3702 vis
3889 3665 3997 3705 ne-

2384 3725 2619 3779 cessaria
2647 3741 2769 3782 csse
2797 3728 3031 3795 videtur,
3059 3746 3228 3801 usque
3252 3733 3389 3789 adeo
3412 3734 3499 3802 iis,
3521 3737 3611 3807 qui
3636 3738 3720 3793 illa
3744 3740 3996 3799 insmtcti

2383 3827 2559 3885 erant,
2592 3816 3033 3885 antecelluerunt,
3068 3833 3123 3878 ttt
3153 3824 3207 3879 hi
3234 3826 3610 3896 insipientibus
3635 3832 3816 3899 pueris
3840 3834 3999 3890 dete-

2385 3908 2555 3962 riores
2588 3925 2711 3964 esse
2739 3911 3069 3967 viderentur.
3118 3913 3251 3969 Cum
3279 3919 3425 3973 enim
3451 3923 3804 3989 persuadendi
3830 3927 3909 3980 vis
3938 3930 3994 3983 in

2382 4001 2684 4070 eloquentia
2712 4004 2945 4059 maxime
2986 4005 3087 4060 sita
3126 4009 3196 4061 sit
3220 4049 3235 4069 ,
3272 4018 3327 4063 et
3366 4019 3546 4066 tamen
3587 4014 3890 4086 philosophi
3922 4037 3997 4076 ne

2384 4108 2549 4146 unum
2576 4110 2826 4164 umquam
2863 4105 3149 4168 tyrannum
3184 4103 3590 4171 superaverint;
3625 4106 3698 4162 illi
3727 4123 3852 4162 vero
3883 4111 3993 4165 int-

2384 4185 2537 4252 periti
2580 4197 2633 4239 et
2672 4187 2853 4241 idiota:
2900 4197 3070 4243 totum
3114 4192 3302 4245 orbem
3346 4198 3735 4265 converterint,
3773 4201 3992 4269 planum

2380 4284 2464 4329 est
2488 4277 2629 4342 apud
2657 4292 2773 4344 eos,
2799 4278 3005 4334 scilicet
3044 4281 3318 4337 literarum
3362 4284 3641 4357 imperitos
3668 4299 3723 4344 et
3752 4290 3946 4347 idiotas
3967 4337 3983 4359 ,
4066 4312 4073 4319 ’
4162 4278 4167 4343 ἶ

2381 4368 2658 4435 sapientiae
2689 4370 2921 4438 palmam
2958 4386 3249 4449 esse,_nou
3295 4386 3474 4432 autem
3523 4380 3663 4448 apud
3710 4382 3851 4449 illos,
3895 4388 3990 4456 qui

2383 4469 2607 4530 utraque
2640 4460 2892 4519 facultate
2930 4465 3222 4534 pollebant.
3270 4468 3422 4523 Adeo
3458 4480 3515 4524 ut
3545 4487 3671 4526 vera
3700 4476 3987 4544 sapientia,

2382 4567 2616 4623 veraque
2657 4556 2886 4610 eruditio
2926 4557 3058 4614 nihil
3086 4558 3227 4615 aliud
3254 4561 3358 4623 sit,
3391 4579 3551 4632 quam
3585 4566 3675 4619 Dei
3707 4568 3884 4623 timor.
3916 4574 3991 4627 At

2383 4662 2542 4698 uento
2573 4656 2719 4714 putet
2748 4665 2836 4703 me
2860 4649 2999 4706 hanc
3025 4652 3197 4723 legem
3226 4663 3482 4723 statuere,
3512 4658 3655 4727 quod
3684 4662 3835 4730 pueri
3864 4677 3990 4718 esse

2380 4735 2614 4792 debeant
2643 4740 2896 4810 imperiti.
2924 4742 3029 4798 Sed
3059 4744 3105 4799 si
3127 4746 3247 4815 quis
3269 4762 3355 4801 tne
3382 4747 3451 4801 de
3478 4752 3796 4806 necessariis
3822 4768 3987 4808 seen-

2379 4845 2497 4882 rtnn
2527 4843 2828 4899 pnrstaret,
2864 4834 3061 4889 nollem
3092 4836 3352 4905 impedire
3390 4839 3517 4908 quin
3562 4840 3663 4896 hoc
3700 4859 3766 4899 ex
3808 4845 3986 4900 abun-

2378 4919 2557 4974 dantia
2590 4923 2761 4978 fieret.
2797 4924 3257 4990 Quemadmodum
3278 4928 3419 4983 enim
3438 4934 3717 4987 concussis
3735 4948 3857 4993 cum
3884 4936 3989 4990 do-

2379 5027 2469 5065 tno
2498 5022 2607 5068 tota
2636 5012 3000 5071 fundamentis
3020 5059 3036 5083 ,
3082 5028 3298 5089 totaque
3337 5018 3537 5077 fabrica
3580 5024 3787 5079 ruinam
3817 5028 3983 5082 mini-

2379 5113 2547 5172 tante,
2582 5116 2839 5165 extrema:
2889 5110 3175 5169 dementi-.e
3227 5129 3291 5169 ac
3346 5116 3665 5186 insipientia:
3718 5134 3866 5177 esset
3912 5127 3980 5181 ad

2379 5195 2625 5261 illitores,
2661 5214 2767 5253 non
2795 5199 2861 5254 ad
2893 5185 3190 5257 structores
3214 5220 3436 5261 currere
3455 5185 3475 5259 ξ
3500 5207 3580 5262 sic
3610 5208 3737 5264 item
3775 5212 3982 5281 impor-

2379 5295 2521 5342 tuna:
2550 5290 2910 5346 contentionis
2935 5305 3099 5356 esset,
3122 5295 3417 5362 parietibus
3442 5297 3671 5355 ﬁrmiter
3690 5305 3980 5373 stantibus,

2374 5392 2492 5442 eos,
2523 5379 2611 5448 qui
2636 5380 2804 5450 ipsam
2827 5383 3033 5438 illinere
3055 5386 3271 5453 vellent,
3308 5389 3614 5455 prohibere.
3806 5374 3809 5375 ν

2454 5466 2682 5524 Historia
2723 5472 3056 5529 adolescentia
3099 5492 3131 5529 a
3170 5480 3423 5533 monacho
3464 5481 3702 5537 instituti.
3725 5513 3797 5526 —
3822 5485 3975 5556 Quod

2374 5570 2557 5615 autem
2581 5562 2630 5617 id
2649 5578 2713 5619 ex
2736 5565 2917 5620 animo
2931 5566 3140 5638 loquar,
3158 5585 3283 5641 qua:
3304 5569 3434 5641 ipsis
3460 5576 3717 5644 operibus
3741 5582 3975 5644 ostendi,

2376 5649 2493 5708 lucc
2516 5654 2625 5725 jam
2646 5656 2799 5711 vobis
2819 5660 3069 5715 narrabo.
3097 5661 3427 5719 Adolescens
3445 5666 3666 5737 quidam
3682 5671 3974 5729 admodum

2376 5742 2613 5811 locuples
2639 5743 2928 5814 aliquando
2957 5765 3008 5803 tn
3035 5750 3168 5805 urbe
3199 5761 3381 5807 nostra
3407 5753 3718 5811 demoratus
3740 5770 3823 5814 est
3847 5778 3975 5816 ent—

2381 5831 2600 5891 ditionis
2628 5836 2969 5906 acquirendae
2993 5842 3184 5912 gratia,
3219 5843 3422 5902 Latinae
3446 5847 3655 5907 scilicet
3676 5861 3729 5906 et
3748 5850 3973 5910 timeat.

4138 3226 4231 3271 ἕῖῶ
4249 3242 4266 3277 κ

4188 3304 4256 3382 361'

4138 3468 4139 3471 η
4175 3411 4266 3471 “iis;

4168 3596 4171 3599 1
4200 3606 4255 3664 νξκ

4179 3694 4245 3770 ἧγὶ
