4266 6314
288 235 393 289 569

287 350 437 403 Hune
477 351 792 422 pardagngns
832 353 1153 422 sequebatur
1192 368 1439 421 semper,
1482 350 1567 405 cui
1607 365 1707 405 ttna
1754 363 1877 400 cura

283 448 418 503 erat,
455 451 510 495 ut
535 443 651 511 ejus
680 444 911 497 animam
944 445 1278 497 ἱιιΓωιίιιιιιόι.
1313 443 1463 495 lluuc
1502 456 1601 511 ego
1630 441 1882 509 pa'dago-

280 547 403 601 gum
436 532 622 588 adiens
652 532 791 605 (erat
819 536 959 589 enim
982 552 1045 589 ex
1076 537 1139 589 iis
1164 536 1253 604 qui
1287 535 1337 588 in
1371 535 1642 588 montibus
1672 532 1879 586 residi--

280 625 484 698 baut),
515 644 731 682 causam
766 630 1007 683 ediscere
1035 629 1269 681 eouabar
1294 644 1392 683 cur
1418 642 1539 681 cmn
1572 626 1877 692 hujnsnunli

276 720 593 786 Sapientiam
644 721 918 789 professus
962 730 1135 783 esset,
1176 720 1226 774 in
1271 719 1683 791 pedagogorum
1718 718 1876 771 titam

277 812 512 877 reipsmn
557 811 883 867 demisisset.
930 812 1022 867 Ille
1055 829 1182 867 vero
1224 813 1502 882 respoodit
1539 810 1641 865 sibi
1689 826 1874 880 parum

275 902 533 969 temporis
562 918 846 972 superesse
888 904 938 957 itt
982 904 1285 973 bujusmodi
1323 902 1502 958 officio
1532 903 1878 975 prmsnando,

272 1002 326 1045 et
350 1009 462 1047 rem
482 996 640 1051 altius
663 999 946 1065 repetitam
967 1000 1236 1053 enarravit
1261 998 1434 1054 nobis.
1456 999 1649 1061 Puero,
1679 998 1869 1067 inquit,

272 1082 397 1138 huic
431 1094 579 1153 pater
608 1099 689 1141 est
715 1089 901 1156 durus,
933 1092 1103 1156 ferox,
1138 1100 1192 1145 et
1222 1092 1405 1144 mundi
1434 1091 1595 1145 rebus
1623 1089 1869 1154 inhians;

268 1185 446 1230 mater
467 1190 641 1232 autem
673 1180 934 1248 modesta,
957 1180 1283 1251 temperans,
1313 1182 1478 1251 proba
1501 1193 1553 1237 et
1576 1182 1643 1236 ad
1674 1182 1869 1236 cat-lum

267 1276 473 1322 tantum
506 1271 825 1338 respiciens.
857 1272 1018 1328 Pater
1052 1273 1267 1342 itaque,
1300 1284 1483 1342 utpote
1508 1260 1599 1344 qui
1631 1276 1683 1329 itt
1714 1275 1871 1329 bellis

264 1358 432 1413 multa
465 1359 672 1417 fortiter
696 1364 945 1433 gesserit,
977 1365 1144 1418 liliqu
1177 1366 1289 1418 vult
1315 1367 1381 1419 ad
1415 1373 1695 1434 paternum
1723 1367 1870 1420 ordi-

262 1465 387 1505 nem
423 1451 721 1520 deducere;
753 1465 926 1510 mater
956 1471 1085 1511 vero
1113 1456 1162 1511 id
1191 1457 1412 1511 minimc
1439 1465 1623 1526 optat,
1651 1457 1745 1512 sed
1772 1456 1868 1512 ad-

260 1544 481 1599 modum
513 1546 834 1617 deprecatur
862 1566 873 1601 :
907 1565 969 1604 ac
992 1550 1043 1603 in
1067 1550 1203 1603 votis
1227 1550 1384 1603 habet
1408 1558 1463 1603 et
1489 1551 1692 1617 expetit
1718 1551 1863 1603 illum

259 1636 311 1689 iu
346 1640 729 1692 monachorum
758 1649 901 1694 statu
924 1639 1203 1696 florentem
1231 1640 1433 1695 videre.
1459 1640 1657 1695 Verum
1690 1640 1739 1695 id
1772 1658 1865 1709 pa-

259 1731 325 1784 tri
354 1731 535 1788 dicere
571 1749 677 1785 uon
707 1748 835 1787 ausa
878 1743 959 1788 est
979 1734 1193 1808 ,‘verita
1226 1750 1325 1797 ne,
1354 1734 1398 1788 si
1430 1734 1481 1788 id
1511 1734 1597 1789 ille
1621 1734 1861 1789 subodo—

255 1836 487 1891 raretur,
513 1836 836 1896 poematum
880 1827 1030 1882 illum
1072 1827 1255 1882 saeculi
1290 1827 1518 1883 vinculis
1559 1827 1857 1899 obligaret,

252 1929 416 1989 atque
456 1921 525 1976 ab
566 1920 670 1975 hoc
698 1920 876 1974 studio
901 1920 1190 1975 abductum
1220 1920 1286 1975 ad
1328 1921 1561 1975 balteum
1603 1920 1859 1976 transfer-

251 2022 353 2072 ret,
384 2021 439 2066 et
463 2011 529 2065 ad
560 2028 774 2065 onmem
798 2028 917 2082 qua:
944 2012 1067 2066 inde
1095 2012 1244 2081 sequi
1271 2013 1413 2067 solet
1436 2013 1559 2066 vitae
1582 2013 1859 2083 negligen—

251 2103 405 2168 tiam,
432 2103 503 2157 ita
520 2114 572 2157 ut
596 2114 779 2173 pOslcu
798 2103 1075 2158 emendari
1098 2115 1149 2159 et
1170 2103 1237 2159 ad
1258 2104 1533 2159 meliorem
1561 2119 1620 2159 se
1647 2104 1852 2175 frugem

249 2198 493 2265 recipere
541 2215 644 2251 non
688 2198 877 2267 possit.
920 2177 1240 2267 l-lujtismodi
1282 2197 1441 2268 igitur
1483 2206 1599 2261 arte
1649 2188 1850 2259 utitur:

246 2300 439 2343 evocat
467 2305 552 2344 me
578 2290 819 2354 domum,
857 2290 1066 2360 hocque
1090 2288 1353 2359 patefacto
1372 2289 1627 2361 consilio,
1654 2305 1853 2360 appre-

245 2381 470 2435 ltensam
503 2384 651 2452 pueri
680 2383 956 2438 dexteram
987 2384 1232 2438 manibus
1264 2384 1425 2437 tradit
1454 2384 1609 2437 meis.
1638 2384 1721 2439 Me
1742 2384 1850 2439 sci-

242 2472 476 2528 scitante
497 2489 592 2528 cur
611 2475 710 2529 hoc
732 2473 953 2541 faceret,
978 2490 1160 2539 uuam,
1185 2476 1376 2545 inquit,
1398 2474 1538 2530 hanc
1563 2491 1850 2546 superesse

242 2568 506 2621 rationem
536 2568 885 2635 procuranda:
914 2567 1024 2621 lilio
1049 2567 1257 2631 salutis,
1283 2567 1328 2622 si
1351 2568 1542 2621 vellem
1570 2568 1847 2638 pardagogi

239 2669 441 2715 statum
463 2676 745 2716 assonieus
769 2662 859 2715 lilii
886 2678 1070 2716 curam
1092 2678 1328 2727 sumere,
1353 2672 1408 2718 et
1431 2665 1531 2718 huc
1551 2664 1845 2722 accedere:

238 2767 300 2807 se
328 2754 463 2821 patri
496 2769 777 2808 suasuram
808 2769 950 2817 esse,
985 2754 1146 2809 etiam
1181 2755 1231 2809 ei
1257 2797 1272 2821 ,
1301 2756 1391 2825 qui
1422 2756 1665 2812 militiam
1696 2758 1848 2813 adire

241 2847 395 2908 velit,
432 2848 615 2901 utilem
646 2864 769 2904 esse
809 2850 1083 2904 literarum
1116 2851 1529 2904 institutionem.
1556 2850 1683 2910 Haec
1707 2866 1843 2920 ego,

238 2938 445 3006 inquit,
490 2941 534 2993 si
582 2940 797 2995 el'ficere
846 2948 1108 3009 potuero,
1138 2948 1193 2994 tu
1222 2956 1466 2995 seorsum
1496 2950 1550 2995 et
1586 2942 1638 2994 in
1668 2941 1843 2995 aliena

236 3031 422 3098 domo,
454 3032 538 3085 ubi
569 3046 668 3087 nec
700 3040 851 3101 pater
876 3046 975 3086 nec
1005 3031 1345 3086 familiarium
1371 3030 1634 3103 qniSpiam
1660 3031 1846 3087 turbas

236 3138 459 3177 movere
489 3128 681 3193 possit,
711 3138 921 3177 summa
951 3123 1098 3177 illum
1134 3122 1408 3178 facultate.
1425 3124 1658 3178 formare
1685 3134 1842 3193 pote-

234 3218 331 3278 ris,
360 3216 628 3283 vitamque
652 3214 767 3283 ejus
796 3216 864 3269 ita
894 3214 1166 3279 ordinare,
1184 3214 1302 3269 acsi
1328 3214 1379 3268 iu
1403 3216 1731 3270 monasterio
1748 3216 1843 3271 de-

233 3315 406 3377 geret.
435 3306 701 3361 Cu'tcrum
726 3321 900 3360 annue
923 3305 1075 3371 mihi,
1095 3320 1158 3360 ac
1180 3306 1233 3360 in
1256 3317 1461 3373 partem
1483 3307 1843 3363 simulationis

232 3414 446 3455 mecum
472 3399 656 3454 venire
685 3414 750 3453 ne
778 3398 1045 3468 graveris.
1068 3396 1187 3452 Non
1222 3412 1384 3467 parva
1424 3413 1512 3452 res
1549 3399 1740 3468 agitur,
1772 3399 1843 3454 de

238 3493 329 3547 lilii
354 3493 529 3546 anima
551 3500 822 3546 certamen
848 3498 932 3546 est
957 3505 1019 3544 ac
1048 3491 1347 3560 perieulum
1370 3509 1387 3545 ε
1414 3506 1481 3546 ne
1502 3507 1728 3561 spernas
1750 3507 1840 3546 ca-

232 3585 508 3641 rissimqu
535 3584 664 3638 mihi
688 3583 931 3638 omnium
956 3583 1371 3651 periclitantem,
1397 3584 1493 3638 sed
1516 3585 1665 3653 eripe
1688 3585 1837 3639 illum

231 3692 261 3730 a
295 3675 695 3745 circumpositis
720 3673 955 3742 undique
984 3674 1215 3744 laqueis,
1243 3690 1273 3728 a
1303 3684 1647 3744 tempestate,
1672 3691 1701 3728 a
1731 3675 1836 3729 llu-

231 3769 428 3822 ctibns.
454 3766 546 3821 Sin
578 3782 706 3821 vero
732 3775 786 3820 ιιι
811 3767 1038 3836 gratiam
1085 3777 1349 3833 praestare
1377 3766 1637 3829 nolueris,
1669 3767 1835 3821 Deum

228 3860 339 3928 jam
371 3860 422 3913 iu
455 3858 689 3913 medium
719 3857 956 3927 appello,
980 3865 1283 3927 testemque.
1306 3872 1441 3912 voco
1470 3871 1559 3912 me
1581 3856 1713 3911 nihil
1739 3874 1836 3912 eo-

231 3968 351 4004 rum
380 3950 649 4014 omisisse,
679 3965 796 4019 quae
819 3948 885 4002 ad
912 3947 1073 4017 hujus
1102 3950 1295 4002 animze
1325 3950 1551 4003 salutem
1579 3964 1837 4005 necessa-

230 4044 311 4097 ria
337 4051 516 4107 erant,
548 4041 910 4112 tnnudamque
950 4056 1074 4095 esse
1109 4056 1148 4103 τι,
1168 4041 1429 4111 sanguine
1468 4041 1619 4111 pueri
1654 4041 1832 4110 hujus.

231 4136 384 4202 Quod
407 4136 451 4190 si
479 4134 607 4205 quid
638 4132 923 4204 contigerit
946 4132 1097 4187 illum
1128 4133 1237 4204 pati
1269 4147 1455 4187 eorum
1478 4172 1493 4197 ,
1518 4147 1638 4204 qute
1669 4147 1835 4203 puero

230 4229 285 4282 in
317 4227 478 4282 tantis
502 4226 712 4282 deliciis
740 4235 795 4280 et
823 4226 875 4279 in
901 4233 1047 4278 tanta
1075 4224 1398 4294 negligentia
1428 4223 1639 4278 vivente
1659 4265 1675 4290 ,
1703 4239 1835 4278 cou-

231 4325 438 4390 tingere
460 4326 705 4388 possunt,
732 4318 828 4372 abs
856 4326 907 4373 te
932 4318 1022 4371 illa
1052 4316 1140 4371 die
1164 4315 1311 4385 pueri
1338 4315 1572 4369 animam
1598 4314 1836 4385 requiret

232 4413 395 4466 licus.
422 4410 516 4465 His
545 4418 599 4465 et
628 4410 868 4479 pluribus
892 4408 1056 4463 etiam
1080 4408 1258 4462 verbis
1288 4407 1640 4477 compellans,
1670 4405 1835 4460 vehe—

231 4510 445 4556 menter
486 4516 550 4554 ac
594 4499 979 4554 miserabiliter
1023 4499 1405 4568 illacrymans,
1438 4497 1569 4552 mihi
1614 4497 1830 4552 tandem

231 4594 532 4662 persuasit,
564 4600 621 4644 ut
651 4590 753 4644 hoc
778 4591 1049 4660 negotium
1092 4590 1458 4658 susciperem,
1488 4604 1552 4644 ac
1586 4604 1707 4643 cum
1750 4588 1833 4643 his

231 4686 498 4740 mandatis
526 4700 612 4740 me
633 4684 701 4737 ab
726 4698 784 4737 se
805 4683 1028 4737 dimisit.
1057 4682 1165 4737 Nec
1192 4699 1323 4735 vana
1349 4683 1421 4737 illi
1450 4682 1546 4736 fuit
1577 4683 1692 4737 lucc
1721 4698 1835 4735 ma-

202 4781 466 4834 chinatio
494 4796 506 4828 :
544 4779 613 4831 ita
647 4776 790 4830 enim
823 4775 970 4830 brevi
997 4790 1219 4844 puerum
1250 4775 1497 4844 egregius
1531 4773 1620 4828 ille
1649 4774 1832 4843 parda-

226 4884 396 4941 gogus
419 4867 679 4935 exercuit,
708 4876 1018 4937 tantumque
1044 4867 1095 4921 in
1119 4881 1185 4921 eo
1211 4866 1386 4936 ignem
1414 4865 1665 4921 desiderii
1690 4868 1833 4923 illius

228 4964 512 5027 accendit,
549 4972 605 5019 ut
630 4969 821 5017 cuncta
860 4961 1015 5014 simul
1044 4960 1319 5029 abjiceret,
1354 4969 1513 5029 atque
1555 4959 1609 5014 in
1644 4959 1831 5015 descr-

229 5070 341 5112 tum
367 5058 647 5126 aufugeret
670 5094 685 5120 ,
719 5054 931 5125 alioque
959 5068 1149 5109 rursus
1178 5040 1440 5123 indigeret.
1477 5056 1656 5117 freno,
1689 5054 1831 5124 quod

230 5150 381 5204 illtun
414 5164 443 5201 a
472 5127 876 5202 vehementiore
896 5146 985 5200 illa
1009 5146 1395 5220 exercitatione
1418 5144 1483 5197 ad
1504 5145 1831 5199 tundet-atin-

230 5259 343 5297 rem
365 5240 686 5295 traduceret.
701 5237 941 5308 Namque
958 5237 1303 5292 metuendum
1326 5244 1462 5302 erat,
1482 5251 1549 5290 ne
1569 5245 1717 5289 tanto
1739 5237 1832 5290 illo

230 5335 411 5389 studio
433 5346 557 5387 ante
581 5341 791 5401 tempus
817 5332 1002 5385 drama
1037 5339 1203 5384 totum
1235 5329 1515 5391 revelaret,
1548 5339 1602 5383 et
1633 5330 1829 5395 matri,

232 5426 522 5495 piedagogo
551 5435 711 5491 atque
734 5421 985 5476 omnibus
1006 5420 1201 5489 ubique
1223 5420 1498 5476 monachis
1516 5420 1710 5476 bellum
1734 5437 1828 5475 cx-

228 5520 420 5571 citaret
466 5515 861 5584 gravissimum.
906 5512 1038 5568 Nam
1081 5514 1125 5566 si
1173 5524 1328 5582 pater
1376 5513 1523 5567 illam
1573 5515 1832 5569 sensisset

228 5612 433 5678 fugam,
462 5623 753 5675 numquam
783 5606 1078 5661 destitisset
1119 5607 1298 5660 omnia
1332 5621 1578 5670 movere,
1616 5616 1673 5661 ut
1702 5622 1829 5660 san-

224 5711 342 5755 ctos
369 5701 485 5754 illus
509 5699 826 5765 expelleret,
863 5713 1086 5753 noneos
1117 5706 1355 5763 tantum,
1389 5698 1477 5767 qui
1506 5697 1669 5753 lilium
1702 5712 1826 5753 sus-

1046 235 1406 293 ADV'ERSL’S
1445 230 1996 292 Ol‘l’UGNATOliES
2038 232 2221 291 Vl'f/E
2260 235 2399 295 ΜΟΝ
2422 241 2558 298 ιςτ.
2601 242 2729 299 Lm.
2775 248 2859 305 ΙΙΙ.

3488 264 3591 321 370

1997 360 2282 425 ceperant,
2334 355 2426 409 sed
2472 358 2605 411 alios
2645 361 2804 416 etiam
2840 370 3055 421 ‘umnes.
3091 367 3247 425 Hunc
3289 372 3449 444 igitur
3491 393 3589 449 ego

1994 455 2213 538 puerum
2232 460 2529 512 assumens,
2553 451 2664 505 Inee
2689 464 2738 507 et
2767 456 2918 523 plura
2941 458 3219 529 loquutus,
3238 464 3589 538 pltilosOpbia:

1992 529 2147 617 hujus
2173 536 2497 593 desiderium
2543 544 2592 595 iu
2634 560 2699 596 eo
2742 562 2957 603 manere.
2997 556 3251 620 permisi,
3281 547 3389 611 imo
3420 529 3587 634 magis

1991 624 2183 705 adauxi
2210 668 2224 689 ,
2259 627 2310 680 in
2342 630 2473 685 urbe
2507 646 2685 687 autem
2718 637 2957 695 habitare
2987 632 3238 713 rogabam
3263 689 3276 712 ,
3304 664 3367 704 ac
3398 624 3587 707 litera—

1989 728 2106 765 rum
2130 717 2319 771 studiis
2343 720 2544 795 lia-rere
2570 742 2583 778 :
2615 727 2681 780 ita
2706 730 2847 783 enim
2872 740 2926 786 et
2951 737 3245 804 mqualibns
3268 741 3379 797 suis
3411 746 3585 800 maxi-

1987 820 2073 880 me
2100 810 2460 876 profuturum,
2504 826 2555 869 et
2598 810 2723 881 rem'
2758 823 2892 889 patri
2939 824 3172 894 ignotam
3206 804 3336 885 fore.
3373 833 3427 887 id
3457 851 3585 891 vero

1985 902 2347 957 necessarium
2380 922 2499 961 esse
2517 905 2776 977 'putabatu
2806 954 2818 977 ,
2854 932 2959 970 non
2992 921 3152 985 modo
3182 935 3487 982 sanctnrdut
3522 932 3584 985 il-

1983 986 2157 1044 lorum
2184 1006 2369 1071 causa,
2405 1013 2510 1052 non
2539 1002 2743 1068 matris,
2773 1021 2877 1057 ttnn
2908 1011 3181 1081 pmdagugi
3218 1022 3422 1070 tantum
3446 1060 3460 1083 ,
3486 1022 3580 1075 sed

1982 1081 2122 1181 illius
2146 1086 2316 1175 etiam.
2336 1090 2503 1157 pueri.
2527 1092 2582 1146 Si
2610 1096 2750 1148 enim
2783 1098 2932 1151 initio
2963 1102 3243 1161 inStitisset
3284 1081 3455 1176 pater,
3485 1129 3579 1181 pe-

1981 1174 2205 1229 riculum
2248 1174 2367 1231 erat
2403 1195 2470 1236 ne
2504 1182 2861 1251 philosoiihite
2887 1192 3097 1259 plantas
3127 1174 3580 1267 concuteret-pte-

1980 1279 2136 1318 noras
2181 1283 2392 1338 nempe,
2442 1288 2505 1328 ac
2552 1291 2724 1359 nuper
2773 1284 2994 1348 positas.
3040 1283 3133 1341 Sin
3177 1304 3304 1345 vero
3351 1296 3576 1351 multum

1978 1359 2235 1425 temporis
2268 1363 2601 1432 procederet,
2623 1378 2681 1423 et
2710 1371 2917 1428 radices
2942 1377 3115 1445 probe
3142 1381 3407 1445 mitteret,
3423 1366 3577 1445 valde

1974 1450 2330 1547 conlidebam,
2361 1457 2614 1524 quidquid
2646 1462 2858 1517 tandem
2887 1467 3245 1540 contingeret,
3279 1489 3573 1547 mnuquam

1973 1535 2207 1615 futurum
2254 1553 2311 1619 ιιι
2352 1555 2502 1614 pater
2544 1548 2707 1605 liliutu
2752 1535 2939 1633 posset
2964 1535 3157 1616 hederc
3182 1579 3195 1615 :
3225 1565 3365 1633 quod
3411 1535 3576 1625 etiam

1972 1633 2191 1729 evenit,
2245 1650 2363 1729 nec;
2386 1655 2471 1692 me
2518 1656 2643 1709 spes
2684 1628 2800 1711 mea
2835 1645 3041 1729 fefellit.
3074 1650 3209 1707 Cum
3244 1628 3389 1711 enim
3424 1634 3576 1729 pater

1970 1723 2086 1790 ejus
2121 1728 2461 1791 posnnodum
2493 1734 2662 1787 multo
2688 1736 2875 1809 elapso
2904 1722 3143 1811 tempore
3172 1747 3315 1801 illunt
3348 1722 3574 1809 adot'sus

1968 1828 2163 1883 magno
2209 1831 2331 1870 cum
2379 1818 2582 1904 impetu
2633 1812 2905 1891 irrueret,
2943 1847 3049 1885 non
3086 1836 3246 1889 modo
3283 1839 3569 1897 a-dilietum

1968 1907 2277 1965 nullatenus
2304 1912 2643 1971 nutare'fecit
2671 1958 2688 1983 ,
2729 1919 2823 1984 sed
2865 1922 2997 1985 illud
3030 1923 3239 1982 firmius
3266 1944 3389 1987 esse
3416 1950 3572 1989 mon-

1964 1999 2174 2057 stravit.
2205 1994 2916 2088 Condiseipulorumautem
2946 2016 3157 2085 plurimi
3177 2036 3243 2076 ex
3265 2022 3408 2077 illius
3434 2041 3568 2082 con-

1962 2090 2131 2144 sortio
2156 2102 2358 2149 tantum
2383 2098 2749 2168 profecerunt,
2775 2114 2830 2157 ttt
2856 2098 3099 2175 ejttsdem
3122 2110 3348 2167 instituti
3374 2115 3567 2173 fierent

1961 2183 2163 2255 tumuli.
2210 2183 2345 2265 (lum
2394 2190 2537 2243 enim
2589 2191 2937 2269 illesemper
2977 2196 3122 2254 domi
3170 2202 3566 2265 moderatorem

1960 2270 2205 2364 haberet,
2252 2291 2350 2331 ceu
2379 2287 2555 2359 statua
2583 2282 2785 2353 jugiter
2824 2301 2981 2341 manu
3026 2272 3249 2347 artilicis
3294 2296 3567 2367 expolita,

1958 2383 2037 2424 Slc
2067 2372 2305 2442 quotidie
2332 2375 2526 2433 anitnte
2556 2379 2969 2447 pulchritudinis
3004 2384 3398 2449 incrementum
3427 2397 3566 2448 aeci.

1958 2464 2154 2554 piabat.
2189 2464 2255 2520 Et
2282 2466 2424 2535 quod
2451 2469 2748 2545 mirabilius
2777 2483 2880 2539 est,
2908 2476 3193 2541 cumforis
3218 2483 3563 2553 versabatur,

1958 2553 2090 2609 nihil
2112 2555 2330 2613 differre
2361 2559 2648 2616 videbatur
2674 2578 2704 2617 a
2726 2566 2938 2621 ueteris
2968 2585 2985 2623 :
3019 2584 3124 2624 non
3161 2553 3309 2627 enim
3347 2579 3563 2633 rusticis

1957 2655 2008 2699 et
2040 2647 2331 2716 incomptis
2360 2652 2603 2708 moribus
2624 2695 2638 2719 ,
2673 2670 2779 2709 non
2812 2666 2966 2729 veste
2994 2660 3250 2731 singulari
3281 2674 3432 2731 erat,
3454 2668 3561 2723 .sed

1953 2738 2148 2810 similis
2176 2740 2297 2797 aliis
2325 2740 2511 2814 habitu
2534 2786 2548 2809 ,
2583 2757 2802 2815 aspectu
2823 2789 2839 2814 ,
2874 2765 3008 2805 voce
3030 2792 3046 2813 ,
3076 2756 3393 2827 czcterisquc
3421 2770 3560 2818 erat.

1953 2831 2314 2901 Quamobrem
2343 2850 2409 2890 ex
2436 2837 2540 2893 sibi
2574 2837 2928 2897 familiaribus
2946 2844 3221 2912 plurimos
3248 2848 3436 2904 iisdem
3469 2868 3560 2907 re-

1953 2924 2097 2980 tibus
2138 2930 2314 2998 cepit,
2348 2930 2571 2987 multam
2620 2934 2900 2991 occultans
2946 2937 3269 2996 intrinsecus
3317 2943 3559 3011 philoso-

1952 3016 2150 3086 phiam.
2183 3019 2332 3081 ltntni
2361 3036 2486 3077 vero
2517 3022 2561 3075 si
2582 3023 2701 3091 quis
2730 3025 2877 3079 illum
2909 3027 3149 3091 vidisset,
3178 3020 3415 3100 putasset
3437 3051 3559 3092 esse

1950 3110 2235 3179 quemdam
2265 3127 2330 3166 ex
2364 3114 2447 3179 iis,
2471 3114 2558 3183 qui
2589 3114 2640 3169 in
2672 3118 2946 3173 montibus
2972 3120 3129 3180 sedes
3161 3121 3425 3180 haberent
3446 3145 3458 3181 :
3479 3127 3558 3183 si-

1950 3202 2165 3271 quidem
2196 3203 2389 3260 domus
2414 3208 2531 3275 ejus
2554 3206 2623 3263 ad
2655 3211 2967 3269 monasterii
2996 3228 3240 3268 normam
3268 3218 3559 3275 ordinabu-

1952 3301 2057 3357 tur,
2077 3293 2167 3348 nbi
2188 3305 2384 3363 praeter
2396 3298 2703 3353 necessaria
2718 3298 2854 3365 nihil
2879 3299 3087 3355 aderat.
3114 3303 3351 3375 Tempus
3370 3320 3552 3364 autem

1947 3400 2109 3453 omne
2140 3386 2369 3443 lectione
2398 3397 2707 3444 sanctorum
2738 3389 3001 3456 librorum
3024 3396 3384 3467 transigebat.
3416 3400 3551 3456 Cum

1947 3476 2089 3531 enim
2116 3479 2225 3533 acri
2258 3478 2322 3533 ad
2349 3480 2663 3551 disciplinas
2689 3481 2907 3553 ingenio
2931 3495 3114 3553 esset,
3144 3498 3388 3547 externae
3425 3511 3553 3547 eru-

1946 3570 2134 3625 ditioni
2186 3571 2451 3626 modicam
2490 3574 2600 3635 diei
2647 3586 2851 3643 partem
2899 3562 3237 3647 insumebat,
3283 3583 3550 3655 reliquum

1944 3677 2075 3715 vero
2102 3664 2360 3731 temporis
2384 3664 2636 3733 precibus
2667 3664 3039 3737 frequentibus
3067 3667 3327 3743 librisque
3353 3677 3551 3733 divinis

1942 3751 2271 3821 deputabat,
2311 3768 2376 3808 ac
2412 3756 2529 3809 sine
2566 3755 2688 3810 cibo
2726 3767 2835 3810 tota
2874 3762 3256 3828 perseverabat
3284 3763 3408 3831 die;
3444 3767 3551 3822 imo

1945 3859 2045 3919 nec
2085 3860 2189 3900 una
2238 3854 2441 3900 tantum
2489 3846 2607 3908 die,
2655 3862 2833 3911 neque
2870 3849 3113 3918 duabus,
3143 3853 3237 3908 sed
3286 3856 3546 3923 pluribus.

1942 3934 2142 3991 Noctes
2168 3952 2330 4006 porro
2362 3938 2433 3991 illi
2460 3936 2911 3994 horumcouscire
2937 3952 3096 3997 erant
3114 3983 3129 4008 ,
3160 3944 3547 4017 laerymartnu,

1943 4041 2162 4096 precum
2211 4029 2628 4099 hujusntodique
2667 4030 2917 4087 lectionis
2958 4050 2972 4086 :
3004 4049 3128 4104 qua:
3167 4038 3347 4091 omnia
3392 4042 3551 4096 nobis

1943 4118 2265 4188 pedagogus
2306 4120 2445 4181 clam
2508 4124 2900 4179 annuntiabat:
2933 4140 3069 4194 puer
3111 4128 3255 4181 cuitu
3306 4130 3551 4200 indigna-

1943 4210 2098 4268 batur
2124 4211 2494 4278 vehementer,
2525 4212 2569 4267 si
2601 4213 2725 4284 qttid
2754 4215 3057 4284 lntjusmodi
3079 4218 3257 4275 eﬂ‘erri
3285 4237 3551 4293 coguoce-

1940 4313 2042 4359 ret.
2075 4304 2296 4358 Dicebat
2318 4320 2447 4373 ergo
2476 4307 2648 4375 ipsum
2676 4307 2777 4362 sibi
2803 4309 3036 4369 cilicium
3074 4310 3125 4365 in
3156 4327 3358 4368 vestem
3389 4331 3549 4385 pata-

1940 4397 2117 4465 visse,
2160 4399 2358 4469 illaque
2400 4414 2495 4468 per
2536 4413 2747 4455 noctem
2791 4402 2921 4460 dum
2963 4403 3224 4460 dormiret
3269 4407 3448 4474 indui,
3482 4425 3551 4463 eo

1938 4490 2146 4544 scilicet
2185 4491 2449 4554 consilio,
2486 4502 2552 4546 ¹ιιι
2580 4492 2737 4547 citius
2766 4509 3057 4565 exsurgere
3082 4509 3275 4568 posset
3304 4516 3319 4551 :
3349 4502 3399 4553 in
3429 4503 3551 4557 aliis

1940 4596 2156 4651 quoque
2204 4583 2379 4651 ipsum
2431 4584 2823 4643 monachorum
2873 4586 3213 4657 disciplinain
3263 4590 3551 4660 diligenter

1938 4688 2178 4740 servare,
2207 4674 2410 4745 Deique
2436 4674 2746 4746 frequenter
2767 4675 2953 4731 laudes
2974 4680 3302 4748 persolvere,
3326 4686 3415 4752 qui
3444 4684 3548 4738 sibi

1941 4774 2049 4821 tam
2093 4766 2238 4821 leves
2279 4765 2635 4836 philosophia:
2680 4784 2884 4837 pennas
2930 4770 3231 4826 indidissut.
3278 4772 3461 4843 Itaque
3500 4778 3545 4829 si

1939 4862 2061 4930 quis
2085 4860 2217 4915 mihi
2247 4876 2392 4917 nunc
2412 4862 2656 4916 animum
2697 4864 2766 4917 ita
2798 4848 3169 4933 comparatum
3197 4868 3544 4933 ostenderet,

1942 4954 2396 5026 predagogumque
2419 4956 2651 5010 similem
2682 4956 2944 5025 prwberet
2963 4998 2976 5021 ,
3008 4958 3223 5028 aliaque
3262 4962 3442 5014 omnia
3467 4962 3545 5015 si-

1940 5051 2140 5104 militer
2165 5064 2226 5105 se
2243 5050 2603 5118 polliceretur
2626 5059 2958 5112 curaturum,
2982 5051 3179 5105 millies
3203 5063 3447 5121 optarem
3476 5054 3548 5109 ita

1943 5145 2080 5211 fieri,
2109 5144 2272 5212 idque
2301 5144 2491 5214 magis,
2522 5158 2681 5213 quam
2711 5144 2809 5212 ipsi
2841 5152 3109 5212 parentes.
3133 5144 3221 5199 Sic
3250 5145 3393 5198 enim
3423 5161 3547 5214 pro.

1942 5237 2080 5292 frcto
2122 5237 2295 5306 majus
2340 5236 2546 5290 lucrum
2593 5235 2907 5301 accederet,
2958 5250 3081 5290 cum
3129 5246 3349 5306 possent
3395 5238 3547 5305 pueri

1943 5328 2247 5398 hujusmodi
2270 5368 2283 5390 ,
2338 5343 2432 5396 per
2476 5328 2599 5380 vita:
2647 5328 2906 5381 rationem
2928 5369 2944 5393 ,
2978 5342 3075 5396 per
3104 5339 3318 5383 {etatem
3356 5345 3418 5384 ac
3449 5345 3544 5398 per

1940 5419 2064 5490 iuge
2092 5422 2424 5475 consortium
2458 5420 2692 5489 teqttalrs
2720 5435 2849 5474 suos
2877 5421 3138 5475 inescare.
3168 5423 3238 5475 At
3264 5421 3443 5475 nullus
3461 5437 3546 5478 est

1940 5513 2030 5582 qui
2055 5526 2115 5567 se
2139 5511 2209 5565 ita
2243 5511 2505 5565 facturum
2532 5511 2867 5582 polliceatur.
2893 5513 3196 5567 Cum‘vero
3226 5514 3407 5567 nullus
3437 5514 3542 5580 sit,

1941 5616 2167 5657 summa:
2186 5602 2520 5657 crudelitatis
2546 5614 2689 5657 esset
2716 5618 2837 5657 eum
2860 5645 2874 5670 ,
2919 5605 3008 5677 qui
3050 5620 3118 5659 ne
3155 5604 3393 5675 seipsutu
3423 5606 3546 5676 qui-

1945 5694 2068 5749 dem
2097 5693 2389 5751 defendere
2413 5696 2601 5765 possit,
2627 5695 2718 5751 sed
2741 5695 2919 5766 jaceat
2944 5698 3240 5756 innumeris
3262 5699 3547 5755 confossus
