4266 6314
705 352 802 410 371

704 465 1054 528 vulneribus.
1103 462 1343 534 aliasque
1394 459 1715 516 inﬁrmiores
1757 455 1977 518 reddat,
2025 455 2077 506 lu
2113 449 2289 506 medio

703 555 912 613 concidi
944 553 1274 626 permittere,
1305 563 1428 606 cum
1450 556 1722 621 oporteret
1746 560 1869 599 eum
1892 559 1922 598 e
1945 556 2120 613 pugna
2139 555 2288 594 sum-

704 661 944 702 movere.
971 645 1212 714 Namque
1243 640 1488 696 similiter
1514 638 1626 694 dux
1667 634 1962 708 puniendus
1999 639 2172 696 esset,
2198 628 2289 699 qui

705 751 942 808 pugnare
971 719 1211 791 valentes
1235 731 1435 787 milites
1454 745 1521 786 ex
1546 728 1730 800 pnelio
1754 725 2062 785 abduceret,
2080 721 2292 775 saucios

704 812 959 883 autemet
993 834 1308 898 prostratos,
1339 824 1428 895 qui
1455 823 1575 877 aliis
1604 816 1984 890 impedimento
2009 820 2211 878 essent,
2235 811 2288 866 in

704 917 883 974 medio
907 931 1120 988 semper
1138 915 1317 986 jacere
1340 913 1572 984 iuberet.

776 1010 866 1066 15.
911 1009 1103 1063 Verum
1141 1005 1264 1078 quia
1303 1013 1580 1076 parentum
1625 998 1836 1071 plurimi
1881 995 2124 1057 instant,
2154 991 2289 1046 libe-

710 1116 905 1171 rosque
929 1114 1067 1173 suos.
1085 1094 1138 1154 in
1163 1099 1334 1154 literis
1363 1096 1524 1150 vitam
1553 1107 1712 1162 agere
1738 1090 1958 1159 cupiunt
1983 1128 1998 1152 ,
2029 1101 2092 1141 ac
2120 1086 2162 1139 si
2193 1099 2290 1154 pro

711 1201 862 1246 certo
889 1189 1122 1244 habeant
1146 1189 1288 1258 ipsos
1316 1186 1382 1240 ad
1414 1187 1625 1242 culmen
1657 1179 1971 1250 eloquentia:
2001 1184 2287 1248 perventu-

704 1296 797 1335 ros
833 1299 848 1336 :
875 1279 976 1334 hac
1003 1279 1218 1350 quidem
1248 1277 1319 1332 de
1354 1292 1415 1332 re
1455 1290 1523 1330 ne
1556 1271 1939 1327 contendamus
1961 1309 1976 1335 ,
2007 1283 2109 1321 neu
2137 1266 2287 1320 dica-

704 1389 823 1427 mus
854 1371 1025 1442 ipsum
1056 1387 1084 1423 a
1127 1385 1292 1440 scopo
1331 1369 1738 1425 aberraturum;
1791 1361 1883 1418 sed
1931 1357 2289 1415 concedamus

705 1478 827 1517 eum
867 1462 1025 1533 studii
1071 1461 1151 1515 sui
1185 1459 1414 1515 fructum
1454 1454 1754 1526 huiusmodi
1793 1461 2283 1521 consequuturum,

703 1562 761 1607 et
789 1551 854 1606 ad
886 1552 1095 1606 culmen
1125 1560 1405 1605 venturum
1427 1562 1567 1603 esse.
1585 1546 1664 1601 Sit
1683 1553 1860 1598 autem
1885 1539 2038 1615 uobis
2064 1541 2287 1594 duarum

706 1659 887 1700 rerum
916 1642 1062 1713 optio
1089 1657 1103 1706 ;
1133 1641 1218 1695 vel
1247 1639 1312 1693 ad
1334 1637 1726 1708 ludimagistros
1751 1633 2092 1705 proficiscens
2113 1628 2291 1684 erudi-

704 1737 901 1789 tionem
953 1734 1164 1802 assequi
1210 1729 1536 1795 contendat,
1587 1727 1670 1781 vel
1715 1723 2056 1780 solitudinem
2101 1729 2289 1791 petens

703 1827 896 1878 anima:
923 1823 1246 1894 prospiciat;
1275 1831 1394 1876 utro
1422 1820 1474 1874 in
1506 1818 1683 1874 studio
1725 1832 1838 1871 rem
1881 1813 2122 1869 obtinere
2151 1824 2288 1880 pra:-

704 1917 852 1969 stat?
879 1910 1011 1969 Nam
1052 1915 1095 1968 si
1139 1917 1190 1967 in
1238 1922 1463 1981 utroque
1498 1911 1802 1978 contingat,
1851 1901 1902 1960 id
1943 1918 2042 1982 ego
2080 1917 2291 1973 quoque

705 2006 863 2069 volo;
894 2005 975 2058 sin
1004 2002 1317 2057 alterutrum
1344 1998 1744 2068 relinquendum
1767 1997 1875 2062 sit,
1901 1993 2044 2064 quod
2072 2001 2290 2062 praesta-

703 2097 862 2152 bilius
882 2094 1184 2165 eligendum
1204 2102 1307 2148 est.
1329 2093 1501 2146 Etiam
1527 2131 1543 2158 ,
1567 2090 1813 2159 inquiunt
1836 2129 1850 2151 ,
1878 2084 1972 2140 sed
1995 2089 2097 2139 hoc
2117 2085 2288 2154 ipsum

702 2182 844 2242 unde
869 2185 1022 2239 nobis
1055 2193 1303 2239 constare
1333 2180 1563 2251 poterit;
1597 2194 1718 2233 eum
1747 2182 2210 2246 perseveraturum
2235 2185 2292 2228 et

702 2293 1010 2332 mansurum
1037 2316 1051 2341 ,
1083 2291 1181 2329 nec
1210 2275 1479 2344 lapsorum
1507 2271 1669 2327 esse?
1697 2267 1849 2323 multi
1881 2281 2109 2336 namque
2141 2263 2288 2319 deci-

709 2371 923 2426 derunt.
951 2370 1018 2423 At
1037 2367 1179 2422 unde
1203 2375 1451 2420 constare
1478 2371 1653 2434 potest
1680 2362 1822 2432 ipsos
1847 2375 1952 2413 non
1985 2370 2292 2426 persevera-

709 2473 859 2518 turos
886 2472 941 2518 et
970 2474 1252 2515 mansuros
1277 2457 1438 2514 eme?
1469 2454 1616 2512 Multi
1644 2467 1873 2523 namque
1903 2456 2288 2521 perseverant,

701 2566 757 2608 et
795 2553 1009 2623 quidem
1050 2551 1228 2620 plures
1272 2550 1336 2602 iis
1361 2589 1377 2612 ,
1411 2547 1501 2617 qui
1543 2543 1835 2601 decidunt:
1882 2543 1953 2597 ita
1997 2550 2056 2596 ut
2098 2540 2288 2594 horum

704 2656 865 2697 causa
897 2640 1064 2709 magis
1093 2637 1464 2694 conﬁdendum
1493 2638 1599 2699 sit,
1639 2650 1796 2705 quam
1843 2634 2054 2690 illorum
2098 2631 2292 2684 timen-

700 2734 850 2786 dum.
881 2730 989 2785 Cur
1015 2737 1189 2783 autem
1218 2744 1321 2781 nou
1351 2727 1578 2795 idipsum
1615 2726 1754 2780 circa
1798 2724 2071 2777 literarum
2115 2719 2289 2775 studia

705 2821 937 2884 metuis,
983 2822 1072 2875 tibi
1113 2819 1340 2873 maxime
1381 2815 1672 2871 timendum
1707 2815 1828 2869 est?
1867 2811 2106 2882 Namque
2151 2809 2293 2880 apud

708 2911 1001 2966 monachos
1039 2909 1254 2979 quidem
1308 2923 1372 2962 ex
1419 2906 1596 2960 multis
1644 2903 1796 2974 pauci
1842 2903 1973 2974 lapsi
2015 2912 2180 2967 sunt,
2236 2901 2290 2955 in

708 3006 908 3059 scholis
963 3011 1138 3056 autem
1187 2999 1481 3055 liberalium
1530 2999 1929 3066 disciplinarum
1984 3011 2052 3050 ex
2107 2994 2291 3049 multis

705 3096 862 3164 pauci
891 3095 1130 3162 peritiam
1153 3094 1529 3160 assequuntur.
1560 3083 1742 3158 Neque
1772 3088 1893 3141 inde
1921 3096 2122 3140 tantum
2152 3130 2170 3151 ,
2193 3086 2290 3140 sed

703 3187 859 3238 etiam
893 3183 1072 3237 amitis
1101 3180 1218 3236 aliis
1239 3181 1304 3234 de
1331 3181 1507 3236 causis
1532 3180 1584 3234 in
1612 3180 1712 3234 hac
1741 3188 1890 3248 parte
1912 3179 2078 3248 magis
2099 3178 2294 3232 timeno

704 3275 831 3330 dum
866 3283 969 3330 est.
1006 3272 1276 3342 Siquidem
1322 3281 1376 3326 et
1414 3272 1562 3341 pueri
1607 3270 1857 3324 obtusum
1896 3269 2166 3339 ingenium
2193 3308 2207 3330 ,
2238 3275 2295 3322 et

708 3366 1082 3434 magistrorum
1103 3362 1364 3431 imperitia
1384 3403 1400 3426 ,
1439 3370 1492 3415 et
1526 3360 1929 3430 paedagogorum
1950 3357 2292 3429 negligentia,

706 3465 764 3511 et
793 3456 958 3526 patris
986 3455 1207 3519 incuria,
1231 3470 1293 3507 ac
1314 3465 1618 3523 sumptuum
1642 3451 2006 3520 mercedisque
2027 3451 2292 3514 defectus.

708 3558 762 3602 et
784 3563 989 3601 morum
1011 3544 1387 3599 dissimilitudo
1404 3585 1419 3610 ,
1445 3554 1498 3598 et
1520 3543 2006 3611 condiscipulorum
2027 3541 2290 3611 nequitia,

706 3649 762 3693 ct
801 3640 935 3692 livor
974 3637 1308 3705 invidiaque,
1346 3637 1554 3705 aliaque
1594 3635 1818 3705 plurima
1858 3635 1926 3688 ab
1963 3633 2295 3705 asscqttendo

709 3730 816 3784 line
843 3727 1144 3783 deturbant.
1177 3728 1358 3797 Neque
1390 3726 1504 3780 haec
1542 3735 1743 3780 tantum
1769 3767 1784 3789 ,
1828 3724 1920 3779 sed
1961 3734 2084 3795 post
2122 3725 2294 3794 ipsum

707 3823 867 3876 etiam
896 3820 1186 3875 studiorum
1215 3819 1372 3873 finem
1416 3819 1518 3872 alia
1559 3828 1612 3872 et
1642 3819 1794 3888 plura
1828 3806 2038 3888 quidem
2069 3819 2296 3887 impedi-

707 3923 885 3966 menta
916 3920 1224 3965 occurrunt.
1268 3910 1553 3978 Postquam
1579 3894 2015 3977 enim'superatis
2045 3908 2296 3961 omnibus

711 4003 1032 4071 elapsusque
1060 3999 1297 4054 obicibus
1322 3998 1386 4052 ad
1411 4000 1582 4069 ipsum
1606 3997 1919 4052 eruditionis
1940 3998 2149 4062 culnyen
2177 4013 2296 4064 pcr-

710 4094 954 4158 venerit,
998 4093 1114 4146 alize
1152 4106 1362 4145 rursum
1402 4090 1606 4144 insidia:
1642 4101 1764 4143 sunt
1803 4090 2010 4160 positie.
2052 4090 2318 4159 Namque

711 4184 964 4254 principis
993 4182 1173 4236 odium
1192 4213 1216 4244 κ
1245 4181 1572 4235 consortium
1603 4179 1800 4233 invidia
1827 4223 1841 4244 ,
1871 4189 2168 4249 temporum
2196 4180 2298 4233 di!-

713 4277 920 4330 lieultas
943 4315 957 4338 ,
988 4273 1280 4326 amicorum
1308 4272 1483 4342 inopia
1508 4311 1522 4336 ,
1554 4280 1839 4341 paupertas
1863 4312 1878 4337 ,
1925 4274 1990 4324 ab
2038 4272 2156 4342 ipso
2192 4272 2297 4325 line

711 4357 1084 4435 sa~penumero
1111 4362 1421 4417 excludunt.
1460 4361 1617 4429 Atqui
1657 4361 1795 4431 apud
1839 4362 2130 4416 monachos
2167 4362 2296 4415 nihil

711 4453 1182 4515 similezseduna
1215 4460 1416 4506 tantum
1461 4467 1519 4505 re
1561 4466 1694 4521 opus
1731 4461 1852 4517 est,
1896 4453 2055 4506 ηυιήΙί
2096 4454 2295 4507 scilicet

714 4556 872 4616 atque
898 4545 1092 4600 eximia
1120 4542 1433 4606 alacritate;
1465 4557 1583 4611 qua:
1611 4542 1653 4596 si
1682 4541 1913 4596 adfuerit
1932 4582 1947 4603 ,
1971 4542 2102 4596 nihil
2133 4543 2300 4613 impe-

723 4638 802 4692 dit
830 4636 1117 4705 quominus
1147 4633 1211 4687 ad
1245 4635 1401 4686 tinent
1435 4633 1642 4685 virtutis
1671 4632 2024 4700 perveniatur.

790 4727 953 4791 Quam
990 4724 1323 4793 praetebiliur
1360 4723 1457 4775 vita
1500 4722 1860 4775 monachorum
1902 4725 2001 4776 vita
2041 4725 2295 4781 swculari.

715 4849 782 4861 --
807 4816 1086 4885 Quomodo
1117 4816 1276 4884 igitur
1313 4831 1417 4867 non
1454 4815 1686 4882 iniquum
1728 4812 1886 4869 fuerit
1909 4856 1922 4875 ,
1966 4815 2053 4870 tibi
2099 4818 2298 4882 Optima

715 4925 839 4982 spes
863 4919 943 4964 est
963 4908 1244 4962 manifesta
1270 4917 1321 4961 et
1339 4910 1576 4975 proxima
1604 4949 1618 4972 ,
1643 4906 1929 4976 desperate.
1950 4923 2012 4961 ac
2038 4919 2296 4972 tremere;

717 5001 804 5055 ubi
840 5015 967 5054 vero
1006 4999 1103 5051 alia
1154 5014 1279 5066 spes
1317 4998 1581 5052 contraria
1608 5037 1622 5062 ,
1668 4998 2041 5051 remotissima
2071 5009 2190 5062 est,
2238 5015 2302 5054 ac

714 5090 895 5145 munitis
924 5088 1168 5143 obicibus
1195 5087 1527 5156 intercipitur
1549 5126 1564 5150 ,
1596 5103 1698 5139 non
1731 5087 2016 5157 desperare
2040 5130 2054 5154 ,
2085 5090 2191 5143 imo
2223 5093 2299 5145 rei

715 5181 870 5249 longe
915 5177 1240 5232 difﬁcillima:
1288 5176 1570 5232 maximam
1615 5176 1716 5230 εἰΙυί
1764 5194 1911 5246 spem
1951 5194 2296 5249 proponere:

713 5282 873 5342 atque
911 5272 961 5326 iu
1003 5271 1271 5325 literarum
1293 5269 1500 5333 studiis,
1519 5285 1623 5322 neu
1649 5269 1812 5324 tristia
1835 5287 1951 5339 {like
1971 5270 2300 5342 frequentius

715 5365 963 5418 accidunt
987 5404 1000 5426 ,
1033 5363 1125 5417 sed
1148 5364 1282 5416 bona
1303 5378 1422 5432 qum
1445 5377 1564 5416 raro
1587 5364 1896 5431 contingunt
1922 5365 2296 5429 considerare;

717 5469 859 5509 circa
888 5465 1082 5508 statum
1113 5467 1243 5507 vero
1287 5440 1664 5506 monachorum
1708 5452 2037 5507 contrarium
2082 5454 2254 5508 facere
2280 5496 2295 5520 ,

714 5556 770 5597 et
795 5544 881 5597 ubi
913 5558 1032 5612 spes
1064 5545 1320 5598 bonorqu
1350 5541 1530 5596 multa:
1556 5551 1680 5595 situt
1703 5583 1718 5606 ,
1747 5542 1811 5595 ad
1841 5541 2006 5596 tristia
2032 5545 2300 5612 respicere

717 5647 920 5692 tantum
947 5653 961 5697 ;
992 5635 1078 5691 ubi
1107 5651 1232 5690 vero
1256 5635 1321 5688 de
1350 5634 1616 5689 contraria
1640 5648 1734 5702 spe
1760 5634 1932 5705 agitur
1956 5673 1972 5698 ,
2020 5649 2138 5703 qua:
2159 5635 2297 5689 bona

629 5806 649 5822 τ
717 5739 838 5784 sunt
867 5737 1069 5783 tantum
1099 5727 1439 5782 considerare
1461 5724 1483 5777 ἵ
1502 5722 1831 5795 Quamquam
1857 5724 1963 5780 illic
1991 5725 2296 5796 frequenter

1436 347 1494 403 5.
1536 342 1811 402 JOANNIS
1846 335 2317 399 CllRYSOSTOMl
2358 335 2674 392 ARClllEP.
2716 333 3255 393 CONSTANTINOP.

3883 328 3995 384 87-2

2397 449 2694 520 contingit,
2729 460 2787 504 ut
2813 464 2932 504 cum
2963 450 3142 504 omnia
3172 462 3290 518 qua:
3315 461 3638 502 concurrere
3667 443 3865 500 debent
3892 461 3993 515 pro

2396 550 2522 595 voto
2546 539 2867 608 contigerint
2890 581 2906 604 ,
2939 547 3259 609 praematura
3288 551 3432 591 mors
3456 536 3710 590 athletam
3755 545 3873 602 post
3915 537 3990 587 in.

2396 631 2574 685 liuitos
2602 631 2827 686 sudores
2853 630 3090 684 nondum
3121 638 3432 685 coronatura
3459 626 3718 695 abripiat;
3754 627 3837 681 hic
3861 643 3992 679 vero

2393 721 2604 776 etiamsi
2645 721 2699 776 in
2745 721 2937 775 mediis
2978 720 3360 775 certaminibus
3401 719 3528 773 illud
3572 716 3775 772 accidat
3801 761 3815 778 ,
3861 728 3992 772 tunc

2394 813 2631 868 maxime
2659 811 2972 882 splendidus
2999 819 3056 868 et
3077 819 3366 867 coronatus
3386 810 3771 879 proficiscatur.
3804 810 3994 878 Itaque

2393 904 2440 958 si
2482 903 2716 957 futurum
2761 903 2995 968 metuis,
3036 901 3178 957 circa
3224 901 3497 956 literarum
3540 901 3711 954 studia
3755 902 3990 954 maxime

2394 993 2688 1048 timendum
2717 1001 2801 1048 est
2828 1033 2842 1057 ,
2871 992 2960 1046 ubi
2990 1007 3061 1047 ne
3088 991 3153 1046 ad
3181 993 3467 1046 tenuiorum
3497 992 3829 1060 perveniatur
3859 993 3947 1058 plu
3966 1022 3984 1033 ο

2397 1085 2530 1138 rima
2555 1092 2679 1137 sunt
2706 1082 3107 1153 impedimento.
3137 1082 3217 1136 Tu
3238 1097 3366 1136 vero
3397 1082 3501 1136 illic
3523 1082 3733 1151 quidem
3759 1083 3988 1146 resides,

2394 1177 2782 1246 diuturnasque
2811 1191 2990 1230 moras
3015 1175 3250 1230 sustines
3273 1217 3288 1241 ,
3319 1190 3423 1228 non
3451 1189 3513 1228 ea
3558 1160 3673 1242 qua:
3716 1176 3765 1229 in
3810 1176 3992 1228 medio

2397 1269 2566 1337 posita
2614 1278 2770 1334 sunt,
2815 1279 3058 1337 sumptus
3099 1282 3311 1336 nempe,
3367 1281 3670 1327 a'rumnas,
3725 1266 3989 1320 inCertum

2393 1370 2643 1414 eventum
2670 1399 2686 1424 ,
2715 1358 2811 1414 sed
2860 1357 3016 1412 linem
3061 1365 3267 1411 tantum
3315 1357 3646 1426 respiciens:
3693 1356 3776 1408 hic
3810 1365 3989 1407 autem

2393 1466 2514 1506 cum
2547 1451 2778 1506 nondum
2801 1449 2867 1504 ad
2892 1449 3212 1505 vestibulum
3235 1464 3368 1521 puer
3388 1449 3658 1517 ingressus
3687 1449 3782 1504 sit.
3815 1462 3992 1517 neque

2395 1539 2533 1594 hanc
2577 1539 2984 1608 pulcherrimam
3054 1539 3443 1609 philosophiam
3487 1537 3751 1606 attigerit,
3806 1548 3988 1592 statim

2396 1632 2550 1686 times
2576 1639 2630 1687 et
2657 1631 2892 1702 trepidas
2917 1673 2930 1696 ,
2957 1631 3064 1698 jam
3089 1630 3401 1698 desperatas
3422 1629 3769 1698 cogitationes
3791 1630 3989 1682 admit-

2396 1722 2505 1776 tis?
2531 1723 2690 1792 Atqui
2725 1721 2839 1792 ipse
2863 1723 3020 1792 paulo
3041 1733 3167 1777 ante
3186 1722 3404 1776 dicebas
3432 1741 3441 1774 :
3468 1721 3602 1788 Quid
3625 1722 3763 1774 enim
3786 1721 3808 1774 τ
3830 1723 3943 1772 ἰςηρ
3967 1761 3990 1787 ,

2393 1816 2485 1884 qui
2515 1815 2698 1868 urbem
2729 1814 2912 1869 incolit
2937 1824 2990 1869 et
3019 1814 3236 1868 domum
3264 1855 3277 1877 ,
3310 1814 3534 1867 salutem
3585 1813 3835 1882 consequi
3880 1829 3990 1886 non

2394 1905 2614 1975 potest?
2646 1906 2783 1974 Ergo
2819 1905 2862 1958 si
2901 1921 3021 1960 cum
3053 1904 3183 1958 urbe
3211 1947 3224 1967 ,
3274 1905 3437 1958 domn
3468 1914 3519 1958 et
3561 1920 3726 1957 uxore
3762 1905 3990 1957 salutem

2395 1996 2655 2064 consequi
2683 2006 2835 2063 potes
2861 2036 2875 2057 ,
2908 1997 3074 2049 multo
3107 1996 3274 2063 magis
3302 1997 3417 2049 sine
3450 2011 3614 2048 uxore.
3641 2005 3693 2047 et
3733 1996 3851 2046 aliis
3890 2004 3991 2044 nu-

2390 2088 2647 2158 jusmodi.
2677 2088 2860 2158 Neque
2887 2089 3027 2142 enim
3059 2099 3139 2142 est
3165 2087 3403 2156 ejusdem
3436 2087 3669 2140 hominis
3701 2103 3838 2139 nunc
3865 2088 3991 2154 qui-

2395 2179 2518 2233 dem
2545 2178 2819 2234 confidere
2844 2220 2857 2240 ,
2891 2179 3098 2232 etiamsi
3128 2178 3477 2232 sa‘eularihtts
3509 2179 3733 2247 negotiis
3761 2179 3992 2246 illigatus

2398 2273 2594 2337 fuerit,
2622 2288 2684 2326 ac
2706 2273 2748 2326 si
2782 2272 2884 2326 hoc
2909 2287 3119 2342 quoque
3163 2271 3324 2324 modo
3363 2271 3507 2326 salus
3535 2271 3732 2340 acquiri
3776 2272 3945 2340 possit
3970 2289 3988 2325 :

2397 2382 2539 2421 nunc
2567 2382 2695 2421 vero
2724 2408 2739 2431 ,
2781 2366 2879 2420 etsi
2911 2367 2978 2420 ab
3001 2365 3249 2418 omnibus
3281 2365 3415 2419 liber
3440 2365 3672 2418 evaserit
3699 2406 3714 2428 ,
3759 2374 3994 2420 tremere

2395 2473 2459 2512 ac
2483 2467 2723 2512 metuere
2748 2497 2764 2522 ,
2795 2457 2945 2526 quasi
2973 2456 3092 2510 sine
3118 2457 3220 2509 illis
3249 2456 3415 2524 probe
3444 2456 3626 2511 vivere
3663 2471 3766 2508 non
3797 2457 3990 2524 possit.

2393 2550 2526 2605 Nam
2555 2549 2599 2604 si
2631 2551 2695 2612 is,
2723 2551 2812 2619 qui
2846 2549 3032 2603 urbem
3066 2549 3268 2611 incolit,
3304 2556 3485 2615 posset
3531 2548 3755 2600 salutem
3801 2549 3984 2600 nam-i-

2395 2639 2472 2694 sci
2498 2682 2514 2705 ,
2543 2648 2598 2692 ut
2634 2639 2769 2692 dicis
2796 2680 2810 2705 ,
2856 2638 3025 2692 multo
3064 2637 3231 2706 magis
3260 2637 3351 2706 qui
3397 2637 3448 2691 in
3494 2636 3782 2689 solitudine
3822 2638 3988 2704 degit.

2394 2731 2532 2799 Quid
2556 2731 2714 2801 igitur
2737 2730 2823 2785 hic
2848 2744 2951 2782 non
2977 2744 3132 2799 posse
3157 2731 3314 2783 times
3334 2769 3352 2795 ,
3377 2742 3498 2782 cum
3519 2727 3628 2781 illic
3651 2743 3753 2781 non
3777 2730 3985 2787 timeas,

2397 2823 2486 2876 ubi
2520 2823 2696 2892 potius
2728 2822 3021 2875 timendum
3053 2820 3246 2874 esset?

2470 2916 2557 2970 Η.
2589 2914 2852 2978 Prascepm
2873 2914 3047 2966 cadent
3076 2912 3336 2965 monachis
3356 2920 3402 2963 et
3431 2911 3776 2963 amarioribus.
3807 2940 3876 2949 --
3901 2915 3992 2975 At,

2397 3005 2624 3076 inquies,
2655 3019 2760 3057 non
2793 3019 2887 3072 par
2931 3003 3135 3057 crimen
3184 3011 3264 3054 est
3317 3003 3629 3054 s:ecularem
3665 3015 3904 3068 peccare.
3935 3012 3986 3052 et

2395 3114 2518 3153 eum
2539 3097 2626 3166 qui
2660 3095 2823 3151 semel
2853 3110 2912 3148 se
2930 3095 3040 3148 Deo
3063 3092 3487 3147 consecraverit:
3512 3107 3683 3159 neque
3707 3093 3846 3145 enim
3875 3107 3992 3142 am-

2398 3189 2466 3243 ho
2493 3189 2559 3241 ab
2585 3186 2772 3242 eadem
2804 3184 3084 3238 altitudine
3110 3184 3307 3238 cadunt
3335 3199 3348 3246 ;
3375 3198 3539 3252 quare
3557 3185 3740 3235 eorum
3772 3184 3989 3235 vulnera

2399 3295 2503 3332 non
2532 3278 2754 3344 aequalia
2786 3284 2931 3330 sunt.
2965 3275 3214 3344 Teipsum
3246 3288 3462 3342 prorsus
3493 3271 3650 3333 fallis,
3678 3273 3720 3324 si
3751 3273 3852 3324 alia
3887 3289 3987 3339 pu-

2401 3379 2480 3422 tas
2502 3374 2535 3422 ἰ
2558 3367 2822 3428 smculari,
2856 3366 2956 3420 alia
2988 3380 3017 3420 a
3042 3364 3304 3418 monacho
3319 3363 3477 3432 exigi.
3516 3363 3807 3417 Discrimen
3837 3364 3988 3431 quip-

2401 3475 2467 3528 pe
2497 3460 2634 3512 inter
2656 3459 2776 3512 illos
2804 3457 2904 3510 hoc
2928 3465 3030 3519 est,
3055 3456 3195 3524 quod
3223 3455 3357 3509 alius
3402 3455 3559 3509 ducat
3585 3470 3829 3516 uxorem.
3857 3456 3991 3509 alius

2399 3567 2505 3605 non
2534 3553 2715 3611 ducat.
2749 3544 2845 3618 pro
2874 3550 2991 3603 aliis
3022 3565 3150 3603 vero
3190 3548 3441 3602 omnibus
3469 3563 3806 3602 communem
3834 3551 3992 3616 ambo

2400 3642 2662 3695 rationem
2687 3640 2947 3694 reddituri
2970 3648 3114 3694 sunt.
3160 3639 3292 3694 Nam
3315 3640 3406 3708 qui
3452 3639 3698 3692 irascitur
3720 3637 3868 3691 fratri
3895 3654 3992 3691 suo

2400 3733 2517 3787 sine
2545 3747 2728 3795 causa,
2762 3732 2874 3785 sive
2927 3730 3198 3784 srecularis
3247 3729 3361 3783 sive
3391 3730 3684 3782 monachus
3705 3731 3794 3792 sit,
3825 3729 3990 3782 Deum

2401 3823 2647 3876 similiter
2689 3819 2910 3874 offendit
2941 3839 2955 3874 :
2984 3828 3039 3874 et
3067 3820 3159 3889 qui
3207 3819 3424 3889 respicit
3466 3820 3743 3873 mulierem
3772 3821 3836 3872 ad
3865 3835 3994 3873 con-

2398 3910 2950 3981 cupiscendum'eam,
2983 3909 3236 3964 utrolibet
3265 3911 3315 3962 in
3345 3917 3480 3962 statu
3505 3910 3595 3973 sit,
3625 3909 3811 3962 eadem
3843 3909 3997 3962 adul—

2402 4005 2516 4056 terii
2544 4004 2799 4072 plectetur
2827 4017 3012 4072 pmua;
3056 4003 3164 4053 imo
3187 4015 3312 4054 vero
3349 4000 3394 4052 si
3444 4000 3568 4069 quid
3621 4001 3995 4054 ratiocinando

2378 4092 2599 4148 'addere
2625 4095 2700 4148 fas
2729 4095 2818 4158 sit,
2849 4093 3122 4147 s:ecularis
3154 4094 3255 4146 hoc
3298 4108 3461 4162 agens
3489 4092 3667 4146 minus
3720 4093 3871 4146 venia
3910 4094 3998 4144 di-

2401 4202 2538 4256 guns
2557 4194 2656 4239 est.
2683 4185 2796 4238 Non
2827 4185 2970 4239 enim
3001 4200 3094 4252 par
3115 4183 3319 4237 facinus
3351 4190 3432 4236 est
3461 4198 3608 4247 eum,
3639 4183 3728 4250 qui
3769 4197 4000 4236 uxorem

2404 4278 2581 4341 habet,
2612 4287 2666 4330 et
2710 4276 2808 4329 hac
2837 4276 3202 4330 consolatione
3253 4275 3467 4339 fruitur,
3498 4275 3735 4328 mulieris
3760 4273 4000 4342 pulchri-

2403 4368 2586 4421 tudine
2607 4367 2816 4421 abduci.
2842 4367 2923 4421 vel
2944 4382 3067 4422 eum
3094 4366 3184 4434 qui
3205 4367 3307 4420 hoc
3332 4381 3546 4433 prorsus
3569 4365 3874 4419 destituitur
3901 4382 4004 4417 au—

2403 4458 2552 4523 xilio,
2574 4458 2642 4510 ah
2664 4458 2755 4511 illo
2780 4457 2916 4511 vinci
2937 4457 3095 4511 malo.
3131 4457 3334 4511 Rursus
3361 4459 3450 4526 qui
3476 4458 3642 4525 jurat,
3661 4459 3712 4510 in
3741 4472 4000 4526 quocum-

2404 4566 2508 4620 quc
2547 4559 2683 4604 statu
2707 4559 2966 4612 versetur,
2997 4551 3108 4619 pari
3133 4549 3290 4603 modo
3311 4549 3612 4603 damnatur.
3646 4548 3829 4618 Neque
3851 4550 3998 4603 enim

2403 4642 2648 4696 Christus
2679 4657 2797 4696 Cum
2825 4643 2921 4695 hac
2960 4643 3027 4695 de
3072 4658 3129 4695 re
3159 4650 3416 4696 statueret
3444 4643 3721 4711 legemque
3748 4654 3997 4711 poneret,

2406 4733 2541 4786 hanc
2562 4732 2961 4785 distinctionem
2993 4730 3138 4796 fecit,
3179 4748 3350 4801 neque
3381 4732 3532 4796 dixit,
3571 4733 3627 4787 Si
3659 4733 3703 4787 is
3728 4735 3816 4802 qui
3853 4733 4000 4802 jumt

2406 4823 2698 4877 uiouachus
2718 4823 2805 4887 sit,
2830 4838 2892 4876 ex
2915 4824 3144 4892 maligno
3164 4824 3627 4892 estjusjurandum
3653 4840 3669 4888 ;
3701 4827 3743 4877 si
3768 4841 3872 4877 non
3891 4842 3999 4877 ιηο-

2407 4915 2628 4979 nachus,
2680 4930 2785 4967 non
2826 4915 2950 4967 item
2985 4933 2997 4968 :
3028 4914 3120 4968 sed
3152 4915 3469 4982 simpliciter
3515 4916 3790 4981 semelque
3819 4919 3994 4968 omni-

2408 5005 2504 5056 bus
2524 5004 2654 5056 dixit
2680 5021 2693 5056 :
2720 5003 2828 5073 Ego
2849 5015 3019 5055 altlt’lll
3066 5005 3177 5055 dico
3221 5003 3376 5066 vobis,
3433 5020 3531 5056 non
3562 5003 3745 5072 jurare
3791 5008 3999 5066 cumino

2407 5092 2639 5162 (ΜηιιΙι.
2665 5093 2717 5146 5.
2751 5093 2820 5146 54
2848 5091 2890 5160 ).
2928 5092 3232 5161 iterumque
3278 5108 3398 5146 cum
3451 5095 3543 5158 ait,
3586 5092 3676 5147 Va:
3719 5095 3998 5148 ridentibus

2407 5181 2551 5254 (Luc.
2588 5185 2638 5237 6.
2665 5184 2736 5237 95
2768 5182 2810 5252 ),
2841 5200 2944 5235 non
2977 5183 3199 5249 addidit,
3232 5183 3528 5249 monachis,
3549 5183 3641 5238 sed
3683 5185 3995 5254 simpliciter

2407 5274 2483 5326 sic
2508 5273 2755 5325 omnibus
2782 5272 2951 5339 legem
2983 5272 3116 5326 tulit.
3145 5271 3339 5342 Sicque
3387 5273 3510 5327 fecit
3556 5275 3718 5327 etiam
3768 5275 3820 5327 in
3879 5277 3998 5329 aliis

2405 5364 2650 5419 omnibus
2667 5365 2872 5432 magnis
2893 5363 3330 5433 mirabilibusque
3354 5367 3655 5434 prmceptis.
3684 5364 3817 5419 Cum
3846 5368 3991 5421 eiiim

2408 5461 2479 5509 ait
2507 5458 2524 5526 (
2557 5455 2739 5508 Manli.
2770 5456 2822 5511 5.
2847 5456 2981 5510 5-ιῖ
3007 5458 3047 5526 ),
3095 5455 3240 5509 Beati
3273 5471 3534 5528 pauperes
3577 5460 3789 5526 spiritu,
3821 5460 3985 5525 lugeo

2411 5558 2516 5612 tes,
2548 5548 2721 5604 mites.
2755 5547 3055 5600 esurientes
3081 5554 3134 5600 et
3183 5547 3423 5601 sitientes
3470 5547 3751 5615 justitiam,
3784 5550 3994 5604 miseri-

2408 5636 2620 5699 Cordcs,
2653 5635 2836 5689 mundi
2868 5634 3050 5695 corde.
3099 5636 3324 5704 paciﬁci,
3381 5638 3468 5707 qui
3527 5641 3993 5707 persequutionem

2412 5727 2684 5796 patiuntur
2713 5733 2930 5795 propter
2970 5724 3250 5794 justitiam.
3279 5735 3328 5781 et
3354 5728 3442 5796 qui
3495 5728 3650 5782 fanda
3679 5739 3734 5783 et
3782 5727 3995 5786 infanda
