4266 6314
361 346 468 400 573

361 473 459 527 pro
487 456 604 526 ipso
629 454 697 510 ab
721 452 806 518 iis,
835 452 922 523 qui
951 449 1080 506 foris
1109 457 1254 513 sunt,
1285 448 1538 501 audiunt:
1569 460 1745 516 neque
1763 461 1931 501 saecu-

361 547 504 611 laris,
535 559 706 612 neque
735 542 980 598 tuonachi
1003 555 1194 595 nomen
1217 539 1468 608 apponit;
1499 537 1591 592 sed
1620 537 1936 592 hatcdistin-

357 636 464 690 ctio
490 634 558 690 ab
585 634 856 688 hominum
885 642 1063 687 mente
1091 630 1304 685 inducta
1335 636 1435 684 est.
1473 628 1760 697 Scripturte
1804 641 1936 683 vero

355 725 492 780 nihil
521 732 715 778 norunt
744 723 1066 793 hujusmodi,
1093 721 1185 777 sed
1213 720 1601 775 voluntomnes
1626 720 1786 774 vitam
1815 722 1936 774 moi

357 815 652 869 nachorum
668 829 845 884 agere,
874 814 1035 868 etiam
1065 813 1109 867 si
1137 811 1330 866 uxores
1351 810 1600 865 habeant.
1626 809 1766 864 Audi
1791 810 1934 866 enim

355 903 484 974 quid
513 903 656 959 dicat
669 925 678 928 ν·
698 903 924 968 Paulus;
953 917 1074 957 eum
1132 901 1353 972 Paulum
1402 899 1637 969 profero,
1667 899 1935 955 Christum

353 994 478 1050 dico
498 1010 704 1050 rursus.
734 992 831 1051 Hic
848 995 1004 1065 igitur
1020 1009 1140 1049 cum
1167 993 1463 1065 conjugatis
1488 992 1792 1048 hominibus
1812 992 1937 1048 scri-

354 1089 529 1155 beret,
564 1089 804 1158 filiosque
851 1086 1225 1153 nutrientibus,
1268 1101 1481 1141 omnem
1506 1084 1594 1139 'ab
1621 1085 1726 1140 illis
1752 1098 1937 1140 mona-

355 1184 542 1237 sticam
570 1181 894 1251 diligentiam
918 1181 1115 1250 exigit;
1146 1194 1266 1254 nam
1286 1178 1502 1234 delicias
1521 1192 1707 1232 omnes
1729 1177 1934 1248 penitus

355 1289 625 1339 resecans,
661 1283 767 1328 tum
797 1288 888 1329 eas
912 1287 1030 1348 quat
1054 1271 1120 1327 ad
1152 1280 1344 1336 vestes,
1376 1280 1483 1326 tum
1511 1283 1602 1326 eas
1627 1286 1744 1341 quae
1762 1270 1828 1325 ad
1857 1271 1936 1325 ci-

355 1366 455 1420 bos
480 1367 767 1436 pertinent,
803 1365 919 1419 lucc
933 1365 1016 1418 ait
1045 1363 1330 1444 :‘Hutiere‘s
1349 1363 1401 1418 in
1423 1361 1598 1415 habitu
1625 1370 1802 1448 ornato
1823 1377 1936 1415 cum

270 1469 284 1480 ‘
315 1465 323 1472 '
350 1449 652 1510 νεὶ-εσυηάῑῇ
671 1467 724 1510 et
743 1456 1009 1510 sobrietate
1022 1457 1262 1510 eruentes
1278 1458 1370 1521 ξε,
1395 1454 1640 1509 et’nort'in
1669 1454 1808 1507 tortis
1832 1453 1936 1506 cri-

355 1545 522 1610 nibus,
542 1556 783 1611 autauro,
807 1554 892 1598 aut
913 1545 1217 1615 margaritis,
1240 1543 1316 1597 vel
1337 1555 1465 1597 veste
1485 1541 1933 1613 pretibsa(l.Tim.

350 1638 408 1691 2.
446 1640 480 1692 9
505 1637 524 1708 )
556 1653 572 1702 ;
601 1652 662 1691 ac
684 1649 923 1702 rursum;
950 1637 1076 1702 Qua:
1127 1645 1306 1689 autem
1341 1636 1393 1689 in
1437 1635 1632 1688 deliciis
1653 1644 1745 1700 est,
1771 1630 1938 1688 vivens

356 1730 555 1780 mortua
575 1737 647 1781 est
671 1727 744 1797 (ί.
769 1726 902 1782 Tim.
936 1727 987 1783 5.
1011 1727 1065 1798 6)
1095 1744 1108 1791 ;
1140 1727 1457 1796 iterumque,
1491 1725 1744 1779 Habentes
1772 1733 1937 1779 autent

354 1823 613 1885 alimenta,
641 1830 684 1873 et
714 1818 892 1890 quibus
913 1829 1154 1889 tegantur,
1182 1819 1260 1872 his
1289 1819 1506 1872 contenti
1525 1819 1682 1872 simus
1705 1818 1780 1888 (ιι.
1799 1816 1932 1872 Tim.

337 1913 408 1980 ,6.
432 1912 508 1984 8).
536 1911 671 1980 Quid
692 1912 918 1982 amplius
940 1919 1118 1982 posset
1133 1911 1323 1980 aliquis
1344 1924 1370 1963 a
1396 1910 1672 1964 monachis
1689 1910 1937 1980 exigere?

354 2005 487 2061 Cum
510 2013 686 2059 autem
705 2005 837 2058 alios
863 1997 930 2056 ad
953 2002 1180 2072 linguam
1207 2000 1582 2056 continendam
1613 2001 1934 2067 institueret,

351 2105 634 2151 accuratas
659 2109 870 2150 rursum
901 2093 1046 2163 leges
1077 2093 1272 2147 statuit.
1299 2109 1312 2156 ;
1347 2091 1605 2161 talesque,
1664 2092 1847 2161 quales
1871 2106 1939 2147 ne

353 2190 455 2259 ipsi
487 2187 698 2258 quidem
729 2185 973 2240 monachi
998 2185 1148 2239 facile
1170 2184 1443 2254 impleant.
1464 2183 1578 2238 Non
1598 2184 1737 2238 enim
1763 2184 1938 2251 turpi-

354 2280 614 2339 tudinem,
641 2286 694 2331 et
721 2275 1107 2344 stultiloquium
1133 2283 1356 2339 tantum,
1385 2274 1476 2328 sed
1507 2275 1666 2328 etiam
1691 2273 1937 2328 scurrili-

351 2379 519 2424 tatem
544 2368 784 2422 eliminat
816 2383 830 2420 :
859 2380 964 2419 non
988 2364 1241 2428 furorem,
1286 2365 1417 2418 iram
1457 2374 1508 2418 et
1530 2363 1936 2418 amaritudinem

355 2460 546 2523 soluat,
585 2457 680 2521 sed
731 2457 890 2511 etiam
919 2455 1207 2510 clamorem
1236 2455 1302 2509 ab
1327 2470 1419 2509 ore
1446 2455 1678 2510 ﬁdelium
1712 2463 1935 2510 resecat.

355 2551 557 2616 Omnis,
588 2549 776 2619 inquit,
809 2549 886 2600 ira
925 2557 969 2600 et
996 2547 1296 2616 indignatio,
1340 2556 1384 2599 et
1415 2546 1606 2599 clamor
1633 2556 1676 2598 et
1703 2545 1938 2614 blasphe-

357 2643 457 2694 mia
487 2640 696 2694 tollatur
724 2658 753 2691 ιι
779 2638 930 2703 vobis,
967 2638 1238 2697 cumpmni
1271 2636 1465 2690 malitia
1493 2635 1708 2708 (Ep/tes.
1740 2639 1791 2691 4.
1819 2638 1934 2707 51).

353 2731 491 2786 Num
515 2732 628 2785 tunc
656 2731 746 2784 tibi
777 2745 936 2799 parva
960 2727 1612 2796 vi'dentur‘iAtexspecta,
1644 2739 1697 2783 et
1719 2727 1800 2782 his
1823 2729 1940 2782 lon-

352 2840 417 2893 ge
442 2824 638 2892 majora
658 2822 864 2887 audies,
882 2838 997 2891 quae
1018 2821 1087 2876 de
1113 2822 1372 2876 malorum
1399 2819 1674 2874 tolerantia
1693 2820 1939 2875 omnibus

350 2914 612 2983 praecipit.
647 2912 762 2978 Sol,
812 2913 1000 2981 inquit,
1051 2928 1149 2965 non
1199 2913 1395 2964 occidat
1437 2925 1590 2980 super
1623 2911 1939 2980 iracundiam

348 3016 564 3057 restrain
595 3003 614 3075 (
645 3003 910 3073 EphesJ.
959 3002 1086 3074 26).
1128 3001 1299 3055 Videte
1345 3019 1408 3056 ne
1451 3003 1560 3068 quis
1604 3001 1792 3054 malum
1847 3018 1939 3070 pro

352 3095 486 3148 malo
515 3096 749 3164 cuiquam
773 3093 950 3146 reddat
977 3107 997 3156 ;
1026 3093 1112 3146 sed
1133 3108 1327 3158 semper
1351 3093 1484 3160 quod
1510 3092 1695 3144 bonum
1740 3101 1812 3146 est
1855 3109 1940 3147 se-

347 3187 558 3238 ctamini
581 3188 631 3236 in
652 3185 878 3253 inuicem,
906 3195 950 3236 et
973 3187 1023 3236 in
1045 3200 1214 3237 omnes
1240 3185 1286 3252 (-l
1302 3183 1496 3236 .Thess.
1515 3183 1664 3252 5.15)
1691 3200 1710 3237 τ
1730 3199 1792 3238 ac
1822 3200 1940 3237 rur-

351 3274 640 3341 surn,-Noli
661 3276 789 3328 vinei
815 3292 845 3327 a
867 3274 1020 3339 malo,
1047 3273 1132 3326 sed
1151 3274 1292 3326 vince
1311 3273 1362 3326 in
1390 3274 1517 3326 bona
1545 3272 1734 3325 malum
1761 3271 1935 3344 (Rom.

353 3372 441 3426 1'2.
472 3370 536 3424 ει
565 3371 607 3441 ).
641 3369 902 3423 Vidistine
920 3367 1271 3437 pltilOSOpbiu:
1300 3377 1355 3421 et
1383 3366 1799 3437 longanimitatis
1828 3383 1940 3422 ma-

342 3463 678 3533 gnitudittem
698 3461 762 3515 ad
782 3475 1090 3528 supremum
1114 3460 1326 3513 culmen
1351 3458 1773 3514 ascendentem?
1800 3460 1938 3514 Audi

344 3554 477 3622 quid
505 3553 573 3607 de
602 3554 842 3617 caritate,
863 3568 980 3620 quae
999 3561 1089 3606 est
1117 3558 1277 3619 caput
1303 3551 1586 3617 bonorum,
1616 3552 1890 3620 praecipiat
1919 3569 1934 3605 :

352 3654 630 3713 postquam
683 3643 826 3696 enim
881 3658 998 3696 eam
1049 3643 1355 3708 extulisset,
1409 3641 1632 3712 ejusque
1683 3644 1938 3712 pneclara

340 3744 498 3804 gesta
525 3741 814 3797 narrasset,
834 3731 1077 3787 eamdem
1099 3748 1161 3787 se
1182 3747 1210 3786 a
1233 3732 1575 3794 sutcularibus
1593 3735 1807 3804 exigere
1833 3734 1933 3790 de-

345 3830 540 3893 clarat,
573 3842 734 3896 quam
773 3825 1018 3880 Christus
1042 3841 1074 3880 a
1131 3825 1428 3896 discipulis.
1474 3826 1934 3893 Quemadmodum

346 3925 492 3976 enim
512 3921 756 3976 Christus
777 3931 1072 3975 extremum
1093 3922 1328 3976 caritatis
1357 3923 1639 3977 terminum
1663 3938 1781 3977 esse
1805 3921 1938 3976 dixit

347 4014 582 4066 animant
613 4028 762 4067 suam
815 4027 1012 4081 ponere
1045 4027 1142 4082 pro
1171 4013 1356 4068 amicis
1384 4014 1513 4078 suis,
1560 4015 1637 4068 sic
1663 4022 1717 4068 et
1742 4014 1936 4069 Paulus

349 4103 578 4172 idipsum
605 4102 904 4156 subindicat
924 4102 1007 4156 bis
1038 4103 1216 4157 verbis
1241 4120 1253 4155 :
1277 4103 1477 4158 Caritas
1500 4119 1599 4156 non
1621 4105 1799 4173 quaerit
1820 4121 1935 4175 qua:

350 4211 442 4247 sua
461 4205 578 4246 sunt
603 4193 621 4264 (
647 4195 696 4247 l.
723 4191 840 4247 Cor.
864 4195 950 4249 l5.
979 4192 1068 4264 5),
1125 4204 1283 4264 atque
1329 4195 1631 4264 hujusmodi
1657 4196 1932 4250 caritatem

343 4284 541 4339 sectari
567 4285 582 4314 ¹
611 4283 780 4353 jubet.
811 4285 884 4338 lta
915 4286 1041 4339 utsi
1069 4285 1121 4339 id
1162 4287 1334 4340 solum
1374 4287 1574 4343 dictum
1611 4297 1784 4354 esset,
1817 4288 1934 4344 ido-

345 4392 508 4430 neum
542 4375 592 4429 id
619 4384 760 4430 esset
807 4387 1202 4446 argumentum,
1255 4380 1440 4436 eadem
1472 4382 1628 4450 ipsaa
1657 4383 1930 4438 saeculari-

346 4468 470 4534 bus,
499 4483 663 4536 quaea
692 4469 986 4537 monachis,
1016 4472 1213 4541 requiri
1243 4473 1391 4526 :hzec
1434 4474 1628 4544 quippe
1649 4485 1731 4530 est
1752 4476 1933 4530 vincu-

345 4559 456 4612 lum
488 4569 538 4612 et
572 4559 721 4613 radix
773 4562 951 4615 multze
983 4563 1229 4628 virtutis;
1273 4579 1413 4618 nunc
1443 4575 1622 4620 autem
1653 4568 1796 4622 illam
1826 4568 1931 4623 mi-

347 4651 573 4704 nutatim
617 4659 672 4703 et
700 4667 795 4720 per
839 4661 1018 4720 partes
1050 4653 1234 4709 refert.
1268 4655 1403 4720 Quid
1436 4658 1594 4726 igitur
1622 4657 1720 4713 hac
1751 4659 1929 4728 philo-

343 4739 532 4809 sophia
560 4740 731 4809 majus
756 4743 1098 4812 requiratur?
1124 4745 1256 4800 Cum
1285 4747 1425 4803 enim
1455 4750 1552 4814 ira,
1584 4753 1784 4816 furore,
1817 4753 1929 4807 cla-

346 4847 517 4898 more,
547 4834 892 4902 pecuniarum
939 4838 1248 4908 cupiditate,
1282 4843 1485 4897 ventris
1534 4843 1788 4913 ingluvie,
1814 4861 1928 4898 nta-

345 4925 668 4994 gnificentia,
693 4927 834 4983 inani
870 4929 1060 5000 gloria,
1103 4940 1160 4986 et
1213 4932 1373 4988 rebus
1422 4934 1542 4988 aliis
1586 4937 1929 4993 smcularibus

343 5016 649 5084 superiores
679 5033 775 5073 nos
805 5035 944 5086 esse,
968 5029 1021 5075 et
1040 5022 1170 5077 nihil
1199 5039 1320 5079 cum
1351 5034 1494 5080 terra
1523 5041 1806 5083 commune
1829 5028 1927 5082 ba-

345 5109 471 5163 here
500 5111 932 5190 praecipiat,cum
979 5115 1215 5170 membra
1263 5127 1441 5172 nostra
1493 5120 1799 5188 ntorti/icare
1847 5121 1930 5191 ju-

345 5199 488 5264 beat,
507 5185 684 5269 palam
710 5213 790 5258 est
818 5221 981 5260 corna
1004 5207 1157 5262 nobis
1186 5211 1424 5265 eamdem
1455 5213 1573 5266 vitae
1604 5213 1927 5284 diligentiam

343 5294 636 5361 requirere,
668 5311 823 5364 quam
854 5297 1097 5352 Christus
1119 5314 1149 5354 a
1172 5300 1472 5370 discipulis;
1505 5314 1663 5374 atque
1681 5322 1778 5362 nos
1806 5322 1928 5376 pec-

343 5385 477 5439 eatis
505 5397 742 5442 mortuos
769 5404 887 5443 esse
918 5391 1074 5458 velle,
1106 5407 1170 5448 ac
1195 5393 1238 5447 si
1259 5393 1371 5462 jam
1425 5398 1619 5450 mortui
1655 5407 1708 5452 et
1734 5401 1926 5467 sepulti

341 5493 602 5532 essemus.
661 5480 991 5551 Quapropter
1042 5484 1168 5539 dicit
1208 5504 1220 5538 :
1255 5485 1392 5540 Nam
1443 5490 1529 5558 qui
1580 5502 1805 5545 mortuus
1831 5501 1922 5559 est,

341 5569 650 5637 justi/iratus
679 5583 747 5626 est
771 5591 799 5625 a
835 5578 1077 5637 peccatof
1108 5576 1257 5632 Rom.
1287 5580 1338 5634 6.
1370 5582 1400 5634 7
1427 5582 1467 5651 ).
1516 5583 1922 5656 N'.tlnumquam

408 5747 426 5776 ¹
463 5752 624 5807 DecSI,
646 5752 832 5812 sectari,
857 5754 902 5801 iu
923 5753 1106 5804 duobus
1129 5764 1226 5807 Msa.

1101 333 1465 395 soveusus
1500 330 2040 391 orruouaroues
2078 309 2260 390 vnio
2284 315 2578 391 uomsr‘.
2618 336 2747 393 Lm.
2787 336 2876 392 ιιι.

3470 400 3472 402 _
3515 348 3618 404 δη

2043 444 2168 500 item
2197 446 2263 500 ad
2293 446 2509 513 Christi,
2543 464 2644 505 nec
2671 459 2874 505 tantum
2903 453 2969 507 ad
3015 447 3416 525 discipulorum,
3445 461 3620 518 imita-

2040 536 2240 590 tionem
2270 551 2368 590 nos
2389 537 2646 593 hortatur.
2676 540 2885 595 Etenim
2911 557 3032 599 cum
3057 561 3154 600 nos
3184 546 3423 622 hortatur
3437 553 3502 606 ad
3529 569 3620 610 ca-

2017 625 2273 690 ‘ﬁtatem,
2304 627 2428 682 inde
2480 629 2643 684 sumit
2681 633 2948 700 exempla,
2998 637 3346 708 similiterque
3401 657 3520 696 cum
3551 644 3618 698 ad

2038 714 2355 784 injuriarum
2397 716 2740 789 oblivionem,
2800 732 2958 792 atque
3005 726 3072 779 ad
3119 729 3456 788 modestiam.
3486 735 3616 790 Cum

2040 803 2220 875 itaque
2245 821 2366 862 non-
2393 810 2687 866 monachos
2736 821 2938 868 tantum
2976 814 3050 871 ac
3099 816 3412 891 discipulos,
3442 826 3536 881 sed
3563 836 3618 909 et

2040 896 2214 965 ipsum
2243 899 2438 955 imitari
2489 902 2760 965 Christum
2785 905 2992 976 jubeat,
3036 918 3092 964 et
3131 927 3237 968 non
3290 899 3619 976 imitantibus

2039 990 2328 1045 maximum
2401 1002 2564 1061 ponat
2598 996 2940 1066 supplicium,
2991 1015 3096 1070 qua
3150 1005 3364 1060 tandem
3411 1011 3618 1070 ratione

2034 1081 2174 1137 dicis
2199 1082 2344 1138 illam
2373 1099 2494 1142 esse
2538 1087 2707 1158 major
2742 1104 2793 1143 m
2839 1090 3216 1148 altitudinem?
3244 1097 3325 1152 Ad
3375 1103 3618 1159 eamdem

2039 1165 2380 1250 enim'ipsam
2412 1198 2602 1242 omnes
2649 1185 2892 1244 homines
2938 1193 3227 1249 ascendere
3285 1193 3532 1267 oportet:
3564 1210 3621 1256 et

2039 1269 2180 1337 quod
2209 1272 2512 1329 universum
2551 1278 2744 1334 evertit
2783 1281 2969 1336 orbem
3025 1284 3150 1339 illud
3196 1297 3298 1353 est,
3326 1290 3467 1358 quod
3489 1293 3620 1348 solis

2040 1361 2316 1416 monachis
2342 1364 2428 1418 illa
2455 1365 2726 1437 diligentia
2754 1383 2889 1439 opus
2929 1364 3051 1429 esse
3080 1367 3346 1444 putemus,
3376 1383 3618 1438 caeteris-

2040 1467 2145 1522 que
2173 1455 2501 1526 negligenter
2543 1461 2933 1520 vivererlicere.
2967 1466 3085 1522 Non
3114 1469 3182 1524 ita
3228 1486 3522 1538 sane-Enen:
3543 1477 3617 1531 ita

2041 1553 2142 1635 est,
2166 1545 2262 1600 sed
2307 1548 2492 1603 eadem
2520 1551 2586 1605 ab
2621 1554 2868 1610 omnibus
2909 1557 3242 1629 philosophia
3287 1567 3576 1635 requiritur
3606 1589 3618 1623 :

2039 1634 2203 1705 idque
2236 1638 2578 1703 vehementer
2607 1644 2988 1702 al'llrmaverim
3016 1667 3031 1714 ;
3056 1651 3163 1705 imo
3209 1669 3335 1709 vero
3363 1634 3466 1710 non
3496 1676 3614 1730 ego,

2040 1727 2137 1782 scd
2160 1728 2205 1782 is
2228 1729 2316 1799 qui
2343 1745 2439 1786 nos
2460 1732 2788 1801 judicaturus
2821 1748 2922 1800 est.
2973 1740 3065 1795 Sin
3100 1743 3274 1799 adhuc
3312 1727 3548 1802 miraris-
3570 1762 3624 1805 ct

2042 1816 2235 1885 lueres,
2277 1835 2373 1890 age
2411 1838 2616 1878 rursum
2664 1841 2730 1882 ex
2773 1828 2961 1884 iisdem
3004 1835 3411 1904 scaturiginibus
3461 1855 3620 1896 aures

2042 1916 2160 1963 tuas
2194 1910 2534 1981 inundemus,
2565 1925 2625 1970 ut
2650 1918 2823 1975 omnis
2851 1920 3234 1980 incredulitatis
3261 1936 3360 1982 tuae
3392 1935 3623 2001 nequitia

2041 1999 2306 2056 abluatur.
2333 2003 2658 2062 Documenta
2701 2024 2828 2065 vero
2857 2026 3062 2068 sumam
3093 2031 3159 2071 ex
3204 1999 3490 2088 suppliciis“
3514 2023 3619 2078 diei

2042 2090 2203 2146 illius.
2235 2093 2393 2148 Dives
2429 2095 2546 2162 ilic,
2579 2113 2684 2153 non
2711 2101 2852 2168 quod
2880 2105 3173 2161 monachus
3205 2109 3435 2164 crudelis
3459 2127 3622 2179 esset,

2042 2181 2164 2235 ideo
2179 2184 2548 2247 vehementius
2574 2190 2927 2259 cruciabatur,
2968 2196 3060 2250 sed
3086 2198 3128 2250 si
3159 2200 3283 2268 quid
3311 2217 3337 2254 a
3365 2203 3517 2257 nobis
3545 2204 3624 2258 in-

2041 2282 2255 2328 ventum
2273 2275 2413 2346 loqui
2440 2276 2519 2333 fas
2537 2278 2624 2346 sit,
2653 2281 2773 2350 quia
2811 2283 3080 2341 sweularis
3135 2303 3254 2342 cum
3279 2300 3442 2360 esset,
3467 2293 3516 2346 in
3548 2295 3624 2347 di-

2042 2365 2181 2419 vitiis
2212 2368 2338 2421 etin
2366 2384 2594 2438 purpura
2619 2371 2838 2441 degens,
2866 2374 3126 2431 Lazarum
3152 2379 3202 2432 in
3227 2375 3622 2452 extrema-pau-

2043 2466 2250 2525 pertate
2275 2459 2539 2515 viventem
2567 2462 2830 2532 despexit.
2851 2465 3112 2521 Cmterum
3133 2485 3303 2540 neque
3331 2472 3431 2528 hoc
3453 2489 3624 2544 neque

2044 2549 2172 2603 illud
2204 2551 2396 2618 dicam,
2421 2552 2513 2608 sed
2531 2554 2702 2609 solum
2728 2557 2850 2625 quia
2870 2559 3108 2616 crudelis
3129 2573 3260 2628 erat,
3283 2565 3401 2620 ideo
3423 2568 3625 2636 majore

2043 2639 2180 2706 ignis
2223 2643 2483 2710 supplicio
2531 2646 2886 2728 puniebatur.’
2921 2650 3166 2721 Virgines
3214 2671 3444 2727 quoque,
3503 2662 3626 2730 quia

2043 2727 2425 2787 humanitatem
2472 2727 2928 2807 posthabuerunt,
2963 2741 3081 2797 ideo
3109 2759 3137 2797 a
3186 2745 3427 2802 thalamo
3445 2727 3624 2819 Sponsi

2043 2822 2269 2888 repulsa:
2293 2832 2454 2888 sunt;
2485 2840 2546 2880 ac
2573 2827 2616 2880 si
2645 2827 2767 2896 quid
2791 2845 2819 2883 a
2842 2832 2994 2885 nobis
3017 2833 3144 2902 ipsis
3163 2835 3342 2892 dicere
3369 2855 3502 2908 opus
3523 2844 3623 2909 sit,

2045 2923 2146 2962 non
2178 2911 2351 2966 solum
2379 2914 2480 2965 illis
2501 2917 2767 2973 cruciatus
2799 2935 2902 2973 non
2952 2924 3092 2978 aucti
3140 2935 3283 2991 sunt,
3308 2930 3449 2997 quod
3479 2932 3626 3002 virgi-

2045 2998 2261 3053 nitatem
2314 3003 2624 3069 coluissent,
2669 3008 2764 3062 sed
2812 3011 3052 3068 mitiores
3087 3013 3209 3070 ideo'
3244 3017 3479 3075 fuerunt.
3513 2998 3626 3079 Non

2044 3091 2185 3144 enim
2199 3092 2480 3149 audierunt
2512 3114 2523 3150 :
2549 3095 2630 3152 Ite
2671 3099 2724 3152 in
2761 3101 2927 3170 ignem
2983 3118 3217 3174 paratum
3244 3110 3444 3166 diabolo
3465 3125 3510 3168 et
3530 3130 3631 3170 an-‘

2042 3186 2165 3254 gelis
2215 3186 2326 3258 ejus
2357 3185 2585 3260 (Matth.
2633 3190 2720 3248 25.
2772 3197 2833 3251 M
2862 3194 2882 3267 )
2909 3211 2922 3259 ;
2953 3197 3046 3252 sed
3092 3209 3319 3268 tantum,
3349 3205 3471 3261 Non
3517 3214 3629 3263 novi

2042 3290 2147 3331 vos.
2172 3276 2226 3332 Si
2245 3279 2364 3347 quis
2391 3296 2517 3335 vero
2536 3282 2680 3346 dicat
2711 3285 2813 3339 hoc
2834 3298 2888 3341 et
2917 3288 3044 3343 illud
3082 3290 3311 3362 idipsum
3334 3312 3474 3362 esse,
3496 3301 3626 3354 nihil

2041 3371 2367 3439 repugnabo.
2387 3371 2517 3427 Nam
2545 3377 2684 3445 quod
2713 3379 2839 3432 mihi
2863 3396 3003 3436 nunc
3038 3387 3321 3444 ostendere
3347 3392 3624 3462 incumbit,

2042 3459 2171 3516 illud
2199 3472 2300 3526 est,
2325 3465 2464 3533 quod
2497 3469 2880 3524 monachorum
2925 3476 3030 3529 vita
3061 3492 3164 3532 non
3189 3484 3432 3550 graviora
3460 3459 3627 3543 attra;

2043 3550 2134 3642 bat
2156 3554 2408 3622 supplicia
2435 3573 2449 3621 ;
2469 3557 2565 3612 sed
2589 3559 2730 3628 quod
2759 3563 3044 3620 saeculares
3059 3569 3247 3624 eadem
3292 3588 3504 3642 peccata
3528 3579 3628 3634 ad-

2041 3641 2314 3699 mittentes
2356 3645 2543 3701 iisdem
2593 3650 2700 3703 sint
2748 3654 2920 3721 poenis
2975 3657 3214 3714 obnoxii.
3245 3641 3304 3718 lsi
3341 3668 3483 3722 enim
3536 3673 3625 3740 qui

2041 3733 2272 3789 sordidis
2291 3738 2526 3792 vestibus
2552 3741 2777 3796 amictus
2794 3754 2928 3810 erat,
2947 3756 3000 3802 et
3028 3749 3070 3802 is
3099 3753 3185 3820 qui
3215 3765 3428 3811 centum
3459 3733 3628 3815 delia-

2040 3823 2150 3878 rios
2176 3826 2438 3896 exigebat,
2458 3844 2562 3884 non
2593 3833 2733 3901 quod
2761 3838 3008 3893 monachi
3026 3852 3206 3898 essent
3233 3860 3294 3899 ca
3317 3850 3456 3916 passi
3482 3861 3626 3920 sunt,

2040 3933 2157 3987 quae
2184 3920 2328 3988 passi
2375 3920 2710 3991 referuntur;
2758 3929 2852 3983 sed
2903 3931 3052 3986 alter.
3089 3935 3159 3990 ob
3198 3936 3625 4009 fornicationem,

2039 4009 2177 4076 alter
2199 4010 2338 4080 quod
2366 4028 2471 4067 non
2500 4015 2873 4087 condonasset,
2900 4024 3196 4091 perierunt.
3243 4030 3310 4084 Et
3336 4032 3468 4087 alios
3488 4051 3624 4104 quo-

2039 4117 2141 4171 que
2168 4105 2434 4173 supplicio
2460 4116 2586 4164 tunc
2611 4109 2828 4167 allectos
2855 4115 2899 4169 si
2935 4117 3054 4186 quis
3097 4134 3396 4191 percurrat,
3427 4127 3623 4196 depre-

2041 4194 2240 4252 hendet
2269 4214 2362 4252 eos
2389 4209 2607 4269 propter
2638 4215 2854 4272 peceata
2908 4209 3082 4264 solum
3125 4229 3310 4282 pmnas
3347 4194 3528 4274 luisse.
3566 4222 3623 4276 ιιι

2039 4301 2167 4341 vero
2191 4290 2374 4342 nonin
2405 4291 2678 4364 suppliciis
2708 4303 2936 4364 tantum,
2969 4301 3062 4354 sed
3095 4302 3144 4356 in
3172 4305 3624 4366 admonitionibus

2038 4395 2251 4450 quoque
2279 4383 2691 4443 animadvertas.
2725 4387 2856 4443 Nam
2897 4406 3015 4446 cum
3047 4394 3210 4449 dicit:
3254 4397 3426 4455 Venite
3450 4403 3519 4456 ad
3549 4421 3627 4459 me

2037 4486 2207 4526 omnes
2233 4473 2318 4542 qui
2340 4473 2577 4529 laboratis
2607 4487 2652 4531 et
2679 4482 2870 4532 onerati
2896 4483 3031 4549 estis,
3061 4494 3107 4537 et
3156 4503 3245 4556 ego
3272 4491 3495 4558 reﬁciant
3518 4510 3621 4548 vos.

2041 4560 2224 4617 Tollite
2233 4564 2420 4634 jugunt
2447 4582 2612 4620 meum
2639 4586 2790 4639 super
2810 4585 2914 4636 vos,
2945 4585 2992 4628 et
3019 4576 3192 4631 discite
3219 4597 3250 4631 a
3278 4598 3354 4635 me
3379 4585 3496 4651 quia
3522 4588 3621 4638 mi-

2036 4653 2100 4706 tis
2123 4670 2235 4706 sum
2262 4666 2309 4708 et
2328 4656 2533 4711 humilis
2553 4661 2722 4723 corde,
2751 4670 2794 4714 et
2825 4664 3086 4719 invenietis
3113 4671 3619 4739 requient'anintabus

2035 4745 2208 4799 uestris
2242 4746 2454 4816 (Matth.
2479 4750 2566 4806 ll.
2585 4750 2655 4805 28
2681 4753 2699 4823 )
2728 4769 2741 4816 ;
2775 4771 2878 4808 non
2903 4759 3180 4816 monachis
3209 4758 3410 4820 tantum
3442 4769 3618 4840 loqui-

2036 4845 2140 4900 tur,
2169 4837 2262 4891 sed
2289 4840 2383 4892 toti
2414 4840 2645 4896 humano
2686 4847 2891 4914 generi.
2939 4849 3180 4920 Cumque
3223 4854 3372 4924 jubet
3398 4874 3494 4928 per
3515 4837 3619 4916 an-

2035 4942 2240 5000 gustant
2266 4932 2513 4990 incedere
2539 4935 2698 5000 viam,
2730 4954 2835 4992 non
2893 4941 3014 4995 illos
3071 4945 3253 5012 modo,
3310 4951 3403 5005 sed
3435 4969 3623 5019 omnes

2037 5024 2281 5082 homines
2305 5027 2593 5097 alloquitur
2625 5046 2637 5082 :
2665 5041 2720 5085 et
2744 5033 2976 5088 animam
3026 5051 3176 5092 suam
3205 5042 3330 5096 odio
3354 5043 3549 5102 habere
3570 5050 3619 5104 in

2036 5118 2139 5173 hoc
2176 5121 2399 5188 mundo,
2427 5132 2480 5177 et
2506 5124 2702 5183 similia
2729 5129 2905 5180 omnia
2943 5133 3204 5186 universis
3253 5137 3452 5204 pari-ter
3481 5157 3619 5208 pra:-

2035 5213 2197 5281 cepit.
2225 5213 2357 5266 Cum
2403 5225 2582 5270 autem
2615 5233 2720 5271 non
2773 5222 3018 5276 omnibus
3055 5224 3286 5293 loquitur
3312 5231 3391 5284 vel
3449 5233 3618 5303 legem

2035 5303 2146 5370 dat,
2177 5304 2406 5375 idipsum
2435 5307 2588 5361 nobis
2613 5310 2786 5377 palam
2817 5312 2960 5367 facit.
2990 5314 3119 5369 Curti
3153 5318 3329 5390 itaque
3358 5323 3424 5377 de
3454 5325 3619 5395 virgi-

2035 5395 2200 5449 nitate
2241 5395 2569 5468 loqueretur,
2627 5401 2821 5466 iutulit,
2851 5405 2950 5469 Qui
2997 5416 3158 5475 potest
3206 5427 3387 5480 capere
3425 5418 3619 5484 capiat-

2037 5484 2056 5556 (
2089 5485 2274 5539 Matth.
2308 5487 2392 5541 l9.
2426 5487 2493 5541 l9.
2521 5488 2563 5558 ),
2587 5506 2758 5560 neque
2805 5494 2953 5561 illud,
2989 5498 3171 5565 omnis,
3207 5503 3484 5570 adjiciens,
3517 5523 3614 5562 tte-

2033 5593 2136 5644 que
2163 5577 2213 5631 id
2247 5579 2296 5631 in
2325 5583 2573 5650 praecepti
2591 5582 2767 5660 forma
2799 5595 3059 5644 statuens.
3084 5589 3170 5646 Sic
3195 5595 3354 5650 etiam
3379 5599 3570 5654 Paulus
3601 5619 3612 5652 :

2036 5683 2155 5722 nam
2186 5669 2491 5739 Magistrum
2523 5673 2717 5744 ubique
2763 5679 2956 5733 imitari
3002 5681 3436 5753 deprehenditur,
3463 5707 3612 5745 cunt-

2031 5775 2135 5833 que
2163 5761 2212 5816 in
2245 5762 2382 5818 idem
2405 5777 2769 5836 argumentum
2798 5771 3088 5841 incidisset,
3118 5777 3290 5834 aiebat
3315 5800 3326 5834 :
3358 5782 3433 5838 De
3461 5785 3613 5854 rirgi-
