4266 6314
718 340 830 394 ἔιῖὄ

728 455 873 510 nibus
900 465 1068 508 autem
1099 462 1403 522 pra'ceptum
1433 450 1637 506 Domini
1682 469 1780 505 non
1830 451 1988 505 Imbco
2006 453 2083 521 (Ι.
2107 451 2222 506 Cor.
2248 439 2335 508 7..

719 545 793 601 25
814 548 853 613 ).
885 543 1035 610 Quod
1058 544 1213 613 igitur
1240 542 1619 597 etsaicularetn
1636 551 1690 597 et
1715 543 2035 596 umnaehuut
2066 543 2131 598 ad
2154 542 2294 597 ideut

719 649 977 696 cacumen
1003 636 1303 706 pertingere
1326 642 1587 705 oporteat,
1613 642 1668 690 et
1692 633 1831 704 quod
1862 642 2085 702 uterque
2119 633 2304 703 lapsus

722 727 908 782 eadem
932 726 1154 783 vulnera
1183 735 1498 796 accepturus
1524 726 1613 792 sit,
1665 740 1732 779 ne
1773 723 2059 778 admodum
2090 723 2305 794 quidem

717 822 1115 876 contentiosum
1161 829 1215 874 et
1260 817 1624 888 impudentem
1684 814 1938 886 deinceps
1984 825 2299 887 negaturum

716 922 866 982 puto.
894 983 902 993 '

788 996 1019 1061 ﬁﬁllo’c
1037 1012 1213 1059 autem
1259 1013 1440 1073 aperte
1469 1003 1854 1069 demonstrato,
1883 1018 1982 1075 age
2011 1003 2141 1059 illud
2164 1018 2303 1077 quo-

716 1113 819 1169 que
844 1098 1193 1168 inquirantus,
1224 1097 1343 1169 quis
1381 1096 1589 1152 facilius
1632 1097 1877 1169 lapsurus
1904 1098 1992 1153 sit.
2029 1099 2190 1155 Certe
2216 1099 2304 1156 hic

717 1204 823 1245 non
870 1190 1253 1260 perquisitione
1286 1204 1421 1260 opus
1451 1200 1573 1256 est;
1620 1189 2000 1245 continentiam
2039 1193 2237 1261 quippe
2257 1192 2301 1245 is

713 1285 802 1354 qui
826 1299 1043 1355 uxorem
1074 1283 1255 1350 habet,
1282 1282 1485 1340 facilius
1508 1284 1761 1350 servabit,
1788 1293 1969 1355 utpote
1995 1288 2082 1355 qui
2109 1284 2301 1339 solatio
2344 1288 2347 1289 ⁷

716 1376 882 1432 multo
897 1374 1099 1430 fruatur
1124 1394 1135 1429 ε
1162 1376 1212 1433 in
1240 1376 1456 1445 reliquis
1472 1374 1654 1429 ahtem
1684 1390 1799 1429 non
1818 1376 1888 1428 ita
1906 1375 2048 1428 clam
2074 1390 2161 1429 res
2186 1385 2294 1430 est.

710 1464 911 1521 Verum
943 1468 993 1523 in
1037 1467 1126 1521 illa
1154 1474 1363 1537 quoque
1406 1481 1467 1521 re
1509 1466 1687 1535 plures
1718 1465 1956 1520 videmus
1977 1465 2293 1536 conjugato-

709 1577 826 1615 rum
856 1560 1068 1625 cadere,
1091 1544 1263 1631 quam
1288 1560 1691 1614 monachorum.
1732 1558 1913 1629 Neque
1954 1559 2098 1612 enim
2120 1567 2202 1613 tot
2229 1575 2296 1613 ex

708 1652 1048 1708 monasteriis
1079 1653 1144 1705 ad
1185 1651 1394 1720 nuptias
1446 1658 1741 1715 transeunt,
1766 1659 1895 1720 quut
1937 1649 2292 1719 ex'eonjugali

707 1754 825 1799 toro
854 1745 917 1799 ad
943 1737 1139 1827 sc/ortal
1164 1744 1315 1813 Quod
1338 1743 1383 1797 si
1419 1742 1473 1797 in
1500 1742 1884 1797 certaminibus
1910 1742 2013 1795 illis
2032 1741 2129 1796 sibi
2165 1741 2294 1795 faci-

704 1836 845 1889 lihus
864 1851 1030 1905 usque
1050 1833 1183 1889 adeo
1212 1835 1541 1904 frequentius
1569 1834 1781 1895 cadant,
1807 1830 1932 1901 quid
1956 1832 2008 1886 in
2036 1831 2151 1886 aliis
2173 1832 2291 1886 ani-

702 1928 774 1981 mi
814 1925 1098 1981 affectibus
1152 1926 1341 1981 facturi
1389 1934 1534 1993 sunt,
1583 1924 1670 1979 ubi
1728 1924 1898 1995 magis
1952 1922 2288 1994 exagitantur

699 2034 858 2089 quam
888 2017 1133 2095 monachi
1159 2018 1183 2071 ?
1214 2017 1347 2072 Nam
1379 2016 1811 2087 concupiscentia
1842 2014 2054 2085 quidem
2078 2014 2177 2069 hos
2192 2030 2289 2070 vc-

700 2108 1002 2164 hementius
1022 2108 1283 2174 stimulat,
1316 2116 1503 2179 utpote
1532 2106 1620 2178 qui
1650 2107 1854 2161 nullum
1887 2104 2122 2162 habeant
2166 2121 2287 2161 cum

697 2200 1013 2256 mulieribus
1038 2198 1388 2254 consortium.
1441 2198 1668 2268 Reliqua
1700 2212 1828 2252 vero
1860 2195 1929 2250 ad
1964 2195 2061 2251 hos
2126 2210 2291 2266 prope

697 2291 955 2347 accedere
976 2299 1280 2361 nequeunt;
1310 2289 1430 2345 illos
1456 2300 1635 2351 autem
1666 2289 1933 2343 violenter
1948 2288 2283 2355 adoriuntur,

697 2392 751 2436 et
786 2397 815 2435 a
855 2381 1030 2452 capite
1057 2380 1409 2452 praecipitant.
1440 2379 1595 2447 Quod
1618 2380 1683 2447 si,
1716 2380 1803 2435 ubi
1826 2379 2130 2435 violentiori
2146 2380 2289 2436 bello

698 2486 1013 2546 premuntur
1045 2474 1665 2544 monachi,frequentius
1691 2482 1964 2543 superant,
2000 2489 2159 2544 quam
2186 2474 2283 2538 illi,

694 2584 814 2622 cum
842 2569 1034 2638 quibus
1061 2568 1340 2622 remissius
1369 2569 1561 2638 agitur,
1604 2568 1776 2637 palam
1808 2576 1891 2622 est
1927 2582 2021 2623 eos
2047 2568 2099 2623 in
2120 2575 2285 2623 caete-

692 2661 786 2726 ris,
818 2661 905 2714 ubi
937 2675 1041 2714 non
1064 2660 1419 2730 exagitantur,
1445 2658 1667 2714 ﬁrmiter
1693 2659 2039 2716 coustituros.
2072 2662 2283 2716 Etenim

695 2754 933 2821 pecunia:
954 2768 1126 2817 amor,
1174 2754 1408 2824 itemque
1468 2752 1899 2823 concupiscentia
1948 2753 2284 2820 deliciarum,

691 2847 963 2915 potentia),
1010 2846 1445 2916 reliquorumque
1482 2844 1720 2899 omnium
1746 2886 1761 2910 ,
1821 2845 2029 2901 facilius
2081 2846 2150 2901 ab
2179 2843 2283 2912 bis,

690 2955 848 3008 quam
877 2954 905 2993 a
931 2938 1295 3004 stecularibus,
1325 2937 1465 2993 vinci
1497 2937 1693 3006 solent.
1738 2936 1899 3004 Quasi
1955 2938 2006 2991 in
2039 2938 2154 2993 acie
2182 2937 2284 3009 igi-

690 3044 780 3089 tur
803 3044 960 3104 atque
987 3033 1040 3087 in
1075 3033 1258 3103 praelio
1290 3032 1426 3086 hanc
1454 3031 1583 3088 belli
1625 3039 1834 3102 partem
1877 3030 2137 3087 leviorem
2164 3046 2286 3087 esse

690 3128 949 3192 dicemus,
978 3140 1083 3180 non
1116 3126 1167 3180 in
1194 3139 1295 3196 qua
1356 3134 1494 3179 unus
1522 3138 1684 3194 super
1709 3124 1871 3178 alium
1897 3132 1950 3179 et
1980 3121 2286 3194 frequentes

690 3218 905 3281 cadunt,
939 3216 1031 3273 sed
1084 3216 1137 3272 in
1184 3230 1287 3287 qua
1318 3216 1470 3285 pauci
1497 3222 1552 3270 et
1581 3215 1731 3270 rari:
1763 3216 1842 3269 sic
1867 3222 1921 3269 et
1947 3213 2015 3270 de
2044 3214 2127 3270 his
2156 3229 2285 3271 sen-

693 3310 909 3364 tentiam
934 3308 1073 3363 ferre
1098 3324 1195 3378 par
1240 3315 1343 3362 est.
1386 3304 1660 3376 Siquidem
1696 3305 1975 3361 avaritiam
2017 3320 2123 3361 non
2170 3306 2282 3372 ille,

690 3404 775 3471 qui
805 3403 857 3456 in
886 3400 1062 3455 medio
1088 3415 1268 3455 rerum
1292 3406 1554 3454 versatur.
1597 3396 1693 3454 sed
1744 3397 1851 3463 hic,
1884 3396 1972 3467 qui
1998 3397 2053 3451 in
2082 3398 2283 3451 monti-

692 3494 790 3548 bus
816 3492 1037 3554 residet,
1071 3491 1276 3546 facilius
1328 3490 1623 3560 superabit.
1660 3489 1795 3546 Nam
1831 3489 1919 3545 ille
1945 3499 2092 3546 certe
2133 3490 2282 3546 nullo

692 3586 907 3654 negotio
931 3583 1211 3653 capietur:
1237 3582 1282 3637 is
1302 3597 1430 3637 vero
1458 3582 1548 3653 qui
1576 3580 1797 3635 avaritia
1827 3582 2135 3651 corripitur,
2161 3597 2283 3636 cum

691 3677 983 3731 idololatris
1016 3672 1447 3729 anuumeraudus
1486 3682 1591 3729 est.
1623 3674 1701 3728 Ac
1729 3674 2028 3730 monachus
2066 3674 2283 3744 quidem

692 3770 1015 3840 propinquos
1037 3777 1090 3824 et
1113 3767 1402 3821 familiares
1450 3779 1557 3821 non
1597 3765 1877 3837 despiciet,
1928 3765 1973 3820 si
2029 3766 2282 3835 pecunias

692 3863 905 3929 habeat,
937 3860 1030 3916 sed
1077 3860 1295 3930 largiter
1322 3859 1388 3915 iis
1426 3858 1544 3914 illas
1588 3858 1858 3923 effundet;
1892 3858 1981 3913 ille
2028 3874 2154 3913 vero
2177 3874 2283 3916 non

695 3968 901 4012 tantum
931 3970 1027 4010 eos
1054 3953 1337 4025 despiciet,
1372 3966 1556 4007 verum
1587 3953 1746 4007 etiam
1778 3951 1934 4007 lzedet
1953 3966 2058 4007 non
2082 3953 2280 4018 minus,

690 4068 847 4122 quam
878 4049 1099 4105 alienos.
1144 4045 1300 4115 Quod
1329 4046 1571 4117 profecto
1597 4044 1741 4100 aliud
1770 4043 2087 4100 idololatriae
2114 4060 2284 4116 genus

691 4154 774 4202 est
803 4144 968 4214 priori
996 4142 1149 4212 longe
1174 4139 1406 4211 gravius.
1440 4136 1642 4209 Ecquid
1672 4137 1776 4192 alia
1795 4137 1972 4191 omnia
1998 4150 2283 4193 recensere

689 4254 844 4308 opus,
875 4252 994 4307 qua:
1014 4250 1133 4291 cum
1152 4249 1181 4287 a
1203 4231 1480 4287 monachis
1509 4230 1715 4284 facilius
1741 4236 2081 4299 superentur,
2109 4243 2280 4283 sarcu-

698 4331 837 4386 lares
856 4344 975 4384 cum
1001 4326 1339 4383 vehementia
1365 4321 1624 4392 dejiciunt
1646 4322 1668 4375 ?
1694 4319 1801 4376 Cur
1822 4336 1949 4392 ergo
1972 4336 2077 4375 non
2104 4320 2280 4385 times,

692 4437 789 4477 cur
806 4437 909 4474 non
937 4418 1187 4488 trepidas,
1230 4415 1356 4470 dum
1392 4414 1530 4469 hanc
1553 4414 1715 4468 vitam
1759 4412 1894 4483 agis,
1928 4412 2063 4466 ubia
2091 4413 2281 4482 nequi-

694 4514 766 4569 tia
787 4513 892 4568 cito
913 4511 1180 4582 capieris?
1204 4509 1342 4564 Num
1389 4492 1483 4562 tibi
1511 4522 1731 4577 parvum
1770 4504 1897 4575 quid
1927 4504 2137 4559 videtur
2164 4519 2284 4560 esse

692 4606 994 4662 idololatria
1022 4602 1211 4669 teneri,
1244 4611 1297 4657 et
1324 4600 1624 4655 infidelibus
1645 4599 1963 4654 deteriorem
1994 4613 2135 4664 esse,
2158 4598 2283 4653 Dei-

693 4715 796 4771 que
814 4696 1089 4754 servitium
1113 4694 1363 4765 operibus
1380 4694 1667 4762 almcgare,
1694 4706 1813 4761 quae
1840 4688 2016 4745 omnia
2054 4690 2281 4755 facilius,

691 4808 851 4863 quam
878 4789 1143 4851 monachi,
1172 4787 1439 4859 patientur
1461 4786 1495 4841 ii
1527 4784 1618 4855 qui
1664 4783 1862 4838 saeculo
1887 4780 2082 4837 addicti
2111 4789 2237 4837 sunt
2262 4780 2285 4833 ?

696 4886 926 4942 Videsne
947 4882 1085 4953 quod
1107 4896 1250 4936 mera
1299 4878 1442 4935 fictio
1471 4887 1645 4932 metus
1682 4875 1783 4930 iste
1807 4874 1913 4929 sit?
1936 4872 2067 4928 Nam
2098 4874 2141 4928 si
2168 4889 2280 4930 mc-

692 4978 951 5037 tuendum
979 4984 1142 5042 esset,
1197 4989 1302 5029 non
1333 4973 1435 5027 illis
1462 4979 1605 5027 certe
1630 4968 1997 5029 metuendum,
2040 4969 2128 5039 qui
2158 4983 2285 5039 pro-

692 5073 858 5128 cellas
896 5068 1121 5138 fugiunt,
1167 5081 1264 5121 nec
1311 5065 1413 5120 illis
1454 5064 1545 5135 qui
1586 5061 1653 5117 ad
1696 5072 1907 5131 portum
1958 5060 2213 5116 festinant
2243 5061 2282 5124 ¹,

696 5165 788 5222 sed
821 5164 907 5230 iis,
940 5162 1029 5231 qui
1078 5160 1308 5229 procella
1336 5168 1390 5214 et
1420 5164 1739 5227 tempestate
1782 5154 2071 5225 iactantur.
2120 5154 2286 5209 Citius

694 5259 835 5314 enim
862 5256 987 5309 hinc
1005 5253 1277 5323 naufragia
1306 5250 1558 5317 timenda,
1587 5247 1728 5319 quod
1758 5248 1908 5318 plura
1931 5249 2039 5302 sint
2068 5254 2282 5316 pertur-

692 5349 889 5414 bantia,
917 5356 968 5401 et
993 5346 1267 5416 segniores
1296 5344 1352 5409 ii,
1376 5343 1465 5413 qui
1490 5341 1742 5397 resistere
1763 5340 1982 5395 debent.
2018 5338 2114 5392 llic
2154 5353 2283 5393 vero

694 5460 799 5499 non
828 5452 905 5497 tot
948 5440 1141 5495 fluetus
1182 5438 1464 5501 habentur,
1525 5435 1621 5490 sed
1664 5449 1853 5503 magna
1910 5432 2282 5502 tranquillitas,

694 5538 971 5607 majorque
995 5531 1268 5603 diligentia
1293 5546 1501 5595 eorum,
1522 5542 1657 5599 quos
1673 5527 1931 5581 adversus
1962 5525 2051 5579 illa
2079 5539 2283 5594 pugna-

690 5645 748 5685 re
767 5624 994 5698 oportet.
1045 5620 1404 5690 Quamobrem
1453 5634 1552 5674 nos
1595 5619 1647 5672 in
1702 5617 1973 5672 desertum
2024 5614 2285 5672 trahimus

689 5735 805 5786 eos,
838 5735 941 5774 non
969 5728 1027 5774 ut
1052 5729 1209 5771 sacco
1231 5713 1537 5774 induantur,
1564 5724 1670 5765 non
1696 5717 1756 5764 ut
1780 5708 2019 5768 cinerem
2045 5710 2287 5765 subster-

751 5837 767 5869 ι
794 5834 962 5893 verba.
982 5843 1069 5881 nec
1088 5825 1283 5890 illisqut'
1298 5824 1365 5877 ad
1376 5829 1567 5889 portum
1587 5820 1831 5887 festinam,
1849 5820 2071 5875 innaret.
2084 5821 2283 5873 desunt.

1435 336 1493 393 Β.
1534 336 1813 393 JOANNIS
1840 336 2311 395 CllRYSOSTOlﬂ
2350 337 2673 394 ARCHIEP.
2711 337 3257 395 CONSTANTINOP.

3901 338 4013 395 376

2421 455 2585 508 nant'
2618 462 2844 519 tantum,
2873 454 2968 508 sed
2997 455 3048 508 in
3078 454 3262 523 primis
3281 461 3334 507 ut
3351 452 3472 506 vitia
3515 450 3736 522 fugiant,
3776 452 4009 524 eligant.

2414 559 2517 614 que
2543 547 2811 600 virtutem.
2839 545 2976 613 Quid
3028 544 3189 616 igitur
3214 543 3239 596 ?
3284 558 3546 599 omnesne
3580 544 3850 614 conjugati
3879 560 4005 616 per-

2414 633 2569 690 ibunt
2594 637 2619 689 ?

2482 724 2769 783 Saeculares
2799 729 2982 799 majori
3007 743 3123 781 cum
3148 720 3441 799 digitultate
3462 729 3587 783 salvi
3619 730 3769 799 ﬁunt.
3792 760 3865 771 —
3880 729 3995 785 Non

2411 820 2658 889 equidem
2680 819 2734 879 id
2760 820 2919 888 ‘dieo,
2948 822 3046 877 sed
3086 821 3379 891 majoribus
3426 836 3519 877 eos
3543 822 3816 879 laboribus
3836 823 4005 880 obno-

2413 910 2531 966 xios
2556 926 2699 978 esse,
2743 912 2788 968 si
2810 915 3038 970 salutem
3079 913 3337 983 consequi
3381 914 3568 982 velint,
3618 915 3777 986 idque
3802 916 3876 971 ob
3903 916 4005 974 im-

2412 1005 2705 1088 minentem
2727 1008 3126 1066 necessitatem.
3151 1008 3283 1066 Nam
3312 1009 3356 1066 is
3383 1010 3473 1082 qui
3500 1012 3706 1069 solutus
3734 1021 3838 1080 est,
3872 1012 4006 1069 faci-

2410 1098 2514 1155 lius
2540 1108 2741 1167 curret,
2771 1104 2932 1171 quam
2956 1102 3002 1157 is
3028 1102 3117 1172 qui
3147 1111 3230 1156 est
3254 1087 3479 1159 vinculis
3507 1104 3816 1160 obstrictus.
3856 1105 4003 1176 Ergo

2408 1191 2702 1267 majoribus
2738 1192 2826 1248 ille
2872 1194 3106 1263 przemiis
3144 1193 3451 1261 donabitur,
3509 1195 4002 1267 illustrioribusque

2404 1274 2667 1339 coronis?
2695 1283 2911 1357 Minime
2938 1301 3066 1340 vero
3100 1303 3113 1338 :
3144 1301 3271 1340 nam
3316 1284 3455 1340 hanc
3495 1286 3598 1343 ille.
3624 1287 3724 1342 sibi
3757 1288 3999 1343 necessi-

2405 1382 2569 1430 tatem
2611 1376 2858 1447 imponit,
2899 1391 3020 1433 cum
3067 1377 3253 1433 liceret
3305 1393 3410 1433 non
3464 1378 3762 1449 imponere.
3809 1378 3999 1450 Itaque

2402 1467 2679 1536 quoniam,
2709 1474 2767 1521 ut
2796 1484 2825 1521 a
2858 1469 3012 1524 nobis
3030 1470 3175 1525 clare
3199 1469 3621 1524 demonstratum
3648 1479 3754 1535 est,
3803 1469 3996 1525 iisdem

2400 1570 2585 1613 sumus
2631 1557 2825 1613 officiis
2870 1559 3110 1627 obnoxii,
3163 1560 3357 1630 quibus
3388 1558 3659 1627 monachi,
3701 1560 3998 1617 faciliorem

2402 1665 2781 1718 percurramus
2812 1651 2979 1716 viam,
3008 1650 3075 1705 ad
3104 1665 3332 1721 eamque
3358 1650 3495 1705 filios
3520 1650 3889 1717 attrahamus;
3930 1667 3999 1707 ne

2400 1740 2521 1795 illos
2545 1740 2942 1813 demergamus,
2972 1758 3108 1798 neve
3135 1742 3253 1798 illos
3269 1741 3336 1798 ad
3382 1742 3655 1808 barathra,
3712 1751 3770 1797 ιιι
3809 1741 3996 1798 hostes

2371 1836 2453 1888 'et
2477 1833 2698 1902 inimici,
2716 1835 3127 1905 prmcipitemus.
3152 1836 3281 1892 Hmc
3294 1835 3439 1892 enim
3456 1836 3499 1890 si
3517 1834 3606 1905 qui
3627 1834 3717 1889 alii
3735 1835 3993 1901 facerent,

2399 1940 2504 1982 non
2535 1927 2671 1984 adeo
2694 1944 2858 1999 grave
2885 1937 3047 1985 esset.
3070 1930 3205 1984 Cum
3236 1924 3413 1985 autem
3453 1928 3552 1999 ipsi
3579 1937 3852 2000 parentes,
3901 1927 3996 2000 qui

2396 2021 2733 2076 smculariutn
2748 2023 3179 2077 rerumomnium
3194 2021 3623 2092 experimentum
3646 2028 3993 2089 acceperunt,

2397 2113 2487 2184 qui
2511 2113 2917 2185 operibusipsis
2946 2114 3251 2169 didicerunt
3278 2112 3521 2184 frigidam
3553 2109 3839 2166 admodum
3870 2126 3996 2168 esse

2398 2206 2743 2275 praseutium
2791 2220 2972 2261 rerum
3013 2205 3362 2275 voluptatem,
3411 2202 3549 2259 adeo
3585 2202 3877 2266 insaniant,
3933 2211 3997 2259 ut

2395 2295 2531 2350 alios
2562 2295 2625 2350 ad
2651 2296 2839 2351 eadem
2869 2298 2979 2366 ipsa
3008 2296 3342 2366 pertrahunt,
3373 2294 3626 2365 quoniam
3650 2291 3747 2363 ipsi
3766 2292 3877 2363 jant
3905 2291 3997 2348 his

2395 2385 2496 2441 frui
2525 2402 2619 2457 per
2648 2394 2859 2442 :etatem
2890 2388 3257 2457 prohibentur;
3285 2401 3407 2441 cum
3435 2394 3613 2441 tamen
3662 2385 3873 2454 seipsos
3917 2399 3992 2442 ex

2394 2480 2460 2533 iis
2485 2496 2603 2549 qua:
2634 2489 3046 2549 prmcesserunt,
3086 2480 3335 2535 infelices
3372 2478 3664 2548 prtedicare
3690 2477 3989 2544 deberent;

2400 2570 2476 2625 illi
2501 2580 2708 2638 contra,
2740 2573 2896 2626 morti
2916 2573 3025 2643 jam
3055 2572 3282 2642 proximi
3308 2579 3362 2626 et
3391 2571 3670 2641 tribunali,
3712 2573 3995 2641 pinnisque

2396 2662 2497 2715 sibi
2530 2661 2822 2732 deputatis,
2842 2664 2973 2717 alios
2994 2672 3042 2717 ta
3052 2679 3170 2718 men
3183 2662 3519 2733 praecipitent
3536 2678 3551 2729 ;
3570 2677 3688 2733 quae
3703 2662 3810 2719 illis
3829 2678 3995 2719 excu-

2394 2753 2531 2808 satio
2558 2754 2912 2824 relinquetur,
2944 2769 3063 2825 qua:
3085 2755 3262 2819 venia,
3293 2768 3411 2823 quae
3441 2751 3845 2808 misericordia?
3868 2751 3987 2809 Non

2397 2852 2598 2898 tantum
2629 2844 2771 2921 enim
2802 2857 3139 2914 peccatorum
3165 2859 3380 2899 suorum
3402 2858 3591 2915 prunas
3614 2841 3838 2910 dahunt,
3890 2844 3988 2901 sed

2392 2934 2550 2990 etiam
2588 2950 2794 3000 eorum,
2828 2951 2945 3005 qttt'e
2965 2935 3105 2991 circa
3122 2935 3261 2990 filios
3282 2935 3395 2989 ausi
3413 2944 3559 3001 sttut,
3581 2936 3692 2991 sive
3717 2934 3838 2990 illos
3862 2950 3996 3008 sup-

2395 3028 2645 3099 plantare
2671 3029 2961 3096 potuerint,
2990 3028 3109 3087 sive
3132 3043 3238 3081 non
3272 3028 3562 3096 potuerint.

2467 3119 2554 3174 16.
2602 3118 2727 3173 Vere
2741 3130 2885 3191 pater
2902 3133 2976 3173 est
2991 3121 3076 3190 qui
3092 3120 3188 3189 ﬁlii
3207 3118 3421 3172 salutem
3438 3120 3749 3174 ρατηερ-Δί
3766 3118 3996 3175 fortasse

2392 3212 2531 3268 ﬁlios
2551 3212 2783 3267 filiorum
2814 3212 2997 3267 videre
3040 3212 3256 3282 cupitis.
3286 3212 3353 3266 Et
3376 3211 3643 3282 quomodo
3664 3212 3816 3279 illud,
3861 3227 3989 3267 cunt

2392 3320 2489 3361 vos
2512 3306 2749 3360 nondum
2788 3314 2970 3377 patres
3008 3305 3164 3359 sitiS?
3216 3304 3407 3375 Neque
3432 3305 3573 3359 enim
3600 3314 3811 3375 patrem
3861 3304 3993 3361 facit

2390 3396 2666 3467 generatio
2695 3414 2709 3453 :
2754 3396 2897 3467 quod
2928 3397 3026 3466 ipsi
3068 3412 3280 3467 quoque
3311 3404 3558 3466 parentes
3606 3396 3857 3462 fateantur,
3890 3399 3983 3467 qui

2389 3502 2511 3542 cum
2553 3487 2691 3543 filios
2727 3488 2913 3542 vident
2945 3488 2999 3543 in
3042 3498 3341 3544 extremum
3385 3488 3635 3558 nequitia:
3679 3487 3986 3555 devenisse,

2390 3582 2543 3651 quasi
2571 3596 2677 3635 nou
2715 3596 2842 3635 suos
2872 3580 3129 3650 abjieiunt
3153 3591 3205 3636 et
3233 3582 3482 3635 abdicant
3514 3598 3527 3633 :
3562 3596 3735 3652 neque
3771 3592 3985 3645 natura,

2392 3691 2565 3746 neque
2601 3675 2898 3746 generatio,
2932 3690 3106 3746 neque
3145 3675 3318 3729 simile
3354 3673 3624 3754 quidpiam
3665 3675 3809 3743 ipsos
3836 3673 3991 3729 cohi-

2391 3771 2520 3827 bere
2569 3778 2764 3840 potest.
2816 3769 2893 3825 Ne
2922 3769 3081 3839 igitur
3126 3778 3305 3840 patres
3353 3767 3638 3837 dignentur
3689 3766 3986 3821 existimari

2389 3878 2597 3926 eorum,
2624 3863 2815 3933 quibus
2832 3862 3125 3918 secundum
3156 3860 3509 3931 philosophia:
3536 3861 3798 3914 rationem
3825 3859 3987 3928 longe

2392 3954 2671 4009 inferiores
2688 3963 2843 4008 sunt:
2867 3953 2960 4008 sed
2978 3969 3097 4007 cum
3118 3953 3240 4008 illos
3262 3953 3362 4006 hoc
3378 3966 3593 4021 quoque
3609 3951 3768 4005 modo
3784 3964 3987 4020 genue-

2396 4048 2526 4114 rint,
2554 4055 2681 4100 tune
2701 4055 2924 4116 nepotes
2947 4045 3105 4100 etiam
3136 4052 3411 4115 quwrant:
3446 4053 3571 4098 tunc
3600 4043 3742 4098 enim
3777 4053 3979 4097 tantum

2392 4140 2536 4208 ipsos
2557 4138 2740 4194 videre
2766 4146 3035 4207 poterunt.
3054 4136 3188 4192 Sunt
3206 4137 3349 4192 enim
3371 4136 3477 4191 illis
3490 4134 3606 4203 filii,
3626 4145 3750 4191 sunt
3779 4136 3981 4207 utique,

2393 4228 2514 4284 Non
2546 4247 2608 4284 ea:
2626 4229 2981 4300 sanguinibus,
3022 4244 3182 4299 neque
3218 4245 3282 4283 ea:
3303 4228 3559 4283 voluntate
3584 4228 3775 4295 carnis,
3826 4244 3985 4298 neque

2391 4338 2455 4375 ea:
2473 4308 2729 4376 voluntaie
2750 4321 2863 4389 viri,
2889 4321 2977 4376 sed
2997 4338 3059 4375 ea:
3082 4320 3188 4375 Deo
3209 4322 3322 4391 ipso
3338 4321 3573 4391 generati
3593 4320 3775 4391 (Ιοαη.
3792 4322 3812 4375 l
3828 4360 3844 4375 .
3870 4321 3981 4391 15).

2394 4413 2457 4467 lli
2483 4427 2642 4483 porro
2674 4413 2766 4468 filii
2795 4428 2899 4469 non
2951 4414 3293 4483 pecuniarum
3337 4428 3497 4468 causa
3537 4413 3741 4468 luctum
3785 4429 3985 4484 pareno

2392 4507 2533 4561 tibus
2557 4505 2834 4576 afferrent,
2890 4522 2997 4564 non
3028 4508 3354 4577 nuptiarum,
3396 4523 3501 4562 non
3544 4508 3767 4563 alterius
3808 4506 3991 4578 cujus-

2390 4616 2619 4672 cumque
2668 4600 2745 4656 rei
2785 4601 2976 4671 gratia,
3009 4599 3104 4654 sed
3148 4599 3271 4653 illos
3296 4599 3441 4654 omni
3483 4614 3608 4654 cura
3666 4600 3860 4653 liberos
3905 4598 3991 4652 di-

2392 4692 2606 4760 missos,
2631 4692 2819 4763 majori
2850 4693 3126 4762 voluptate
3155 4690 3412 4757 afficiuut,
3446 4706 3605 4762 quam
3633 4691 3679 4746 si
3706 4690 3803 4761 ipsi
3830 4698 3988 4745 natu-

2392 4786 2533 4841 rales
2559 4800 2745 4840 eorum
2775 4793 2953 4853 patres
2972 4791 3175 4838 essent.
3204 4781 3320 4838 Non
3352 4782 3497 4836 enim
3542 4780 3729 4837 eadem
3776 4780 3988 4836 ratione

2392 4880 2679 4950 gignuntur
2712 4893 2775 4932 ac
2803 4878 3126 4943 nutriuntur,
3175 4892 3277 4947 qua
3317 4875 3432 4941 illi;
3465 4874 3559 4930 sed
3590 4875 3759 4930 multo
3806 4875 3989 4930 excel-

2392 4969 2590 5026 lentius
2619 4985 2682 5025 ae
2711 4968 3076 5038 Splendidius;
3109 4966 3460 5038 quamobrem
3492 4965 3697 5036 majore
3734 4974 3987 5037 parentes

2398 5063 2664 5133 voluptate
2704 5061 2960 5116 afficiunt.
3014 5060 3147 5115 Illud
3179 5067 3436 5129 prmterea
3463 5059 3732 5131 adjiciam,
3785 5060 3985 5116 mirum

2394 5172 2497 5210 non
2531 5172 2649 5211 esse
2670 5170 2784 5220 eos,
2815 5154 2903 5223 qui
2932 5154 3313 5209 resurrectioni
3347 5170 3451 5208 non
3497 5154 3745 5219 credunt,
3787 5153 3855 5207 de
3898 5153 3989 5209 his

2393 5250 2594 5319 lugere,
2619 5248 2817 5317 quippe
2835 5246 3026 5318 quibus
3045 5246 3158 5301 haec
3180 5248 3289 5301 sola
3308 5246 3641 5315 relinquatur
3666 5244 3990 5303 consolatio.

2393 5343 2459 5396 At
2502 5356 2599 5395 nos
2626 5340 2714 5410 qui
2735 5348 2960 5393 mortem
2990 5353 3237 5393 somnum
3282 5351 3402 5392 esse
3427 5346 3695 5407 putamus,
3722 5337 3811 5407 qui
3842 5350 3989 5404 pne-

2394 5432 2561 5487 sentin
2591 5432 2771 5497 omnia
2798 5431 3075 5501 despicere
3102 5428 3245 5483 docti
3270 5443 3479 5496 sumus,
3508 5444 3612 5499 qua
3645 5429 3858 5483 tandem
3879 5441 3987 5485 vo-

2394 5524 2481 5580 nia
2507 5524 2654 5595 digni
2677 5522 2899 5589 erimus,
2931 5522 2978 5576 si
3005 5519 3074 5576 de
3100 5520 3184 5575 his
3207 5517 3502 5591 lugeamus,
3536 5519 3779 5590 filiosque
3798 5517 3994 5578 videro

2394 5618 2694 5682 cupiamus.
2719 5625 2880 5669 atque
2904 5616 2992 5671 hic
3010 5612 3338 5686 relinquere,
3367 5612 3509 5668 unde
3535 5612 3636 5683 ipsi
3655 5622 3993 5669 transmeare

2457 5756 2473 5787 ι
2510 5763 2633 5816 inec,
2660 5767 2751 5807 non
2777 5761 2828 5806 ut
2845 5752 3058 5805 cinerem
3080 5750 3400 5816 substernunt,
3426 5751 3474 5801 in
3502 5748 3669 5802 Morel.
3691 5754 3879 5800 tantum
3895 5744 3987 5799 de-

2395 5828 2526 5869 εςειι.
