4266 6314
336 349 434 402 3ἶῖ

331 550 548 621 quidem
576 551 640 605 ad
669 567 783 617 eos,
816 553 904 622 qui
928 553 1317 623 spiritualiores
1347 564 1490 618 sunt,
1522 555 1660 610 dicta
1686 557 1811 610 sint.
1858 557 1913 610 Si

331 645 419 714 qui
452 659 580 699 vero
607 645 712 698 sint
745 647 987 714 corporis
1046 657 1308 713 amantes,
1356 657 1514 717 atque
1554 649 1678 702 huic
1719 651 1914 704 szeculo

328 737 542 804 penitus
572 737 788 802 addicti,
850 737 916 791 iis
946 738 1074 792 illud
1117 738 1369 804 dixerim,
1423 741 1595 809 primo
1643 742 1910 794 incertum

328 842 450 881 esse
475 842 539 881 an
569 844 634 882 ex
665 829 1006 883 matrimonio
1041 830 1131 884 lilii
1159 831 1266 884 sint
1286 833 1595 901 sequuturi;
1653 832 1910 896 secundo,

321 919 366 972 si
396 928 700 984 nascantur,
733 920 986 989 majorem
1033 937 1154 976 esse
1192 923 1438 976 tumroris
1487 937 1703 976 causam
1734 939 1745 974 :
1805 937 1910 976 non

319 1012 464 1064 enim
497 1021 698 1066 tantum
727 1013 947 1079 Letitizn,
973 1023 1228 1083 quantum
1256 1016 1499 1070 maeroris
1529 1015 1835 1083 accipimus,
1881 1030 1910 1068 a

317 1103 629 1172 quotidiana
648 1105 787 1159 circa
815 1121 908 1160 eos
933 1107 1312 1173 sollicitudine,
1342 1109 1609 1163 anxietate
1623 1120 1673 1163 et
1699 1109 1907 1163 timore.

314 1193 384 1249 Et
412 1197 519 1258 cui,
553 1197 723 1263 dices,
757 1197 1124 1267 relinquemus
1151 1215 1327 1268 agros,
1385 1199 1591 1263 domos,
1643 1216 1826 1254 servos
1857 1211 1910 1256 et

317 1286 546 1340 aurum?
573 1304 693 1342 nam
719 1298 773 1343 et
802 1289 915 1358 haec
945 1306 1156 1360 quoque
1182 1292 1301 1345 illos
1328 1303 1714 1361 conquerentes
1729 1292 1906 1347 audio.

315 1377 377 1432 Ei
410 1380 671 1448 profecto,
701 1383 789 1450 qui
819 1381 932 1436 lucc
959 1393 1113 1436 antea
1147 1382 1467 1438 hereditario
1493 1385 1610 1452 jure
1635 1399 1910 1452 possessu-

310 1484 406 1523 rus
432 1478 567 1535 erat,
593 1487 840 1541 numque
869 1481 1016 1526 tanto
1037 1475 1225 1542 magis,
1275 1489 1435 1542 qualn
1491 1475 1656 1543 prius,
1705 1487 1906 1544 quanto

312 1566 507 1635 horum
529 1565 692 1618 tutior
710 1575 888 1620 custos
914 1574 968 1620 et
997 1564 1245 1622 dominus
1269 1566 1475 1620 futurus
1492 1577 1597 1629 est.
1617 1567 1740 1621 llaec
1764 1568 1903 1622 enim

307 1664 466 1709 antea
487 1657 647 1709 multa
678 1657 1110 1726 pessumdabant,
1147 1659 1320 1718 tinea},
1347 1659 1653 1713 diuturnum
1693 1668 1907 1726 tempus

315 1748 476 1812 edax,
509 1747 678 1814 fures,
710 1749 1074 1820 sycophantm,
1133 1750 1316 1815 invidi,
1372 1750 1532 1803 futuri
1563 1751 1901 1817 ineertitudo,

312 1837 669 1894 humanarutu
720 1857 899 1896 rerum
926 1841 1266 1908 instabiiitas,
1325 1859 1468 1897 mors
1522 1830 1733 1898 tandem
1786 1845 1896 1913 ipsa

304 1942 360 1984 et
386 1933 628 2000 pecuniis
652 1941 706 1987 et
729 1933 1162 2002 possessionibus
1183 1935 1298 1988 istis
1325 1935 1491 1988 lilium
1522 1943 1666 1988 tuum
1699 1937 1903 2005 privas-

304 2033 430 2078 set:
490 2041 633 2079 nunc
688 2041 817 2079 vero
866 2027 1117 2080 omnibus
1172 2027 1289 2080 istis
1342 2028 1647 2095 superiores
1690 2028 1901 2083 divitias

304 2119 569 2187 reposuit,
601 2120 720 2173 loco
749 2119 1036 2174 inviolabili
1057 2130 1290 2188 reperto,
1322 2121 1386 2172 ad
1414 2136 1571 2189 quem
1597 2122 1724 2174 nulli
1756 2137 1893 2190 prae-

302 2211 566 2264 dictarmn
591 2211 818 2279 pestium
840 2210 1016 2265 aditus
1068 2226 1188 2265 esse
1232 2220 1424 2281 potest.
1474 2212 1522 2266 ls
1571 2227 1699 2265 vero
1752 2212 1899 2267 locus

298 2301 491 2355 etelum
522 2312 624 2365 cSt,
655 2301 816 2357 nullis
845 2299 1050 2356 insidiis
1099 2304 1360 2373 pervium,
1404 2304 1546 2357 onmi
1582 2312 1735 2358 terra:
1783 2305 1898 2359 solo

299 2395 553 2461 feracius,
579 2405 739 2465 atque
762 2397 959 2465 ingenti
1003 2412 1123 2450 cum
1170 2396 1375 2451 foenore
1400 2395 1762 2468 depositorum
1798 2413 1894 2467 pe-

295 2488 575 2542 cuniarum
605 2488 809 2543 fructus
833 2489 1112 2544 metendos
1139 2489 1382 2559 pnebcus
1413 2489 1478 2543 iis
1499 2489 1586 2558 qui
1619 2490 1760 2559 ipsas
1797 2490 1892 2546 dc-

295 2581 596 2648 posuerint.
629 2580 745 2634 Non
777 2581 935 2650 igitur
965 2597 1026 2636 ea
1059 2581 1219 2635 verba
1244 2581 1467 2635 dicenda
1499 2591 1676 2648 erant,
1708 2581 1811 2654 sed
1849 2583 1893 2638 si

293 2671 440 2725 ﬁlius
470 2674 745 2728 smeularis
785 2689 904 2729 esse
931 2674 1228 2740 maluisset,
1287 2681 1410 2728 tunc
1466 2673 1699 2729 ﬂendum
1757 2684 1889 2742 erat,

291 2773 419 2818 tunc
446 2765 734 2832 dicendum
761 2783 775 2821 :
806 2766 902 2820 Cui
932 2781 1090 2835 agros
1119 2767 1504 2836 relinquemus,
1537 2767 1621 2821 cui
1672 2783 1887 2835 aurum,

288 2857 374 2911 cui
398 2858 652 2924 pecunias
684 2859 952 2928 reliquas?
1879 2909 1886 2937 ἶ

365 2951 466 3017 Qui
477 2958 731 3020 'pecmnas
761 2952 974 3022 largitur
995 2993 1008 3015 ,
1045 2951 1207 3004 verius
1235 2966 1488 3021 possessor
1505 2960 1596 3010 est,
1622 2967 1772 3020 quam
1801 2951 1893 3019 qui

286 3046 535 3098 recondit.
559 3076 626 3085 -
659 3047 809 3100 Nunc
834 3056 1009 3100 autem
1045 3055 1187 3099 tanta
1217 3045 1570 3114 possessionis
1592 3055 1645 3098 et
1670 3045 1886 3099 dominii

286 3139 445 3205 copia
474 3148 577 3202 est,
608 3148 666 3192 ttt
692 3155 757 3192 ne
787 3148 903 3206 post
939 3138 1144 3191 obitum
1175 3136 1386 3205 quidem
1411 3135 1498 3189 illa
1525 3136 1763 3200 excidat;
1796 3137 1888 3190 sed

288 3241 417 3283 tunc
446 3230 676 3284 maxime
705 3245 888 3285 eorum
921 3230 1069 3283 luero
1109 3229 1312 3282 l'ruatur
1343 3242 1461 3280 eum
1492 3226 1615 3281 hinc
1642 3243 1886 3282 excesse-

286 3327 478 3378 rimus.
511 3324 661 3389 Quod
703 3324 746 3376 si
792 3323 877 3376 hic
922 3337 1133 3390 quoque
1173 3335 1358 3375 eorum
1386 3319 1659 3373 dominum
1686 3330 1739 3375 ct
1769 3337 1891 3390 pos-

285 3431 555 3471 sessorem
585 3415 766 3469 videre
808 3414 1010 3483 cupias,
1059 3413 1108 3466 id
1143 3428 1352 3482 quoque
1397 3412 1658 3468 monacho
1700 3415 1885 3486 magis,

286 3527 446 3581 quam
473 3508 714 3564 saeculari
752 3508 1041 3576 cominget.
1072 3506 1201 3573 Quis
1228 3505 1391 3567 enim,
1426 3503 1511 3558 die
1536 3505 1685 3568 mihi,
1710 3507 1888 3574 potius

286 3605 536 3658 dominus
566 3611 666 3666 est,
701 3601 814 3653 isne
844 3599 933 3668 qui
971 3613 1157 3665 magna
1187 3611 1306 3651 cum
1350 3595 1594 3650 libertate
1628 3594 1890 3666 impendit

285 3706 341 3751 et
371 3695 610 3764 largitur,
649 3709 714 3746 an
745 3691 788 3744 is
812 3689 899 3759 qui
930 3705 1038 3757 pra:
1068 3687 1287 3741 avaritia
1318 3692 1395 3739 ‘ne
1423 3687 1729 3754 contingere
1770 3686 1889 3753 qui-

285 3793 408 3847 dem
440 3788 616 3852 audet,
651 3783 743 3840 sed
773 3781 988 3837 sull'odit
1032 3794 1115 3843 ea,
1155 3778 1224 3831 ab
1271 3777 1441 3846 iisque
1487 3776 1718 3830 abstinet
1759 3785 1887 3828 tam-

286 3898 446 3954 quam
474 3879 571 3933 sibi
600 3875 824 3931 alienis?
847 3873 932 3943 qui
951 3872 1037 3926 illa
1058 3871 1285 3924 inaniter
1303 3884 1362 3922 ac
1382 3878 1580 3921 temere
1604 3866 1882 3936 impendit,

286 3996 353 4034 an
386 3975 475 4047 qui
507 3973 558 4028 id
594 3969 974 4027 convenienter
1003 3964 1144 4036 agit?
1171 3962 1257 4035 qui
1287 3961 1513 4017 seminat
1542 3961 1595 4014 in
1630 3968 1793 4023 terra,
1817 3975 1883 4013 an

285 4071 376 4142 qui
405 4071 456 4122 in
482 4065 657 4120 ca-lo?
693 4061 776 4116 cui
807 4076 900 4114 sua
944 4057 1120 4112 omnia
1161 4055 1354 4126 quibus
1398 4054 1624 4107 voluerit
1664 4067 1885 4120 erogare

287 4178 392 4217 non
438 4155 781 4228 permittitttr,
826 4168 890 4206 an
931 4151 1018 4220 qui
1049 4150 1118 4224 ab
1158 4147 1405 4200 omnibus
1434 4144 1692 4214 ejusmodi
1724 4145 1886 4198 vecti-

285 4254 419 4324 galia
466 4247 800 4320 exigentibus
847 4244 982 4298 liber
1010 4241 1212 4297 evasit?
1265 4237 1525 4308 Agricola:
1564 4250 1794 4306 namque
1831 4243 1887 4291 et

285 4340 601 4414 negotiatori
634 4337 782 4394 multi
816 4334 1047 4402 undique
1077 4339 1201 4385 sunt
1231 4329 1424 4383 tributa
1459 4327 1765 4409 persolvere
1790 4341 1885 4381 co-

282 4431 506 4507 gentes,
529 4445 581 4488 et
619 4446 768 4486 suam
799 4430 995 4498 quique
1038 4433 1244 4495 partem
1285 4430 1585 4490 repetentes
1621 4437 1636 4472 :
1680 4420 1727 4474 ei
1756 4433 1884 4474 vero

279 4530 372 4601 qui
400 4527 581 4598 egenis
611 4539 704 4578 sua
736 4536 957 4591 erogare
981 4518 1148 4588 cupit,
1179 4531 1335 4569 nemo
1361 4514 1482 4566 talia
1509 4512 1881 4576 comminatur,

280 4627 355 4680 ita
382 4633 438 4678 ut
469 4623 553 4676 hic
583 4619 759 4690 potius
798 4630 1013 4670 suorum
1045 4610 1290 4667 dominus
1333 4608 1423 4662 sit.
1474 4610 1552 4658 Au
1584 4620 1709 4683 vero
1737 4619 1878 4667 eum,

280 4719 374 4788 qui
415 4712 806 4776 meretricibus,
837 4708 1032 4771 ventri,
1065 4703 1334 4775 parasitis,-
1367 4699 1726 4755 adulatoribus
1773 4700 1884 4752 lucc

281 4809 529 4873 cil'undit,
557 4804 780 4874 gleriam
816 4816 966 4855 suam
999 4800 1051 4852 in
1084 4794 1428 4867 ignominiam
1453 4792 1630 4854 vertit,
1658 4790 1882 4844 salutem

281 4901 482 4958 amittit
527 4913 691 4969 seque
728 4891 1077 4950 deridendum
1127 4888 1392 4960 prepinat,
1421 4884 1696 4939 domimnu
1737 4882 1885 4937 dicas

281 5010 470 5052 eormn
500 5007 616 5062 qusn
646 4988 727 5043 sic
750 4984 1043 5056 impendit;
1075 4982 1117 5036 si
1149 4991 1325 5034 autem
1355 4977 1420 5031 ad
1451 4991 1632 5030 veram
1659 4974 1881 5044 gloriam

285 5091 694 5153 utilitatemque,
741 5078 1032 5135 secundum
1085 5075 1175 5129 Dei
1220 5072 1494 5143 placitum,
1543 5084 1662 5123 cum
1717 5065 1882 5120 multa

283 5153 566 5252 prudentia
589 5177 673 5228 illa
703 5170 986 5242 expendat,
1018 5183 1124 5223 non
1156 5167 1281 5220 item
1307 5162 1494 5217 dicas?
1519 5161 1709 5215 Annon
1741 5157 1880 5211 idem

285 5274 438 5337 faris,
471 5285 534 5324 ac
581 5255 626 5322 si
665 5263 967 5337 quempiam
1000 5253 1339 5331 perspiciens
1369 5256 1420 5309 in
1461 5253 1801 5323 aqumductus
1831 5258 1885 5305 et

284 5365 504 5420 canales
531 5376 623 5414 sua
672 5356 966 5420 effundere,
1010 5367 1193 5408 eorum
1235 5349 1507 5404 dominum
1549 5361 1668 5400 esse
1704 5343 1879 5407 dicas;

286 5459 366 5512 sin
412 5469 540 5510 vero
584 5449 898 5506 necessariis
943 5445 1125 5500 usibus
1169 5440 1496 5510 impendere,
1551 5453 1674 5491 eum
1732 5434 1882 5504 quasi

285 5561 642 5620 expensorum
688 5541 982 5597 dominium
1029 5554 1132 5590 non
1181 5534 1464 5587 habentem
1506 5528 1724 5598 lugeas?
1773 5527 1884 5579 lmo

290 5617 415 5696 vero
457 5653 559 5691 nou
613 5635 678 5690 iis
711 5632 798 5702 qui
832 5642 1030 5686 temere
1080 5628 1387 5688 absmnunt,
1428 5620 1520 5676 sed
1563 5621 1648 5685 iis,
1695 5617 1783 5687 qui
1827 5617 1879 5671 in

289 5732 476 5801 capitis
496 5731 574 5785 sui
596 5727 882 5799 perniciem
911 5724 962 5778 id
982 5723 1196 5783 iaciunt,
1217 5720 1302 5775 isti
1329 5719 1341 5750 ¹
1372 5712 1877 5787 comparamlisunt.

353 5847 369 5877 ⁸
407 5852 507 5894 Duo
525 5850 630 5893 Mss.
666 5853 770 5905 pro,
807 5829 1251 5900 isti,habeut,ﬁlii.

1081 349 1439 407 ADVERSUS
1466 351 2013 410 OPPUGNATthES
2055 355 2241 414 YlTrE
2272 361 2566 418 MONAST.
2600 364 2727 420 LIB.
2772 368 2858 421 Ill.

333 459 671 525 festinamus,
705 460 793 515 ubi
817 478 938 516 cum
968 464 1154 528 simus,
1209 463 1638 533 iugemiscimus?
1697 465 1761 520 iit
1804 466 1917 520 bzcc

2027 469 2132 522 illa:
2179 487 2404 542 uanique
2451 493 2696 544 expensa:
2744 480 3047 549 clariorem,
3105 485 3516 553 opulentiorem,
3553 503 3598 543 ct

2026 560 2272 614 tutiorem
2319 563 2526 618 faciunt
2581 569 2881 636 hominem;
2934 571 3016 626 ha:
3063 589 3189 627 vero
3240 594 3344 632 non
3401 592 3605 651 turpem

2024 649 2202 715 modo,
2236 659 2291 706 et
2320 656 2604 722 opprobrio
2649 657 2887 729 dignum,
2923 662 3017 718 sed
3043 663 3362 720 damnationi
3391 649 3607 738 prorsus

2024 742 2336 797 obnoxium.

2097 835 2182 886 17.
2213 835 2346 900 Quid
2387 853 2532 907 ergo,
2578 839 2804 910 inquies,
2850 858 3024 898 annon
3066 855 3184 914 post
3213 851 3603 908 matrimonium

2020 937 2081 976 ac
2106 934 2380 994 susceptos
2411 928 2605 983 liberos
2634 931 2814 985 licebit
2843 931 2981 988 hanc
3011 935 3399 1007 pl‘iilosophiam
3436 942 3487 996 iu
3524 960 3601 997 sc-

2023 1023 2232 1070 nectute
2261 1011 2544 1085 amplecti?
2588 1021 2657 1074 At
2704 1023 2820 1090 quis
2865 1024 3017 1079 nobis
3061 1028 3390 1095 polliceatur,
3435 1034 3605 1100 primo

2019 1105 2231 1173 quidem
2277 1123 2375 1163 nos
2425 1109 2490 1164 ad
2528 1121 2819 1168 extremam
2861 1127 3186 1173 senectutem
3221 1136 3601 1194 perventuros;

2018 1197 2272 1263 secundo,
2302 1201 2345 1252 si
2390 1201 2456 1255 ad
2493 1218 2610 1256 eam
2654 1194 3044 1274 perveniamus,
3099 1211 3340 1266 eamdem
3391 1231 3603 1282 prorsus

2017 1299 2246 1344 mentem
2296 1303 2602 1350 servaturos
2641 1298 3012 1370 csse?Neque
3059 1303 3200 1357 enim
3244 1309 3521 1374 prurstituti
3553 1310 3602 1364 iu

2015 1383 2120 1434 vita
2167 1386 2422 1452 temporis
2460 1385 2658 1441 dotnini
2700 1403 2920 1445 sumus:
2948 1393 3104 1462 idque
3129 1395 3308 1449 docuit
3342 1413 3439 1451 nos
3466 1399 3600 1453 l’au-

2015 1471 2094 1527 ltts
2121 1474 2424 1530 ‘cumdixit
2457 1496 2468 1532 :
2495 1478 2613 1533 Dies
2638 1479 2859 1548 Domini,
2891 1484 3015 1536 sicut
3045 1488 3129 1556 [ur
3154 1487 3204 1540 in
3235 1498 3394 1555 nocte,
3417 1491 3485 1542 itu
3519 1507 3597 1544 re-

2014 1565 2113 1615 niet
2141 1565 2218 1630 (l.
2246 1564 2425 1620 Thess.
2462 1570 2598 1640 5.52)
2627 1589 2639 1621 :
2664 1587 2836 1641 neque
2879 1590 3064 1630 rursus
3096 1578 3144 1631 iu
3176 1579 3360 1632 eadem
3391 1596 3600 1652 semper

2012 1657 2285 1713 alacritate
2327 1663 2579 1730 propositi
2611 1667 2963 1734 cogitationes
3001 1680 3198 1724 nostrze
3237 1689 3593 1741 perseverant.

2011 1750 2344 1821 Quapropter
2382 1755 2591 1823 sapiens
2619 1758 2829 1826 quidam
2869 1760 3118 1817 admouet
3157 1763 3236 1817 his
3265 1766 3440 1820 verbis
3470 1785 3481 1818 :
3517 1767 3598 1820 Ne

2009 1844 2176 1898 tardes
2221 1848 2440 1900 converti
2497 1849 2564 1900 ad
2597 1849 2889 1918 Dominum,
2936 1863 2981 1906 et
3025 1871 3086 1908 nc
3115 1855 3320 1923 (li/feras
3359 1859 3421 1911 de
3448 1861 3598 1914 tliein

2007 1933 2137 1985 diem
2161 1933 2343 2002 (liccli.
2374 1938 2425 1992 5.
2461 1938 2529 1993 8³
2560 1942 2600 2009 ),
2633 1957 2699 1996 ne
2730 1939 2886 2006 iorte,
2928 1944 3051 1997 dum
3085 1955 3139 1998 tu
3184 1963 3385 2001 moram
3435 1950 3597 2003 trahis

2006 2026 2320 2092 conterat-is,
2369 2037 2424 2082 et
2471 2029 2521 2082 in
2568 2040 2807 2100 tempore
2856 2034 3070 2089 ultionis
3119 2052 3328 2106 pereas.
3378 2039 3595 2096 Etiamsi

2005 2131 2134 2170 vero
2160 2132 2345 2173 eorum
2377 2120 2507 2174 nihil
2557 2133 2698 2177 esset
2736 2124 3020 2193 incertum,
3064 2144 3128 2182 ne
3175 2129 3253 2183 sic
3290 2131 3503 2198 quidem
3533 2132 3594 2186 li-

2003 2209 2163 2262 beros
2192 2223 2401 2267 nostros
2444 2216 2640 2269 morari
2684 2217 3022 2286 deberemus,
3065 2237 3236 2290 neque
3269 2212 3470 2276 tantum
3504 2223 3592 2278 de«

2007 2301 2313 2363 triineutum
2350 2306 2636 2376 negligere.
2666 2307 2796 2363 Nam
2825 2321 3076 2365 extrema:
3116 2299 3396 2368 dementia:
3425 2326 3586 2387 esset,

1997 2387 2248 2459 juvenem
2277 2394 2296 2426 ³
2320 2397 2516 2451 auxilio
2565 2410 2833 2469 egentem,
2892 2401 3198 2458 adversario
3229 2407 3592 2471 vehementer

2004 2484 2252 2553 instante,
2277 2488 2466 2556 jubere
2497 2492 2810 2561 sarularibus
2852 2493 3092 2564 iuunergi
3117 2498 3293 2564 rebus,
3324 2499 3389 2551 ita
3420 2510 3474 2552 ut
3501 2515 3585 2552 sn-

2002 2590 2188 2648 peratu
2238 2581 2406 2637 facilis
2454 2586 2738 2650 evaderet;
2789 2597 3066 2657 postquam
3115 2601 3290 2645 autem
3328 2595 3592 2646 sexcentis

1999 2673 2309 2728 vulneribus
2349 2677 2630 2731 confossus
2667 2679 2810 2733 nulla
2849 2695 2911 2734 ex
2955 2687 3108 2749 parte
3145 2697 3306 2736 sanus
3334 2692 3435 2748 est,
3466 2693 3591 2738 tunc

1998 2777 2207 2818 armare
2239 2765 2384 2818 illum
2414 2777 2466 2820 et
2509 2769 2742 2824 excitare
2780 2770 3044 2838 jacentcm
3089 2773 3481 2844 inﬁrmumque.
3517 2777 3588 2829 lta

1997 2870 2147 2920 sane,
2181 2858 2422 2927 inquies;
2458 2871 2579 2915 tunc
2622 2864 2763 2916 enim
2808 2864 2938 2920 levis
2970 2883 3139 2936 pugna
3181 2870 3302 2934 erit,
3337 2871 3591 2941 facileque

1996 2961 2288 3023 certuucu,
2313 2951 2422 3020 jam
2455 2954 2714 3007 exstincta
2745 2959 3196 3026 concupiSt-entia.
3230 2962 3357 3028 Quae
3398 2980 3585 3033 pugna,

1996 3056 2113 3106 eum
2146 3043 2317 3097 nulius
2343 3045 2482 3098 adsit
2509 3057 2693 3100 contra
2743 3043 2839 3104 nos
2872 3051 3049 3119 pugil?
3093 3052 3214 3122 Ideo
3246 3070 3341 3107 nec
3377 3072 3590 3109 corona:

2002 3129 2128 3187 tunc
2174 3135 2406 3190 illustres
2434 3147 2592 3192 erunt
2625 3156 2637 3192 :
2671 3139 2855 3194 Beatus
2894 3143 3036 3194 enim
3083 3144 3168 3212 qui
3205 3147 3473 3211 portaverit
3499 3148 3589 3216 ju-

1993 3242 2112 3294 gum
2149 3224 2166 3254 "
2198 3229 2257 3280 ab
2299 3227 2634 3282 adolescentia
2677 3247 2810 3296 sua;
2850 3232 3032 3286 sedebit
3063 3234 3336 3300 solitarius,
3382 3247 3425 3290 ct
3453 3249 3584 3291 tace-

1995 3317 2064 3368 bit
2093 3316 2307 3384 (lereu.
2343 3321 2394 3374 5.
2424 3321 2538 3390 9.7).
2577 3322 2668 3377 ilic
2712 3319 2979 3378 sexcentis
3011 3325 3250 3380 laudibus
3292 3328 3504 3398 dignus,
3535 3340 3588 3384 et.

1996 3409 2410 3466 beatitudinilms
2452 3425 2504 3467 et
2549 3417 2852 3484 pra-coniis,
2903 3418 2990 3487 qui
3040 3417 3300 3474 furentem
3341 3434 3584 3479 naturam

1994 3501 2201 3565 innuat,
2241 3509 2292 3557 et
2322 3505 2372 3558 in
2401 3506 2509 3575 ipsa
2547 3509 2876 3574 tempestatis
2907 3509 2956 3562 vi
2983 3511 3232 3580 scapham
3265 3515 3444 3584 eripit.
3482 3517 3584 3571 Ve-

1986 3599 2106 3638 rum
2157 3603 2224 3641 ne
2265 3602 2430 3658 super
2462 3592 2546 3648 his
2589 3595 2750 3650 rebus
2809 3601 3240 3665 contendamus,
3291 3605 3563 3674 cont-eda;

1985 3690 2215 3746 unisque
2265 3681 2310 3734 si
2360 3681 2442 3737 vis
2493 3689 2623 3740 tunc
2671 3686 2836 3740 etiam
2888 3689 3088 3744 bellum
3137 3709 3258 3746 esse
3298 3694 3558 3752 futurum.

1986 3767 2128 3823 Sane
2169 3771 2214 3824 si
2262 3787 2430 3850 penes
2480 3791 2579 3831 nos
2636 3789 2781 3832 esset
2828 3787 3044 3850 tempus
3086 3787 3403 3843 certaminis
3455 3801 3564 3844 sta-

1983 3865 2135 3913 tuere
2161 3900 2175 3925 ,
2218 3849 2344 3931 jure
2387 3875 2600 3937 tempus
2643 3869 2776 3924 illud
2818 3880 3139 3942 exspectare
3187 3877 3423 3934 liceret:
3480 3882 3565 3936 sin

1982 3969 2112 4008 vero
2144 3971 2238 4024 per
2271 3965 2440 4012 totam
2465 3962 2628 4016 vitam
2655 3964 2814 4019 nobis
2842 3966 3215 4023 dimicandum
3239 3979 3346 4036 est,
3372 3989 3569 4044 nempe

1983 4046 2052 4099 ab
2101 4049 2320 4106 ineunte
2356 4061 2546 4118 celate,
2599 4055 2714 4110 sive
2746 4076 2775 4110 τι
2823 4058 3087 4115 decennio
3131 4065 3226 4132 (ex
3261 4080 3324 4118 ea
3364 4067 3568 4138 quip,e

1981 4145 2142 4192 :etate
2187 4148 2536 4208 peccatorum
2589 4148 2857 4202 rationem
2911 4150 3178 4205 reddituri
3235 4169 3459 4218 sumus,
3509 4171 3568 4212 u‘:

1984 4229 2159 4297 palam
2196 4231 2405 4287 faciunt
2430 4239 2583 4305 pueri
2610 4239 2717 4303 illi,
2751 4241 2845 4310 qui
2877 4244 3021 4310 quod
3057 4223 3291 4299 Eliscum
3338 4250 3566 4306 irridere

1984 4323 2102 4376 ausi
2143 4335 2361 4392 esseut,
2394 4331 2461 4382 ab
2491 4332 2638 4386 ursis
2671 4334 2911 4391 devorati
2959 4337 3156 4408 sunt),
3210 4332 3264 4394 et
3310 4358 3456 4397 nunc
3502 4362 3565 4400 ex

1985 4413 2075 4466 illa
2117 4425 2276 4473 aetate
2320 4422 2682 4488 praaliandum
2716 4436 2832 4491 est,
2867 4444 2976 4498 qua
3031 4430 3235 4486 bellum
3277 4434 3566 4491 adversum

1986 4520 2086 4561 nos
2132 4511 2521 4578 gravissimum
2577 4516 2869 4574 itu-minet:
2911 4536 3017 4589 qua
3076 4525 3288 4580 ratione
3336 4534 3391 4579 tu
3435 4536 3573 4582 tem-

1986 4614 2088 4669 pus
2155 4607 2556 4662 certaminibus
2606 4612 2947 4669 constituis?
3003 4614 3213 4671 Etenim
3272 4618 3318 4671 si
3376 4621 3429 4673 in
3480 4629 3570 4674 tua

1985 4701 2253 4762 potestate
2302 4709 2447 4754 esset
2502 4699 2719 4755 diabolo
2772 4704 3065 4774 praecipere
3114 4717 3171 4762 ut
3221 4726 3329 4764 non
3373 4711 3575 4764 irrum-

1989 4805 2155 4866 percl,
2192 4795 2270 4848 vel
2298 4808 2523 4864 pugnam
2567 4793 2946 4854 committeret,
2991 4790 3120 4848 haec,
3153 4800 3238 4844 tua
3284 4791 3578 4846 admonitio

1989 4885 2179 4940 rationi
2203 4901 2310 4939 non
2349 4885 2548 4939 absona
2583 4898 2702 4938 esse
2726 4882 3026 4946 videretur;
3060 4881 3141 4936 sin
3169 4890 3345 4936 autem
3378 4898 3441 4936 ex
3471 4899 3573 4935 una

1991 4987 2140 5046 parte
2179 4977 2349 5047 ipsum
2381 4991 2616 5046 pugnare
2661 4974 2844 5028 sitiens
2896 4983 2950 5028 et
2998 4973 3116 5027 telis
3161 4973 3442 5042 impetere,
3495 4989 3580 5026 me

1985 5070 2171 5141 jubeas
2195 5069 2506 5139 quiescere,
2541 5067 2652 5122 imo
2686 5075 2876 5135 Sponte
2906 5066 3252 5119 succumbere
3272 5105 3287 5130 ,
3317 5064 3441 5132 quid
3480 5063 3578 5118 hoc

1988 5164 2433 5221 damnodeterius
2461 5161 2638 5226 fuerit,
2672 5160 2880 5220 furente
2907 5160 3154 5214 nimirum
3189 5157 3425 5221 inimico,
3453 5172 3583 5211 eum.

1988 5258 2076 5326 qui
2103 5257 2372 5326 impetitur
2395 5254 2558 5308 armis
2587 5268 2783 5308 exuere
2803 5293 2816 5318 ,
2843 5261 2897 5307 et
2925 5252 3001 5307 sic
3037 5252 3090 5305 in
3121 5251 3236 5320 ejus
3259 5265 3444 5303 manus
3476 5258 3571 5301 tra-

1988 5349 2150 5404 dere?
2175 5348 2200 5403 .l
2211 5347 2394 5402 uvcnis
2411 5354 2560 5401 estet
2586 5345 2866 5398 inﬁrmus?
2889 5342 3114 5414 ideoque
3136 5342 3322 5413 majori
3339 5342 3584 5396 cautione

2053 5572 2069 5601 ί
2107 5574 2206 5615 nuo
2229 5570 2334 5614 ttss.
2364 5571 2414 5611 et
2437 5561 2574 5610 savil.
2596 5561 2796 5618 habent,
2821 5559 3056 5611 Christus.

2052 5634 2073 5663 ι
2112 5633 2256 5676 iocus
2279 5625 2594 5674 ecclesiastici
2617 5624 2759 5673 aliter
2779 5623 2910 5687 jacet
2935 5625 2983 5672 iu
3008 5624 3151 5673 Bditis
3189 5629 3297 5672 LXX
3339 5627 3582 5683 Interpre-

1989 5700 2090 5744 tum
2116 5698 2166 5738 et
2187 5691 2234 5738 in
2259 5689 2472 5754 vulgata.
2684 5747 2711 5754 η
2740 5748 2749 5754 _

2052 5755 2072 5785 ³
2107 5761 2207 5801 Duo
2225 5745 2610 5817 atss.,”jttvatcm.
2636 5747 2770 5808 Editi,
2795 5745 2969 5810 ﬁlium.
3047 5814 3050 5817 _

2057 5819 2077 5850 δ
2114 5822 2257 5876 Unus,
2271 5812 2449 5876 jugth
2469 5821 2634 5875 grave.
