4266 6314
654 308 758 365 379

653 429 734 475 est
759 429 893 487 opus
911 457 927 484 ,
953 411 1230 484 majorque
1259 407 1522 481 diligentia
1544 404 1839 461 adhibenda
1885 413 1987 458 est.
2023 400 2220 471 Hujus-

655 510 799 565 modi
843 518 1018 565 autem
1049 505 1220 559 virum
1248 504 1301 557 in
1332 500 1709 570 tranquillitate
1739 506 1794 551 et
1819 495 2000 566 quiete
2032 493 2225 561 degere

655 609 885 673 Oportet,
916 612 1021 653 non
1043 598 1095 651 in
1111 594 1319 665 negotia
1338 608 1397 648 se
1423 590 1687 659 conjicere
1707 596 1762 642 et
1782 586 1833 639 in
1851 584 2025 672 medio
2043 597 2227 637 versa-

656 694 724 759 ri,
754 692 843 746 ubi
884 689 1137 746 tumultus
1174 687 1360 755 ingens
1410 696 1473 737 ac
1523 678 1872 752 perturbatio.
1921 675 2009 733 Tu
2044 681 2227 729 contra

654 800 769 852 eos,
798 785 987 854 quibus
1031 781 1223 837 bellum
1249 778 1424 833 acrius
1448 775 1723 837 imminet,
1754 762 1808 827 et
1836 785 1931 841 per
1968 774 2177 823 aetatem
2208 766 2226 796 ¹

655 888 710 932 et
752 892 847 946 per
874 874 1232 929 inﬁrmitatem
1278 877 1334 925 et
1382 883 1478 938 per
1519 861 1870 935 imperitiam,
1897 868 1952 915 et
1995 857 2137 935 quod
2176 857 2227 911 in

656 984 833 1024 rerum
856 966 1030 1021 medio
1056 952 1365 1026 versantur;
1397 959 1516 1026 bos,
1538 956 1689 1028 quasi
1709 970 1766 1010 re
1784 954 1894 1024 jam
1924 951 2060 1007 bene
2084 957 2230 1021 gesta

658 1069 713 1116 et
737 1058 989 1140 acquisita
1021 1053 1360 1120 fortitudine,
1392 1052 1448 1105 in
1479 1048 1709 1104 medium
1737 1044 2069 1140 trahis,-uec
2102 1039 2232 1094 sinis

659 1153 712 1205 in
743 1132 1010 1204 desertum
1046 1142 1305 1216 proﬁcisci
1348 1149 1407 1195 ut
1442 1145 1795 1196 exerceantur
1821 1143 1874 1189 et
1901 1132 1968 1187 ad
2004 1144 2229 1202 pugnam

610 1248 613 1249 '
656 1255 714 1295 se
735 1246 1042 1307 comparent
1070 1253 1083 1289 :
1112 1230 1552 1304 quemadmodum
1579 1229 1622 1283 si
1653 1229 1771 1296 quis
1798 1241 1941 1292 eum,
1962 1221 2232 1295 quimillia

659 1339 839 1400 posset
862 1325 1063 1398 erigere
1092 1335 1323 1395 tropma,
1361 1322 1573 1392 iuberet
1607 1334 1721 1374 rem
1762 1318 2017 1373 bellicam
2055 1313 2234 1384 quiete

660 1421 903 1477 meditari
942 1429 995 1473 et
1020 1417 1324 1479 addiscere;
1369 1412 1670 1481 imperitum
1700 1425 1830 1464 vero
1865 1407 1955 1478 qui
2006 1419 2234 1477 pugnam

659 1528 726 1567 ne
750 1511 1010 1579 respicere
1036 1506 1249 1577 quidem
1276 1512 1473 1574 posset,
1507 1501 1626 1556 ideo
1658 1514 1882 1570 pugnam
1900 1499 2235 1553 committere

652 1604 949 1673 juheret,ac
966 1599 1162 1669 majora
1186 1597 1304 1651 ideo
1327 1594 1701 1665 impedimenta
1724 1587 2118 1660 poneret,quod
2146 1601 2235 1642 res

646 1693 886 1749 difﬁcilis
916 1699 1075 1745 esset.
1109 1688 1373 1743 Prmterea
1403 1699 1531 1739 vero
1558 1682 1609 1738 id
1647 1680 2090 1737 considerandum
2120 1686 2232 1745 est,

660 1802 763 1838 non
796 1784 953 1837 licere
983 1788 1101 1850 post
1116 1779 1322 1848 nuptias
1348 1773 1595 1845 cuiquam
1624 1787 1777 1827 suum
1798 1785 1917 1827 esse
1939 1770 2231 1834 dominum,

658 1874 750 1928 sed
779 1872 1084 1925 alterutrum
1116 1865 1473 1920 necessarium
1499 1878 1638 1935 esse,
1661 1870 1887 1916 autcum
1905 1874 2070 1915 uxore
2094 1873 2237 1914 scm-

660 1982 753 2034 per
782 1960 1003 2022 versari,
1034 1960 1077 2013 si
1115 1959 1226 2027 ipsa
1258 1955 1424 2018 velit;
1450 1954 1537 2008 vel
1584 1952 1629 2007 si
1660 1951 1749 2006 illa
1776 1951 2110 2007 continenter
2153 1949 2235 2001 vi-

662 2071 788 2109 vere
814 2050 1056 2115 voluerit,
1079 2064 1142 2103 ea
1169 2047 1387 2102 dimissa
1417 2045 1473 2098 in
1501 2043 1817 2098 adulterium
1835 2039 2234 2107 incidere.Quid

660 2162 747 2204 me
776 2146 953 2201 dicere
982 2156 1117 2212 opus
1148 2148 1230 2196 est
1255 2138 1356 2193 alia
1379 2136 1708 2191 necessitatis
1732 2135 1939 2189 vincula
1960 2174 1975 2198 ,
2006 2133 2232 2198 liberos,

606 2298 607 2301 η
658 2241 735 2295 rei
758 2236 1030 2293 familiaris
1046 2248 1223 2300 curas,
1250 2246 1368 2302 qua:
1392 2244 1605 2291 omnem
1634 2228 1888 2297 propositi
1909 2226 2235 2281 alacritatem

657 2330 948 2385 obtundere
994 2320 1581 2397 possint,multumque
1625 2317 1815 2373 anima:
1862 2326 2126 2386 torporem
2156 2315 2237 2370 iu-

662 2422 917 2478 fundere?

726 2511 814 2567 18.
855 2510 899 2564 Α
933 2511 1095 2581 prima
1129 2516 1273 2561 artata
1310 2502 1478 2558 virtuti
1515 2499 1917 2555 incumbentium.
1938 2528 2012 2539 —
2037 2498 2234 2564 Quam-

657 2594 843 2658 obrem
871 2603 1025 2672 longe
1070 2599 1261 2654 melius
1297 2604 1396 2660 cst,
1426 2595 1698 2649 dominum
1727 2592 1809 2645 sui
1852 2606 1915 2646 ac
1948 2592 2178 2646 solutum
2204 2606 2234 2645 a

661 2696 909 2763 prim-.m‘a
934 2700 1088 2746 mtate
1115 2689 1278 2743 armis
1299 2689 1563 2741 instruere
1582 2725 1597 2751 ,
1622 2698 1727 2737 non
1756 2682 1825 2735 ob
1856 2695 1916 2737 ea
1945 2698 2063 2751 qua:
2097 2682 2234 2736 dicta

656 2793 781 2839 sunt
809 2792 1045 2845 tantum,
1079 2779 1173 2835 sed
1216 2793 1323 2833 non
1363 2775 1537 2830 minus
1561 2774 1720 2827 etiam
1761 2772 1875 2841 ejus
1928 2773 2002 2827 rei
2046 2773 2234 2842 gratia,

655 2892 775 2944 qua:
800 2889 923 2929 mox
950 2873 1177 2927 dicetur.
1215 2870 1344 2924 Nam
1371 2868 1460 2939 qui
1495 2880 1682 2921 versus
1726 2865 1883 2918 linem
1935 2864 2077 2931 vine
2102 2864 2237 2918 hanc

658 2966 1044 3038 philosophiam
1086 2962 1387 3033 aggreditur
1406 3002 1421 3027 ,
1444 2972 1605 3012 onmc
1643 2965 1854 3025 tempus
1881 2955 2150 3020 conterit,
2180 2963 2237 3019 ut

657 3066 869 3131 peccata
910 3057 1077 3128 pessit
1124 3057 1177 3109 in
1208 3053 1473 3124 przcterita
1503 3058 1659 3104 aetate
1701 3048 1932 3102 admissa
1982 3048 2235 3113 abluere;

641 3143 869 3221 ejusque
905 3158 1071 3204 totum
1099 3147 1330 3203 studium
1361 3144 1462 3198 hac
1487 3143 1541 3197 in
1572 3157 1631 3196 re
1659 3140 2025 3207 consumitur;
2068 3157 2236 3209 smpe-

655 3257 757 3310 quc
782 3240 1039 3309 contingit
1069 3246 1127 3293 ut
1156 3254 1259 3291 non
1290 3245 1371 3290 sat
1400 3232 1655 3302 temporis
1686 3231 1875 3286 habent
1899 3273 1914 3297 ,
1950 3245 2003 3289 et
2045 3253 2107 3289 ex
2138 3235 2236 3288 hac

652 3333 757 3385 vita
798 3329 1036 3385 discedat
1084 3328 1359 3381 vulnerum
1390 3322 1644 3391 reliquias
1691 3339 1870 3381 secmn
1912 3327 2112 3382 ferens.
2170 3327 2238 3379 At

654 3440 783 3478 vero
808 3424 894 3493 qui
918 3439 947 3475 a
968 3422 1132 3491 prima
1159 3429 1315 3473 mtate
1341 3433 1400 3473 se
1426 3416 1595 3480 exuit,
1613 3432 1717 3470 non
1742 3418 1840 3474 hac
1868 3423 1919 3475 in
1943 3436 2001 3475 re
2028 3430 2236 3487 tempus

654 3516 899 3577 absumit,
929 3530 1026 3567 nec
1052 3513 1200 3567 sedet
1235 3526 1433 3566 curans
1472 3512 1720 3577 vulnera,
1765 3512 1860 3567 sed
1900 3513 1967 3566 ab
2015 3510 2237 3577 exordio

656 3608 870 3677 prtemia
890 3607 1185 3675 accipit.Ac
1211 3605 1283 3659 illi
1310 3605 1526 3674 quidem
1552 3606 1681 3659 satis
1704 3616 1787 3660 est
1811 3604 2101 3660 sarciendis
2122 3603 2235 3658 cla-

656 3702 810 3755 dibus
830 3698 1075 3754 omnibus
1107 3712 1332 3766 pugnam
1361 3697 1529 3759 inire;
1561 3696 1645 3751 hic
1668 3706 1845 3752 autem
1877 3696 1945 3750 ab
1970 3698 2085 3766 ipso
2110 3710 2233 3748 cur-

659 3809 750 3850 sus
780 3794 1016 3862 iugrcssu
1049 3800 1244 3859 tropum
1275 3789 1465 3859 erigit,
1497 3798 1552 3844 et
1579 3789 1831 3843 victorias
1860 3788 2100 3843 victoriis
2140 3786 2235 3841 ad-

659 3885 906 3952 dit,velut
922 3883 1176 3955 Olympici
1195 3882 1499 3936 certaminis
1514 3881 1703 3946 victor,
1722 3882 1809 3951 qui
1837 3897 1866 3935 a
1890 3882 2055 3951 prima
2082 3890 2237 3936 :ctate

660 3993 755 4047 per
783 3975 1014 4031 vietoria:
1045 3973 1485 4044 proclamationes
1514 3973 1581 4028 ad
1607 3982 1877 4028 senectam
1900 3988 2067 4043 usque
2108 3987 2236 4042 pro-

658 4082 889 4139 gressus,
918 4066 994 4121 sic
1019 4065 1232 4119 demum
1252 4063 1466 4119 decedit
1491 4065 1785 4118 innumeris
1811 4064 2025 4118 coronis
2064 4063 2237 4133 capite

658 4158 953 4215 redimitus.
980 4157 1056 4209 Ex
1080 4170 1305 4224 quorum
1330 4155 1507 4224 itaque
1523 4169 1745 4210 numero
1772 4155 1849 4209 vis
1882 4154 2052 4208 ﬁlium
2087 4163 2234 4207 ttmm

657 4248 815 4304 esse?
846 4261 1099 4301 eorumne
1121 4246 1207 4315 qui
1245 4260 1432 4316 magna
1456 4259 1579 4300 cum
1606 4244 1795 4299 ﬁducia
1821 4244 1967 4314 ipsos
2008 4244 2235 4299 archan-

664 4339 806 4409 gelos
837 4336 1024 4391 intueri
1050 4344 1289 4405 possunt,
1318 4351 1384 4389 an
1406 4350 1591 4391 eorum
1623 4336 1711 4405 qui
1740 4344 1881 4390 stant
1902 4335 1952 4389 iu
1984 4334 2157 4398 turba,
2184 4345 2239 4389 et

669 4431 911 4485 ultimum
935 4437 1148 4482 servant
1189 4427 1472 4483 ordinem?
1498 4427 1805 4482 Extremum
1849 4442 2075 4497 namque
2119 4443 2237 4482 sor-

663 4523 859 4576 tientur
886 4520 1101 4573 omnino
1123 4561 1137 4583 ,
1172 4518 1215 4572 si
1241 4528 1417 4573 tamen
1447 4519 1653 4588 possint
1692 4533 1753 4573 ea
1784 4518 1963 4572 omnia
2018 4518 2241 4586 impedi-

666 4622 843 4668 menta
888 4620 1265 4673 transcurrere,
1316 4623 1432 4677 qua!
1486 4608 1644 4663 modo
1698 4610 2092 4663 numeravimus
2133 4625 2148 4664 :
2192 4610 2239 4664 si

665 4720 852 4775 nempe
883 4717 1051 4772 neque
1080 4717 1221 4756 mors
1244 4710 1557 4769 praematura
1581 4702 1721 4770 ipsos
1737 4701 2043 4771 abripuerit,
2067 4716 2239 4770 neque

664 4796 733 4851 ab
756 4809 916 4848 uxore
939 4803 1117 4862 postea
1172 4792 1406 4862 impediti
1439 4791 1664 4857 fuerint,
1697 4807 1866 4863 neque
1904 4800 1983 4848 tot
2021 4793 2238 4847 vulnera

662 4886 984 4957 acceperint,
1018 4878 1073 4938 ιιί
1098 4899 1194 4939 nec
1221 4893 1384 4938 totum
1407 4885 1692 4938 senectutis
1715 4895 1922 4954 tempus
1940 4884 2005 4938 ad
2033 4884 2119 4937 illa
2144 4900 2238 4938 cu-

664 4976 821 5031 randa
850 4976 1111 5041 sufﬁciat,
1149 4985 1202 5028 et
1242 4974 1284 5028 si
1321 4976 1635 5029 sententiam
1687 4974 1888 5027 ﬁrmam
1946 4990 2158 5043 semper
2187 4982 2239 5029 et

663 5069 933 5121 immotam
956 5076 1188 5119 servent.
1205 5065 1335 5119 Cum
1354 5066 1494 5120 enim
1518 5067 1631 5120 lucc
1651 5067 1827 5119 omnia
1846 5066 2234 5143 concurrerint,

663 5170 785 5213 tunc
812 5160 894 5213 vix
925 5168 1159 5213 extrema
1188 5159 1520 5230 occupabunt
1543 5159 1680 5214 loca.
1709 5159 1980 5214 llorumne
2000 5162 2156 5230 igitur
2170 5176 2239 5216 ex

663 5268 883 5307 numero
908 5253 987 5305 vis
1016 5266 1133 5306 esse
1156 5252 1318 5305 ﬁlium
1346 5262 1515 5318 tuum,
1534 5267 1601 5305 an
1626 5267 1810 5306 eorum
1839 5252 1927 5321 qui
1951 5252 2000 5305 in
2027 5252 2237 5320 phalan-

660 5346 738 5415 gis
767 5344 937 5400 fronte
960 5345 1271 5415 fulgebunt?
1299 5344 1490 5416 Ecquis
1516 5387 1530 5411 ,
1568 5346 1792 5415 inquies,
1837 5347 1905 5399 ila
1941 5348 2135 5411 miser,
2180 5356 2235 5401 ut

660 5441 743 5494 illa
772 5441 967 5510 potius,
995 5456 1151 5510 quam
1183 5439 1315 5504 haec,
1339 5448 1486 5509 optet
1533 5440 1651 5493 ﬁliis
1697 5446 1806 5492 suis
1821 5440 1843 5492 ’ἶ
1872 5440 2066 5493 Verum
2111 5456 2239 5494 con--

660 5530 993 5587 suetudinem
1020 5540 1303 5598 sectamur,
1335 5541 1390 5585 et
1409 5530 1525 5585 illos
1542 5531 1816 5585 nobiscum
1834 5546 1951 5593 esse
1969 5533 2230 5586 volumus.

712 5732 723 5762 ⁸
760 5730 900 5783 savii.
928 5737 979 5782 et
999 5728 1181 5789 Merel.,
1208 5738 1329 5793 post;
1350 5737 1553 5793 a‘talem,
1579 5729 1773 5791 addunt,
1799 5737 1841 5779 et
1858 5744 1943 5791 per
1962 5730 2214 5781 tumultum

1354 295 1413 351 S.
1451 291 1727 350 JOANN’IS
1760 284 2229 346 CHRYSOSTOMI
2272 285 2592 343 ARCIIIEP.
2629 280 3169 341 CONSTANTINOP.

3804 282 3912 336 380

2335 397 2449 454 lloc
2476 399 2648 470 ipsum
2678 408 2733 452 et
2758 412 2859 468 ego
2882 397 3040 466 cupio
3062 437 3078 461 ,
3108 411 3207 451 nec
3236 397 3413 451 minus
3457 404 3584 465 opto
3619 412 3775 465 quam
3820 413 3914 449 vos

2335 500 2603 560 parentes,
2623 499 2679 543 ut
2704 490 2757 543 in
2770 496 3042 558 paternam
3066 487 3288 551 redeant
3311 486 3525 541 domum
3550 496 3605 541 et
3627 487 3909 541 alimento-

2336 594 2453 636 rum
2482 578 2627 634 vices
2647 578 2955 649 parentibus
2984 577 3237 644 referant,
3269 577 3459 646 quibus
3475 575 3763 632 reddendis
3781 576 3915 632 vici-

2337 670 2435 724 bus
2460 668 2544 723 his
2571 668 2773 724 similes
2797 683 3081 739 numquam
3106 667 3372 737 reperiant
3399 684 3414 721 :
3440 683 3626 722 verum
3648 667 3751 722 hoc
3775 683 3918 723 nunc

2337 761 2405 814 ab
2432 761 2535 816 illis
2560 776 2665 816 non
2693 761 2987 831 exigamus.
3014 759 3294 829 Quomodo
3320 763 3461 815 enim
3487 760 3776 816 absurdum
3807 774 3915 814 non

2338 850 2513 919 fuerit,
2546 852 2592 907 si
2617 867 2739 907 cum
2763 852 2829 907 ad
2850 852 3126 907 literarum
3153 865 3249 907 eos
3276 851 3449 906 studia
3476 850 3758 917 mittimus,
3790 851 3911 906 lon-

2337 957 2405 1013 go
2434 958 2528 999 eos
2557 952 2795 1013 tempore
2817 943 2986 1013 patria
3012 956 3282 1005 arcemus,
3309 951 3363 997 et
3386 943 3431 997 si
3462 952 3519 996 ut
3542 952 3711 997 artem
3732 957 3921 1011 quam-

2336 1034 2461 1089 dam
2487 1034 2873 1099 mecbanicam,
2891 1045 2982 1089 aut
3010 1034 3168 1088 aliam
3194 1034 3432 1088 viliorem
3456 1033 3922 1101 ediscant,domus

2340 1128 2567 1198 propria:
2587 1127 2733 1181 aditu
2764 1126 3148 1193 interdicimus,
3176 1134 3231 1181 et
3257 1126 3309 1181 in
3328 1128 3565 1197 magistri
3585 1126 3745 1181 domo
3759 1140 3920 1196 pran-

2338 1219 2467 1274 dere
2493 1227 2546 1273 et
2573 1219 2809 1293 dormire
2827 1218 3108 1288 jubemus;
3138 1233 3261 1272 cum
3288 1227 3467 1272 autem
3494 1233 3602 1271 non
3629 1217 3915 1271 humanam

2338 1308 2623 1379 quamdam
2674 1308 3029 1378 disciplinam,
3077 1308 3171 1363 sed
3209 1307 3477 1363 czelestem
3534 1306 3919 1377 philosophiam

2338 1401 2531 1455 adituri
2558 1408 2700 1465 sunt,
2721 1401 2900 1454 statim
2915 1399 3552 1470 retrabimus,antequam
3580 1399 3631 1453 id
3664 1400 3753 1454 ﬁat
3777 1398 3917 1470 quod

2339 1494 2621 1564 Optamus?
2646 1495 2819 1563 Atque
2839 1493 2884 1549 is
2909 1493 3122 1563 quidem
3139 1535 3155 1560 ,
3180 1494 3271 1563 qui
3296 1508 3393 1563 per
3429 1505 3707 1548 extensum
3742 1491 3919 1567 funem

2340 1603 2555 1643 currere
2579 1586 2802 1642 docetur
2820 1628 2838 1654 ,
2865 1586 2953 1641 diu
2983 1586 3153 1640 aberit
3176 1585 3371 1651 domo;
3398 1600 3492 1641 eos
3518 1594 3717 1651 autem,
3745 1584 3835 1655 qui
3856 1599 3922 1639 ex

2341 1688 2481 1734 terra
2531 1679 2584 1732 in
2630 1678 2821 1734 coelum
2872 1677 3088 1733 avolare
3131 1677 3381 1744 discunt,
3437 1692 3559 1732 cum
3610 1677 3922 1747 parentibus

2340 1769 2681 1825 claudemus?
2707 1767 2844 1834 Quid
2873 1768 2973 1824 hac
2992 1768 3324 1824 absurditate
3335 1769 3632 1839 possitesse
3652 1767 3885 1824 deterius
3899 1768 3928 1821 τ

2339 1859 2525 1916 Nonne
2544 1859 2802 1930 agricolas
2829 1859 3037 1926 videtis,
3065 1859 3274 1915 etiamsi
3300 1860 3543 1914 laborum
3562 1859 3787 1914 fructum
3805 1874 3926 1928 pcr-

2339 1955 2516 2023 cipere
2538 1953 2805 2023 gestiant,
2833 1951 3145 2017 immaturos
3170 1964 3347 2008 tamen
3368 1952 3489 2008 illos
3514 1967 3803 2023 numquam
3828 1951 3927 2006 de-

2342 2052 2543 2099 metere
2556 2043 2581 2097 'l

2413 2135 2526 2189 Mos
2555 2143 2662 2190 erat
2682 2134 3018 2189 adolescentes
3035 2134 3105 2188 ad
3133 2142 3331 2206 tempus
3356 2141 3552 2189 tantum
3578 2134 3634 2189 in
3662 2143 3917 2188 manuue.

2340 2229 2419 2280 rio
2446 2227 2642 2296 degere.
2669 2255 2742 2267 ——
2765 2225 2908 2298 Ergo
2942 2216 3055 2281 ncc'
3072 2224 3210 2281 ﬁlios
3240 2235 3453 2281 nostros
3482 2240 3512 2280 a
3540 2224 3739 2280 deserti
3768 2239 3921 2278 com-

2342 2319 2637 2375 moratione
2682 2326 2809 2373 ante
2860 2326 3070 2389 tempus
3116 2317 3491 2384 abducamus;
3543 2316 3637 2372 sed
3689 2317 3927 2372 sinamus

2339 2411 2648 2482 disciplinas
2667 2410 2825 2465 altius
2846 2409 3079 2480 imprimi
3104 2420 3159 2465 et
3187 2410 3396 2480 plantas
3417 2408 3683 2464 radicibus
3707 2408 3923 2462 ﬁrmari.

2339 2504 2560 2559 Etiamsi
2589 2505 2800 2573 decem,
2830 2504 3041 2561 etiaméi
3079 2504 3263 2576 viginti
3301 2518 3470 2560 annos
3519 2503 3572 2558 in
3603 2502 3927 2556 monasterio

2339 2596 2408 2649 ali
2436 2605 2701 2666 oporteat,
2728 2612 2797 2652 ne
2839 2598 3141 2663 turbcmur,
3178 2610 3279 2651 nec
3317 2610 3551 2650 mmrorc
3593 2593 3923 2658 afﬁciantur;

2341 2697 2538 2756 quanto
2563 2689 2706 2744 enim
2735 2688 2936 2744 diutius
2961 2690 3012 2743 in
3041 2678 3322 2760 gymnasio
3350 2686 3750 2751 exercitabitur,
3779 2694 3929 2741 tanto

2341 2784 2571 2851 majores
2599 2782 2924 2852 adipiscetur
2952 2782 3113 2843 vires.
3147 2783 3258 2835 lmo
3287 2782 3331 2836 si
3359 2773 3586 2850 placeat,
3616 2795 3684 2835 ne
3718 2789 3927 2848 tempus

2340 2876 2676 2943 deﬁuiamus,
2714 2876 2807 2931 sed
2836 2877 3096 2931 terminus
3122 2875 3193 2931 sit
3232 2875 3320 2930 ille
3345 2869 3576 2938 tantum,
3616 2873 3705 2943 qui
3739 2873 3926 2926 insitos

2341 2967 2541 3023 fructus
2587 2970 2757 3038 possit
2798 2967 2862 3022 ad
2912 2967 3272 3022 maturitatem
3318 2965 3645 3035 perducere;
3698 2974 3929 3032 tuaeque

2341 3060 2526 3114 redeat
2565 3075 2631 3115 ex
2674 3059 2987 3126 solitudine,
3034 3074 3139 3113 non
3178 3048 3359 3113 autem
3403 3066 3583 3112 antea.
3613 3057 3754 3111 Nihil
3783 3058 3929 3112 enim

2341 3151 2494 3206 nobis
2527 3151 2761 3221 proderit
2792 3152 2880 3206 illa
2919 3152 3186 3214 celeritas,
3220 3150 3323 3204 nisi
3363 3158 3422 3204 ut
3458 3148 3524 3203 ad
3566 3149 3930 3203 maturitatem

2342 3259 2627 3315 numquam
2673 3245 2973 3314 perveniat.
3001 3243 3100 3311 Qui
3140 3243 3283 3297 enim
3327 3252 3452 3296 ante
3496 3249 3707 3312 tempus
3734 3241 3930 3295 radicis

2340 3336 2595 3390 alimento
2610 3336 2937 3400 destituitur,
2963 3335 3006 3388 is
3024 3335 3263 3404 profecto
3284 3349 3351 3388 ne
3372 3331 3693 3387 adveniente
3712 3332 3927 3402 quidem

2342 3435 2579 3497 tempore
2604 3426 2748 3481 utilis
2776 3426 2896 3481 erit.
2924 3424 3076 3493 Quod
3105 3433 3251 3479 utne
3278 3423 3508 3490 accidat,
3534 3423 3928 3493 separationem

2342 3519 2483 3573 illam
2513 3520 2777 3588 patienter
2814 3518 3081 3583 feramus;
3111 3532 3211 3571 nec
3241 3517 3415 3571 solum
3458 3531 3565 3571 non
3600 3531 3888 3586 urgeamus
3909 3558 3926 3581 ,

2340 3607 2435 3662 sed
2469 3608 2511 3663 si
2541 3617 2861 3677 praemature
2889 3607 3066 3662 redire
3105 3607 3302 3673 velint,
3348 3606 3727 3677 prohibeamus
3759 3624 3773 3659 :
3803 3622 3927 3677 per-

2340 3700 2536 3755 fectum
2563 3701 2703 3754 enim
2734 3709 2857 3754 tunc
2883 3700 3088 3755 lucrum
3118 3698 3335 3755 accedet
3363 3707 3415 3754 et
3442 3700 3580 3776 patri
3606 3709 3659 3753 et
3687 3700 3842 3752 matri
3874 3710 3930 3753 et

2339 3794 2520 3847 domui
2558 3802 2612 3848 et
2637 3793 2834 3849 civitati
2865 3802 2919 3848 et
2948 3793 3114 3863 genti.
3147 3780 3240 3848 Sin
3269 3807 3397 3847 vero
3430 3791 3775 3861 imperfectus
3802 3792 3926 3847 red-

2341 3894 2446 3951 eat,
2479 3885 2733 3940 ridiculus
2753 3885 2876 3950 erit,
2900 3884 3112 3954 probris
3138 3883 3435 3953 expositus,
3457 3883 3682 3952 aliisque
3711 3884 3927 3938 noxius.

2342 3978 2419 4032 Ne
2447 3978 2604 4047 igitur
2632 3976 2943 4031 detrimenti
2972 3976 3275 4045 hujusmodi
3305 3984 3552 4029 auctores
3577 3976 3763 4029 simus.
3792 3974 3927 4029 Nam

2342 4085 2462 4123 cum
2495 4083 2717 4138 peregre
2741 4067 2879 4122 ﬁlios
2902 4067 3183 4133 mittimus,
3213 4074 3337 4121 tunc
3357 4065 3571 4120 demum
3601 4066 3721 4120 illos
3743 4066 3928 4121 videre

2344 4158 2609 4223 volumus,
2655 4172 2776 4212 cum
2820 4156 2871 4211 id
2919 4155 3269 4227 perfecerint,
3312 4156 3463 4226 cujus
3502 4170 3660 4210 causa
3706 4156 3930 4225 profecti

2342 4258 2500 4315 sunt;
2529 4249 2573 4304 si
2594 4258 2719 4304 ante
2740 4246 2981 4315 redeant,
3005 4264 3110 4303 non
3135 4256 3339 4302 tantum
3360 4262 3425 4304 ex
3447 4246 3621 4301 reditu
3644 4248 3932 4316 voluptatis

2341 4343 2600 4411 capimus,
2628 4353 2883 4411 quantum
2911 4356 2975 4395 cx
3003 4357 3068 4396 co
3096 4342 3366 4406 mteroris,
3391 4340 3929 4411 quodfrustrarcdie-

2342 4433 2471 4486 rint.
2494 4433 2593 4499 Qui
2623 4434 2781 4503 igitur
2811 4448 2917 4487 non
2945 4448 3165 4487 summa:
3189 4432 3498 4487 stoliditatis
3520 4431 3699 4498 fuerit,
3726 4441 3928 4488 tantam

2345 4524 2397 4577 in
2424 4524 2785 4593 spiritualibus
2814 4540 2919 4579 non
2950 4524 3205 4578 adhibere
3231 4538 3435 4587 curam,
3470 4532 3723 4593 quantam
3753 4524 3806 4576 in
3830 4539 3935 4578 sm.

2343 4614 2649 4681 cularibus;
2689 4624 2848 4683 atque
2890 4614 2962 4669 ibi
2999 4613 3216 4684 quidem
3266 4613 3494 4668 ﬁliorum
3536 4614 3928 4683 scparationem

2345 4717 2452 4762 tam
2496 4708 2864 4779 philosophice
2906 4707 3076 4775 ferre,
3119 4718 3177 4762 ut
3218 4722 3336 4761 eam
3381 4705 3769 4761 diuturniorem
3807 4721 3931 4761 esse

2346 4810 2609 4870 optemus,
2654 4801 2701 4855 si
2739 4800 2805 4855 de
2850 4802 2963 4854 utili
3003 4802 3253 4871 quopiam
3295 4810 3519 4869 agatur;
3567 4798 3654 4851 hic
3678 4814 3807 4853 vero
3852 4798 3927 4854 ita

2346 4894 2532 4947 molles
2560 4903 2615 4947 et
2640 4893 2819 4947 animo
2848 4891 3044 4947 fractos
3070 4907 3211 4958 esse,
3240 4906 3361 4946 cum
3392 4891 3465 4944 illi
3494 4890 3924 4960 proﬁciscuntur,

2345 4995 2402 5038 nt
2449 4985 2550 5040 bac
2598 4995 2778 5040 nostra
2831 4986 3268 5054 pusillanimitate
3316 4985 3481 5039 multa
3524 4980 3933 5055 corrumpanius

2345 5079 2484 5134 bona
2518 5096 2531 5132 :
2560 5088 2614 5133 et
2640 5080 2755 5134 haec
2779 5093 2900 5133 cum
2930 5079 3082 5148 plura
3107 5079 3295 5133 solatia
3328 5078 3639 5145 habeamus,
3674 5094 3779 5133 non
3813 5088 3929 5133 tau-

2346 5178 2476 5235 tum,
2509 5171 2649 5241 quod
2689 5171 2766 5224 illi
2807 5170 2871 5224 ad
2905 5171 3105 5241 majora
3135 5186 3196 5225 se
3220 5170 3519 5237 conferant,
3551 5181 3604 5225 et
3636 5171 3795 5225 ﬁnem
3825 5174 3932 5226 sint

2348 5276 2566 5329 prorsus
2595 5262 2954 5331 asscquuturi,
2988 5261 3271 5330 nullusque
3301 5260 3415 5329 spei
3444 5261 3653 5315 futurus
3680 5263 3751 5316 sit
3770 5262 3928 5327 obex,

2346 5354 2440 5408 scd
2466 5355 2625 5409 etiam
2648 5354 2789 5422 quod
2810 5354 2877 5409 ad
2906 5356 3072 5425 ipsam
3096 5356 3485 5424 separationcm
3513 5356 3777 5424 pertinet?
3798 5356 3928 5410 Nam

2344 5446 2387 5499 si
2433 5446 2912 5514 peregrinationem
2946 5446 3019 5500 illi
3051 5446 3400 5516 longinquam
3423 5447 3791 5515 susceperint,
3823 5463 3931 5502 non

2347 5539 2500 5593 facile
2539 5549 2618 5592 est
2651 5540 2770 5593 illos
2806 5540 3116 5607 convenire,
3159 5556 3281 5594 cum
3312 5541 3543 5594 maxime
3583 5551 3835 5611 parentes
3862 5543 3929 5597 ad

2348 5641 2672 5686 senectutem
2706 5634 3079 5699 pervenerint;
3127 5632 3209 5685 hic
3249 5642 3428 5686 autem
3469 5633 3592 5688 illos
3623 5632 3931 5703 frequenter

2346 5722 2491 5777 adire
2521 5722 2660 5777 licet.
2691 5721 2743 5777 Id
2772 5738 2900 5793 ergo
2931 5723 3204 5790 faciamus,
3235 5741 3353 5779 cum
3383 5723 3454 5777 illi
3484 5724 3715 5779 nondum
3746 5725 3809 5779 ad
3835 5741 3931 5781 nos

4227 978 4229 1103 γ

4227 1216 4229 1308 ω
