4266 6314
669 325 771 383 381

611 460 614 462 '
655 440 1045 513 ἀγαπωμένων
1076 442 1234 514 μόνον
1263 443 1491 496 παιδίων
1521 441 2012 512 εύφρανθησόμεθα
2034 481 2048 504 ,
2092 441 2229 495 ἀλλά
2257 445 2352 496 καὶ

659 529 815 581 αὐτοὶ
835 528 906 582 τά
938 529 1170 600 μέγιστα
1219 530 1642 600 καρπωσάμενοι
1673 527 1809 600 πρὸς
1849 528 1947 598 τὴν
1977 527 2156 580 οἰκίαν
2187 532 2354 582 ἐπαν-

663 617 887 688 ήξομεν,
949 618 1210 684 πολλάκις
1245 619 1300 672 δὲ
1329 620 1512 683 αὐτοῖς
1539 632 1565 659 ⁸
1601 619 1694 671 καὶ
1742 604 2170 690 παραμενοῦμεν
2209 619 2356 674 ἀλόν-

664 720 757 769 τες
790 705 865 775 τῷ
891 707 992 777 τῆς
1018 707 1332 778 φιλοσοφίας
1360 707 1542 778 ἔρωτι.
1563 707 1695 758 Τότε
1728 702 1821 759 οὖν
1851 706 2049 770 αὐτοὺς
2078 707 2350 778 καλῶμεν,

666 794 797 845 ὅταν
827 795 1039 866 ἰσχυροὶ
1058 795 1340 863 γένωνται,
1371 794 1466 848 καὶ
1496 794 1712 864 ἐτέρους
1735 789 1834 846 οἷοί
1861 812 1918 847 τε
1942 790 2075 848 ὦσιν
2101 795 2352 863 ὠφελεῖν·

666 881 790 932 τότε
841 881 1039 945 αὐτοὺς
1072 882 1318 950 ἕλκωμεν
1367 880 1526 950 μόνον
1554 922 1568 945 ,
1605 880 1746 934 ῶστε
1792 881 1971 934 κοινὸν
2014 880 2268 949 γενέσθαι
2297 882 2358 934 τὸ

667 967 786 1036 φῶς
810 1008 823 1032 ,
858 968 998 1022 ὥστε
1025 972 1117 1022 ἐπὶ
1156 969 1256 1038 τῆς
1283 968 1505 1038 λυχνίας
1532 969 1754 1038 τεθῆναι
1790 969 1878 1020 τὸν
1916 967 2106 1038 λύχνον
2131 971 2177 1023 δ.
2221 969 2356 1022 Τότε

667 1054 869 1124 ὄψεσθε
916 1057 1076 1110 τίνων
1130 1057 1229 1127 μὲν
1281 1058 1486 1110 παίδων
1525 1059 1760 1129 πατέρες
1804 1058 1995 1127 ὑμεῖς,
2035 1059 2195 1112 τίνων
2221 1057 2275 1110 δέ
2309 1061 2358 1110 οἱ

669 1143 1103 1214 μακαριζόμενοι
1150 1146 1281 1215 παρ’
1319 1145 1474 1216 ὑμῶν
1503 1160 1514 1173 ·
1549 1145 1668 1198 τότε
1703 1145 1916 1198 εἴσεσθε
1951 1144 2105 1217 ιιιο]
2147 1147 2245 1216 τῆς
2271 1162 2360 1214 φι-

673 1231 930 1299 λοσοφίας
954 1231 1023 1285 τά
1053 1231 1241 1303 κέρδη,
1259 1235 1389 1287 ὅταν
1420 1233 1794 1304 θεραπεύωσιν
1827 1233 2148 1304 ἀνθρώπους
2167 1234 2362 1286 ἀνίατα

674 1320 968 1384 νοσοῦντας
1016 1323 1338 1392 νοσήματα,
1388 1323 1516 1375 ὅταν
1578 1321 1653 1385 ῶς
1705 1321 1992 1393 εὐεργέται
2047 1322 2217 1374 κοινοὶ
2267 1323 2363 1375 καὶ

673 1409 981 1478 προστάται
1016 1410 1110 1463 καὶ
1145 1409 1388 1480 σωτῆρες
1427 1408 1910 1481 ἀνακηρύττωνται
1931 1449 1944 1470 ,
1991 1410 2120 1462 ὅταν
2151 1410 2227 1473 ῶς
2259 1411 2363 1479 ἀγ-

673 1497 822 1564 γελοι
853 1500 964 1560 τοῖς
1016 1497 1107 1550 ἐπὶ
1153 1499 1255 1568 γῆς
1310 1495 1618 1568 ἀνθρώποις
1675 1496 2151 1567 συμπεριπολῶσιν
2178 1537 2193 1560 ,
2235 1498 2366 1550 ὅταν

676 1583 829 1653 παρὰ
860 1584 1078 1637 πάντων
1110 1583 1527 1637 ἀποϐλέπων-σαι
1549 1599 1561 1612 ·
1600 1584 1799 1653 μᾶλλον
1828 1584 1885 1636 δὲ
1912 1585 2050 1655 ὅπερ
2090 1583 2156 1636 ἂν
2199 1586 2364 1637 εἴπω-

670 1686 812 1740 μεν,
843 1671 993 1724 οὐδὲν
1025 1671 1266 1724 τοιοῦτον
1287 1713 1304 1736 ,
1347 1667 1459 1725 οἷον
1494 1683 1515 1710 α
1544 1671 1652 1724 ἐπὶ
1700 1671 1800 1741 τῆς
1839 1673 2034 1743 πείρας
2073 1670 2244 1738 αὐτῆς
2271 1670 2365 1723 καὶ

674 1756 785 1810 τῶν
840 1759 1183 1828 πραγμάτων
1241 1758 1389 1810 ἐστιν
1423 1758 1568 1812 ἰδεῖν.
1604 1755 1793 1812 Ταῦτα
1833 1758 1927 1810 καὶ
1966 1757 2093 1820 τοὺς
2142 1755 2368 1826 νομοθέ-

640 1844 651 1853 ’
675 1862 774 1908 τας
805 1845 911 1897 ἔδει
946 1850 1150 1911 ποιεῖν,
1183 1846 1235 1898 εἴ
1255 1863 1306 1898 τι
1339 1846 1445 1900 τῶν
1477 1845 1704 1899 δεόντων
1735 1847 1973 1914 ἐγίνετο,
2005 1847 2104 1898 ούκ
2138 1845 2365 1917 ἀνδράσι

678 1934 990 2002 γενομένοις
1026 1937 1126 1996 τοῖς
1155 1933 1294 1996 νέοις
1320 1933 1774 1986 ἐπανατείνασθαι
1800 1933 1997 2003 φόϐους
2023 1975 2038 2000 ,
2076 1932 2214 1986 ἀλλά
2240 1937 2368 1987 παῖ-

677 2021 774 2083 δας
806 2021 972 2085 ὄντας,
995 2021 1281 2092 ρυθμίζειν
1321 2022 1413 2074 καὶ
1452 2021 1832 2074 διαπλάττειν·
1870 2023 1965 2074 καὶ
2003 2022 2103 2075 οὐκ
2146 2021 2210 2075 ἂν
2258 2022 2368 2076 τῶν

682 2108 825 2178 μετά
851 2108 1023 2162 ταῦτα
1063 2110 1281 2180 ἐδέησεν
1325 2109 1584 2162 ἀπειλῶν.
1635 2110 1770 2162 Νσνὶ
1816 2109 1872 2162 δὲ
1922 2110 2089 2162 ταυτὸ
2136 2111 2366 2179 γίνεται,

679 2194 870 2266 ὥσπερ
897 2197 962 2250 ἀν
997 2197 1052 2249 εἴ
1080 2215 1164 2260 τις
1199 2199 1379 2268 ἰατρὸς
1419 2197 1731 2250 ἀσθενοῦντι
1765 2197 1862 2268 μὲν
1884 2198 1962 2267 τῷ
1992 2198 2254 2268 κάμνοντι
2292 2201 2368 2269 μὴ

679 2284 817 2358 λέγῃ
857 2287 1059 2356 μηδὲν,
1101 2288 1236 2356 μήτε
1291 2286 1542 2358 δεικνύῃ.
1593 2286 1659 2339 δι’
1716 2280 1790 2339 ὧν
1848 2287 2146 2350 ἀπαλλάξοι
2189 2284 2216 2325 ει
2269 2289 2370 2357 τῆς

680 2372 874 2436 νόσου,
906 2373 1258 2446 διαφθαρέντι
1289 2374 1346 2428 δὲ
1380 2376 1473 2428 καὶ
1503 2375 1734 2438 ἀνιάτως
1778 2374 1952 2446 ἔχοντι
1992 2377 2216 2446 μυρίους
2246 2377 2368 2448 τιθῇ

683 2461 882 2532 νόμους
925 2463 1129 2516 λοιπόν.
1171 2464 1282 2516 Καὶ
1333 2465 1441 2534 γάρ
1489 2465 1536 2516 οῖ
1590 2461 1880 2533 νομοθέται
1925 2463 2044 2515 τότε
2093 2465 2370 2532 παιδαγω-

684 2549 1103 2620 γοῦσιψήμᾶς,
1142 2550 1270 2603 ὅταν
1305 2549 1726 2622 διαστραφέντες
1758 2550 2030 2620 τύχωμεν.
2088 2550 2226 2602 Ἀλλ’
2272 2551 2371 2621 ούχ

645 2639 648 2643 ’
684 2637 714 2688 ὁ
759 2633 967 2700 Παῦλος
997 2637 1198 2703 οὕτως,
1229 2638 1344 2691 ἀλλ’
1395 2639 1454 2704 ἐξ
1507 2638 1684 2710 ἀρχῆς
1734 2639 1829 2692 καὶ
1869 2641 1926 2690 ἐν
1961 2637 2149 2709 ἡλικίᾳ
2178 2639 2371 2712 πρώτῃ

685 2727 810 2790 τοὺς
837 2727 1185 2792 διδασκάλους
1221 2729 1402 2792 αὐτοῖς
1433 2731 1684 2801 ἐφίστησι
1729 2731 1826 2800 τῆς
1875 2730 2108 2800 ἀρετῆςο
2148 2733 2372 2785 κωλύων

687 2813 1018 2867 ἐπεισελθεῖν
1039 2825 1063 2855 ο
1091 2817 1188 2887 τὴν
1220 2818 1436 2870 κακίαν.
1474 2817 1620 2888 Αὕτη
1653 2817 1760 2888 γάρ
1795 2817 1992 2886 ἀρίστη
2029 2818 2370 2883 διδασκαλία,

635 2957 645 2968 ,
687 2901 793 2966 οὐ,
842 2903 1303 2973 συγχωρήσαντας
1369 2906 1629 2976 πρότερον
1681 2904 2063 2974 περιγενέσθαι
2118 2905 2215 2977 τὴν
2275 2924 2371 2959 πο-

689 2989 886 3062 νηρίαν
913 3029 927 3054 ,
971 2989 1196 3061 ὕστερον
1249 2991 1433 3062 ζητεῖν
1465 2996 1611 3055 ὅπως
1645 2986 1814 3063 αὐτὴν
1852 2993 2225 3064 ἐξελάσωμεν,
2259 2996 2372 3048 ἀλλ’

691 3076 906 3132 ἅπαντα
939 3083 1111 3132 ποιεῖν
1141 3081 1235 3132 καὶ
1282 3079 1807 3151 πραγματεύεσθαι,
1835 3079 1974 3132 ὥστε
2007 3081 2206 3134 ἄϐατον
2235 3082 2371 3152 αὐτῇ

692 3166 944 3234 γενέσθαι
994 3168 1091 3239 τὴν
1132 3167 1292 3237 φύσιν
1335 3168 1435 3239 τὴν
1487 3169 1784 3239 ἡμετέραν.
1835 3168 1926 3220 Διὸ
1971 3168 2256 3238 παραινῶ,
2301 3170 2375 3240 μὴ

696 3254 856 3324 μόνον
887 3255 1108 3327 ἐτέρους
1153 3256 1512 3326 βουλομένους
1551 3254 1708 3308 τοῦτο
1736 3259 1907 3309 ποιεῖν
1941 3257 2206 3321 κωλύειν,
2243 3260 2378 3312 ἀλλά

693 3343 788 3395 καὶ
815 3344 1012 3407 αὐτοὺς
1043 3328 1673 3414 συναντιλαμϐάνεσθαί,
1701 3345 1795 3397 καὶ
1827 3344 2018 3408 σώζειν
2046 3347 2105 3398 τὸ
2141 3348 2375 3416 σκάφος,

695 3433 789 3484 καὶ
821 3434 1257 3502 παρασκευάζειν
1290 3433 1346 3498 ἐξ
1391 3433 1578 3504 οὐρίας
1611 3435 1781 3488 πλεῖν.
1818 3436 1926 3487 Καὶ
1959 3435 2067 3506 γάρ
2099 3437 2147 3488 εί
2175 3438 2378 3508 ταύτην

693 3515 837 3592 ἦμεν
868 3523 1067 3585 πάντες
1099 3521 1486 3591 ἀναδεξάμενοι
1532 3521 1628 3592 τὴν
1671 3521 1931 3591 γνώμην,
1982 3526 2078 3576 καὶ
2120 3525 2225 3595 πρὸ
2271 3525 2378 3578 τῶν

695 3609 872 3664 ἄλλων
905 3611 1162 3664 ἁπάντων
1209 3613 1288 3674 εἰς
1333 3612 1534 3683 ἀρετὴν
1564 3613 1761 3675 αὐτοὺς
1809 3613 2044 3684 ἤγομεν,
2089 3615 2247 3668 τοῦτο
2280 3615 2378 3686 μὲν

697 3695 856 3768 ἔργον
877 3738 891 3762 ,
931 3698 998 3751 τά
1047 3699 1105 3752 δὲ
1137 3698 1271 3752 ἄλλα
1315 3699 1628 3768 νομίζοντες
1659 3701 1910 3772 πάρεργα
1940 3697 2111 3765 εἶναι,
2144 3703 2379 3756 τοσαῦτα

698 3783 924 3856 ἔμελλεν
967 3782 1104 3840 εἶναι
1142 3788 1208 3840 τά
1241 3786 1421 3854 ἀγαθά
1442 3827 1456 3847 .
1487 3788 1586 3840 ὅσα
1619 3787 1713 3840 νῦν
1771 3789 1870 3859 μὲν
1909 3788 2082 3859 λέγων
2126 3793 2218 3846 καὶ
2249 3793 2381 3845 ἀλα·

699 3871 1015 3937 ζονεύεσθαι
1039 3875 1196 3940 δόξω.
1239 3877 1375 3930 Εἰδέ
1408 3877 1549 3930 θέλοι
1574 3895 1656 3941 τις
1688 3878 1898 3947 μαθεῖν,
1935 3879 2165 3932 ἐπὶτῶν
2209 3881 2383 3950 ἔργων

667 4019 669 4021 ,
699 3961 906 4015 εἴσεται
946 3963 1126 4026 καλῶς
1145 4003 1158 4027 ,
1186 3966 1279 4017 καὶ
1303 3964 1502 4039 πολλὴν
1553 3965 1650 4036 μὲν
1683 3969 1813 4036 ἡμῖν
1845 3955 2169 4039 ὁμολογήσει
2197 3971 2381 4040 χάριν,

701 4051 902 4122 πολλὴν
939 4051 996 4105 δὲ
1031 4053 1136 4122 πρὸ
1166 4053 1323 4123 ἡμῶν
1357 4053 1434 4123 τῷ
1480 4054 1626 4124 Θεῷ,
1676 4055 2080 4123 βλαστάνουσαν
2114 4058 2256 4129 ὁρῶν
2291 4059 2384 4112 ἐπὶ

700 4141 800 4210 τῆς
832 4140 937 4210 γῆς
972 4141 1070 4212 τὴν
1104 4141 1162 4194 ἐν
1196 4142 1444 4211 οὐρανοῖς
1479 4143 1753 4196 πολιτείαν
1775 4183 1789 4209 ,
1832 4145 1926 4197 καὶ⁸
1953 4145 2080 4209 τοὺς
2113 4146 2221 4200 τῶν
2255 4147 2385 4218 μελ-

699 4225 897 4282 λόντων
944 4229 1202 4297 ἀγαθῶν,
1255 4231 1346 4284 καὶ
1380 4231 1505 4292 τοὺς
1542 4231 1639 4302 τῆς
1673 4232 2023 4296 ἀναστάσεως
2059 4233 2251 4303 λόγους
2297 4237 2387 4288 ἐν-

698 4316 892 4370 τεῦθεν
919 4316 1017 4388 ἤδη
1043 4317 1436 4387 πιστουμένους
1455 4359 1468 4382 ,
1491 4319 1584 4373 καὶ
1614 4321 1742 4390 παρ’
1759 4321 1941 4384 αὐτοῖς
1974 4325 2086 4386 τοῖς
2113 4323 2385 4389 ἀπίστοις.

775 4404 861 4460 ιϐ’.
904 4406 1010 4458 Καὶ
1039 4407 1121 4459 ὅτι
1151 4407 1211 4458 ού
1240 4407 1448 4476 κόμπος
1485 4407 1657 4464 ταῦτα
1679 4409 1840 4480 δῆλον
1868 4409 2098 4464 ἐκεῖθεν·
2128 4412 2253 4465 ὅταν
2278 4413 2388 4486 γὰρ

703 4493 889 4557 αὐτοῖς
943 4493 1041 4563 τὴν
1088 4493 1362 4548 πολιτείαν
1422 4495 1671 4568 λέγωμεν
1723 4496 1833 4552 τῶν
1882 4499 1939 4550 ἐν
1995 4501 2116 4562 ταῖς
2161 4501 2391 4572 ἐρήμοις

703 4580 893 4643 ὅντων,
923 4581 1061 4654 πρὸς
1087 4582 1186 4653 μέν
1211 4583 1416 4653 ταύτην
1441 4583 1590 4639 ούδέν
1618 4585 1828 4656 ἔχουσιν
1855 4587 2153 4654 ἀντειπεῖν,
2173 4588 2389 4644 δοκοῦσι

702 4670 759 4724 δὲ
801 4673 1172 4744 ἰσχυρίζεσθαι
1221 4675 1314 4728 καὶ
1364 4676 1687 4746 φιλοπικεῖν
1731 4681 1796 4750 τῇ
1831 4679 1939 4732 τῶν
1971 4679 2416 4754 κατορθούντων“

704 4760 996 4832 ὀλιγότητι.
1030 4763 1092 4815 El
1114 4763 1168 4816 δὲ
1195 4767 1252 4816 ἐν
1289 4768 1410 4828 ταῖς
1437 4765 1623 4819 πόλεσι
1655 4766 1746 4820 τὸν
1774 4768 1985 4839 καρπὸν
2010 4770 2392 4843 ἐφυτεύσαμεν

702 4849 937 4913 τοῦτον,
993 4852 1087 4905 καὶ
1138 4851 1303 4922 νόμον
1351 4854 1474 4908 τινά
1514 4855 1607 4908 κα)⁸
1656 4855 1832 4928 ἀρχὴν
1884 4858 1953 4910 τά
1995 4859 2096 4929 τῆς
2141 4860 2392 4928 εὐταξίας

704 4936 864 4991 ἔλαϐε
885 4980 899 5004 ,
930 4941 1025 4993 καὶ
1072 4941 1197 5004 τοὺς
1227 4943 1424 5007 παῖδας
1454 4944 1560 5016 πρὸ
1589 4943 1696 4999 τῶν
1727 4945 1900 5000 ἄλλων
1941 4947 2196 5003 ἁπάντων
2231 4951 2391 5004 ἐπαι-

704 5027 931 5098 δεύομεν
970 5028 1155 5097 φίλους
1193 5026 1331 5084 εἶναι
1362 5032 1438 5102 τῷ
1465 5032 1617 5104 Θεῷ,
1660 5033 1753 5087 καλ⁸
1790 5035 1859 5088 τά
1909 5037 2256 5107 πιευματικά
2288 5039 2393 5092 ἐδι-

704 5119 979 5188 δάσκομεν
1018 5119 1320 5189 μαθήματα
1354 5123 1473 5175 ἀντὶ
1494 5123 1602 5176 τῶν
1623 5122 1799 5178 ἄλλων
1828 5126 1923 5178 καὶ
1949 5125 2053 5197 πρὸ
2082 5126 2191 5180 τῶν
2218 5127 2393 5183 ἀλλων

705 5207 962 5262 ἁπάντων
986 5248 999 5270 ,
1041 5207 1219 5262 πάντα
1248 5208 1315 5263 ἂν
1341 5210 1661 5284 ἀπεπήδησε
1706 5211 1775 5266 τά
1812 5213 2031 5286 λυπηρά
2069 5214 2115 5278 ί,
2149 5216 2243 5270 καὶ
2293 5210 2394 5288 μυ-

707 5295 839 5365 ρίων
869 5295 1160 5367 ἀπηλλάγη
1189 5298 1376 5350 κακῶν
1413 5301 1440 5352 ό
1476 5299 1588 5369 βίος
1619 5303 1648 5356 ό
1680 5300 1870 5375 παρὼν
1890 5343 1904 5367 ,
1940 5304 2033 5356 καὶ
2066 5303 2094 5357 ὃ
2125 5305 2252 5375 περὶ
2295 5307 2392 5376 τῆς

709 5383 1009 5457 μελλούσης
1030 5385 1246 5456 λέγεται
1275 5386 1450 5460 ζωῆς,
1473 5391 1554 5445 ὅτι
1576 5390 1786 5464 ἀπέδρα
1811 5391 1971 5465 ὀδύνη
2005 5394 2097 5446 καὶ
2123 5393 2268 5466 λύπη
2299 5394 2394 5449 καὶ

767 5527 792 5589 Ρ
817 5526 924 5577 Duo
945 5543 1061 5579 mss.
1084 5529 1272 5589 αὐτούς.

765 5587 1075 5664 b._Du_o_mss.
1112 5601 1164 5642 et
1187 5587 1333 5664 ξεινίι.
1367 5594 1413 5664 ἱιι
1450 5601 1594 5664 ιειιυ
1613 5599 1800 5657 τεθῆναι
1826 5597 1905 5645 τὸν
1931 5596 2114 5661 λύχνον.
2147 5597 2316 5649 Morel.
2345 5604 2395 5647 cl

707 5650 856 5721 SayiL
887 5657 936 5704 in
962 5669 1116 5719 marg.
1143 5659 1330 5721 τεθῆναι
1362 5660 1417 5706 τὸ
1439 5663 1552 5721 φῶς.

770 5718 792 5783 ξ
820 5719 928 5783 [)uo
953 5718 1080 5766 mss.’
1096 5719 1314 5767 τοιοῦτον
1340 5718 1536 5783 ἐροῦμεν
1561 5722 1675 5770 οἷον.

767 5777 796 5816 ἀ
825 5780 939 5845 Quo
973 5795 1087 5828 mss.
1113 5788 1164 5829 οι
1185 5784 1298 5831 Sav.
1325 5777 1374 5830 ili
1402 5777 1537 5845 mhrg
1558 5785 1891 5840 ἀπαλλάξεται.

773 5851 795 5907 ξ
935 5856 1110 5891 omnes
1134 5850 1314 5904 praeter
1342 5840 1622 5907 Mnrelfqui
1651 5847 1800 5894 habet
1825 5847 2044 5896 ἐπελθεῖν.

774 5902 904 5971 {Sit}
925 5917 1099 5954 omnes
1122 5902 1513 5971 ῥτδιιρτλΜοιτιΙ.
1555 5902 1638 5968 Elui
1684 5910 1754 5957 sic.
1784 5909 1948 5971 habet,
1984 5911 2204 5960 ἁπάντων
2246 5910 2390 5964 ταῦτα

711 5965 1033 6030 ἐπαιδεύομεν.
1056 5970 1208 6017 πάντα
1228 5971 1284 6017 ἀν
1311 5965 1585 6027 ἀπεπήδησέ
1609 5972 1664 6018 τά
1690 5973 1891 6031 λυπρά,

1457 329 1515 383 5.
1560 324 1846 384 JOANNIS
1885 323 2386 384 CHRYSOSTOMI
2439 320 2762 380 ARCIHEP.
2807 292 3361 380 CONSTAN'I‘INOP.

4048 323 4164 379 332

2462 442 2766 512 στεναγμὸς
2787 481 2800 505 ,
2833 439 3086 493 ἐντεῦθεν
3115 439 3179 493 ἂν
3220 438 3666 509 ἐκαρπωσάμεθα
3698 438 3914 500 πάντες.
3953 438 4017 490 Εἰ
4053 438 4163 508 γάρ

2463 532 2601 602 μήτε
2624 529 2954 600 χρημάτων,
3005 525 3329 601 μήτεδόξης
3379 526 3915 596 ἔρως’ἠμᾶςεῑσῂει
3962 525 4160 594 κενῆςι

2463 621 2600 689 μήτε
2626 618 2858 673 θάνατον
2888 617 3204 688 ἐδεδίειμεν,
3239 616 3316 687 μὴ
3351 615 3544 668 πενίαν
3565 655 3580 678 ,
3632 615 3705 686 μὴ
3735 614 3794 668 τὸ
3827 614 4015 676 κακῶς
4051 631 4162 667 πα-

2461 707 2574 760 θεῖν
2605 707 2811 778 βλάϐην
2840 704 3121 776 ἡγούμεθα
3144 746 3160 771 ,
3217 704 3354 758 ἀλλά
3387 705 3480 758 καὶ
3523 703 3712 773 κέρδος
3747 704 4004 773 μέγιστον
4031 745 4046 766 ,
4083 704 4164 772 μὴ

2460 794 2897 865 ἀπεχθάνεσθαι,
2932 793 3006 864 μὴ
3039 794 3218 862 μισεῖν
3241 791 3484 870 ᾔδειμεν,
3504 790 3614 844 οὔτ’
3643 791 3706 845 ἂν
3735 792 3840 844 ὑπὸ
3863 792 3973 844 τῶν
4008 791 4165 843 ἰδίων

2462 879 2684 944 παθῶν,
2709 878 2821 933 οὔτ’
2851 880 2918 933 ἀν
2950 880 3055 932 ὑπὸ
3077 878 3186 932 τῶν
3215 878 3512 949 ἀλλοτρίων
3541 877 3966 948 ἐπολεμήθημέν
4001 893 4164 935 ποτε,

2462 969 2578 1022 ἀλλ’
2609 969 2788 1021 αὐτῶν
2832 967 2942 1020 τῶν
2983 966 3234 1036 ἀγγέλων
3273 967 3440 1035 ἐγγὺς
3476 965 3541 1019 ἂν
3597 966 3661 1019 τὸ
3699 965 3808 1019 τῶν
3852 965 4168 1035 ἀνθρώπων

2463 1055 2680 1124 ἐγένετο
2701 1055 2877 1124 γένος.
2917 1053 3066 1127 [111]
3104 1055 3214 1107 Καὶ
3260 1053 3344 1128 τίς
3381 1051 3688 1124 ἀνθρώπων
3723 1052 3897 1106 ταῦτα
3943 1051 4170 1120 κατώρ-

2465 1143 2629 1206 θωσε,
2667 1143 2860 1214 φησίν;
2891 1144 3129 1207 Εἰκότως
3159 1143 3413 1205 ἀπιστεῖς
3441 1181 3456 1204 ,
3490 1142 3584 1195 άτε
3624 1143 3684 1194 ἐν
3721 1142 3941 1194 πόλεσιν
3968 1140 4169 1203 οἰκῶν,

2467 1231 2563 1284 καὶ
2593 1233 2714 1295 ταῖς
2756 1230 2931 1294 θείαις
2975 1229 3178 1300 βίϐλοις
3226 1229 3325 1300 οὐχ
3369 1227 3696 1299 ὡμιληκώς·
3729 1231 3777 1282 εἰ
3820 1228 3876 1280 δέ
3911 1229 4010 1281 καῖ
4033 1228 4170 1290 τοὺς

2465 1319 2523 1371 ἐν
2549 1321 2671 1382 ταῖς
2723 1318 2948 1388 ἐρήμοις
2990 1317 3180 1381 ὄντας,
3211 1318 3305 1370 καὶ
3345 1317 3472 1380 τοὺς
3502 1318 3559 1369 ἐν
3590 1317 3711 1380 ταῖς
3758 1318 4171 1384 πνευματικαῖς

2469 1405 2671 1476 βίϐλοις
2714 1408 3040 1476 γενομένους
3083 1405 3251 1460 πάλαι
3280 1403 3542 1472 ἐγνώκεις
3567 1443 3581 1467 ,
3615 1403 3816 1475 έμαθες
3853 1402 3917 1456 ἀν
3950 1404 4035 1456 ὅτι
4070 1405 4173 1454 καὶ

2465 1495 2515 1546 οἱ
2549 1495 2775 1566 μοναχοὶ¹
2799 1534 2814 1556 ,
2856 1494 2952 1548 καὶ
2984 1495 3034 1547 οἱ
3073 1493 3178 1566 πρὸ
3217 1492 3425 1546 τούτων
3470 1491 3795 1556 ἀπόστολοι,
3826 1492 3921 1545 καὶ
3955 1491 4006 1544 οἱ
4058 1491 4175 1561 πρὸ

2468 1581 2694 1637 ἐκείνων
2733 1584 2933 1638 δίκαιοι
2979 1583 3118 1654 μετά
3154 1581 3441 1654 ἀκριϐείας
3470 1581 3690 1652 ἀπάσης
3714 1581 3812 1652 τὴν
3839 1580 4174 1650 φιλοσοφίαν

2467 1670 2814 1744 ἐπεδείξαντο
2845 1671 3068 1742 ταύτην.
3092 1673 3212 1725 Ἵνα
3238 1671 3296 1725 δέ
3324 1688 3406 1724 σοι
3431 1669 3506 1742 μὴ
3535 1669 3952 1740 φιλονεικῶμεν,
3983 1669 4173 1740 δῶμεν

2467 1761 2577 1814 τῶν
2615 1760 2883 1832 δευτέρων
2919 1761 2952 1833 ἢ
3002 1762 3202 1834 τρίτων
3231 1762 3324 1816 ἀπ’
3368 1760 3592 1816 ἐκείνων
3621 1760 3876 1830 γενέσθαι
3924 1759 4021 1812 τὸν
4054 1759 4176 1812 υἱὸν

2466 1843 2559 1896 τὸν
2593 1846 2682 1898 σόν
2705 1861 2718 1875 ·
2761 1845 2882 1897 ούδέ
2928 1845 3036 1916 γάρ
3085 1844 3229 1898 οὕτω
3271 1843 3484 1916 μικρῶν
3517 1844 3886 1898 ἀπολαύσεται
3919 1841 4174 1910 ἀγαθῶν.

2470 1931 2544 1984 Ού
2571 1931 2763 2001 φθάνει
2797 1933 2934 2004 πρὸς
2957 1933 3164 2004 Πέτρον
3192 1933 3368 1986 ἐλθεῖν
3394 1973 3409 1997 ,
3439 1932 3560 1986 ούδέ
3613 1931 3824 1985 Παῦλον
3846 1971 3861 1996 ,
3897 1930 4016 1985 ἀλλ’
4049 1929 4178 1983 οὐδὲ

2468 2020 2726 2088 γενέσθαι
2755 2022 2936 2078 αὐτῶν
2966 2021 3134 2090 ἐγγύς
3155 2039 3168 2052 ο
3193 2021 3282 2076 διά
3306 2022 3464 2074 τοῦτο
3488 2017 3581 2074 οὖν
3613 2021 3775 2074 αὐτὸν
3798 2022 3896 2074 καὶ
3917 2019 4021 2089 τῆς
4051 2020 4184 2089 μετ’

2470 2108 2712 2174 ἐκείνους
2739 2110 3184 2181 ἀποστερήσομεν
3208 2110 3408 2181 τιμῆςς
3435 2109 3642 2162 Ταυτὺν
3668 2108 3775 2181 γάρ
3799 2110 3976 2171 ποιεῖς
3997 2106 4182 2160 ταῦτα

2470 2196 2645 2266 λέγων
2666 2240 2680 2264 ,
2723 2199 2800 2262 ώς
2841 2199 2905 2252 ἂν
2950 2199 2997 2251 εί
3025 2198 3209 2266 ἔλεγες
3230 2215 3244 2228 ο
3268 2197 3491 2267 Ἐπειδὴ
3524 2196 3669 2250 λίθον
3700 2197 3882 2266 τίμιον
3913 2195 4182 2264 γενέσθαι

2471 2286 2571 2339 ούκ
2597 2285 2696 2347 ἔνι,
2729 2285 2940 2356 μενέτω
2975 2286 3191 2358 σίδηρος
3213 2283 3313 2348 ῶν,
3345 2285 3441 2338 καὶ
3473 2286 3611 2356 μήτε
3639 2284 3879 2356 ἄργυρος
3901 2283 4177 2351 γενέσθω,

2476 2377 2613 2446 μήτε
2668 2375 2889 2446 χρυσός.

2553 2465 2653 2516 Διά
2711 2464 2765 2516 τί
2833 2465 2942 2536 γάρ
3001 2464 3076 2536 μὴ
3146 2465 3239 2518 καὶ
3299 2466 3356 2518 ἐν
3424 2465 3540 2528 τοῖς
3603 2463 3803 2530 ἔξωθεν
3876 2464 4180 2534 πράγμασι

2472 2552 2662 2605 τοῦτον
2708 2552 2853 2622 ἔχεις
2887 2555 2980 2606 τὸν
3031 2551 3316 2624 λογισμὸν,
3349 2552 3486 2606 ἀλλά
3532 2551 3626 2605 τὸν
3662 2553 3907 2606 ἐναντίον
3956 2554 4181 2624 τούτῳ;

2475 2641 2584 2692 Καὶ
2652 2639 2760 2710 γάρ
2827 2641 2920 2692 ἐπὶ
2971 2639 3146 2708 λόγων
3218 2640 3461 2712 μάθησιν
3519 2641 3752 2710 πέμπων
3807 2642 3868 2704 ε,
3918 2641 3980 2693 ού
4021 2641 4183 2694 ’πάν-

2473 2743 2580 2789 τως
2622 2728 2782 2780 αὑτὸν
2837 2727 2928 2780 ἐπὶ
2979 2730 3090 2790 τοῖς
3143 2727 3336 2800 ἄκροις
3384 2726 3611 2798 ὄψεσθαι
3665 2727 4006 2798 προσδοκᾷς,
4057 2727 4184 2781 ἀλλ’

2474 2815 2626 2885 ὅμως
2675 2816 2736 2867 ού
2782 2816 2869 2870 διά
2905 2814 3077 2868 ταῦτα
3128 2816 3366 2884 ἀπάγεις
3398 2817 3496 2885 τῆς
3545 2815 3675 2886 περὶ
3704 2814 3876 2868 ταῦτα
3909 2816 4180 2886 σπουδῆς,

2476 2901 2612 2955 ἀλλὰ
2656 2903 2834 2955 πάντα
2868 2901 3098 2974 πληροῖς
3143 2903 3212 2958 τά
3245 2903 3397 2975 παρά
3441 2901 3673 2965 σαυτοῦ,
3717 2903 4004 2973 ἀγαπητὸν
4038 2899 4182 2956 εἶναι

2476 2990 2732 3061 νομίζων,
2761 2991 2825 3045 ἂν
2854 2991 3103 3062 πέμπτον
3137 2991 3170 3062 ἢ
3200 2992 3426 3044 δέκατον
3457 2990 3565 3043 ἀπὸ
3586 2990 3695 3044 τῶν
3723 2990 3955 3060 πρώτων
3991 3008 4055 3044 συ
4065 2993 4182 3062 μϐᾓ

2477 3081 2730 3148 γενέσθαι
2758 3081 2849 3134 τὸν
2877 3081 2993 3134 υἱὸν
3033 3083 3089 3134 ἐν
3125 3083 3191 3151 τῇ
3231 3080 3340 3133 τῶν
3380 3079 3554 3148 λόγων
3587 3079 3839 3150 δυνάμει.
3874 3079 3988 3133 Καὶ
4021 3079 4184 3150 βασιο

2477 3171 2560 3223 λεῖ
2587 3170 2643 3223 δέ
2678 3170 3067 3240 στρατεύοντες
3092 3170 3119 3209 h
3156 3169 3283 3232 τοὺς
3317 3170 3455 3231 υἱεῖς
3481 3168 3541 3220 ού
3573 3167 3793 3231 πάντως
3823 3168 3916 3220 ἐπὶ
3953 3167 4049 3220 τὸν
4071 3169 4188 3220 τῶν

2480 3259 2742 3330 ὑπάρχων
2784 3259 2982 3323 αὐτοὺς
3022 3257 3395 3330 ἀναϐήσεσθαι
3428 3257 3770 3328 προσδοκᾶτε
3804 3255 3996 3327 θρόνον
4018 3274 4031 3288 ο
4068 3259 4186 3310 ἀλλ’

2479 3348 2627 3418 ὅμως
2682 3348 2742 3400 ού
2785 3345 3164 3408 διακελεύεσθε
3215 3345 3377 3400 λῦσαι
3417 3347 3517 3416 τὴν
3573 3343 3782 3415 ζώνην,
3834 3344 3865 3415 ἢ
3908 3344 4047 3416 μηδὲ
4085 3346 4190 3415 τὴν

2479 3437 2652 3506 ἀρχὴν
2699 3436 2958 3506 ἐπιϐῆναι
2991 3435 3097 3488 τῶν
3153 3434 3442 3506 βασιλείων
3473 3475 3486 3499 ,
3529 3433 3666 3488 ἀλλὰ
3698 3434 3876 3487 πάντα
3917 3451 4190 3506 πραγμα-

2479 3523 2742 3589 τεύεσθε,
2797 3523 2874 3586 ῶς
2920 3523 3189 3593 μηδέποτε
3240 3523 3439 3586 αὐτοὺς
3484 3525 3582 3594 τῆς
3631 3522 3845 3574 ἐκεῖθεν
3894 3522 4190 3594 διατριϐῆς

2481 3613 2778 3673 ἐκπεσεῖν,
2836 3613 3026 3683 ἀρκεῖν
3082 3609 3378 3682 ἡγούμενοι
3435 3611 3494 3663 τὸ
3555 3611 3647 3663 καὶ
3705 3612 3762 3663 ἐν
3818 3613 3930 3674 τοῖς
3993 3611 4191 3682 μέσοις

2481 3699 2920 3769 ἀριθμουμένους
2954 3699 3104 3770 όρᾷν.
3153 3699 3314 3763 Τίνος
3363 3695 3457 3752 οῦν
3507 3699 3694 3751 ’ἐνεκεν
3737 3699 3855 3751 ἐκεῖ
3904 3698 4049 3777 μὲν..
4084 3700 4192 3752 κᾶν

2487 3787 2561 3859 μὴ
2594 3786 2701 3840 τῶν
2739 3786 3000 3858 μειζόνων
3035 3786 3127 3858 ἐξῇ
3155 3785 3456 3852 λαϐέσθαι,
3494 3789 3643 3859 ὅμως
3691 3786 3832 3858 ὑπὲρ
3879 3785 3987 3838 τῶν
4027 3786 4192 3839 ἐλατ-

2484 3876 2652 3928 τόνων
2681 3874 2947 3928 κόπτεσθε
2979 3875 3073 3930 καὶ
3103 3874 3543 3946 ταλαιπωρεῖσθε
3575 3915 3588 3937 ,
3626 3875 3728 3927 κάν
3765 3873 3976 3937 τούτοις
4020 3874 4193 3927 πάλιν

2485 3963 2586 4034 τῆς
2615 3963 2828 4026 ἐλπίδος
2859 3961 3026 4033 οῦσης
3060 3963 3286 4035 ἀδήλου,
3325 3962 3557 4016 ἐνταῦθα
3590 3963 3646 4015 δὲ
3681 3963 3890 4014 ὀκνεῖτε
3924 3962 4017 4015 καὶ
4055 3964 4196 4017 ἀνα-

2485 4050 2708 4117 δύεσθε;
2740 4052 2879 4105 δ”Οτι
2917 4051 3140 4103 ἐκείνων
3179 4053 3277 4121 μὲν
3315 4050 3516 4121 πολλὴν
3547 4050 3699 4121 ἔχετε
3730 4049 3829 4120 τὴν
3859 4049 4191 4121 ἐπιθυμίαν,

2487 4139 2693 4193 τούτων
2721 4141 2777 4194 δὲ
2807 4140 2926 4193 ούδέ
2962 4139 3220 4212 βραχεῖαν
3251 4157 3264 4171 ·
3299 4140 3422 4194 εἶτα
3449 4140 3831 4212 αἰσχυνόμενοι
3861 4139 4020 4194 τοῦτο
4053 4143 4194 4210 ὀμο-

2487 4227 2718 4296 λογῆσαι
2772 4227 3002 4298 σκήψεις
3040 4227 3374 4297 ἐπενθήσατε
3407 4229 3503 4282 καὶ
3539 4229 3876 4299 προφάσεις·
3908 4227 3985 4292 ῶς
4041 4231 4097 4282 εῖ
4128 4247 4192 4297 γε

2490 4317 2705 4389 άληθῶς
2733 4316 3044 4382 ἐϐούλεσθε,
3071 4316 3222 4370 ούδέν
3251 4318 3316 4371 ἂν
3351 4318 3498 4390 ὑμᾶς
3531 4316 3738 4372 τούτων
3772 4317 4039 4372 ἐκώλυσε.
4078 4320 4193 4373 Καὶ

2491 4407 2597 4478 γάρ
2626 4406 2798 4472 οὕτως
2826 4406 2978 4478 ἔχει’
3007 4407 3130 4460 ὅτου
3171 4425 3253 4470 τις
3283 4407 3350 4461 ἂν
3396 4407 3539 4480 ἐρῶν
3587 4406 3728 4479 τύχῃ
3767 4409 4039 4480 γνησίως,
4085 4411 4192 4462 κῖιν

2495 4495 2710 4568 μὴ,τοῦ
2742 4497 2943 4560 παντὸς
2969 4536 2982 4556 .
3019 4495 3154 4567 μηδέ
3195 4497 3292 4550 τοῦ
3345 4498 3608 4552 ἀνωτάτω
3661 4497 4056 4570 περιγένηται,
4095 4500 4193 4552 τοι)

2492 4587 2622 4656 γοῦν
2652 4587 2819 4658 μέσου
2840 4628 2855 4654 ,
2899 4585 3102 4659 μᾶλλον
3123 4586 3180 4639 δὲ
3205 4587 3300 4640 καὶ
3327 4586 3421 4640 τοῦ
3453 4588 3569 4658 μετ’
3593 4589 3800 4641 ἐκεῖνον
3833 4589 4098 4659 μυριάκις
4127 4591 4194 4643 ἂν

2493 4677 2669 4731 ἕλοιτο
2717 4678 3018 4748 ἐπιτυχεῖν.
3054 4679 3165 4731 Καὶ
3194 4678 3304 4748 γὰρ
3351 4678 3380 4730 ό
3433 4679 3670 4749 φίλοινος
3725 4680 3817 4733 καὶ
3868 4679 4195 4751 φιλοπότης,

2495 4765 2597 4820 κάν
2659 4765 2735 4836 μὴ
2761 4763 2853 4818 τὸν
2887 4766 3020 4837 ἡδὺν
3054 4765 3149 4820 καὶ
3186 4765 3488 4835 ἀνθοσμίαν
3519 4767 3613 4837 ἐξῇ
3643 4765 3827 4821 λαϐεῖν
3855 4762 4000 4820 οἶνον
4021 4809 4036 4832 ,
4070 4771 4196 4822 ούδέ

2494 4853 2587 4906 τοῦ
2616 4853 2950 4923 φαυλοτάτου
2982 4853 3391 4926 καταφρονήσει
3441 4854 3570 4908 ποτέ
3599 4872 3612 4885 ο
3645 4854 3740 4909 καὶ
3778 4856 3807 4907 ό
3839 4854 4197 4928 φιλοχρήμαο

2495 4961 2584 5006 τος
2613 4943 2773 4996 πάλιν
2799 4981 2811 5005 ,
2842 4941 2944 4995 κάν
2979 4942 3055 5014 μὴ
3093 4942 3274 5006 λίθους
3304 4942 3518 5014 τιμίους
3539 4983 3553 5007 ,
3598 4943 3737 5015 μηδέ
3774 4943 3998 5014 χρυσίον
4025 4985 4040 5005 ,
4077 4947 4196 4999 ἀλλ’

2496 5031 2759 5104 ἀργύριον
2785 5031 2933 5102 αὐτῷ
2955 5048 3040 5095 τις
3068 5031 3306 5104 παρέχῃ,
3340 5031 3542 5102 πολλὴν
3571 5033 3776 5086 εἴσεται
3807 5033 3986 5106 χάριν.
4008 5035 4052 5085 Τ
4056 5035 4199 5087 οιοί-

2496 5137 2586 5173 τον
2612 5119 2722 5190 γάρ
2755 5122 2788 5190 ἡ
2820 5119 3086 5190 ἐπιθυμία
3113 5161 3127 5183 ,
3176 5120 3499 5192 τυραννικόν
3533 5137 3586 5173 τι
3623 5123 3857 5192 πρᾶγμα
3886 5123 3980 5176 καί
4005 5123 4200 5177 ἱκανὸν

2497 5211 2683 5261 πεῖσαι
2728 5207 2910 5261 πάντα
2962 5207 3055 5262 τὸν
3103 5207 3336 5272 ἁλόντα,
3375 5209 3518 5280 ὑπὲρ
3578 5209 3801 5263 ὁτουοῦν
3840 5211 3935 5263 καὶ
3993 5212 4195 5268 παθεῖν

2498 5299 2591 5352 καὶ
2623 5299 2945 5369 ὑπομεῖναι·
3001 5297 3142 5351 ὥστε
3187 5299 3236 5350 εἰ
3273 5299 3347 5370 μὴ
3395 5299 3595 5369 σκῆψις
3625 5298 3800 5353 ταῦτα
3842 5301 3912 5354 τά
3967 5302 4195 5372 βήματα

2495 5384 2585 5461 ἦν,
2617 5388 2990 5460 συμπράττειν
3024 5387 3195 5458 ἐχρῆν
3222 5388 3318 5441 καὶ
3356 5392 3674 5459 συμπονεῖν.
3715 5389 3823 5444 Τοῦ
3860 5390 3969 5460 γάρ
4000 5393 4190 5446 ἐπιθυ-

2503 5478 2727 5548 μοῦντός
2750 5495 2802 5530 τι
2825 5477 3083 5546 γενέσθαι
3115 5477 3177 5530 ού
3204 5477 3264 5529 τὸ
3295 5478 3550 5546 γενέσθαι
3587 5478 3819 5532 κωλύειν
3849 5481 4022 5542 ἐστὶν.
4054 5483 4194 5536 ἀλλά

2498 5569 2556 5621 τὸ
2591 5566 2771 5621 πάντα
2821 5568 2997 5619 ποιεῖν
3043 5566 3192 5628 ὅπως
3228 5565 3294 5619 ἂν
3326 5567 3556 5635 γένοιτο.
3593 5569 3705 5621 Καὶ
3737 5569 3844 5641 γὰρ
3885 5569 3936 5622 οἱ
3977 5571 4192 5625 καθιέν-

2500 5675 2589 5722 τες
2651 5658 2730 5720 εἰς
2779 5657 2904 5719 τοὺς
2974 5655 3378 5728 Ὀλυμπιακοὺς
3418 5656 3681 5725 ἀγῶνας,
3737 5658 3943 5723 εἰδότες
3993 5661 4078 5714 ὅτι
4137 5663 4192 5714 ἐν

2546 5782 2587 5836 ﬁ
2617 5780 2722 5830 Duo
2747 5793 2860 5829 mss.
2887 5780 3132 5845 μαθήμασι
3151 5795 3301 5842 πεμπ.
3328 5779 3438 5828 Mox
3477 5793 3602 5845 [lpus
3619 5780 3788 5845 ἀκροις
3811 5782 4044 5845 ἅψασθαι.
4071 5781 4190 5832 Infra

2501 5857 2674 5949 mngf‘s
2697 5845 2910 5904 πέμπτον
2932 5844 2961 5900 ἢ
3009 5841 3226 5902 δέκατον,
3256 5848 3436 5905 prater
3477 5841 3651 5891 Morel.
3692 5841 3780 5906 ἓιιιι
3807 5841 3952 5892 ἀδδιδι
3974 5846 4188 5904 πέμπτον

2509 5924 2558 5949 υἿ
2601 5922 2798 5949 ,ξιτατ-ον.

2509 5924 2528 5952 υ
2536 5926 2558 5949 ‘I
2583 5922 2628 5954 οε
2636 5922 2781 5953 κατον
2789 5941 2798 5951 .

2572 5969 2598 6010 h
2625 5966 2961 6035 Srfata'iovre;
3009 5965 3295 6030 chondum
3330 5967 3523 6020 \‘idclur
3546 5969 3900 6026 στρατεύοντάς.
3931 5966 4068 6018 lion.
