4266 6314
179 372 283 429 38!

175 480 447 554 proficisci
472 490 725 555 poterunt
753 498 771 538 :
793 482 938 552 ipsos
957 482 1232 546 adeamus,
1258 482 1469 537 illorum
1492 480 1770 537 consortio

176 582 234 630 et
260 573 531 645 colloquio
551 572 813 628 fruamur.
845 573 978 629 llinc
1000 574 1155 629 nobis
1181 573 1369 644 ingens
1392 573 1621 639 lucrum,
1652 587 1772 626 ma-

176 679 394 735 gnaque
421 663 668 734 voluptas
706 664 897 719 aderit.
919 664 1044 720 Non
1075 666 1218 719 enim
1247 675 1547 735 conspectu
1566 673 1774 719 tantum

177 755 583 811 carissimorum
605 754 839 814 filiorum
863 757 1194 823 laetabimur;
1226 758 1321 813 sed
1351 758 1452 829 ipsi
1480 759 1775 813 maximum

178 849 364 919 adepti
410 848 663 915 fructum,
711 850 930 904 domum
972 850 1267 906 redibimus
1299 868 1313 905 :
1346 866 1586 922 persazpe
1616 850 1777 905 etiam

179 954 309 994 cum
338 940 444 998 illis
469 941 826 1006 manebimus,
853 941 1204 1012 philosophia:
1230 958 1415 998 amore
1438 943 1602 1013 capti.
1631 942 1782 997 Tunc

183 1029 351 1100 igitur
376 1030 494 1085 illos
515 1046 851 1097 revocemus,
876 1047 998 1109 cum
1023 1033 1163 1109 vires
1192 1034 1331 1087 nacti
1353 1042 1530 1098 erunt,
1557 1032 1784 1103 aliisque

185 1120 448 1193 prodesse
496 1129 745 1190 poterunt
794 1140 808 1177 :
860 1104 987 1178 tunc
1036 1104 1154 1177 illos
1200 1123 1560 1189 retrahamus,
1610 1124 1680 1177 ita
1727 1130 1785 1177 ut

184 1212 491 1268 communis
514 1213 602 1267 lux
629 1212 739 1278 fiat,
768 1223 822 1268 et
847 1213 1064 1269 lucerna
1088 1222 1500 1283 ponatursupra
1527 1212 1787 1267 candela-

186 1302 370 1359 brum.
417 1303 567 1359 Tunc
613 1303 864 1361 videbitis
908 1319 1264 1375 quorumnam
1318 1303 1553 1359 filiorum
1606 1311 1789 1374 patres

187 1394 333 1461 sitis,
365 1408 666 1464 quorumve
710 1396 769 1461 ii,
809 1411 947 1466 quos
995 1410 1139 1451 nunc
1176 1394 1367 1451 beatos
1407 1394 1585 1450 dicitis
1622 1402 1790 1449 :tunc

192 1487 547 1561 phil030phize
579 1487 725 1544 lucra
755 1487 1037 1553 videbitis,
1073 1503 1197 1543 cum
1245 1488 1571 1543 insanabiles
1612 1486 1790 1541 homi-

193 1596 325 1635 num
355 1581 570 1636 morbos
596 1582 924 1649 curaverint,
954 1597 1077 1636 cum
1107 1590 1165 1635 ut
1194 1580 1421 1636 benefici
1454 1593 1789 1647 communes,

194 1672 408 1743 patroni
440 1679 495 1727 et
524 1681 828 1727 servatores
870 1671 1325 1742 prardicabuntur,
1357 1686 1480 1726 cum
1526 1679 1583 1727 ut
1618 1671 1794 1741 angeli

193 1777 320 1817 cum
351 1761 655 1817 hominibus
682 1763 732 1817 in
766 1763 922 1818 terris
947 1762 1252 1819 eonversati
1283 1762 1503 1829 fuerint,
1534 1777 1655 1817 cum
1680 1776 1798 1816 om-

196 1852 348 1908 nium
375 1854 619 1908 obtutum
648 1854 701 1907 in
742 1868 801 1909 se
829 1854 1198 1910 converterint
1230 1871 1242 1906 :
1276 1854 1384 1908 imo
1411 1852 1608 1925 potius,
1646 1868 1796 1924 qua:-

196 1962 433 2017 cumque
464 1946 775 2015 dixerimus,
806 1946 939 2002 nihil
986 1947 1092 2003 tale
1122 1946 1379 2003 exhibere
1416 1956 1611 2017 potest,
1640 1946 1801 2017 quale

200 2028 318 2109 ipsa
350 2040 681 2109 experientia
712 2048 768 2094 et
796 2040 1051 2110 operibus
1084 2040 1268 2097 videre
1292 2037 1395 2097 est.
1426 2040 1553 2095 llaec
1584 2039 1798 2111 legisla-

200 2130 413 2185 toribus
436 2130 676 2186 facienda
698 2140 872 2197 erant,
897 2132 941 2187 si
963 2132 1036 2189 uti
1058 2134 1410 2191 conveniebat
1435 2141 1609 2189 actum
1635 2140 1801 2200 esset,

201 2238 401 2293 nempe
432 2233 489 2278 ut
516 2239 621 2277 non
649 2223 934 2295 juvenibus
960 2225 1195 2280 virorum
1227 2234 1438 2279 atatem
1477 2224 1684 2296 adeptis
1729 2223 1799 2277 ti-

202 2328 387 2368 mores
406 2316 730 2381 incuterent;
753 2315 847 2370 sed
870 2330 984 2381 eos,
1008 2315 1133 2370 dum
1157 2316 1503 2387 puerierant,’
1524 2317 1805 2371 instituere

204 2414 261 2459 et
291 2405 583 2461 informare
607 2422 741 2477 opus
768 2416 884 2463 erat
905 2451 918 2473 ,
954 2426 1052 2466 nec
1082 2419 1263 2479 postea
1293 2410 1454 2473 mina:
1480 2409 1805 2465 adhibendae

208 2496 457 2552 fuissent.
486 2498 636 2555 Nunc
662 2511 839 2556 autem
868 2502 969 2558 hoc
992 2504 1164 2573 ipsum
1188 2502 1381 2573 agitur,
1406 2516 1468 2557 ac
1485 2498 1531 2555 si
1557 2502 1675 2573 quis
1696 2516 1809 2555 mc-

206 2588 364 2643 dicus
404 2593 681 2660 aegrotanti
730 2594 861 2648 nihil
908 2594 1070 2661 dicat,
1099 2609 1199 2649 nec
1228 2594 1603 2665 ostendatqno
1652 2603 1810 2664 pacto

209 2680 482 2736 curandus
512 2683 581 2736 sit
603 2684 844 2749 morbus,
868 2685 1140 2755 deplorata
1164 2694 1344 2741 autem
1368 2683 1696 2751 valetudine,
1724 2683 1809 2738 in—

210 2787 465 2826 numeras
493 2774 855 2829 remediorum
889 2777 1033 2847 leges
1060 2783 1279 2832 statuat.
1312 2775 1443 2831 Nam
1476 2775 1811 2847 legislatores

212 2872 341 2919 tunc
382 2879 481 2920 nos
526 2867 804 2923 instituere
834 2868 1238 2938 aggrediuntur,
1279 2884 1399 2922 cum
1434 2868 1542 2938 jam
1577 2856 1813 2938 perversi

211 2969 422 3009 smnus.
448 2955 551 3011 Sed
575 2973 682 3012 non
712 2956 781 3012 it'a
803 2960 1019 3026 Paulus,
1044 2976 1229 3015 verum
1252 2960 1318 3014 ab
1344 2960 1494 3014 initio
1515 2968 1571 3014 et
1591 2975 1618 3012 a
1643 2958 1813 3028 prima

213 3054 374 3102 mtate
422 3047 705 3117 magistros
744 3049 845 3104 illis
874 3050 1084 3104 virtutis
1127 3050 1371 3119 prreficit,
1415 3049 1556 3104 vitiis
1597 3063 1813 3103 omnem

215 3137 421 3191 aditum
465 3138 849 3193 intercludens.
893 3139 1018 3195 llaec
1057 3140 1255 3210 quippe
1295 3140 1495 3210 Optima
1535 3148 1619 3194 est
1656 3139 1818 3193 disci-

218 3229 388 3299 plina,
416 3245 523 3284 non
553 3232 698 3299 prius
730 3232 855 3284 vitia
884 3232 1149 3285 dominari
1179 3231 1366 3301 sinere
1386 3239 1436 3286 et
1465 3238 1647 3301 postea
1674 3246 1819 3300 qua:-

218 3336 363 3389 rere,
393 3338 499 3393 quo
522 3334 680 3393 pacto
710 3324 798 3379 illa
827 3324 1092 3379 eliminari
1132 3324 1364 3395 possint,
1396 3324 1491 3379 sed
1522 3324 1702 3378 omnia
1737 3324 1817 3376 fa-

218 3428 346 3468 cere
374 3423 535 3484 atque
562 3415 760 3481 moliri,
783 3422 839 3469 ut
869 3425 1056 3470 natura
1086 3426 1267 3470 nostra
1299 3415 1554 3486 nequitia:
1584 3415 1654 3469 sit
1677 3416 1824 3468 inac-

224 3520 396 3561 cessa.
432 3508 790 3575 Quamobrem
838 3509 1046 3576 hortor,
1093 3525 1198 3563 non
1246 3508 1406 3563 modo
1448 3509 1589 3574 illos,
1618 3507 1721 3578 qui
1771 3507 1820 3560 id

223 3587 402 3653 facci‘e
444 3598 659 3666 vellent,
691 3600 966 3667 cohibere,
1010 3601 1103 3656 sed
1142 3602 1304 3669 etiam
1342 3602 1489 3672 ipsos
1528 3602 1821 3669 suscipere.

225 3691 482 3760 scapham
514 3693 746 3760 eripere.
776 3702 831 3746 et
857 3706 1147 3762 procurare
1188 3700 1244 3746 ut
1270 3694 1509 3747 secundo
1535 3701 1695 3746 vento
1725 3708 1823 3745 na-

226 3783 459 3852 vigetur.
493 3782 704 3837 Etenim
728 3784 770 3837 si
804 3783 945 3845 hanc
972 3800 1163 3839 omnes
1188 3784 1511 3839 sententiam
1537 3782 1829 3853 amplecte-

228 3890 432 3937 remur,
458 3881 512 3928 et
537 3874 656 3928 aliis
687 3875 1005 3943 posthabitis
1037 3875 1102 3929 ad
1132 3877 1381 3930 virtutem
1414 3891 1508 3930 eos
1536 3874 1831 3930 deducere-

229 3979 370 4025 mus,
405 3964 507 4019 hoc
544 3966 717 4019 solum
747 3982 924 4035 opera:
964 3967 1215 4035 pretium,
1256 3976 1451 4021 cmtera
1483 3982 1610 4022 vero
1652 3967 1828 4021 omnia

230 4056 501 4111 adscititia
546 4072 668 4111 esse
709 4057 1051 4123 arbitrantes,
1101 4067 1244 4113 tanta
1290 4059 1414 4113 hinc
1458 4054 1833 4131 contingerent

235 4152 398 4215 bona,
425 4160 621 4219 quanta
648 4153 690 4207 si
724 4168 865 4208 nunc
892 4153 1097 4219 dicam,
1122 4154 1378 4224 jactantis
1406 4170 1555 4210 more
1579 4155 1721 4225 loqui
1751 4154 1833 4208 vi-

232 4243 388 4299 dear.
414 4244 470 4299 Si
496 4246 613 4315 quis
640 4257 817 4300 autem
847 4247 984 4303 scire
1010 4247 1211 4316 cupiat,
1237 4264 1303 4302 ex
1328 4246 1485 4302 rebus
1512 4249 1640 4319 ipsis
1672 4250 1837 4319 probe

235 4338 559 4406 cognoscet,
598 4336 951 4408 ingentesque
999 4340 1153 4393 nobis
1192 4340 1390 4409 gratias
1433 4339 1669 4405 habebit,
1723 4342 1840 4395 Ion-

235 4445 411 4500 geque
439 4431 669 4500 majores
699 4432 828 4498 Deo,
854 4448 974 4486 cum
1002 4434 1189 4488 viderit
1212 4432 1374 4488 vitam
1400 4434 1543 4487 illam
1567 4434 1839 4489 cmleSIem

241 4525 296 4578 in
331 4532 473 4579 terra
502 4526 913 4595 germinantem,
938 4525 1345 4597 doctrinamque
1376 4526 1441 4581 de
1465 4527 1655 4581 futuris
1685 4528 1840 4582 bouis

241 4630 308 4671 ac
354 4615 422 4671 de
466 4616 859 4672 resurrectione
902 4616 987 4672 vel
1025 4618 1166 4689 apud
1212 4618 1357 4688 ipsos
1404 4617 1647 4675 infideles
1697 4618 1844 4675 obti«

242 4717 485 4767 nentem.

322 4803 410 4859 l9.
444 4803 594 4872 Quod
620 4811 795 4859 autem
822 4803 934 4859 tunc
963 4804 1355 4874 nonjactaiitiie
1380 4806 1539 4861 verba
1562 4805 1695 4872 sint,
1717 4806 1846 4861 inde

248 4894 510 4965 liquidum
556 4905 636 4950 est
658 4937 672 4960 ,
716 4895 858 4965 quod
900 4912 1021 4949 cum
1055 4896 1182 4965 ipsis
1212 4898 1374 4951 vitam
1416 4913 1602 4952 eorum
1623 4941 1638 4965 ,
1670 4899 1760 4969 qui
1791 4899 1847 4954 in

247 4986 483 5042 desertis
513 4997 816 5054 versantur,
860 5004 1208 5055 enarramus,
1258 4990 1325 5043 ad
1369 4989 1485 5045 hmo
1532 4990 1661 5043 nihil
1706 4989 1850 5061 quod

252 5082 509 5151 objiciunt
529 5080 744 5147 habent,
776 5080 869 5135 sed
892 5080 1097 5136 fortiter
1124 5089 1423 5152 repugnant
1446 5091 1503 5136 et
1523 5082 1852 5137 contendunt

253 5174 396 5229 circa
425 5173 746 5243 paucitatem
770 5188 975 5241 eorum,
1001 5174 1093 5244 qui
1118 5175 1188 5228 ita
1215 5174 1448 5245 perfecte
1470 5190 1528 5229 se
1553 5185 1761 5245 gerunt.
1793 5175 1849 5231 Si

258 5282 386 5321 vero
432 5266 483 5320 in
526 5266 746 5321 urbibus
790 5266 932 5322 hunc
962 5266 1192 5321 fructum
1234 5283 1572 5335 sereremus,
1610 5268 1856 5338 bonaque

256 5361 541 5432 disciplina
571 5372 626 5416 et
645 5362 815 5431 legem
838 5372 892 5417 et
919 5363 1125 5417 initium
1147 5364 1436 5434 acciperet,
1465 5364 1707 5434 filiosque
1731 5373 1857 5419 ante

259 5454 439 5508 unitiia
468 5469 810 5510 moneremus
837 5466 894 5510 ut
922 5455 1035 5511 Deo
1074 5456 1232 5510 amici
1266 5456 1488 5523 fierent,
1522 5456 1857 5525 Spirituales-

260 5563 366 5615 que
387 5546 697 5617 disciplinas
729 5549 843 5602 vice
867 5548 1103 5602 omnium
1132 5556 1184 5603 et
1203 5557 1328 5601 ante
1349 5562 1535 5603 omnes
1556 5548 1687 5601 alias
1714 5548 1860 5618 ipsos

262 5640 615 5706 doceremus,
662 5642 832 5696 tristia
880 5651 1069 5696 cuncta
1115 5642 1498 5707 abscederent,
1536 5643 1862 5697 innumeris-

266 5750 372 5806 que
398 5734 552 5789 malis
575 5736 683 5789 vita
713 5751 951 5806 praesens
974 5734 1294 5805 eriperetur,
1324 5750 1384 5790 ac
1406 5736 1546 5807 quod
1581 5736 1649 5791 de
1689 5736 1864 5790 futura

270 5829 487 5899 dicitur,
518 5845 709 5902 nempe
739 5829 1007 5903 aufugisse
1032 5830 1291 5901 dolorem,
1326 5830 1595 5888 tristitiam
1619 5839 1671 5889 ct
1693 5831 1862 5900 gemiv

929 369 1289 428 ADVERSUS
1324 369 1882 428 OPPUGNATORES
1911 370 2109 429 VITIE'
2133 370 2430 429 MONAST.
2471 370 2601 428 LIB.
2643 370 2731 428 111.

3361 377 3469 433 ὅὸὶ

1876 490 1987 539 tum
2007 526 2024 553 ,
2050 484 2178 541 hinc
2204 486 2387 556 utique
2422 500 3105 555 consequeremur-armies.
3133 486 3266 543 Nam
3292 490 3335 544 si
3362 488 3467 545 nec

1877 576 2258 645 pecuniarum,
2302 592 2402 632 nec
2440 578 2613 632 inanis
2640 577 2822 647 gloriae
2846 578 3040 646 cupido
3081 594 3180 634 nos
3222 589 3428 635 teneret

1877 682 2053 737 neque
2080 677 2305 722 mortem
2348 669 2654 723 timeremus
2676 707 2693 734 ,
2734 682 2909 738 neque
2934 678 3298 739 paupertatem
3320 708 3335 734 ,
3370 684 3470 723 nee

1880 772 2147 814 :crumnas
2180 755 2431 813 dammim
2471 758 2878 827 arbitraremur,
2920 758 3015 814 sed
3046 759 3252 813 lucrum
3297 757 3474 813 maxi-

1880 863 2050 914 mum,
2082 863 2190 902 non
2217 848 2515 913 inimicitia,
2547 863 2653 903 non
2681 847 2807 902 odio
2834 848 3079 918 persequi
3111 849 3449 903 novissemus

1882 956 1990 996 non
2008 942 2238 1011 propriis
2257 956 2528 1009 umquam,
2548 956 2654 996 non
2680 941 2868 996 alienis
2887 942 3050 995 animi
3071 940 3474 1011 aegritudinibus

1884 1026 2331 1104 expugnaremur,
2364 1032 2461 1089 sed
2504 1033 2793 1089 humanum
2836 1048 3005 1105 genus
3043 1034 3247 1104 angelis
3292 1033 3474 1102 proxi-

1886 1140 2033 1179 mum
2059 1113 2446 1194 esset.~Ecquis
2474 1123 2766 1189 hominum,
2802 1125 3028 1195 inquies,
3058 1126 3197 1180 hanc
3222 1139 3343 1178 rem
3370 1134 3478 1177 tam

1890 1216 2144 1285 praeclare
2170 1215 2375 1285 gessit.‘.l
2400 1213 2530 1271 Jure
2560 1230 2664 1269 non
2695 1215 2893 1282 credis,
2925 1225 3111 1285 utpote
3135 1217 3224 1285 qui
3252 1215 3303 1268 in
3330 1213 3481 1268 urbi-

1890 1307 1989 1361 bus
2020 1306 2246 1373 habites,
2273 1315 2328 1362 et
2347 1307 2556 1362 divinos
2583 1307 2755 1363 libros
2773 1322 2880 1361 non
2909 1307 3119 1377 legeris.
3143 1305 3296 1371 Quod
3321 1300 3371 1358 si
3386 1319 3483 1359 eos

1892 1398 1985 1467 qui
2014 1398 2066 1452 in
2093 1398 2321 1453 desertis
2349 1404 2650 1463 versantur,
2680 1406 2739 1455 et
2768 1412 2864 1452 eos
2892 1399 2982 1468 qui
3029 1398 3081 1451 in
3120 1395 3486 1466 spiritualibus

1895 1489 2045 1543 fibris
2075 1498 2440 1543 memorantur
2464 1502 2672 1555 nosses,
2703 1488 2981 1543 didicisses
3007 1488 3188 1557 utique
3212 1494 3266 1541 et
3295 1499 3484 1540 mona-

1896 1580 2027 1635 chos
2050 1587 2104 1635 et
2129 1581 2296 1650 prius,
2325 1595 2483 1651 quam
2514 1580 2625 1645 illi,
2653 1580 2944 1651 apostolos,
2977 1588 3088 1633 tum
3114 1577 3485 1647 etiamjustos,

1896 1672 1986 1743 qui
2026 1666 2298 1743 apostolos
2338 1679 2761 1742 praecesserunt,
2806 1686 3013 1725 summa
3057 1684 3180 1725 cum
3216 1668 3488 1738 diligentia

1897 1764 2037 1818 hanc
2080 1763 2249 1833 ipsam
2293 1760 2683 1833 philosophiam
2724 1761 3051 1819 exhibuisse.
3096 1760 3336 1816 Vitanda:
3363 1774 3492 1829 ergo

1900 1854 2009 1910 litis
2037 1869 2195 1909 causa
2216 1896 2231 1921 ,
2277 1854 2469 1909 demus
2510 1853 2686 1908 filium
2716 1861 2865 1921 tuum
2893 1851 3129 1907 secundo
3168 1850 3396 1906 tertiove
3425 1850 3495 1903 ab

1901 1947 2008 2002 illis
2034 1946 2201 2019 gradu
2227 1945 2461 2000 futurum
2488 1961 2503 2001 :
2530 1960 2639 2000 non
2657 1944 2861 2015 exiguis
2883 1954 3057 1997 tamen
3082 1942 3291 1997 fruetur
3315 1940 3489 1996 bonis.

1900 2039 2019 2095 Non
2050 2040 2117 2093 ad
2148 2040 2395 2107 Petrum,
2440 2054 2547 2093 non
2594 2038 2659 2092 ad
2689 2038 2912 2092 Paulum
2943 2037 3200 2105 attinget,
3245 2036 3352 2089 imo
3394 2048 3494 2089 nec

1905 2134 2149 2205 proxime
2173 2133 2239 2188 ad
2262 2149 2356 2189 eos
2378 2132 2628 2198 accedet;
2660 2148 2783 2187 num
2814 2131 2934 2186 ideo
2956 2130 3103 2185 illum
3128 2146 3158 2183 a
3182 2127 3496 2199 posterioris

1904 2225 2101 2299 gradus
2127 2226 2331 2299 honore
2357 2224 2717 2295 privabimus?
2748 2212 2979 2293 ldipsum
3010 2222 3139 2277 facis
3164 2219 3281 2276 haec
3317 2219 3498 2291 profe-

1907 2332 2063 2386 rens,
2089 2332 2157 2373 ac
2187 2319 2230 2374 si
2262 2318 2331 2372 ita
2362 2316 2657 2387 loquereris
2682 2334 2694 2371 :
2724 2314 2865 2383 Quia
2884 2330 2989 2369 non
3022 2321 3198 2385 potest
3224 2313 3335 2368 fieri
3364 2312 3500 2382 lapis

1909 2412 2177 2484 pretiosus
2196 2451 2213 2478 ,
2243 2420 2457 2466 maneat
2479 2408 2679 2464 ferrum
2697 2449 2717 2477 ,
2746 2422 2847 2464 nec
2880 2415 3158 2478 argentum
3187 2421 3285 2461 nec
3312 2419 3500 2458 aurum

1911 2504 2193 2559 efﬁciatur.

1986 2592 2107 2647 Non
2153 2610 2322 2647 omnes
2360 2608 2649 2663 supremum
2689 2589 2885 2646 virtutis
2928 2589 3188 2662 fastigium
3218 2604 3503 2658 assequun-

1915 2694 2017 2739 ιω.
2048 2710 2121 2723 -—
2147 2682 2258 2738 Cur
2283 2683 2335 2738 in
2382 2682 2618 2738 extentis
2656 2682 2816 2737 rebus
2848 2696 2953 2736 non
2992 2681 3185 2737 eodem
3216 2680 3380 2734 uteris
3423 2697 3512 2735 ra-

1919 2776 2167 2844 tiocinio,
2194 2775 2288 2833 sed
2318 2791 2535 2846 prorsus
2573 2774 2882 2831 contrario?
2908 2772 3042 2829 Nam
3076 2788 3197 2828 cum
3238 2772 3304 2826 ad
3333 2772 3510 2826 litera-

1916 2888 2034 2926 rutn
2058 2871 2391 2941 disciplinam
2420 2870 2605 2934 mittis,
2631 2884 2740 2925 non
2767 2867 2914 2923 illum
2940 2866 3006 2921 ad
3030 2880 3337 2936 supremum
3366 2864 3515 2919 fasti-

1917 2963 2061 3031 gium
2093 2976 2211 3017 esse
2238 2976 2581 3015 ascensurum
2610 2969 2891 3029 exspectas
2911 3000 2926 3025 ,
2964 2973 3064 3013 nec
3090 2968 3266 3013 tamen
3296 2956 3416 3011 ideo
3445 2956 3515 3009 ab

1920 3052 2023 3106 hoc
2061 3052 2238 3107 studio
2286 3050 2550 3116 retrahis,
2599 3049 2695 3105 sed
2725 3049 2903 3103 omnia
2949 3063 3068 3120 qtue
3098 3062 3266 3118 penes
3314 3056 3364 3101 te
3390 3053 3518 3101 sunt

1921 3155 2176 3217 praestas,
2211 3145 2451 3215 satisque
2476 3157 2595 3215 esse
2627 3150 2778 3212 putas
2807 3141 2852 3195 si
2893 3140 2957 3195 ad
2988 3140 3233 3210 quintum
3264 3138 3346 3193 vel
3368 3138 3519 3193 deci-

1927 3255 2069 3293 mum
2098 3254 2128 3293 a
2160 3239 2331 3307 primo
2358 3237 2678 3307 eloquentiae
2716 3234 2940 3305 gradum
2986 3233 3124 3287 filius
3150 3242 3272 3286 tuus
3312 3232 3515 3299 pertin-

1924 3346 2055 3400 gere
2095 3330 2281 3399 possit.
2324 3327 2564 3401 Cumque
2589 3326 2679 3385 filii
2709 3327 2871 3380 vestri
2904 3323 3219 3395 Imperatori
3252 3323 3518 3387 militant,

1928 3439 2035 3479 non
2063 3436 2277 3489 semper
2297 3420 2361 3475 ad
2390 3418 2760 3491 praefectorum
2784 3416 3007 3487 gradum
3034 3416 3185 3485 ipsos
3203 3426 3525 3468 ascensuros

1928 3529 2051 3570 esse
2089 3513 2319 3583 putatis,
2357 3525 2459 3565 nec
2499 3520 2674 3564 tamen
2711 3508 2910 3578 iubetis
2935 3506 3208 3576 deponere
3254 3502 3525 3565 balteum,

1932 3621 2103 3675 neque
2133 3604 2200 3658 ad
2230 3604 2390 3673 regia:
2416 3601 2600 3657 limina
2624 3598 2882 3655 accedere
2908 3597 3206 3669 prohibetis
3225 3638 3240 3664 ,
3267 3596 3361 3651 sed
3390 3594 3525 3649 nihil

1935 3716 2040 3755 non
2064 3699 2242 3769 agitis,
2270 3708 2327 3752 ut
2354 3712 2421 3750 ne
2450 3696 2559 3750 illic
2586 3693 2791 3749 versari
2816 3707 3067 3763 umquam
3097 3690 3365 3755 desinant,
3396 3689 3527 3745 satis

1935 3808 2057 3848 esse
2087 3788 2355 3861 putantes,
2388 3789 2431 3843 si
2462 3803 2555 3843 eos
2584 3787 2760 3842 medio
2787 3786 2839 3841 in
2866 3785 2986 3840 loco
3014 3783 3203 3855 positis
3231 3797 3529 3837 connume—

1937 3882 2046 3938 rari
2086 3882 2330 3937 videatis.
2377 3880 2514 3949 Quid
2541 3894 2717 3935 causa:
2747 3887 2829 3933 est
2867 3878 3045 3947 igitur,
3074 3875 3216 3946 quod
3258 3874 3367 3930 illic
3407 3873 3532 3944 qui-

1939 3976 2084 4043 dem,
2116 3974 2324 4028 etiamsi
2353 3974 2555 4042 majora
2587 3969 2845 4041 consequi
2876 3985 2984 4024 non
3018 3968 3196 4033 liceat,
3226 3982 3325 4037 pro
3350 3967 3530 4021 miuo-

1941 4056 2089 4121 ri'bus
2119 4075 2294 4120 tamen
2324 4062 2672 4135 assequendis
2698 4062 2987 4125 laboratis,
3022 4060 3120 4115 etsi
3155 4074 3251 4129 pro
3276 4058 3359 4113 his
3396 4073 3537 4129 quo-

1942 4174 2045 4229 que
2071 4174 2195 4228 spes
2223 4158 2290 4211 sit
2315 4156 2473 4211 dubia
2493 4197 2508 4221 ,
2543 4155 2628 4211 hic
2657 4170 2783 4210 vero
2813 4168 3005 4223 segnes
3035 4152 3163 4208 estis
3184 4166 3247 4205 ac
3272 4150 3540 4208 deficitis?

1943 4254 2075 4322 Quia
2105 4268 2299 4322 nempe
2340 4252 2553 4305 illorum
2584 4264 2776 4320 magno
2804 4247 3071 4303 desiderio
3111 4245 3407 4307 tenemini,
3442 4244 3542 4298 ho-

1946 4360 2063 4399 rum
2092 4358 2219 4398 vero
2249 4358 2315 4397 ne
2344 4356 2597 4413 perquam
2626 4340 2847 4394 minimo
2873 4356 2886 4393 :
2915 4338 3111 4393 deinde
3138 4337 3263 4407 quia
3292 4337 3343 4390 id
3373 4336 3551 4391 confi-

1950 4438 2048 4494 teri
2078 4437 2427 4501 erubescitis,
2471 4433 2783 4489 occasiones
2810 4439 2864 4487 et
2903 4430 3158 4485 obtentus
3188 4428 3504 4498 excogitatis
3532 4445 3547 4481 :

1951 4531 2129 4598 itaque
2158 4529 2203 4583 si
2230 4527 2358 4582 illud
2379 4528 2533 4597 plane
2564 4524 2792 4588 velletis,
2825 4522 2954 4577 nihil
2978 4535 3165 4578 eorum
3200 4521 3351 4576 vobis
3379 4521 3555 4588 impe-

1950 4610 2187 4675 dimento
2219 4628 2381 4675 esset.
2412 4616 2486 4671 ita
2514 4616 2655 4672 enim
2686 4632 2770 4671 res
2798 4630 2855 4670 se
2896 4614 3055 4668 habet
3082 4631 3094 4665 :
3127 4613 3173 4669 si
3201 4613 3319 4682 quis
3349 4611 3552 4681 aliquid

1952 4729 2078 4768 vere
2117 4720 2291 4775 amet,
2318 4702 2462 4765 licet
2502 4725 2608 4764 non
2639 4718 2836 4771 totum,
2870 4721 2969 4761 nec
2995 4720 3264 4759 summum
3292 4703 3571 4772 consequi-

1956 4808 2143 4878 possit,
2175 4807 2251 4860 vel
2284 4806 2549 4869 medium,
2580 4802 2660 4855 vel
2689 4799 2911 4871 gradum
2938 4798 3099 4853 etiam
3132 4798 3288 4866 longe
3314 4795 3545 4850 inferio-

1957 4915 2069 4955 rem
2103 4897 2341 4952 nancisci
2372 4903 2636 4966 peroptat.
2666 4894 2797 4947 Nam
2823 4894 2913 4962 qui
2944 4892 3065 4945 vino
3090 4899 3143 4945 et
3174 4889 3380 4959 poculis
3403 4888 3557 4942 dedi-

1960 5003 2043 5047 tus
2073 5002 2155 5047 est
2176 5034 2189 5059 ,
2219 4990 2430 5045 etiamsi
2460 4989 2718 5057 optimum
2747 4996 2800 5043 et
2829 4985 3207 5041 suavissimum
3236 4983 3417 5037 vinum
3463 4984 3560 5035 ha-

1959 5086 2087 5142 bere
2108 5101 2212 5139 non
2242 5083 2438 5149 valeat,
2458 5099 2525 5135 ne
2549 5081 2598 5134 id
2621 5079 2835 5149 quidem
2856 5077 2998 5148 quod
3024 5077 3179 5131 vilius
3199 5086 3283 5130 est
3306 5090 3563 5143 umquam

1961 5188 2290 5234 contemnet.
2326 5177 2555 5231 Rursum
2583 5190 2774 5229 avarus
2795 5216 2807 5235 ,
2842 5172 3051 5226 etiamsi
3082 5184 3179 5225 nec
3206 5170 3409 5237 lapides
3442 5186 3563 5236 pre-

1964 5273 2171 5338 tiosos,
2214 5285 2315 5324 nec
2358 5284 2578 5329 aurum,
2609 5266 2702 5320 sed
2749 5273 3029 5335 argentum
3076 5262 3415 5317 solummodo
3446 5260 3566 5330 quis

1966 5366 2232 5436 praebeat,
2276 5378 2513 5417 summas
2558 5361 2631 5415 illi
2660 5360 2858 5429 gratias
2904 5357 3142 5413 habebit.
3174 5356 3322 5411 Talis
3369 5371 3453 5409 res
3484 5364 3568 5408 est

1966 5455 2429 5527 concupiscentia,
2458 5453 2593 5508 adeo
2635 5450 2941 5517 tyrannica,
2992 5458 3048 5503 ut
3077 5448 3161 5511 ei,
3196 5462 3354 5518 quem
3397 5445 3567 5501 semel

1967 5551 2201 5620 ceperit.
2230 5548 2406 5603 omnia
2447 5546 2550 5617 pati
2582 5554 2636 5600 et
2673 5543 2943 5600 sustinere
2969 5541 3229 5597 suadeat:
3266 5540 3335 5593 ita
3369 5547 3423 5592 ut
3454 5539 3569 5591 iure

1970 5643 2162 5706 verba,
2195 5645 2240 5696 si
2269 5656 2373 5694 non
2411 5639 2660 5694 simulate
2688 5646 2891 5689 tantum
2927 5634 3348 5704 pnetendautur,
3388 5642 3568 5699 postu-

1971 5734 2080 5791 lent
2110 5741 2166 5787 ut
2192 5733 2309 5803 quis
2336 5739 2653 5801 coopcretur
2692 5739 2745 5784 et
2777 5729 3014 5783 laborem
3062 5725 3237 5779 adeat.
3273 5726 3399 5794 Ejus
3426 5724 3567 5777 cnim

1976 5835 2074 5895 est,
2116 5825 2205 5898 qui
2232 5825 2429 5897 aliquid
2457 5825 2805 5896 concupiscit,
2835 5837 2938 5877 non
2985 5818 3247 5893 impedire
3288 5816 3572 5889 quominus
