4266 6314
723 332 832 388 383

722 451 848 514 ttat,
879 448 973 504 scd
1001 459 1056 504 ut
1097 449 1188 505 fiat
1215 450 1393 507 omnia
1424 450 1622 507 moliri.
1649 448 1862 505 Etenim
1903 449 1993 517 qui
2033 447 2099 503 ad
2123 445 2312 516 Olym-

724 539 842 610 pica
868 542 1164 596 certamina
1194 539 1546 607 descendunt,
1576 539 1678 596 etsi
1697 541 1868 595 sciant
1894 555 2053 599 unum
2074 554 2137 592 ex
2164 545 2306 591 tanta

721 630 1065 687 multitudine
1094 635 1350 688 victorem
1381 633 1517 702 fore,
1549 632 1793 687 laborant
1832 641 2007 687 tamen
2036 638 2197 700 atque
2222 626 2305 682 fa-

722 723 955 791 tigantur
981 742 992 777 :
1021 723 1230 778 tametsi
1257 722 1342 780 hic
1361 733 1519 795 atque
1545 724 1649 778 illic
1669 737 1775 777 non
1798 738 1896 794 par
1913 722 2050 778 ratio
2071 729 2175 787 est,
2198 735 2304 774 non

719 814 896 868 solum
929 814 997 870 ob
1023 817 1373 870 certaminum
1398 815 1580 882 linem,
1605 816 1698 876 sed
1722 817 1882 871 etiam
1909 815 2049 885 quod
2079 815 2187 869 illic
2213 828 2306 868 ne-

718 919 874 959 cesse
896 906 966 960 sit
995 921 1157 960 unum
1185 896 1458 962 dumtaxat
1501 917 1814 963 coronatum
1841 907 1999 962 abire
2019 949 2034 973 ,
2066 905 2154 961 hic
2179 919 2306 960 vero

722 995 1078 1061 prmllmtia
1109 1004 1163 1051 et
1190 996 1410 1052 inferior
1434 998 1672 1054 conditio
1699 1013 1804 1052 non
1846 997 1898 1052 in
1924 1012 1990 1052 eo
2018 996 2135 1052 siue
2159 996 2300 1062 sint,

720 1085 861 1153 quod
889 1087 1028 1141 alter
1051 1104 1156 1143 non
1197 1099 1508 1157 coronatus,
1535 1091 1670 1145 alter
1697 1098 1984 1145 coronatus
2011 1085 2301 1154 abscedat,

719 1177 816 1232 sed
855 1180 996 1248 quod
1020 1180 1157 1235 alius
1182 1181 1596 1251 splendidiorem
1616 1221 1634 1246 ,
1672 1182 1808 1237 alius
1845 1181 2105 1236 minorem
2132 1179 2303 1233 accla-

721 1268 1008 1323 mationem
1031 1270 1286 1335 obtineat,
1322 1271 1416 1326 sed
1448 1281 1624 1327 tamen
1653 1287 1840 1328 omnes
1864 1273 2174 1327 sortiantur.
2203 1270 2296 1324 De-

720 1361 884 1429 nique
911 1361 955 1415 si
983 1361 1241 1417 vellemus
1265 1377 1294 1416 a
1323 1363 1584 1435 principio
1608 1364 1894 1419 infamare
1921 1364 2077 1427 lilios,
2102 1373 2157 1419 et
2179 1363 2305 1419 edu-

719 1465 844 1506 care
867 1452 1203 1521 cupientibus
1224 1454 1456 1520 tradere,
1480 1456 1592 1511 tieri
1620 1471 1747 1511 sane
1769 1466 1950 1526 posset
1972 1456 2102 1510 utin
2131 1454 2302 1525 primo

716 1550 1016 1598 castrorum
1048 1554 1253 1600 starent
1289 1546 1509 1612 ordine;
1549 1563 1724 1618 neque
1751 1550 1894 1603 enim
1939 1548 2078 1603 Deus
2101 1558 2300 1602 tantam

716 1637 882 1691 animi
919 1637 1279 1706 alacritatem,
1329 1649 1530 1695 tantum
1571 1641 1806 1696 studium
1851 1651 2162 1711 sperneret,
2208 1640 2301 1695 sed

718 1742 933 1782 manum
957 1729 1271 1799 porrigeret,
1304 1731 1625 1802 imaginiquc
1650 1729 1939 1786 formanda“:
1961 1747 2178 1802 operam
2201 1729 2299 1785 (la-'-

717 1827 800 1872 ret
829 1837 841 1872 :
869 1819 958 1873 illa
985 1834 1112 1874 vero
1141 1830 1398 1890 operante
1441 1838 1636 1888 manu,
1685 1823 1798 1878 ﬁeri
1843 1825 2028 1894 nequit
2073 1832 2131 1878 ut
2173 1822 2301 1894 quid

716 1918 987 1978 gestorum
1000 1911 1243 1978 excidat;
1273 1914 1380 1968 imo
1399 1913 1512 1970 lieri
1531 1915 1713 1985 nequit
1729 1924 1786 1970 ut
1802 1915 1870 1970 ad
1890 1916 2100 1972 culmen
2123 1917 2304 1987 splen-

715 2000 862 2056 doris
888 2013 943 2056 et
969 2003 1151 2074 gloriae
1175 2021 1280 2059 non
1309 2007 1667 2076 perveniatur,
1698 2008 1742 2062 si
1771 2007 1930 2063 modo
1951 2023 2035 2074 ea,
2065 2025 2183 2079 qua:
2206 2024 2304 2078 pe-

719 2107 815 2146 nes
838 2108 934 2147 nos
959 2103 1102 2160 sunt,
1131 2107 1499 2167 sequerentur.
1523 2098 1655 2152 Nam
1672 2100 1715 2153 si
1743 2101 1994 2156 mulieres
2014 2115 2043 2153 a
2067 2101 2177 2156 Deo
2204 2101 2304 2155 im-

718 2193 930 2250 petrarc
972 2196 1288 2255 potuerunt,
1337 2198 1390 2242 ut
1417 2190 1516 2244 sibi
1543 2190 1610 2244 ad
1648 2190 1935 2246 liberorum
1977 2207 2159 2246 curam
2189 2194 2307 2263 opi-

718 2274 996 2350 tularetur,
1029 2279 1196 2332 multo
1232 2281 1398 2350 magis
1440 2295 1539 2336 nos
1558 2320 1574 2346 ,
1603 2280 1647 2336 si
1675 2281 1902 2337 velimus
1921 2324 1936 2350 ,
1967 2281 2019 2337 id
2049 2284 2304 2354 consequi

718 2367 1034 2433 poterimus.
1067 2370 1212 2426 Alias
1235 2372 1479 2442 quidem,
1510 2389 1576 2428 ne
1603 2373 1813 2444 longius
1840 2385 2088 2430 excurrat
2111 2376 2302 2443 oratio,

719 2459 1119 2524 prrctermittam
1141 2502 1156 2527 ,
1199 2477 1260 2516 ac
1291 2463 1414 2518 licet
1442 2466 1636 2520 multas
1662 2465 2007 2536 proferendas
2041 2465 2300 2537 habeam,

718 2565 877 2604 unam
906 2559 1109 2607 tantum
1135 2557 1588 2633 commemorabo.

787 2640 879 2695 20.
930 2643 1092 2697 Anne
1119 2655 1166 2698 et
1197 2645 1450 2701 Samuelis
1490 2648 1720 2704 historia.
1757 2681 1827 2691 —
1855 2651 2008 2705 Anna
2057 2650 2303 2726 quaedam

715 2740 853 2796 erat,
884 2731 1068 2788 Judzca
1111 2737 1334 2804 mulier;
1366 2741 1482 2795 inec
1509 2741 1674 2796 lilium
1704 2745 1908 2812 peperit
1935 2747 2120 2811 unum;
2147 2760 2304 2800 cum-

718 2839 822 2892 que
849 2841 956 2880 non
1003 2840 1247 2896 speraret
1285 2846 1344 2886 se
1383 2834 1541 2888 alium
1586 2835 1875 2904 parituram
1923 2852 2078 2904 esse;
2106 2840 2304 2910 quippe

717 2929 836 2982 qure
856 2913 994 2971 hunc
1017 2917 1102 2985 vix
1119 2930 1342 2996 postque
1358 2923 1547 2978 multas
1565 2923 1826 2996 lacrymas
1846 2927 2165 2996 peperisset,
2181 2915 2304 2984 nam

678 3005 915 3060 .sterilis
958 3018 1118 3063 erat:
1151 3011 1338 3068 videns
1381 3017 1626 3070 :emulam
1675 3033 1825 3073 suam
1888 3021 1991 3075 sibi
2038 3021 2163 3078 ideo
2200 3024 2309 3079 fre-

716 3105 943 3166 quenter
971 3099 1336 3176 insultantem,
1378 3122 1707 3178 nequaquam
1749 3109 1803 3166 id
1849 3111 1997 3180 fecit,
2027 3114 2170 3184 quod
2211 3131 2309 3171 vos

717 3188 894 3257 agitis,
941 3190 1038 3246 scd
1081 3205 1386 3264 susceptum
1425 3198 1623 3264 lilium,
1673 3201 1765 3258 illo
1813 3211 2017 3261 tantum
2062 3215 2306 3279 tempore

718 3281 858 3350 apud
903 3298 963 3338 se
991 3285 1230 3353 retinuit,
1275 3304 1382 3358 quo
1429 3306 1652 3349 necesse
1696 3303 1813 3350 erat
1841 3307 1896 3352 ut
1925 3297 2302 3357 ablactaretur.

714 3371 849 3426 Cum
879 3383 1056 3430 autem
1092 3376 1230 3434 lacte
1259 3382 1487 3452 amplius
1517 3399 1621 3440 non
1662 3396 1864 3457 egeret,
1893 3401 2162 3462 sumptum
2191 3402 2306 3448 sta-

721 3462 813 3517 tim
842 3463 1032 3522 obtulit
1071 3468 1206 3538 Deo,
1237 3487 1336 3527 nec
1379 3485 1436 3529 ut
1463 3469 1516 3530 in
1546 3486 1821 3546 paternam
1856 3483 2062 3538 veniret
2087 3483 2306 3540 domum

720 3557 926 3624 rogavit
951 3573 1221 3630 umquam,
1249 3564 1345 3620 sed
1367 3581 1581 3637 semper
1603 3570 1656 3624 in
1676 3573 1874 3641 templo
1901 3573 1992 3628 Dei
2012 3574 2098 3630 ille
2123 3590 2305 3632 mora-

721 3646 896 3703 batur.
927 3650 983 3705 Si
1010 3654 1224 3721 quando
1251 3655 1396 3711 illum
1425 3659 1604 3716 videre
1630 3673 1868 3732 cuperet,
1901 3672 2083 3735 utpote
2113 3676 2301 3734 mater,

718 3755 826 3795 non
853 3744 1112 3800 evocabat
1137 3746 1204 3800 ad
1229 3764 1288 3803 se
1319 3765 1563 3819 puerum,
1593 3754 1781 3808 sedoad
1812 3756 1960 3811 illum
1986 3772 2108 3813 cum
2154 3769 2306 3829 patre

719 3833 1062 3902 ascendebat,
1093 3839 1162 3892 ab
1192 3839 1283 3894 illo
1323 3841 1616 3907 abstinens,
1649 3845 1769 3914 quia
1802 3846 1854 3900 in
1883 3847 2082 3915 donum
2110 3864 2306 3906 conse-

719 3936 899 3981 cratus
927 3939 1062 3984 erat.
1105 3930 1361 4003 Adeoque
1385 3945 1631 3991 strenuus
1662 3946 1717 3992 et
1750 3954 1971 4009 magnus
1997 3926 2308 3997 adolescens

720 4021 908 4086 evasit,
938 4031 994 4075 ut
1040 4023 1205 4078 Deum
1245 4025 1313 4079 ab
1360 4026 1700 4083 Hebraeorum
1729 4040 1888 4100 gente
1934 4032 2004 4086 ob
2041 4033 2147 4088 late
2175 4033 2310 4089 ellu-

720 4126 832 4166 sam
880 4111 1115 4181 ipsorum
1161 4118 1449 4186 nequitiam
1489 4135 1759 4189 aversum,
1792 4139 1896 4177 non
1928 4125 2140 4180 oracula
2186 4125 2308 4183 fun-

720 4201 955 4268 dentem,
982 4221 1084 4261 uec
1102 4208 1360 4262 visionem
1389 4210 1546 4264 ullam
1573 4215 1919 4282 praebentem,
1937 4232 2031 4286 per
2053 4218 2304 4273 virtutem

721 4311 872 4350 suam
901 4300 1216 4366 attraheret,
1245 4311 1301 4355 et
1328 4301 1638 4371 impetraret
1666 4306 1734 4361 ab
1774 4322 1839 4361 eo
1871 4318 1922 4361 ut
1957 4309 2142 4363 eadem
2191 4311 2306 4380 ipsa

724 4390 982 4456 prteberet
1010 4406 1128 4459 qua:
1171 4401 1349 4456 antea,
1379 4403 1435 4447 ct
1478 4395 1808 4465 prophetiam
1850 4415 1968 4468 qua:
2003 4401 2307 4458 avolaverat

720 4481 1046 4539 restitueret.
1070 4484 1194 4539 llaec
1217 4496 1391 4540 autem
1413 4489 1605 4558 potuit,
1636 4505 1741 4545 non
1764 4502 1967 4547 matura
1990 4493 2099 4564 jam
2125 4506 2302 4565 mtate,

721 4572 812 4628 sed
856 4591 978 4630 cum
1015 4577 1189 4633 adhuc
1238 4580 1488 4648 puerulus
1515 4592 1698 4638 esset:
1733 4583 1856 4638 Non
1883 4587 2017 4640 enim
2057 4597 2192 4653 erat,
2225 4589 2308 4644 in-

721 4669 853 4738 quit,
881 4670 1005 4723 risio
1024 4670 1356 4742 distinguens,
1383 4684 1428 4726 et
1451 4675 1652 4728 uerbum
1668 4677 1936 4745 pretiosum
1962 4689 2069 4732 erat
2090 4680 2156 4751 (1.
2174 4680 2304 4752 Reg.

723 4763 775 4815 3.
809 4762 882 4835 l).
921 4765 1164 4817 Attamen
1194 4767 1293 4819 hoc
1323 4766 1372 4820 in
1393 4781 1572 4821 rerum
1597 4777 1761 4834 statu,
1780 4769 1919 4825 Deus
1944 4771 2019 4826 illi
2050 4772 2306 4844 frequen-

723 4868 803 4910 ter
845 4859 1056 4912 oracula
1104 4859 1378 4914 reddebat.
1412 4860 1641 4918 Tantum
1671 4865 1878 4919 confert
1903 4867 2252 4923 emolumenti
2287 4909 2303 4936 ,

724 4951 829 5005 Deo
857 4965 1070 5019 semper
1095 4968 1214 5021 qua:
1251 4953 1587 5023 possidemus
1612 4957 1931 5024 concedere,
1961 4969 2015 5013 et
2039 4976 2068 5014 a
2099 4964 2307 5017 cunctis

721 5044 1029 5110 abscedere,
1076 5060 1235 5100 nona
1264 5049 1504 5118 pecuniis
1547 5057 1752 5104 tantum
1793 5059 1848 5106 et
1882 5067 1910 5104 a
1958 5056 2308 5121 possessioni-

723 5137 840 5205 bus,
867 5136 963 5192 sed
999 5137 1068 5191 ab
1110 5137 1238 5206 ipsis
1278 5139 1418 5193 filiis.
1451 5139 1580 5194 Nam
1609 5141 1652 5195 si
1700 5141 1877 5198 hocin
1903 5145 2078 5199 anima
2124 5156 2303 5200 nostra

723 5225 893 5281 facere
914 5225 1183 5296 jubemur,
1217 5230 1382 5284 multo
1425 5232 1673 5300 magis‘in
1702 5235 1911 5288 ca-teris
1954 5236 2219 5290 omnibus.
2251 5237 2304 5291 Id

723 5318 916 5388 quippe
941 5319 1209 5375 Abraham
1231 5322 1528 5391 patriarcha
1552 5323 1696 5388 fecit,
1727 5326 1831 5378 imo
1853 5327 2124 5397 quidpiam
2140 5329 2305 5382 multo

721 5409 890 5477 majus
924 5427 937 5464 :
969 5411 1088 5466 ideo
1117 5428 1235 5468 cum
1266 5415 1422 5484 longe
1452 5415 1642 5485 majori
1686 5417 1854 5486 gloria
1886 5419 2049 5473 lilium
2080 5423 2300 5489 recepit.

721 5501 760 5554 Τ
766 5517 866 5557 unc
894 5503 1037 5557 enim
1068 5505 1298 5560 maxime
1328 5505 1463 5562 ﬁlios
1496 5506 1752 5561 habemus
1777 5517 2008 5574 nostros,
2038 5527 2157 5564 eum
2187 5513 2308 5567 illos

723 5594 946 5649 nomine
1007 5597 1282 5653 tradimus.
1340 5597 1522 5670 Longe
1571 5600 1768 5668 quippe
1824 5601 2015 5657 melius
2069 5602 2132 5657 iis
2182 5605 2301 5672 ille,

717 5704 873 5758 quam
923 5703 1037 5753 nos,
1093 5692 1325 5759 praeerit,
1372 5695 1494 5762 quia
1549 5694 1808 5762 majorem
1859 5694 2068 5750 illorum
2121 5711 2302 5752 curam

716 5782 867 5850 (terit.
915 5781 1100 5839 Nonne
1146 5782 1195 5836 id
1237 5782 1424 5840 videtis
1464 5785 1520 5840 i.t
1550 5784 1769 5841 divitum
1810 5802 2020 5859 quoque
2059 5787 2303 5845 domibus

1469 331 1526 388 3.
1567 330 1845 388 JOANNIS
1882 325 2355 388 CIIRYSOSTOMI
2392 316 2712 384 Αηαιιιειι.
2752 323 3296 387 CONSTANTINOP.

3904 320 4007 379 est

2414 440 2579 497 ﬁeri?
2607 440 2819 500 Etenim
2858 445 2932 500 ibi
2972 458 3088 510 eos,
3117 445 3208 515 qui
3253 442 3437 499 infimo
3471 441 3590 496 loco
3617 455 3738 494 cum
3769 439 4011 509 patribus

2410 543 2707 601 morantur,
2755 551 2862 592 non
2903 550 3073 607 usque
3117 535 3255 592 adeo
3299 535 3539 600 illustres
3580 534 3783 599 videas,
3832 545 4008 600 neque

2410 632 2556 680 tanta
2599 635 2862 696 potestate
2891 628 3144 698 praeditos
3174 642 3192 683 :
3223 629 3256 682 ii
3286 637 3488 693 autem,
3528 641 3666 698 quos
3691 625 3894 682 domini
3921 623 4026 679 sui'

2405 732 2441 774 tt
2467 719 2774 788 parentibus
2803 719 3158 787 olnluxerunt,
3201 735 3407 790 suoque
3437 719 3734 775 ministerio
3773 718 4004 787 deputa-

2407 818 2533 864 runt
2575 808 2992 882 facultatumque
3034 811 3290 867 custodes
3329 812 3760 877 constituerunt,
3813 808 4006 879 majori

2407 898 2744 957 dominorum
2786 902 3159 958 benevolentia
3204 903 3515 973 potiuntur,
3561 903 3652 957 ﬁdi
3696 902 4003 968 habentur,

2407 999 2659 1062 tantoque
2713 996 2988 1051 conservis
3038 995 3295 1051 clariores
3339 1003 3500 1060 sunt,
3549 1005 3751 1066 quanto
3799 994 4009 1051 domini

2405 1083 2934 1155 domesticis..Quod
2975 1087 3021 1142 si
3071 1087 3318 1143 homines
3364 1087 3642 1144 ministros
3684 1101 3810 1142 suos
3857 1096 4006 1142 tanta

2406 1175 2733 1246 benignitate
2760 1183 2814 1232 et
2840 1177 3211 1233 benevolentia
3237 1188 3655 1248 prosequuntur,
3690 1177 3858 1232 multo
3889 1192 4011 1232 ma-

2404 1268 2488 1338 [is
2531 1268 2734 1324 inﬁnita
2785 1270 2873 1324 illa
2921 1269 3164 1338 bonitas,
3196 1270 3360 1326 Deus.
3403 1271 3655 1326 Sinamus
3686 1269 3844 1340 igitur
3886 1270 4010 1325 illos

2406 1358 2740 1426 ministrare,
2788 1375 2894 1416 non
2925 1360 2978 1415 in
3027 1360 3287 1432 templum
3333 1360 3664 1417 adducentes
3693 1370 3752 1415 ut
3775 1359 4007 1416 Samue-

2406 1450 2533 1518 lem,
2561 1451 2656 1506 sed
2683 1453 2735 1506 in
2762 1453 2933 1524 ipsum
2961 1453 3156 1508 calum
3180 1467 3303 1508 cum
3328 1453 3535 1524 angelis
3553 1461 3750 1508 etcum
3777 1454 4006 1507 archan.

2405 1543 2560 1612 gelis.
2590 1543 2744 1612 Quod
2773 1546 2915 1599 enim
2965 1560 3089 1600 cum
3120 1544 3225 1599 illis
3267 1544 3624 1600 ministraturi
3652 1545 3760 1600 sint
3784 1553 3839 1600 et
3885 1559 4004 1600 ser-

2406 1638 2564 1694 vituri
2594 1639 2652 1706 ii,
2682 1639 2772 1710 qui
2799 1638 2940 1696 hanc
2982 1638 3375 1711 philosophiam
3405 1647 3781 1708 susceperunt;
3811 1639 4013 1709 cuique

2408 1730 2581 1799 palam
2625 1739 2709 1787 est
2737 1748 2752 1787 :
2783 1729 2873 1786 ubi
2918 1747 3026 1787 non
3073 1731 3173 1787 sibi
3221 1739 3459 1796 tantum,
3506 1729 3602 1786 sed
3648 1730 3802 1785 vobis
3843 1731 4013 1786 etiam

2407 1821 2596 1892 majori
2625 1838 2745 1878 cum
2775 1824 2969 1880 fiducia
3006 1824 3352 1896 prospicient.
3386 1822 3522 1878 Nam
3565 1825 3610 1878 si
3641 1822 3861 1894 quidam
3909 1837 4010 1893 pa-

2407 1923 2618 1970 rentum
2669 1917 2838 1986 gratia
2892 1919 3149 1972 nonnulla
3199 1916 3570 1973 consolatione
3628 1917 3782 1987 potiti
3845 1925 4007 1998 sunt,

2409 2007 2579 2062 multo
2610 2008 2859 2079 id'magis
2880 2008 3106 2064 ﬁliorum
3129 2017 3289 2064 causa
3313 2018 3563 2078 parentes
3587 2015 4005 2079 consequentur.

2411 2098 2520 2155 Illic
2544 2101 2686 2155 enim
2719 2109 2928 2156 natura:
2973 2110 3174 2155 tantam
3200 2099 3290 2170 jus
3317 2099 3526 2166 aderat,
3553 2098 3641 2153 hic
3666 2099 3830 2154 etiam
3874 2098 4008 2154 edu-

2407 2193 2654 2258 cationis,
2686 2193 2830 2264 quod
2875 2194 3044 2248 multo
3091 2192 3265 2263 majus
3289 2193 3412 2262 jure
3455 2199 3660 2247 natum
3690 2200 3793 2246 est.
3834 2191 4014 2262 Atque

2387 2287 2512 2343 hoc
2539 2288 2691 2343 vobis
2713 2298 2998 2358 utrumque
3021 2302 3092 2342 ex
3113 2286 3308 2342 divinis
3333 2284 3624 2356 Scripturis
3649 2283 4009 2368 conﬁrmabo.

2409 2377 2697 2441 Ezechiam
2723 2379 2867 2434 enim
2899 2380 3097 2434 virtute
3126 2378 3432 2448 pietateque
3476 2376 3758 2448 praeditum
3789 2377 3966 2432 virum
3995 2419 4018 2444 ,

2409 2485 2532 2526 cum
2560 2479 2765 2526 tantam
2793 2487 2856 2528 ex
2885 2472 3048 2527 rebus
3071 2470 3238 2542 gestis
3266 2469 3515 2525 fiduciam
3542 2483 3650 2524 non
3677 2467 3925 2537 haberet,
3954 2480 4018 2523 ut

2411 2572 2592 2632 posset
2631 2569 2814 2619 contra
2847 2573 2953 2617 tam
2999 2563 3188 2633 ingens
3233 2561 3528 2632 periculum
3573 2561 3892 2627 consistere,
3940 2561 4019 2614 ob

2411 2657 2580 2726 patris
2607 2656 2855 2711 virtutem
2884 2665 3221 2712 servaturum
3252 2670 3312 2710 se
3342 2653 3472 2710 dicit
3497 2653 3635 2709 Deus
3666 2672 3680 2708 :
3711 2651 4017 2725 Protegaru,

2409 2747 2614 2818 inquit,
2647 2748 2895 2802 civitatem
2939 2748 3092 2814 hanc,
3129 2756 3187 2801 stt
3225 2761 3416 2801 servent
3439 2760 3555 2799 eam
3597 2753 3805 2816 prapter
3839 2760 3936 2811 me,
3963 2754 4019 2798 et

2410 2851 2616 2912 propter
2640 2840 2807 2894 Dauid
2848 2857 3062 2908 puerum
3089 2855 3256 2894 meum
3282 2840 3361 2910 (4.
3389 2837 3520 2911 Reg.
3553 2837 3642 2895 l9.
3670 2836 3781 2910 54).
3815 2838 4020 2895 Paulus

2409 2944 2588 2989 autem
2636 2933 2705 2989 de
2764 2934 3072 3004 parentibus
3124 2931 3409 2987 Timotheo
3458 2930 3701 2987 scribens
3757 2931 4016 2988 dicebat:

2411 3025 2758 3082 Salvabuntnr
2796 3035 2963 3080 autem
3007 3041 3098 3093 per
3126 3026 3350 3094 ﬁliorum
3388 3025 3782 3096 generationem,
3821 3025 3866 3080 si
3893 3042 4018 3096 pcr-

2410 3120 2688 3174 manserint
2732 3120 2786 3175 in
2814 3119 2936 3188 ﬁde,
2978 3128 3026 3174 et
3064 3118 3355 3187 dilectione,
3392 3126 3441 3173 et
3469 3118 3874 3188 sanctiﬁcatione
3897 3134 4020 3172 cum

2409 3211 2676 3270 sobrietate
2702 3211 2779 3283 (ιτ
2814 3210 2945 3280 Tim.
2975 3211 3033 3265 2.
3067 3209 3179 3283 l5).
3205 3210 3308 3267 Job
3334 3226 3566 3281 quoque,
3591 3218 3648 3264 ut
3669 3225 3732 3264 ex
3764 3209 3882 3264 aliis
3902 3209 4024 3264 lau-
4051 3261 4055 3264 .

2409 3304 2552 3359 davit
2580 3304 2876 3376 Scriptura,
2909 3318 3107 3374 nempe
3129 3293 3272 3374 quod
3297 3302 3496 3372 justus,
3529 3316 3689 3357 verax
3718 3309 3774 3356 et
3799 3300 4021 3372 religio-

2409 3412 2501 3453 sus
2541 3412 2666 3467 erga
2697 3396 2866 3452 Deum
2911 3403 3080 3464 esset,
3129 3398 3209 3452 sic
3251 3394 3413 3451 etiam
3456 3410 3522 3450 ex
3560 3392 3790 3450 filiorum
3833 3407 3962 3448 cura
3999 3414 4016 3449 :

2410 3505 2530 3561 qua:
2558 3489 2609 3544 in
2639 3491 2741 3544 hoc
2764 3489 2868 3544 sita
2895 3497 3036 3556 erat,
3066 3503 3172 3544 non
3198 3487 3340 3557 quod
3366 3501 3557 3541 aurum
3579 3485 3708 3556 ipsis
3728 3501 4024 3551 coacerva-

2410 3589 2514 3646 ret,
2543 3595 2649 3635 non
2676 3579 2817 3651 quod
2845 3579 3110 3650 gloriosos
3136 3587 3193 3634 et
3234 3577 3475 3632 illustres
3500 3575 3735 3639 faceret;
3787 3576 3881 3631 sed
3909 3591 4016 3646 qua

2410 3673 2464 3730 in
2501 3689 2560 3729 re
2579 3675 2604 3726 τ
2630 3673 2770 3728 Audi
2815 3672 3147 3740 Scripturam
3184 3669 3452 3727 dicentem
3482 3689 3496 3724 :
3526 3668 3652 3724 Cum
3681 3669 4021 3724 consummati

2410 3781 2573 3819 essent
2592 3764 2697 3818 dies
2722 3764 2934 3818 conuiuii
2958 3763 3185 3826 illorum,
3219 3762 3445 3816 mittebat
3473 3760 3597 3831 Job,
3626 3771 3672 3817 et
3711 3761 4020 3832 puriﬁcabut

2411 3871 2515 3919 eos,
2546 3869 2854 3925 surgenqu
2895 3851 3310 3925 maneojTerebat
3339 3870 3432 3922 pro
3455 3853 3560 3908 illis
3600 3853 3908 3923 sacriﬁcium
3931 3869 4017 3907 se-

2409 3946 2632 4000 cundum
2662 3962 2927 4000 numerum
2949 3962 3144 4013 eorum,
3173 3955 3220 4000 et
3246 3944 3460 4000 vitulum
3481 3962 3637 3999 unum
3667 3962 3761 4016 pro
3785 3955 4014 4015 peccato,

2412 4055 2505 4107 pro
2533 4038 2799 4093 animabus
2837 4021 3040 4093 eorum.
3082 4036 3294 4093 Dicebat
3320 4038 3454 4093 enim
3480 4035 3582 4092 Job
3625 4039 3679 4091 in
3708 4037 3860 4091 corde
3899 4054 4017 4103 sne,

2411 4128 2496 4184 Ne
2515 4134 2646 4202 forte
2674 4132 2771 4199 lilii
2795 4131 2892 4185 mei
2917 4131 2972 4186 in
2998 4141 3165 4186 mente
3189 4148 3286 4186 sua
3323 4131 3456 4186 male
3481 4131 3810 4202 cogitaverim
3835 4132 4017 4185 adver-

2408 4240 2496 4278 sus
2518 4223 2682 4277 Deum
2710 4223 2831 4296 (Job
2860 4225 2913 4281 i.
2944 4223 3024 4296 5).
3073 4223 3209 4282 Num
3235 4238 3340 4293 qua
3367 4222 3520 4278 vobis
3542 4224 3646 4278 erit
3671 4223 3886 4278 demum
3923 4238 4019 4279 ex—

2410 4315 2633 4383 cusatio,
2669 4314 2792 4369 talia
2830 4314 3196 4369 audentibus?
3219 4315 3353 4375 Nam
3393 4315 3438 4370 si
3472 4314 3581 4381 ille,
3612 4315 3701 4384 qui
3744 4323 3870 4370 ante
3896 4329 4016 4385 gra-

2411 4409 2560 4475 tiam,
2591 4419 2714 4464 ante
2739 4409 2935 4481 legem,
2967 4409 3057 4480 qui
3085 4408 3230 4464 nulla
3253 4408 3487 4464 imbutus
3512 4407 4010 4478 fueratdisciplina,

2413 4508 2610 4554 tantam
2638 4500 2867 4555 filiorum
2895 4515 3079 4555 curam
3119 4500 3368 4568 gesserit,
3398 4508 3456 4554 ut
3483 4513 3580 4569 pro
3605 4499 3831 4555 occultis
3855 4499 4013 4555 etiam

2411 4591 2644 4660 peccatis
2674 4598 2931 4647 tremeret
2961 4591 3132 4663 aquis
3161 4607 3260 4648 nos
3300 4601 3658 4647 excusaturus
3703 4603 3808 4659 ρει,
3841 4592 3929 4671 qui
3962 4593 4012 4647 in

2410 4685 2578 4754 gratia
2631 4699 2856 4751 sumus,
2906 4685 2996 4756 qui
3048 4693 3128 4740 tot
3177 4685 3428 4741 doctores
3476 4685 3619 4740 nacti
3664 4699 3882 4751 sumus,
3938 4695 4016 4740 tot

2411 4776 2655 4846 exempla
2688 4777 2969 4844 habentes,
3020 4785 3099 4833 tot
3130 4777 3547 4842 admonitiones,
3580 4778 3669 4849 qui
3701 4793 3807 4832 non
3851 4778 4018 4835 modo

2410 4881 2506 4937 pro
2534 4867 2751 4924 incertis
2772 4884 2877 4923 non
2913 4870 3184 4938 timemus,
3216 4869 3310 4924 sed
3353 4871 3512 4924 etiam
3539 4864 3685 4924 certa
3712 4871 4020 4923 contemni-

2411 4975 2549 5027 mns,
2600 4976 2700 5015 nec
2744 4961 3140 5016 contemnimus
3190 4971 3415 5027 tantum,
3467 4962 3562 5018 sed
3617 4977 3714 5017 eos
3757 4962 3846 5032 qui
3901 4961 4017 5016 ha~c

2409 5055 2695 5110 emendare
2712 5057 2899 5110 volunt
2925 5056 3204 5125 pellimus?
3232 5055 3500 5110 Abraham
3524 5071 3757 5126 quoque,
3788 5066 3844 5110 ut
3865 5055 4017 5125 prius

2409 5147 2546 5214 dixi,
2577 5162 2700 5202 cum
2729 5147 2850 5202 aliis
2891 5149 3147 5216 praeclare
3179 5148 3367 5218 gestis,
3399 5149 3501 5204 hoc
3529 5163 3745 5222 quoque
3769 5147 4015 5218 spleudi~

2411 5240 2534 5294 dum
2570 5239 2773 5296 facinus
2803 5239 2992 5296 edidit.

2480 5332 2569 5386 21.
2601 5332 2892 5387 Coltortatio
2917 5333 2985 5384 ad
3011 5339 3239 5400 parentes
3260 5371 3274 5397 ,
3298 5341 3351 5384 ut
3378 5330 3514 5399 ﬁlios
3552 5331 3621 5384 ad
3659 5332 3896 5402 pietatem
3926 5332 4014 5386 in.

2412 5429 2646 5493 formant.
2675 5455 2745 5465 —
2773 5425 2939 5478 Tanta
2973 5425 3132 5493 igitur
3155 5425 3396 5492 exempla
3436 5424 3696 5479 habentes
3717 5468 3731 5490 ,
3763 5441 4015 5494 paremus

2415 5517 2522 5568 D00
2552 5515 2779 5570 famulos
2800 5557 2814 5582 ,
2845 5514 3210 5584 probatosqne
3238 5516 3529 5570 ministros.
3558 5515 3692 5570 Nam
3733 5518 3777 5571 si
3809 5518 3853 5570 is
3879 5559 3892 5582 ,
3923 5519 4016 5588 qui

2412 5606 2638 5660 athletas
2667 5605 2969 5660 civitatibus
3009 5606 3122 5671 alit,
3156 5605 3458 5674 militesque
3487 5607 3868 5676 regicxcrcet,
3901 5624 4015 5660 ma-

2411 5715 2516 5768 gno
2541 5697 2828 5753 donabitur
2859 5697 3084 5763 honore,
3115 5707 3370 5767 quantum
3403 5713 3499 5751 nos
3520 5697 3722 5752 donum
3747 5708 4006 5767 acceptu-

2422 5805 2509 5844 tos
2539 5804 2658 5844 esse
2686 5805 2780 5861 par
2809 5798 2914 5856 est,
2946 5789 3036 5859 qui
3059 5795 3165 5845 tam
3197 5797 3464 5857 strenuos,
3494 5797 3668 5846 tantos
3705 5789 3848 5845 viros
3905 5789 4017 5845 imo
