4266 6314
180 298 340 391 ,335

230 431 409 504 potius
439 443 659 501 angelos
691 432 802 483 fteo
826 427 1016 482 alimus
1035 425 1061 478 ’ἔ
1086 421 1275 478 Omnia
1303 435 1429 489 erga
1461 417 1742 481 faciamus,
1775 422 1830 470 ct

230 527 337 580 illis
361 525 572 594 pietatis
598 537 729 590 opes
758 520 1144 586 relinquamus,
1178 529 1298 583 qua:
1321 518 1558 574 manent,
1590 517 1644 561 et
1672 514 1842 560 cxce-'

231 622 424 671 dentes
451 633 480 669 e
513 615 614 668 vita
644 613 998 675 comitantur;
1025 623 1143 678 qua:
1166 621 1270 660 non
1295 603 1347 658 in
1376 604 1476 656 hac
1501 603 1606 656 vita
1631 598 1826 661 solum,

224 706 326 760 sed
357 707 516 760 etiam
549 705 656 758 illic
679 702 907 756 maxime
930 698 1084 753 nobis
1110 695 1419 766 proderunt.
1447 690 1580 746 Nam
1608 686 1834 742 saecula-

229 813 323 852 res
353 796 549 850 divitia:
599 793 924 848 excedentes
964 806 996 844 c
1041 788 1149 841 vita
1192 801 1297 840 non
1341 783 1688 845 comitantur,
1725 779 1833 831 imo

230 893 322 946 hic
349 899 476 945 ante
500 904 599 943 nos
641 895 902 959 pereunt,
943 899 1008 938 ac
1050 896 1194 950 smpe
1225 890 1566 949 possessores
1601 871 1834 944 perdunt

231 998 362 1036 suos
392 998 406 1034 :
440 981 555 1035 haec
582 992 710 1033 vero
740 987 795 1033 et
821 977 908 1031 hic
933 984 988 1030 et
1014 973 1121 1028 illic
1149 971 1318 1026 ﬁrma:
1348 975 1524 1029 erunt,
1557 972 1612 1018 et
1641 975 1834 1031 magna

228 1089 356 1128 cum
387 1071 674 1128 securitate
715 1068 1053 1139 possidentes
1080 1079 1138 1119 se
1163 1059 1579 1118 conservahunt.
1626 1053 1833 1109 Etenim

229 1179 322 1218 res
345 1163 413 1215 ita
446 1177 505 1217 se
533 1161 691 1216 habet
721 1179 733 1214 :
763 1160 852 1228 qui
886 1167 1098 1213 terrena
1127 1151 1494 1225 spiritualihus
1523 1145 1757 1217 pra-fert,
1781 1151 1837 1198 et

225 1257 319 1309 his
359 1263 413 1310 et
455 1255 558 1314 illis
599 1253 847 1318 excidet;
897 1251 987 1328 qui
1028 1245 1432 1316 vero._caalestia
1464 1239 1834 1311 concupiscit,

232 1347 464 1400 terrenis
485 1347 644 1399 etiam
659 1345 922 1430 potietur.
947 1341 1064 1396 Non
1095 1354 1214 1394 mea
1237 1346 1362 1392 sunt
1387 1331 1713 1426 hmc'verba,
1743 1329 1839 1385 sed

227 1438 375 1508 ejus,
414 1438 502 1506 qui
538 1414 1002 1506 liiee'prmbittirus
1025 1419 1130 1498 est,
1155 1422 1382 1484 ’Domini
1413 1442 1428 1478 :
1462 1414 1701 1490 Qiiazrite,
1753 1415 1851 1474 in-'

228 1532 368 1600 quit,
411 1542 627 1596 τεληωη
688 1526 787 1582 Dei
817 1528 856 1592 ¹,
885 1537 931 1579 et
988 1526 1098 1578 haac
1137 1521 1308 1576 omnia
1340 1518 1654 1589 adjicientur
1700 1513 1838 1566 vobis
1872 1565 1874 1568 _

230 1619 448 1689 (Matth.
473 1619 527 1685 ti.
551 1619 666 1688 '53).
687 1617 822 1685 Quid
845 1617 965 1669 huic
982 1613 1172 1689 honori
1193 1628 1286 1682 par
1303 1626 1423 1666 esse
1449 1608 1618 1680 possit
1634 1609 1656 1663 ‘i
1672 1604 1836 1670 Cura,

229 1712 425 1782 inquit,
455 1709 747 1780 spiritualia
771 1749 785 1775 ,
819 1707 950 1761 mihi
991 1720 1118 1760 vero
1142 1683 1320 1759 (itania
1366 1713 1454 1758 tua
1505 1703 1736 1758 dimitte.
1762 1707 1840 1782 Ac

217 1806 276 1860 si
303 1805 424 1874 quis
450 1812 599 1873 pater
621 1802 712 1855 ﬁlii
739 1815 946 1862 amans,
971 1799 1165 1852 domus
1186 1812 1392 1862 curam,
1417 1795 1838 1851 domesticorum

228 1897 472 1966 regimen
509 1895 842 1962 aliorumque
887 1889 1124 1945 omnium
1168 1889 1267 1944 sibi
1297 1899 1626 1952 assumeret,
1675 1889 1841 1942 ﬁlium

227 2001 385 2053 vero,
415 1994 473 2041 ut
515 1985 603 2040 uni
631 1981 982 2053 philosophiae
1024 1987 1257 2047 vacaret,
1295 1981 1610 2035 admoneret
1641 1998 1654 2033 :
1681 1980 1759 2034 sic
1788 1989 1842 2034 et

230 2081 377 2132 Deus
398 2077 540 2130 facit.
567 2076 771 2130 Morem
813 2076 994 2144 itaque
1034 2087 1304 2143 geramus,
1334 2081 1389 2127 et
1419 2077 1721 2142 quaeramus
1751 2086 1841 2124 re-

225 2186 396 2242 gnum
425 2170 538 2232 Dei,
565 2162 621 2223 et
648 2170 726 2222 sic
760 2167 917 2237 plane
956 2168 1094 2221 filios
1129 2175 1345 2220 nostros
1372 2165 1661 2236 pra-claros
1689 2163 1841 2217 vide»

228 2263 433 2329 bimus,
458 2276 663 2331 nosque
691 2276 812 2316 cum
846 2260 950 2314 illis
977 2258 1241 2328 splendidi
1271 2259 1493 2322 erimus,
1520 2272 1583 2311 ac
1605 2271 1843 2326 praesen—

231 2354 376 2409 tibus
406 2355 665 2418 fruemur,
713 2353 757 2406 si
787 2351 958 2406 futura
987 2360 1040 2405 et
1065 2351 1300 2406 caelestia
1342 2361 1547 2405 tantum
1575 2365 1840 2404 amemus.

232 2447 362 2502 llaec
388 2445 887 2514 obtemperantibus
915 2426 1066 2507 vobis
1095 2457 1342 2513 magnam
1380 2440 1608 2504 afferent
1637 2456 1844 2497 merce-

226 2541 355 2595 dem
380 2555 394 2604 ;
425 2539 842 2610 repugnantibus
867 2545 1046 2591 autem
1070 2543 1251 2591 etnon
1280 2549 1486 2589 morem
1509 2533 1841 2605 gerentibus,

227 2632 450 2702 gravius
490 2630 834 2700 supplicium.
868 2629 1053 2700 Neque
1084 2628 1228 2683 enim
1268 2627 1395 2682 licet
1429 2626 1497 2682 ad
1538 2627 1845 2682 excusatio-

231 2741 358 2779 nem
386 2723 675 2794 confugere
703 2738 767 2778 ac
787 2721 987 2785 dicere,
1019 2719 1209 2775 Nullus
1244 2728 1378 2784 erat,
1409 2719 1498 2789 qui
1537 2717 1654 2772 luce
1678 2717 1844 2772 doce-

226 2815 337 2870 t‘et.
367 2814 526 2870 Certe
553 2823 838 2883 antequam
863 2827 964 2869 nos
991 2810 1108 2865 hree
1149 2810 1476 2875 diceremus,
1507 2808 1622 2864 biec
1652 2808 1844 2862 defen-

230 2907 318 2959 sio
345 2905 550 2960 sublata
591 2913 728 2969 erat,
775 2902 974 2972 quippe
1015 2901 1275 2970 eumipsa
1306 2909 1495 2954 natura
1537 2904 1844 2952 accuratam

238 2997 435 3052 haheat
464 2996 600 3050 bona
627 3012 654 3047 a
684 2995 837 3049 malis
871 2993 1212 3048 discernendi
1239 2993 1347 3047 vim
1376 3002 1428 3046 ct
1458 2990 1574 3045 hmc
1604 2989 1845 3060 philoso-

238 3089 361 3157 phia
390 3086 588 3156 ubique
634 3084 905 3155 proposita
948 3084 1037 3147 sit,
1072 3082 1339 3152 hujusque
1381 3083 1503 3136 vitae
1546 3081 1685 3135 mala
1716 3080 1848 3135 satis

237 3180 349 3238 sint
365 3177 433 3238 ad
453 3178 570 3252 eius
584 3186 853 3234 amatores
877 3176 931 3230 in
952 3175 1296 3231 solitudinem
1321 3173 1602 3244 fugandos.
1623 3172 1846 3230 Etiamsi

240 3273 406 3344 igitur
437 3282 758 3338 taceremus,
789 3281 850 3327 ut
874 3265 1006 3337 dixi,
1029 3266 1207 3326 omnis
1234 3265 1510 3327 excusatio
1533 3263 1742 3324 sublata
1762 3280 1848 3319 es-

233 3374 345 3419 set.
374 3365 445 3420 At
473 3365 640 3419 multo
671 3364 842 3434 magis
865 3379 1015 3419 nunc.
1035 3371 1158 3433 post
1181 3363 1277 3417 hos
1305 3361 1440 3418 adeo
1465 3364 1704 3433 prolixos
1721 3361 1847 3418 edi-

236 3469 325 3512 tos
358 3457 547 3523 libros,
583 3465 894 3527 tantamque
925 3456 1384 3523 admonitionem,
1429 3465 1541 3510 tum
1581 3471 1648 3510 ex
1687 3456 1851 3510 rebus

243 3552 396 3621 ipsis,
435 3561 569 3617 tum,
600 3566 720 3621 quae
745 3551 910 3606 etiam
939 3550 1136 3604 clarior
1161 3559 1264 3614 est,
1299 3564 1366 3612 ex
1393 3549 1589 3604 divinis
1610 3549 1851 3618 Scriptu—

243 3645 341 3698 iis.
371 3644 450 3698 Ae
489 3643 698 3701 etiamsi
743 3643 888 3698 domi
925 3651 1207 3698 manentes
1248 3652 1464 3711 possent
1504 3658 1613 3696 non
1641 3643 1854 3712 penitus

240 3735 447 3804 perire,
481 3733 575 3789 sed
603 3745 898 3789 extremam
935 3734 1123 3788 salutis
1157 3743 1360 3789 sortem
1386 3733 1609 3804 adipisci
1635 3775 1650 3797 ,
1681 3748 1748 3787 ne
1773 3732 1853 3788 sic

240 3827 460 3898 quidem
491 3840 678 3898 pugnas
704 3826 942 3896 effugere
969 3841 1272 3896 possemus,
1303 3827 1346 3880 si
1377 3841 1474 3881 eos
1508 3827 1601 3896 qui
1630 3825 1696 3880 ad
1724 3825 1851 3879 dili-

240 3921 541 3990 gentiorem
573 3921 735 3974 vitam
775 3920 1092 3974 festinarent
1139 3919 1570 3988 prohiberemus,
1609 3927 1772 3989 atque
1799 3917 1853 3972 in

243 4010 596 4079 sa-eularibus
639 4012 802 4065 rebus
846 4010 1208 4066 detineremus
1268 4025 1388 4076 eos,
1433 4010 1523 4081 qui
1566 4009 1619 4064 in
1661 4007 1852 4063 caelum

243 4103 464 4158 avolare
492 4104 767 4174 gestirem.
813 4102 944 4157 Cum
984 4113 1164 4158 autem
1209 4103 1260 4158 id
1289 4103 1411 4158 ﬁeri
1450 4110 1714 4174 nequeat,
1758 4101 1854 4157 sed

244 4197 472 4249 omnino
516 4194 846 4265 pereundum
884 4209 1005 4269 esse
1033 4204 1264 4261 constet,
1294 4211 1357 4249 ac
1384 4194 1453 4252 de
1480 4195 1734 4250 extremis
1762 4208 1859 4263 pe-

245 4287 585 4354 riculumsit,
605 4301 764 4357 quant
785 4287 999 4342 tandem
1018 4287 1254 4355 veniam,
1271 4303 1432 4358 quam
1451 4289 1856 4342 excusationem

249 4380 485 4434 habituri
514 4379 702 4444 simus,
734 4380 778 4434 si
807 4395 913 4433 non
945 4378 1105 4433 modo
1137 4380 1483 4449 prepriorum
1515 4388 1856 4448 peccatorum

243 4473 348 4529 sed
380 4489 567 4528 eorum
599 4473 760 4528 etiam
787 4489 906 4543 qua:
946 4483 1128 4543 postea
1163 4472 1257 4527 ﬁlii
1293 4472 1627 4536 admiserint,
1673 4487 1859 4542 poenas

249 4567 305 4618 in
333 4579 433 4618 nos
465 4565 608 4632 ipsos
655 4565 1000 4633 gravissimas
1039 4565 1458 4634 pcrtrahamus?
1496 4563 1682 4634 Neque
1715 4565 1859 4619 cnim

250 4667 383 4727 puto
424 4657 549 4711 illos
589 4666 694 4710 tam
735 4672 923 4726 graves
969 4657 1190 4712 daturos
1229 4671 1350 4713 esse
1401 4673 1586 4727 pmuas
1634 4673 1732 4728 pro
1774 4658 1859 4726 iis,

251 4764 376 4816 quae
403 4758 588 4819 postea
615 4749 938 4818 deliquerint
973 4749 1027 4802 in
1057 4749 1152 4802 hos
1181 4747 1373 4802 ﬂuetus
1396 4749 1667 4818 pertracli,
1701 4764 1862 4817 quam

251 4856 373 4906 vos,
400 4842 488 4911 qui
518 4841 570 4895 in
603 4840 738 4894 hanc
769 4841 890 4895 illos
928 4841 1305 4895 necessitatem
1331 4841 1636 4894 induxistis.
1661 4839 1796 4895 Nam
1819 4841 1864 4895 si

255 4937 330 5002 ei,
355 4937 444 5006 qui
471 4952 635 4990 unum
681 4934 1149 5000 scandalizat-crit,
1182 4950 1302 4988 eum
1335 4933 1476 4988 mola
1509 4936 1560 4987 io
1591 4950 1739 4989 mare
1765 4933 1862 4988 de-

258 5031 429 5100 nicrgi
455 5029 670 5100 expedit
700 5047 712 5083 :
745 5046 862 5098 qua:
895 5029 1106 5082 tandem
1137 5041 1295 5098 poma
1315 5069 1329 5091 ,
1363 5029 1452 5098 qui
1483 5029 1752 5083 cruciatus
1779 5043 1865 5082 sa-

258 5124 330 5177 tis
355 5132 514 5177 erunt
554 5122 679 5189 illis,
728 5122 816 5190 qui
848 5121 1112 5175 sa3vitiam
1147 5131 1347 5175 tantam
1380 5131 1434 5176 et
1477 5121 1864 5174 immanitatem

261 5214 539 5276 ilLiibCl'OS
577 5214 820 5284 proprios
864 5213 1194 5268 ostendunt?
1229 5214 1512 5280 Quocirca,
1546 5227 1698 5282 rogo,
1732 5227 1866 5267 con-

262 5307 559 5361 tentionem
586 5305 891 5373 remittatis,
916 5304 1142 5375 sitisque
1165 5304 1609 5376 philosophorum
1635 5304 1868 5359 ﬁliorum

328 5464 343 5495 '
382 5472 721 5575 Noun-quum
748 5463 852 5526 Dei,
877 5475 1068 5526 omnes,
1111 5469 1290 5526 praeter
1337 5461 1504 5515 Morel.
1543 5463 1746 5525 habent,
1788 5473 1870 5512 rc-

331 5540 411 5575 um
434 5539 504 5575 Cll’
525 5539 680 5575 orum.

263 5537 411 5592 gnum
434 5537 680 5598 cauerunt.

986 281 1348 344 ADVERSUS
1384 275 1938 340 OPI’UGNATORES
1978 273 2166 331 VITA‘I
2205 272 2498 331 MONAST.
2543 270 2667 330 LIB.
2712 270 2820 354 111..-

3439 273 3546 331 386

1947 424 2148 485 patres.
2178 413 2364 484 Neque
2391 413 2442 467 id
2472 411 2763 467 dicendum
2793 420 2898 477 est,
2929 410 3070 482 quod
3098 411 3295 466 multos
3319 420 3549 482 przeteno
3611 413 3615 418 “

1943 508 2070 560 dere
2096 507 2277 559 audio.
2299 504 2436 574 Quid
2469 504 2594 559 illud
2621 504 2742 559 est?
2769 504 2901 558 Cum
2924 503 3247 568 videremus,
3273 505 3542 575 inquiunt,

1939 596 2061 650 illos
2090 598 2154 650 ad
2185 598 2343 650 finem
2376 597 2656 666 pervenire
2697 609 2802 649 non
2841 609 3018 665 posse,
3049 594 3178 652 ideo
3210 596 3329 650 illos
3359 598 3550 666 prohi'

1942 690 2181 747 buimus.
2209 692 2432 746 Etiamsi
2450 696 2594 747 enim
2613 689 2663 744 id
2683 689 2830 743 clare
2849 688 3207 757 prrevidisses,
3229 705 3335 745 non
3362 703 3545 750 autem

1944 767 2301 852 coniectando
2329 783 2505 838 solum
2532 800 2547 849 ;
2576 784 2727 838 multi
2753 784 2916 850 enim,
2939 785 3029 854 qui
3053 785 3250 853 lapsuri
3279 785 3550 855 putaban-

1943 884 2049 942 tur,
2075 884 2358 941 steterunt;
2378 877 2444 942 si,
2470 877 2708 946 inquam,
2731 875 2857 930 illud
2881 886 3060 930 certos
3073 877 3457 947 praescivisses,
3483 893 3554 932 ne

1942 969 2022 1022 sic
2053 968 2268 1046 quidem
2300 968 2447 1021 illum
2476 967 2752 1022 retrahere
2778 968 3041 1037 oportuit.
3091 965 3276 1040 Neque
3301 968 3470 1033 enim.
3503 969 3551 1024 si

1944 1061 2226 1129 quospiam
2247 1059 2313 1114 ad
2335 1061 2541 1129 lapsum
2563 1075 2780 1130 pronos,
2800 1071 3046 1131 arreptos
3070 1059 3552 1131 prmcipitaremus,

1946 1151 1998 1206 id
2028 1153 2179 1206 nobis
2203 1152 2270 1206 ad
2297 1153 2696 1208 excusationem
2725 1151 2852 1224 satis
2879 1162 3043 1220 esset,
3073 1153 3169 1208 sed
3195 1152 3423 1224 idipsum
3451 1167 3553 1208 nos

1930 1244 2001 1299 'in
2052 1244 2238 1314 primis
2291 1243 2698 1320 coiidemnaret.
2727 1223 2855 1298 'Cur
2901 1245 3048 1298 enim
3097 1261 3203 1299 non
3260 1223 3550 1314 permisisti

1945 1348 2003 1393 ut
2020 1329 2086 1394 ex
2114 1339 2258 1411 illius
2277 1338 2502 1408 segnitie
2519 1338 2698 1412 lapsus
2723 1335 3080 1406 contingeret,
3096 1337 3548 1416 sedprmvertens

1947 1429 2227 1502 peceatum
2253 1417 2387 1486 illud
2407 1425 2652 1499 rapuisti,
2674 1425 2954 1499 totumque
2983 1430 3034 1484 in
3062 1419 3222 1502 caput
3248 1441 3395 1484 tuum
3421 1446 3552 1485 con-

1942 1524 2164 1596 jecisti?
2192 1526 2399 1590 lmo,ut
2429 1524 2480 1579 id
2511 1510 2670 1580 fieret
2692 1539 2798 1578 non
2827 1523 3248 1596 permittendum
3277 1532 3426 1578 erat:
3451 1537 3550 1578 cur

1949 1618 2093 1672 enim
2111 1634 2215 1672 non
2232 1619 2407 1673 omnia
2435 1616 2631 1683 fecisti,
2651 1627 2707 1670 ut
2727 1633 2794 1672 ne
2815 1627 2995 1672 rueret
3011 1616 3390 1688 ﬁliusiltaque
3404 1617 3551 1687 quod

1948 1710 2117 1764 scires
2136 1709 2398 1762 ruiturum
2432 1709 2578 1764 illum
2610 1723 2752 1775 esse,
2786 1707 2906 1762 ideo
2925 1709 3157 1763 maxime
3179 1707 3441 1778 supplicio
3459 1707 3545 1762 di-

1949 1815 2084 1870 gnus
2128 1815 2208 1855 es.
2254 1799 2386 1854 Nam
2435 1815 2557 1855 eum
2593 1800 2680 1869 qui
2711 1799 2761 1853 id
2805 1799 3097 1869 praividet,
3145 1815 3252 1853 non
3305 1799 3554 1870 prmcipi-

1949 1906 2086 1962 tare,
2131 1896 2225 1950 sed
2275 1912 2491 1951 manum
2548 1896 2823 1967 porrigere
2869 1905 3079 1966 oportet
3110 1937 3126 1964 ,
3183 1899 3553 1968 maioremque

1948 1989 2363 2046 sollicitudinem
2394 1987 2649 2042 exhibere
2680 2029 2696 2054 ,
2731 1995 2788 2042 ut
2811 1978 2912 2058 qui
2933 1987 3180 2056 lapsurus
3207 1997 3308 2054 est,
3341 1987 3554 2042 fortiter

1950 2079 2230 2142 consistat,
2263 2079 2377 2134 sive
2421 2079 2634 2134 tandem
2677 2087 2822 2134 stare
2864 2081 3052 2149 possit,
3082 2080 3196 2133 sive
3225 2096 3330 2133 non
3362 2079 3548 2149 possit.

1951 2170 2083 2226 Nam
2109 2187 2228 2239 qua:
2265 2186 2431 2239 penes
2459 2187 2558 2225 nos
2583 2180 2739 2226 erant
2767 2172 2948 2225 omnia
2997 2172 3215 2240 exsequi
3245 2173 3547 2240 oportebat,

1951 2264 2163 2320 etiamsi
2211 2264 2302 2318 alii
2348 2264 2482 2318 nihil
2509 2264 2634 2320 inde
2661 2264 2794 2319 lucri
2823 2265 3207 2335 consequuturi
3237 2273 3410 2318 erant.
3443 2265 3551 2319 Cur

1953 2358 2089 2423 hoc,
2117 2365 2174 2412 et
2199 2357 2406 2427 quare?
2436 2355 2506 2413 Ut
2550 2372 2655 2412 non
2701 2372 2732 2412 a
2763 2357 2940 2422 nobis,
2987 2357 3080 2411 sed
3110 2357 3179 2410 ab
3219 2356 3325 2410 illis
3357 2357 3492 2412 ratio
3519 2371 3548 2410 a

1952 2449 2065 2504 Deo
2093 2455 2453 2518 expeteretur.
2475 2447 2628 2516 Quod
2649 2460 2704 2505 et
2732 2453 2844 2503 ipse
2883 2450 2930 2503 ei
2951 2491 2965 2512 ,
2991 2449 3079 2518 qui
3109 2449 3309 2504 talento
3326 2461 3551 2518 accepto

1953 2543 2082 2596 nihil
2116 2543 2354 2598 lucratus
2390 2551 2508 2598 erat
2536 2583 2551 2608 ,
2592 2541 2929 2610 exprobrans
2951 2539 3166 2597 dicebat
3204 2558 3218 2594 :
3275 2541 3550 2610 Oportebat

1951 2634 2088 2688 enim
2121 2643 2187 2700 te,
2217 2633 2384 2703 inquit
2406 2673 2420 2700 ,
2461 2633 2729 2705 pecuniam
2754 2632 3064 2686 committere
3105 2631 3480 2697 nummutariis,
3511 2641 3556 2686 et

1934 2743 2045 2796 [ego
2081 2726 2282 2779 veniens
2320 2741 2434 2778 cum
2461 2740 2618 2777 usura
2644 2723 2920 2794 exegissem
2945 2721 3090 2776 illam
3109 2720 3550 2795 (Matthﬁﬁﬂ‘l).

1953 2817 2399 2886 Obtcmperemus
2445 2817 2603 2885 igitur
2652 2815 2769 2869 haec
2798 2813 3075 2878 mouenti,
3108 2822 3168 2868 ut
3234 2814 3554 2884 supplicium

1953 2907 2292 2978 eﬁ'ugiainus.
2323 2907 2506 2977 Neque
2533 2905 2676 2960 enim
2707 2907 2876 2960 Deum
2903 2947 2917 2971 ,
2947 2921 3070 2960 eum
3118 2905 3425 2960 hominibus
3454 2905 3555 2961 fal~

1955 3001 2068 3055 lere
2095 3001 2413 3070 poterimus,
2441 3001 2534 3070 qui
2559 3008 2832 3054 scrutatur
2862 3000 3046 3066 corda,
3077 3007 3130 3054 et
3156 2999 3335 3052 omnia
3358 3000 3410 3052 in
3440 3015 3556 3054 me-

1955 3090 2104 3144 dium
2136 3090 2380 3159 agit,-qui
2413 3088 2616 3158 ubique
2655 3090 2818 3144 etiam
2849 3089 2918 3144 de
2948 3090 3175 3143 filiorum
3194 3076 3369 3144 salute
3395 3091 3560 3144 ratio-

1956 3196 2082 3236 nem
2131 3195 2167 3233 a-
2192 3180 2355 3235 nobis
2389 3182 2614 3250 expetit.
2650 3179 2706 3234 Si
2734 3176 2877 3234 enim
2920 3179 2985 3243 is,
3010 3181 3102 3250 qui
3141 3181 3421 3251 pecuniam
3449 3196 3558 3235 non

1954 3271 2297 3341 deposuerat,
2332 3279 2508 3326 tantas
2545 3283 2733 3342 positas
2762 3269 2931 3335 dedit,
2963 3271 3052 3338 qui
3078 3269 3357 3336 deponam
3375 3272 3562 3324 volen-

1958 3381 2038 3428 tes
2070 3363 2294 3450 impedit
2326 3413 2340 3438 ,
2386 3377 2515 3444 quid
2543 3364 2820 3443 patietur?
2845 3373 2962 3428 Non
3009 3375 3180 3430 solum
3226 3377 3368 3432 enim
3396 3381 3440 3432 si
3466 3378 3563 3434 ﬁlii

1958 3475 2147 3522 nostro
2175 3460 2404 3522 consilio
2439 3466 2492 3520 in
2524 3467 2808 3522 saecularia
2836 3469 3045 3538 negotia
3067 3469 3438 3534 devolvantur,
3467 3473 3560 3527 sed

1957 3558 2120 3612 etiam
2149 3559 2194 3611 si
2223 3558 2481 3625 impetum
2509 3566 2753 3612 nostrum
2777 3557 2988 3613 fortiter
3015 3558 3249 3614 ferentes
3271 3601 3286 3626 ,
3319 3565 3385 3614 ad
3409 3577 3563 3615 mon-

1960 3658 2041 3705 tes
2087 3664 2147 3704 se
2196 3649 2502 3720 recipiant,
2550 3649 2693 3706 idem
2737 3651 3058 3720 supplicium
3098 3652 3343 3707 imminet
3384 3654 3450 3707 iis
3472 3655 3564 3724 qui

1959 3743 2108 3812 ipsos
2157 3741 2423 3813 impedire
2465 3742 2754 3798 voluerint.
2805 3742 3270 3811 Quemadmodum
3291 3746 3444 3800 enim
3472 3748 3564 3815 qui

1960 3832 2027 3888 ad
2056 3833 2453 3905 phil050phiam
2485 3833 2752 3902 hortatur,
2786 3834 2900 3890 sive
2928 3835 3271 3906 persuadeat,
3293 3837 3406 3891 sive
3433 3853 3563 3903 non,

1960 3928 2262 3998 perfectam
2291 3921 2596 3982 mercedem
2629 3926 2789 3981 habet
2818 3927 2965 4000 (nam
2985 3936 3162 3983 totum
3185 3927 3236 3984 id
3259 3927 3566 4000 fecit,qnod

1962 4013 2129 4092 penes
2157 4037 2215 4076 se
2242 4018 2429 4090 erat),
2461 4021 2539 4076 sic
2567 4030 2622 4076 et
2659 4020 2750 4092 qui
2777 4019 3011 4089 aliquem
3051 4019 3284 4091 perdere
3315 4021 3565 4087 voluerit,

1963 4115 2077 4171 sive
2104 4111 2342 4182 laeserit,
2387 4115 2502 4170 sive
2541 4129 2648 4169 non
2679 4115 2931 4181 lzeserlt,-
2955 4114 3145 4169 eodem
3184 4113 3444 4186 supplicio
3474 4130 3569 4184 pu-

1965 4210 2179 4274 nietur;
2212 4204 2335 4264 nam
2363 4207 2505 4279 quod
2549 4208 2719 4278 potuit
2769 4215 2937 4262 totum
2964 4206 3227 4278 implevit.
3262 4208 3442 4279 itaque
3467 4205 3570 4262 etsi

1965 4299 2095 4356 nihil
2125 4301 2408 4370 potueritis
2434 4299 2500 4356 ad
2552 4311 2845 4369 generosos
2891 4298 3122 4353 filiorum
3177 4299 3384 4354 animos
3429 4297 3568 4369 deji-

1966 4393 2190 4447 ciendos
2221 4402 2274 4446 et
2304 4390 2695 4446 subvertendos
2715 4432 2730 4457 ,
2767 4398 2990 4444 conatus
3016 4390 3206 4445 saltem
3247 4390 3408 4444 vestri
3453 4399 3569 4444 tan-

1967 4496 2051 4543 tas
2090 4503 2276 4558 pmnas
2298 4486 2494 4542 dabitis
2514 4529 2527 4551 ,
2553 4496 2779 4557 quantas
2807 4486 2895 4557 qui
2936 4485 3280 4556 dejecissent.
3309 4486 3435 4544 Hice
3473 4486 3570 4558 igi-

1971 4591 2059 4637 tur
2082 4583 2334 4637 universa
2376 4581 2692 4652 cogitantes,
2726 4579 2917 4637 missis
2937 4579 3368 4634 cavillationibus
3393 4580 3569 4634 omni-

1969 4675 2070 4730 bus
2097 4715 2112 4738 ,
2165 4673 2478 4727 Studeamus
2504 4685 2889 4742 generosorum
2940 4670 3170 4724 filiorqu
3212 4678 3392 4740 patres
3418 4686 3570 4735 esse,

1970 4765 2411 4822 Christifcrorum
2435 4763 2743 4831 conditores
2771 4753 3458 4832 templorum,athletarum
3477 4777 3578 4816 ea}.

1972 4859 2184 4918 lestium
2217 4867 2518 4920 curatores,
2549 4864 2835 4936 tingentes,
2865 4845 3155 4924 erigentes,
3177 4853 3412 4923 undique
3429 4868 3575 4908 eom-

1975 4953 2149 5007 modis
2176 4953 2390 5006 illorum
2419 4949 2787 5010 consulentes,
2819 4956 2877 5003 ut
2919 4946 3031 5002 illic
3072 4960 3396 5000 coronarum
3441 4960 3575 5000 con-

1972 5056 2146 5099 sortes
2174 5043 2491 5098 efﬁciamur.
2543 5040 2635 5096 Sin
2661 5049 2842 5094 autem
2882 5037 3297 5104 eontenderitis,
3340 5036 3432 5091 ﬁlii
3455 5039 3575 5108 qui-

1973 5137 2118 5202 dem,
2143 5136 2184 5190 si
2220 5134 2533 5190 fortitudine
2563 5134 2796 5197 valeant,
2830 5132 2914 5186 vel
2945 5131 3125 5187 invitis
3161 5130 3315 5188 vobis
3342 5131 3408 5189 ad
3441 5130 3579 5184 hanc

1975 5228 2288 5300 pervenient
2317 5226 2735 5298 philosophiam,
2766 5224 3141 5295 universisque
3185 5221 3435 5279 fruentur
3481 5225 3576 5279 boo

1975 5322 2098 5389 nis;
2130 5321 2283 5376 vobis
2316 5328 2495 5375 autem
2541 5316 2594 5372 id
2633 5319 2941 5387 continget,
2972 5325 3029 5370 ut
3076 5316 3400 5371 immensum
3430 5315 3581 5369 vobis

1976 5416 2274 5472 crueiatum
2304 5411 2629 5483 congeratis,
2664 5420 2897 5482 tuncque
2921 5408 3063 5464 dicta
3087 5418 3273 5464 nostra
3307 5406 3542 5462 laudetis
3565 5447 3580 5474 ,

1975 5526 2098 5565 cum
2127 5525 2197 5565 ex
2227 5508 2294 5567 iis
2323 5505 2572 5564 laudibus
2598 5503 2732 5562 nihil
2762 5503 3010 5561 utilitatis
3034 5502 3313 5575 percipere
3340 5500 3542 5558 licebit.

1806 5739 1814 5747 '
1831 5729 2062 5778 3132513
