4266 6314
1599 300 1654 356 S.
1684 298 1967 357 JOANNIS
1997 299 2484 358 CIlllYSOSTOMl
2524 300 2840 360 ARCUIEP.
2886 298 3432 359 CONSTANTlNOP.

4018 301 4115 355 388

1879 720 2043 796 [ne]
2085 716 2166 780 IN
2208 717 2563 793 SEQUENS
2604 716 3081 782 oruscuwn

898 952 1018 1009 ιω
1047 968 1234 1024 supra,
1269 952 1410 1008 libro
1441 968 1502 1020 ll,
1536 967 1687 1007 num.
1723 951 1780 1018 6,
1821 951 2251 1024 Chrysostomus
2297 966 2419 1007 mo-

832 1059 1072 1114 nachum
1105 1074 1231 1115 cum
1261 1072 1387 1133 rege
1420 1056 1505 1112 vel
1535 1057 1865 1129 imperatam
1898 1065 2298 1127 comparatum,
2323 1054 2417 1110 ilio

834 1162 1255 1219 fortunatiorem
1276 1172 1331 1219 et
1352 1164 1712 1234 potentiorem
1737 1176 1857 1217 esse
1876 1161 2145 1232 probavit.
2174 1159 2415 1233 ldipsum

832 1277 1017 1324 autem
1048 1268 1102 1323 in
1134 1244 1240 1324 hoc
1278 1267 1541 1339 opusculo
1589 1274 1705 1322 toto
1743 1274 2173 1334 commonstrat;
2218 1280 2418 1337 nempe

2520 950 2690 1007 vitam
2722 952 2979 1023 appellat,
3002 951 3098 1008 dat
3121 967 3368 1024 operam,
3396 971 3522 1027 rege
3549 956 3800 1014 ditiorem
3831 972 3886 1015 et
3920 971 4104 1031 poten.

2523 1059 2717 1115 tiorctn
2742 1075 2885 1123 esse,
2932 1060 2987 1115 in
3028 1056 3170 1117 bello
3202 1061 3507 1131 lortiorem,
3551 1064 3868 1121 hominibus
3919 1067 4107 1122 deme-

2524 1163 2711 1219 rendis
2736 1180 2800 1219 ac
2821 1164 3085 1221 beneﬂcio
3100 1166 3368 1223 ornandis
3390 1169 3678 1239 aptiorem,
3710 1170 3763 1225 in
3796 1171 3950 1226 obitu
3983 1172 4109 1226 bea-

2523 1270 2742 1325 liorem.
2760 1269 2899 1324 Cum
2923 1270 3089 1342 igitur
3117 1272 3361 1343 ejusdem
3391 1274 3698 1346 argumenti
3734 1275 3805 1330 sit
3829 1275 3920 1330 hic
3951 1276 4108 1331 libel-

831 1374 1083 1445 eum-qui
1114 1373 1501 1445 philosophiae,
1530 1373 1611 1430 sic
1640 1373 1785 1430 enim
1825 1371 2028 1443 passim
2059 1370 2421 1429 monasticam
2533 1372 2620 1428 lus
2678 1381 2843 1444 atque
2884 1382 2996 1429 tres
3031 1373 3275 1445 priores,
3320 1385 3625 1447 opportune
3663 1387 3786 1450 post
3829 1378 3958 1436 illos
3998 1396 4106 1437 una

821 1956 1265 2016 COMPARA'I‘IO
1301 1957 1707 2023 ΡΟΤΕΝΤΙΑΞ,
1750 1956 2159 2013 υινιτιλῐὶωι
2201 1958 2291 2013 ΕΤ
2333 1958 2506 2015 EXCE

2417 1958 2842 2016 .CELLENTIE
2900 1959 3137 2025 REGIS,
3176 1958 3323 2016 CUM
3365 1959 3703 2020 IONACHO
3742 1963 3812 2018 IN
3853 1963 4102 2020 γεωδ-

968 2054 971 2055 ⁷
1616 2048 1782 2103 SIMA
1822 2048 1910 2104 ET
1940 2048 2363 2105 CHRISTIANA
2409 2046 2885 2110 PHILOSOPHLA
2929 2050 3299 2109 VWENTE‘.

916 2384 968 2438 1.
990 2381 1110 2452 Ego
1135 2396 1255 2437 cum
1295 2381 1501 2437 intuear
1523 2397 1592 2438 ex
1633 2382 1936 2449 hminibus
1963 2382 2266 2453 complures
2289 2397 2411 2452 qua:

844 2473 994 2527 bona
1017 2486 1137 2527 esse
1176 2471 1440 2537 videntur,
1469 2488 1531 2527 ea
1563 2472 1748 2543 majori
1774 2482 1829 2528 et
1871 2487 2054 2527 amore
2096 2482 2149 2527 et
2176 2472 2408 2527 admira-

842 2566 985 2618 tione
1028 2563 1257 2631 sectari,
1285 2578 1441 2634 quam
1487 2580 1605 2635 qum.
1636 2575 1819 2620 natura
1868 2580 1931 2620 ac
1968 2565 2244 2621 verissime
2270 2565 2408 2641 bona

837 2664 963 2709 sunt
992 2670 1007 2709 ε
1037 2654 1393 2709 necessarium
1420 2669 1539 2711 esse
1564 2671 1705 2723 reor,
1727 2656 1871 2712 brevi
1895 2658 2137 2713 oratione
2153 2657 2219 2711 de
2252 2659 2409 2712 utris-

839 2763 946 2817 que
971 2746 1058 2802 hic
1086 2762 1242 2818 agere
1259 2786 1277 2815 ,
1307 2757 1361 2803 et
1386 2762 1705 2817 componere
1734 2748 1871 2804 inter
1894 2764 1953 2804 se
1987 2759 2096 2805 tum
2116 2766 2234 2821 qua:
2254 2750 2409 2820 vulgo

840 2833 1100 2908 neglectui
1125 2846 1284 2904 sunt,
1321 2846 1430 2894 tum
1464 2855 1583 2910 qua:
1629 2854 1818 2911 magno
1843 2841 2093 2896 mortales
2119 2841 2291 2896 studio
2318 2856 2407 2895 se-

840 2940 1094 3001 quuntur,
1117 2939 1176 2985 ut
1202 2938 1548 3002 utrorumque
1571 2930 1921 2987 differentiam
1943 2932 2138 2997 edocti,
2170 2933 2257 2987 illa
2285 2934 2406 3004 qui-

840 3023 960 3077 dem
992 3033 1049 3078 ut
1075 3022 1210 3078 seria
1237 3037 1301 3078 ac
1325 3022 1571 3076 salutaria
1598 3023 1771 3093 magni
1798 3022 2068 3088 faciamus,
2089 3023 2204 3079 haec
2228 3033 2405 3079 autent

842 3123 1108 3183 utinquam
1131 3113 1279 3168 nihili
1298 3111 1603 3168 mstimanda
1630 3122 1973 3169 contemnere
1999 3114 2284 3170 discamus.
2312 3114 2410 3184 lgi-

843 3218 929 3260 tur
954 3222 1277 3277 ntagnOpere
1317 3214 1635 3275 expetuntur
1660 3206 1855 3261 divitia:
1880 3247 1895 3272 ,
1930 3207 2252 3277 principatus
2270 3248 2286 3273 ,
2311 3209 2409 3260 iut-

845 3299 1070 3368 pcrium,
1101 3300 1306 3368 gloria,
1335 3313 1397 3354 ac
1442 3299 1623 3355 beatos
1647 3299 1857 3369 quidem
1889 3300 2077 3369 vulgus
2108 3314 2201 3354 eos
2226 3299 2403 3361 ducit,

844 3393 932 3461 qui
975 3378 1210 3462 gentium
1238 3391 1504 3462 principes
1531 3400 1653 3444 sunt
1675 3431 1691 3457 ,
1719 3392 1807 3461 qui
1837 3391 2127 3461 splendidis
2153 3391 2409 3445 vehiculis

842 3482 1103 3547 feruntur,
1125 3482 1214 3552 qui
1239 3497 1539 3552 prmconum
1570 3480 1856 3536 clamorem
1885 3497 1948 3535 ac
1970 3482 2271 3535 satellitium
2296 3496 2407 3534 ma-

836 3589 997 3643 gnum
1025 3586 1401 3644 assequuntur.
1432 3574 1625 3629 Contra
1653 3572 2145 3643 philosophantium
2174 3573 2278 3626 vita
2306 3614 2321 3638 ,
2355 3581 2409 3627 et

834 3682 1017 3722 eorum
1044 3669 1131 3738 qui
1159 3668 1506 3723 monasticum
1536 3668 1833 3723 institutum
1852 3666 2191 3735 delegerunt,
2220 3664 2405 3735 despi-

836 3761 1025 3815 cabilis
1049 3770 1132 3815 est
1160 3776 1173 3814 :
1198 3770 1361 3829 atque
1386 3759 1461 3813 illi
1490 3758 1701 3829 quidem
1735 3758 1858 3813 dum
1879 3759 2019 3813 foras
2042 3758 2406 3828 prodeunt,ad

834 3868 954 3907 sese
992 3850 1321 3905 contuendos
1350 3850 1599 3920 populum
1627 3850 1798 3919 ipsum
1844 3857 2198 3904 convertunt:
2228 3849 2283 3904 bi
2308 3864 2406 3904 au-

835 3952 939 3999 tem
965 3940 1132 3996 sicubi
1166 3940 1527 4011 apparuerint,
1556 3940 1750 3993 nuliius
1773 3941 1987 4007 oculos,
2010 3948 2100 3995 aut
2128 3949 2271 3996 certe
2287 3956 2410 4011 per-

837 4048 1123 4101 paucorum
1148 4073 1162 4095 ,
1194 4032 1259 4086 ad
1290 4031 1368 4086 sui
1399 4030 1755 4101 spectaculum
1782 4031 1998 4085 trahunt
2030 4050 2042 4085 :
2072 4039 2126 4086 et
2150 4043 2406 4102 praeterea

838 4123 1029 4178 borum
1052 4118 1231 4177 nullus
1260 4119 1449 4177 similis
1486 4136 1607 4178 esse
1634 4124 2009 4190 concupiscat,
2041 4123 2250 4177 illorum
2279 4140 2408 4180 vero

828 4231 1040 4281 omnes.
1092 4216 1420 4285 Quamquam
1451 4215 1804 4283 principatum
1832 4228 2091 4282 qumrerc,
2116 4216 2284 4285 gentis
2309 4217 2407 4270 ali-

833 4308 986 4377 cujus
1016 4305 1239 4377 tmperio
1262 4304 1679 4375 potiri,arduum
1698 4321 1827 4360 sane
1851 4319 1913 4360 ac
1931 4321 2087 4376 supra
2112 4306 2406 4378 vulgarium

836 4396 1108 4450 hominum
1135 4394 1295 4461 vires,
1326 4410 1389 4450 ac
1426 4410 1652 4465 quorum
1681 4396 1885 4451 animos
1913 4395 2116 4465 imperii
2148 4411 2299 4451 amor
2326 4398 2409 4451 in-

835 4489 1019 4555 cessit,
1051 4488 1117 4543 iis
1169 4503 1355 4559 magna
1398 4489 1621 4559 pecunia
1667 4503 1843 4557 opus:
1884 4489 2227 4544 monasticam
2277 4506 2408 4545 vero

837 4579 997 4634 vitam
1042 4578 1265 4651 eligere,
1310 4578 1402 4632 Dei
1449 4579 1612 4633 cultui
1660 4580 1818 4633 vitam
1874 4594 2022 4634 suam
2080 4582 2403 4653 mancipare,

835 4684 983 4739 atque
1000 4668 1244 4724 omnibus
1274 4668 1504 4738 proclive
1531 4684 1592 4723 ac
1609 4667 1782 4723 facile.
1802 4669 1953 4724 Adde
1978 4670 2118 4740 quod
2146 4672 2407 4741 principa-

833 4769 917 4815 tus
957 4760 1226 4831 possessio
1255 4774 1358 4813 una
1394 4773 1516 4814 cum
1548 4760 1651 4814 vita
1696 4760 1797 4816 hac
1822 4760 2019 4816 desinit
2040 4804 2055 4828 ,
2083 4776 2180 4817 seu
2221 4765 2400 4818 verius

832 4850 1039 4916 dicam,
1084 4850 1236 4904 vivos
1283 4850 1408 4904 item
1460 4850 1541 4904 sui
1598 4858 1863 4906 amatores
1910 4851 2150 4905 destituit
2187 4869 2201 4905 :
2246 4862 2407 4924 atque

838 4942 999 4996 etiam
1046 4941 1237 4997 multos
1289 4940 1342 4994 in
1370 4941 1697 5011 periculum,
1743 4942 1825 4997 vel
1870 4951 2015 4998 certe
2054 4958 2299 5014 magnam
2353 4945 2405 5000 in

834 5032 1179 5103 ignominiam
1199 5032 1450 5103 conjecit.
1481 5036 1552 5087 At
1579 5034 1865 5090 monastica
1889 5033 1994 5088 vita
2019 5034 2195 5105 justas
2216 5035 2407 5091 hicbo-

830 5123 915 5176 nis
941 5122 1119 5177 multis
1158 5137 1280 5177 cum
1320 5124 1631 5192 repleverit,
1664 5138 1694 5178 a
1742 5126 1864 5181 vita:
1902 5126 2046 5182 exitu
2081 5135 2299 5183 ornatos
2342 5144 2406 5185 ac

832 5213 1025 5269 hilares
1053 5212 1119 5268 ad
1173 5213 1265 5270 Dei
1320 5222 1375 5269 et
1402 5214 1572 5271 Patris
1615 5217 1637 5249 '
1670 5217 1901 5273 tribunal
1943 5218 2109 5287 ducit,
2137 5235 2243 5292 quo
2272 5229 2406 5276 tem-

833 5320 959 5375 pore
988 5322 1171 5364 eorum
1198 5307 1285 5378 qui
1314 5306 1537 5379 imperio
1568 5308 1727 5364 iuncti
1753 5308 1949 5368 fuerint
1978 5312 2170 5369 bonam
2196 5322 2403 5385 partem

830 5413 1048 5471 magnas
1077 5410 1409 5470 peccatorum
1439 5401 1494 5459 in
1537 5402 1644 5457 vita
1667 5403 2018 5462 admissurum
2045 5422 2231 5480 pmnas
2257 5407 2410 5464 luere

891 5622 910 5655 ⁸
942 5621 1117 5674 collata
1134 5636 1243 5674 cum
1266 5622 1372 5673 cod.
1395 5623 1587 5675 Coislln.
1612 5624 1723 5678 242.

885 5681 914 5717 ⁸
940 5682 1299 5750 “ﬁliolum,
1316 5693 1406 5739 Det
1424 5692 1475 5739 α
1491 5686 1757 5739 Saluatoris.

2517 2386 2717 2442 videas.
2751 2390 2862 2458 Age
2889 2388 3065 2458 itaque
3091 2390 3431 2442 conferentes
3460 2394 3602 2440 inter
3637 2398 3694 2439 se
3717 2393 3829 2438 tum
3859 2383 4100 2454 philoso-

2518 2479 2657 2550 phia:
2688 2480 2843 2545 bona,
2879 2490 2989 2534 tum
3024 2496 3087 2537 ea
3118 2494 3239 2550 qure
3286 2480 3339 2534 in
3388 2478 3488 2533 hac
3522 2480 3629 2532 vita
3678 2476 4007 2547 principatus
4033 2492 4101 2532 ac

2513 2573 2698 2644 gloria:
2726 2573 2864 2628 bona
2894 2588 3014 2629 esse
3030 2573 3295 2639 videntur,
3321 2580 3667 2641 utrorumque
3690 2570 3953 2625 bonorum
3981 2569 4100 2625 dis-
4193 2569 4207 2609 ἲ

2515 2666 2846 2736 crepantiam
2885 2665 3253 2736 perdiscamos
3289 2680 3304 2718 :
3334 2663 3411 2717 sic
3438 2664 3581 2717 enim
3607 2661 3800 2715 collata
3824 2660 4099 2731 apertiora

2516 2757 2644 2811 ﬁent
2673 2774 2689 2811 :
2717 2757 2842 2827 quin
2868 2756 3066 2827 potius,
3096 2755 3143 2809 si
3175 2755 3378 2825 placet,
3428 2754 3606 2822 ipsum
3649 2752 3906 2805 bonorum
3945 2749 4101 2839 tasti-

2512 2849 2658 2919 gium
2687 2864 2907 2918 regnum
2939 2848 3194 2917 intelligo,
3208 2861 3331 2901 cum
3348 2844 3680 2917 philosophia
3696 2850 4093 2913 comparantes,

2470 2954 2471 2957 ‘
2514 2940 2789 3010 utriusque
2810 2941 3161 3011 possessionis
3189 2940 3390 2994 fructus
3406 2933 4096 3007 contemplemur,diligen-

2515 3040 2599 3087 ter
2624 3031 2801 3087 edocti
2826 3073 2841 3097 ,
2889 3031 3082 3102 quibus
3108 3044 3295 3085 rursus
3325 3028 3673 3099 philosophus
3704 3027 3947 3095 imperet.
3978 3023 4097 3078 Res

2514 3123 2675 3193 igitur
2700 3122 2932 3189 urbium,
2961 3121 3261 3191 regionum,
3282 3129 3392 3173 tum
3417 3119 3703 3173 multarum
3733 3115 3965 3185 gentium
3989 3114 4098 3167 im-

2513 3215 2718 3284 perium
2743 3214 2899 3284 gerit,
2928 3212 3213 3282 magistros
3255 3204 3478 3264 militum
3501 3250 3515 3273 ,
3547 3207 3859 3277 prmfectos,
3880 3206 4096 3259 exerci-

2513 3313 2620 3370 tus,
2640 3304 2879 3374 populos,
2898 3312 3137 3368 senatus,
3169 3316 3267 3355 suo
3295 3302 3452 3355 unius
3476 3308 3605 3353 nutu
3627 3311 3816 3367 regens
3844 3313 3859 3327 ο
3886 3304 3942 3349 at
3964 3311 4099 3350 vero

2513 3397 2603 3465 qui
2648 3411 2707 3451 se
2737 3396 2851 3466 ipse
2880 3404 3047 3448 totum
3073 3394 3187 3448 Deo
3209 3391 3781 3459 dedit,solitariamque
3799 3395 3963 3443 tritam
3982 3388 4098 3442 elc-

2512 3489 2588 3557 git
2614 3527 2631 3553 ,
2682 3487 2804 3551 iraa,
2856 3486 3069 3540 invidia:
3089 3526 3103 3547 ,
3134 3484 3369 3538 avaritia:
3390 3523 3406 3547 ,
3440 3481 3694 3551 voluptati
3716 3521 3732 3545 ,
3773 3478 4098 3548 cmtcrisquo

2512 3578 2676 3631 animi
2707 3577 2907 3631 morbis
2932 3577 3178 3645 itnperat,
3198 3572 3410 3628 assidue
3432 3571 3708 3642 speculans
3732 3584 3797 3625 ac
3822 3567 4099 3624 meditans

2514 3684 2798 3739 quemnam
2849 3669 2899 3722 in
2952 3666 3166 3721 modum
3202 3680 3304 3718 non
3331 3664 3670 3729 committat,
3699 3668 3758 3715 ttt
3783 3675 3938 3715 suum
3974 3662 4097 3714 ani-

2513 3775 2657 3813 mum
2695 3757 2964 3814 obscaenis
3004 3754 3285 3811 all‘ectibus
3333 3754 3600 3823 subjiciat,
3647 3767 3747 3806 neu
3776 3766 3975 3805 amara:
4003 3761 4093 3823 ty-

2513 3850 2718 3905 rannidi
2775 3850 2912 3903 ratio
2959 3847 3252 3913 inserviat,
3319 3844 3416 3899 sed
3467 3858 3625 3913 supra
3678 3857 3766 3897 res
3828 3840 4097 3895 humanas

2511 3957 2702 3997 omnes
2731 3940 3109 4010 cogitationem
3159 3952 3374 4007 semper
3399 3946 3632 3991 erectam
3662 3935 3869 3999 habeat,
3903 3932 3998 3987 Dei
4026 3934 4097 3986 ti-

2516 4048 2717 4087 morem
2758 4031 2921 4085 animi
2959 4029 3159 4084 morbis
3208 4026 3521 4097 praeﬁciens.
3565 4024 3877 4093 Hujusmodi
3924 4023 4096 4092 igitur

2515 4124 2794 4193 imperium
2826 4138 2940 4188 rex,
2974 4120 3279 4189 hujusmodi
3324 4119 3450 4172 item
3501 4116 3850 4186 principatunt
3897 4129 4091 4168 mena-
4130 4148 4133 4151 -
4225 4134 4227 4140 λ

2510 4215 2644 4268 chus
2681 4215 2906 4283 adeptus
2927 4221 3044 4266 est:
3076 4220 3134 4265 ut
3154 4210 3352 4280 justius
3377 4207 3589 4278 quidem
3623 4208 3762 4260 hunc
3790 4220 3965 4275 regem
3993 4221 4091 4258 vo-

2509 4320 2619 4370 ces,
2652 4321 2807 4373 quam
2832 4319 2955 4359 eum
2988 4303 3078 4372 qui
3110 4317 3339 4371 purpura
3377 4301 3591 4355 indutus
3614 4314 3678 4353 ac
3703 4313 3899 4352 corona
3924 4313 4086 4352 orna-

2512 4406 2596 4453 tus
2620 4397 2960 4466 splendescit,
2996 4396 3189 4449 throno
3223 4395 3274 4448 in
3304 4408 3469 4447 aureo
3496 4392 3707 4447 sedens.

2580 4486 2636 4540 2.
2664 4487 2787 4553 Quis
2812 4490 3008 4539 demum
3031 4502 3144 4539 uere
3162 4500 3250 4538 rea:
3274 4483 3537 4537 dicendus.
3563 4512 3636 4522 —
3653 4481 3783 4536 Nam
3804 4481 3850 4535 is
3869 4480 4088 4535 demum

2510 4592 2636 4631 vere
2659 4592 2751 4630 rex
2783 4585 2883 4641 est,
2912 4574 3001 4645 qui
3034 4576 3188 4639 iram,
3220 4575 3311 4643 qui
3340 4573 3613 4636 invidiam,
3642 4572 3732 4641 qui
3755 4571 4089 4638 voluptatem

2508 4668 2797 4735 cohibens,
2823 4668 3002 4721 ontnia
3026 4666 3125 4720 sub
3154 4666 3245 4720 Dei
3284 4664 3401 4735 lege
3436 4665 3564 4734 agit,
3594 4672 3821 4718 mentem
3859 4663 4090 4719 liberam

2508 4774 2765 4823 servans,
2813 4774 2987 4828 neque
3028 4757 3235 4827 patiens
3277 4757 3609 4825 voluptatum
3666 4752 4090 4808 dominationem

2509 4852 2690 4905 animo
2713 4865 2810 4906 suo
2845 4850 3171 4921 imperitare.
3207 4847 3391 4903 Talem
3438 4845 3680 4917 equidem
3706 4859 3885 4915 regem
3914 4844 4092 4899 libens

2507 4943 2743 4999 viderem
2765 4953 2819 4999 et
2845 4953 3021 5009 terrae,
3051 4952 3104 4998 et
3136 4940 3291 5007 mari,
3319 4948 3375 4996 ot
3404 4937 3729 5004 civitatibus,
3769 4946 3825 4993 et
3853 4937 4087 5009 populis,

2506 5047 2561 5093 et
2604 5037 2926 5092 exercitibus
2980 5036 3099 5106 jura
3152 5034 3389 5089 dantem.
3440 5031 3691 5100 Quisquis
3734 5029 3875 5085 enim
3918 5029 4090 5083 animi

2505 5127 2780 5183 aﬂ'ectibus
2824 5127 3082 5181 rationem
3125 5125 3433 5195 magistram
3476 5120 3794 5191 prmleeerit,
3833 5120 3879 5173 is
3919 5132 4093 5188 parvo

2506 5219 2790 5273 admodum
2816 5219 3029 5288 negotio
3054 5226 3109 5273 et
3127 5216 3432 5272 hominibus
3457 5229 3561 5268 una
3585 5227 3707 5269 cum
3732 5210 3923 5266 divinis
3949 5210 4091 5282 legi-

2504 5312 2603 5366 bus
2650 5312 2846 5382 prmtici
2896 5310 3082 5380 possit,
3126 5318 3185 5363 ut
3224 5307 3467 5364 eumdem
3514 5305 3683 5376 patris
3726 5304 3845 5360 loco
3884 5304 4090 5360 subditi

2507 5402 2755 5470 habeant,
2785 5418 2905 5457 cum
2929 5401 3077 5457 onmi
3101 5398 3507 5455 mansuetudine
3528 5396 3835 5453 civitatibus
3856 5410 4090 5451 consue-

2506 5496 2700 5551 tudinis
2726 5510 2835 5550 sure
2875 5494 3085 5564 cupiam
3128 5490 3426 5546 facientem.
3465 5487 3569 5557 Qui
3609 5502 3738 5543 vero
3778 5485 4091 5542 hominibus

2503 5589 2768 5657 imperare
2792 5602 2913 5641 cum
2941 5584 3214 5650 videatur,
3242 5584 3335 5638 ira:
3358 5591 3569 5648 tamen,
3597 5578 3898 5644 ambitioni,
3927 5578 4095 5637 valu—

2509 5678 2738 5753 ptatibus
2777 5678 2964 5747 servit,
3006 5677 3098 5734 hic
3138 5677 3367 5748 primum
3404 5675 3633 5734 subditis
3672 5673 3788 5733 suis
3831 5670 4095 5733 ridiculus
