4266 6314
659 383 777 436 ‘589

666 499 804 564 ξειεν
839 497 904 550 ἂν
945 497 1053 559 τοῖς
1080 494 1422 566 ἀρχομένοις,
1449 494 1529 546 ὅτι
1558 491 1821 559 στέφανον
1872 489 1970 560 μὲν
2004 488 2160 557 φορεῖ
2191 483 2332 538 λιθο-

665 591 917 660 κόλλητον
962 594 1056 646 καὶ
1087 592 1344 663 χρυσοῦν,
1371 589 1690 660 σωφροσύνῃ
1717 588 1773 640 δὲ
1808 588 1906 640 οὑκ
1943 585 2334 654 ἐστεφάνωται,

665 693 752 744 καὶ
778 691 1055 761 ἁλουργίδι
1095 691 1190 762 μὲν
1213 690 1330 743 ὅλον
1363 689 1423 741 τὸ
1444 689 1603 758 σῶμα
1630 687 1938 756 λάμπεται,
1957 686 2054 757 τήν
2087 684 2141 736 δὲ
2159 682 2337 753 ψυχήν

666 788 966 858 άκόσμητον
997 787 1130 858 ἔχει.
1152 788 1376 841 Ἔπειτα
1391 786 1445 838 δὲ
1462 785 1580 838 οὑδέ
1601 786 1749 845 ὅπως
1777 782 2219 852 μεταχειρίσαιτο
2239 779 2337 848 τὴν

665 882 834 953 ἀρχὴν
866 883 1252 954 ἐπιστήσεται·
1301 883 1330 933 6
1354 879 1463 951 γὰρ
1494 877 1688 933 ἐαυτοῦ
1731 878 1805 948 μὴ
1843 875 2094 946 δυνηθεὶς
2123 875 2332 946 ἄρχειν,

667 982 778 1044 πῶς
818 981 883 1036 ἂν
928 983 1146 1052 ἑτέρους
1189 981 1438 1052 δυνηθείη
1484 979 1834 1034 κατευθύνειν
1874 980 1987 1040 τοῖς
2029 977 2244 1047 νόμοις;
2272 978 2335 1030 Ei

665 1079 716 1133 δὲ
747 1078 924 1148 βούλει
953 1079 1046 1132 καὶ
1073 1079 1164 1130 τὸν
1209 1077 1443 1148 πόλεμον
1479 1077 1760 1148 ἑκατέρων
1787 1076 1934 1135 ἰδεῖν,
1963 1074 2217 1145 εὑρήσεις
2245 1071 2336 1124 τὸν

667 1177 764 1244 μιν
801 1175 1017 1245 δαίμοσι
1045 1176 1364 1245 ’μαχόμενον
1391 1175 1486 1227 καὶ
1515 1172 1819 1244 κρατοῦντα
1858 1171 1953 1225 καὶ
1977 1169 2214 1224 νικῶντα
2242 1169 2335 1222 καὶ

665 1274 767 1326 ὑπὸ
789 1275 881 1326 τοῦ
916 1272 1153 1344 Χριστοῦ
1191 1271 1656 1342 στεφανούμενον’
1700 1269 1839 1342 μετὰ
1881 1269 1989 1340 γὰρ
2037 1271 2137 1338 τῆς
2185 1265 2336 1329 θείας

664 1369 838 1438 ῥοπῆς
869 1370 961 1420 ἐπὶ
981 1369 1072 1421 τὸν
1096 1369 1332 1439 πόλεμον
1376 1369 1616 1439 ἔρχεται,
1643 1366 1918 1438 οὐρανίοις
1945 1363 2334 1434 πεφραγμένος

663 1464 866 1525 ὅπλοις,
911 1462 1050 1517 ὥστε
1097 1464 1306 1534 ἀνάγκη
1341 1463 1536 1537 τούτου
1563 1460 1816 1529 γενέσθαι
1847 1459 1998 1531 [118]
2025 1459 2085 1510 τὸ
2108 1458 2328 1528 κράτος’

663 1560 752 1613 τὸν
770 1561 825 1613 δέ
845 1561 1063 1629 βασιλέα
1099 1560 1396 1632 βαρϐάροις
1431 1559 1760 1630 μαχόμενον.
1794 1559 1942 1628 Ὅσῳ
1987 1557 2044 1608 δὲ
2086 1555 2193 1609 τῶν
2238 1556 2333 1608 ἀν-

664 1659 895 1729 θρώπων
934 1661 982 1711 οἱ
1022 1659 1273 1730 δαίμονες
1291 1657 1676 1729 φοϐερώτεροι,
1702 1656 1938 1725 τοσούτῳ
1959 1653 2334 1724 λαμπρότερος

664 1756 690 1806 6
719 1755 922 1808 τούτων
956 1754 1173 1826 κρατῶν
1206 1755 1300 1807 τοῦ
1341 1754 1601 1816 νικῶντος
1636 1752 1899 1814 ἐκείνους.
1931 1752 1992 1803 EE
2024 1750 2080 1802 δὲ
2113 1750 2207 1802 καὶ
2235 1747 2332 1817 τὴν

664 1851 843 1903 αἰτίαν
865 1851 1124 1922 ἐκατέρου
1148 1851 1380 1920 πολέμου
1395 1849 1730 1921 καταμαθεῖν
1754 1847 2090 1918 βουληθείης,
2116 1845 2247 1897 πολὺ
2274 1845 2334 1897 τὸ

663 1948 761 1999 οὑκ
795 1949 906 2000 ἴσον
935 1959 959 1988 α
992 1949 1264 2018 εὑρήσεις.
1295 1947 1351 2000 '0
1377 1947 1474 2017 μὲν
1499 1946 1606 2017 γὰρ
1631 1945 1772 2016 ὑπὲρ
1801 1942 2083 2006 εὐσεϐείας
2111 1942 2204 1994 καὶ
2237 1941 2335 2010 τῆς

668 2042 763 2095 τοῦ
797 2032 930 2095 Θεοῦ
953 2043 1205 2114 λατρείας
1233 2043 1457 2113 πολεμεῖ
1478 2044 1587 2104 τοῖς
1611 2040 1878 2110 δαίμοσιν,
1906 2040 1939 2111 ἢ
1962 2038 2143 2099 πόλεις
2175 2036 2206 2107 ἢ
2235 2034 2335 2088 κώ-

668 2156 771 2207 μας
803 2140 865 2190 ἐκ
890 2139 989 2208 τῆς
1008 2138 1212 2206 πλάνης
1245 2135 1550 2206 ἐξαρπάσαι
1583 2135 1783 2187 ποθῶνο
1803 2135 1830 2186 ὁ
1857 2133 1913 2186 δὲ
1948 2133 2177 2203 μάχεται
2209 2128 2336 2202 βαρ-

665 2235 852 2305 ϐάροις
886 2236 1026 2306 ὑπὲρ
1051 2235 1228 2288 τόπων
1258 2233 1289 2304 ἢ
1323 2235 1510 2304 ὅρωνῆ
1540 2231 1838 2304 χρημάτων
1872 2227 2280 2300 ἀρπασθέντων,
2300 2226 2334 2296 ἢ

667 2330 977 2395 πλεονεξίας
1005 2332 1095 2382 καὶ
1121 2329 1320 2400 ἔρωτος
1344 2328 1517 2399 ἀρχῆς
1553 2328 1738 2380 ἀδίκου
1781 2323 2208 2397 παρακαλούσης
2242 2322 2336 2374 ἐπὶ

665 2425 760 2495 τὴν
796 2426 975 2496 μάχην
996 2443 1007 2456 ’
1033 2424 1159 2476 ἔνθα
1187 2423 1249 2495 δὴ
1281 2423 1467 2475 πολλοὶ
1501 2422 1762 2485 πολλάκις
1781 2420 2040 2491 βασιλεῖς,
2074 2419 2181 2472 τῶν
2214 2434 2335 2487 μει-

666 2520 835 2582 ζόνων
872 2520 1325 2590 ἐπιθυμήσαντες,
1361 2520 1454 2572 καὶ
1488 2518 1556 2571 τά
1598 2518 1840 2588 παρόντα
1880 2513 2332 2588 προσαπώλεσαν.

582 2679 584 2681 γ
679 2615 738 2668 Ἠ
771 2615 870 2682 μὲν
893 2610 985 2667 οὖν
1013 2615 1153 2684 ἀρχὴ
1183 2614 1275 2666 καὶ
1295 2615 1342 2666 οί
1375 2612 1599 2682 πόλεμοι
1622 2611 1875 2664 τοσοῦτον
1895 2609 2138 2680 ἀλλήλων
2158 2606 2336 2675 διαφέ-

668 2730 858 2786 ροντας
884 2711 1089 2774 ἔδειξαν
1116 2699 1214 2765 τόύ
1246 2728 1304 2764 τε
1337 2710 1582 2780 βασιλέα,
1631 2709 1726 2762 καὶ
1760 2709 1852 2761 τὸν
1874 2706 2248 2761 ἐσπουδακότα
2268 2706 2333 2773 τῇ

667 2808 759 2862 τοῦ
782 2807 916 2860 Θεοῦ
950 2807 1174 2878 λατρεία
1197 2807 1384 2877 συζῇνο
1413 2807 1568 2876 γνοίη
1594 2805 1638 2856 δ’
1660 2805 1725 2858 ἄν
1757 2820 1841 2866 τις
1859 2803 2052 2866 αὑτοὺς
2071 2799 2334 2872 ἀκριϐῶς,

665 2907 757 2960 τὸν
777 2905 888 2974 βίον
906 2904 1165 2975 ἐκατέρου
1183 2904 1276 2957 καὶ
1303 2901 1402 2966 τὰς
1432 2902 1658 2971 πράξεις
1675 2900 1773 2964 τὰς
1796 2899 1926 2971 παρ’
1959 2898 2170 2969 ἡμέραν
2209 2913 2336 2950 σκο-

668 3001 806 3053 πῶν.
824 2999 987 3073 Εῦροι
1004 3000 1111 3070 γάρ
1151 2998 1216 3052 ἂν
1242 2998 1316 3061 ὡς
1338 2998 1553 3069 ἀληθῶς
1572 2997 1664 3050 τὸν
1692 2997 1791 3067 μὲν
1815 2993 2105 3066 ὁμιλοῦντα
2128 2993 2338 3064 προφή-

667 3113 808 3162 ταις,
836 3097 930 3150 καὶ
945 3099 1011 3168 τῇ
1042 3095 1134 3149 τοῦ
1159 3094 1370 3148 Παύλου
1394 3094 1554 3164 σοφίᾳ
1569 3093 1665 3164 τὴν
1693 3092 1871 3163 ψυχὴν
1905 3091 2334 3155 καλλωπίζοντα,

668 3194 759 3244 καὶ
789 3190 1180 3262 μεταπηδῶντα
1211 3191 1448 3260 συνεχῶς
1476 3190 1583 3243 ἀπὸ
1613 3188 1712 3259 μὲν
1734 3187 1977 3252 Μωσέως
2004 3187 2140 3260 πρὸς
2173 3187 2338 3240 Ἦσα-

661 3291 772 3351 ·ἰ“αν,
807 3290 912 3342 ἀπὸ
949 3290 1008 3342 δέ
1042 3288 1231 3342 τούτου
1278 3289 1415 3361 πρὸς
1451 3287 1724 3358 Ἰωάννην,
1758 3286 1864 3339 ἀπὸ
1891 3286 1948 3339 δὲ
1983 3285 2174 3340 τούτου
2199 3284 2337 3357 πρὸς

667 3387 872 3458 ἕτερον·
903 3386 995 3438 τὸν
1020 3385 1243 3456 βασιλέα
1262 3385 1317 3439 δέ
1341 3383 1577 3454 συνεχῶς
1598 3382 1888 3454 ὁμιλοῦντα
1916 3381 2226 3456 ταξιάρχοις
2246 3384 2338 3437 καὶ

666 3484 930 3554 ὑπάρχοις
985 3483 1079 3535 καὶ
1111 3482 1459 3552 δορυφόροις·
1490 3477 1572 3545 οἷς
1620 3480 1678 3534 δέ
1722 3497 1808 3545 τις
1853 3479 2031 3551 ὁμιλεῖ
2072 3479 2333 3552 συνεχῶς,

668 3577 875 3641 τούτοις
924 3577 1281 3647 ἀφομοιοῦται
1327 3575 1389 3630 τὸ
1431 3573 1580 3647 ἦθος.
1633 3575 1843 3628 Οὐκοῦν
1880 3578 1910 3629 ό
1955 3575 2337 3645 μὲνμονάζων

669 3674 803 3746 πρὸς
839 3675 906 3728 τὰ
929 3674 1034 3727 τῶν
1066 3673 1379 3727 ἀποστόλων
1401 3673 1494 3727 καὶ
1531 3672 1828 3744 προφητῶν
1865 3673 1968 3744 ήθη
2004 3671 2336 3727 ἐκτυποῦται

667 3772 764 3841 τὴν
795 3769 1038 3841 γνώμην,
1075 3771 1102 3822 ό
1134 3770 1190 3822 δέ
1217 3769 1469 3838 βασιλεὺς
1493 3769 1630 3841 πρὸς
1662 3769 1731 3822 τά
1761 3769 1870 3823 τῶν
1895 3769 2217 3843 στρατηγῶν
2241 3771 2338 3824 καὶ

666 3869 979 3938 δορυφόρων
1004 3869 1097 3922 καὶ
1115 3866 1955 3939 ὑπασπιστῶνβνθρώπωιΐοῶῳ
1975 3869 2336 3923 δουλευόντων

668 3964 757 4015 καὶ
794 3963 1008 4034 ήδοναῖς
1037 3963 1432 4034 χαριζομένων,
1455 3964 1548 4020 καὶ
1578 3965 1636 4018 τὸ
1664 3964 1824 4017 πλέον
1849 3965 1949 4036 τῆς
1985 3965 2201 4042 ἡμέρας
2219 3965 2337 4019 δια-

665 4058 960 4129 τριϐόντων
990 4060 1047 4113 ἐν
1077 4059 1246 4129 πότῳ,
1286 4059 1440 4112 οὐδὲν
1471 4060 1685 4132 καίριον
1711 4059 1744 4130 ἢ
1772 4059 1934 4115 καλὸν
1967 4060 2054 4115 διὰ
2078 4061 2168 4114 τὸν
2195 4058 2336 4116 οἶνον

665 4156 1062 4226 ἐπισταμένων.
1103 4155 1286 4220 Οὕτως
1312 4157 1417 4228 ἄρα
1449 4157 1543 4210 καὶ
1566 4156 1654 4211 διὰ
1677 4156 1833 4211 τοῦτο
1859 4158 1950 4212 τὸν
1982 4158 2190 4230 μονήρη
2223 4157 2336 4230 βίον

666 4253 935 4324 προσήκει
955 4253 1278 4325 μακαρίζειν
1313 4255 1513 4326 μᾶλλον
1540 4253 1575 4325 ἢ
1597 4255 1688 4308 τὸν
1709 4255 1765 4308 ἐν
1798 4254 2085 4329 δυναστεία
2113 4255 2208 4310 καὶ
2234 4255 2333 4328 βα-

669 4350 842 4421 σιλεία
865 4350 954 4403 καὶ
991 4350 1311 4422 σκήπτροις.

735 4451 808 4513 γ’.
840 4446 904 4499 Εἰ
939 4445 997 4498 δέ
1026 4447 1121 4501 καὶ
1160 4446 1262 4517 τῆς
1284 4447 1475 4511 νυκτὸς
1502 4447 1593 4501 τὸν
1615 4447 1805 4520 χρόνον
1832 4446 2103 4513 ἐξετάζειν
2143 4447 2336 4522 βουλη-

664 4542 909 4614 θείημεν,
959 4543 1052 4598 τόν
1079 4544 1312 4616 μοναχὸν
1344 4545 1441 4615 μὲν
1458 4543 1702 4616 ὀψόμεθα
1728 4547 1792 4616 τῇ
1823 4543 1915 4597 τοῦ
1945 4543 2080 4598 Θεοῦ
2108 4545 2335 4620 λατρεία

663 4642 756 4694 καὶ
773 4643 892 4706 ταῖς
921 4642 1108 4714 εὐχαῖς
1131 4641 1526 4714 κοσμούμενον,
1558 4641 1693 4696 πολὺ
1715 4642 1976 4714 πρότερον
1998 4642 2192 4716 ᾅδοντα
2224 4643 2333 4698 τῶν

660 4739 909 4812 ὀρνίθων,
943 4739 1196 4810 ἀγγέλοις
1219 4738 1664 4810 συμϐιοτεύοντα,
1682 4738 1800 4811 Θεῷ
1823 4739 2205 4808 συλλαλοῦντα,
2223 4739 2333 4797 τῶν

661 4835 929 4906 οὐρανίων
956 4836 1178 4907 ἀγαθῶν
1227 4837 1600 4892 ἀπολαύοντα·
1629 4837 1721 4891 τὸν
1778 4837 1835 4891 δὲ
1873 4836 2088 4902 πολλοῖς
2123 4837 2333 4893 ἔθνεσιν

660 4932 1002 5003 ἐφεστηκότα
1029 4935 1122 4988 καὶ
1137 4934 1331 5007 δήμοις
1347 4937 1442 4990 καὶ
1468 4935 1871 5008 στρατοπέδοις,
1902 4938 1994 4992 καὶ
2015 4937 2213 5009 πολλῆς
2231 4938 2331 5009 μὲν

657 5031 782 5102 γῆς,
807 5030 1013 5101 πολλῆς
1033 5032 1088 5086 δὲ
1116 5033 1355 5104 ἄρχοντα
1370 5033 1662 5104 θαλάττης,
1696 5031 1789 5086 ἐπὶ
1815 5033 1914 5105 τῆς
1929 5033 2118 5106 κλίνης
2138 5035 2333 5090 ἀνατε⁶

656 5129 892 5200 ταμένον
939 5129 1034 5184 καὶ
1073 5130 1358 5201 ρέγχοντα.
1399 5131 1511 5185 Καὶ
1541 5131 1750 5195 ἐκεῖνος
1781 5131 1880 5202 μὲν
1918 5131 2028 5203 γὰρ
2054 5132 2331 5197 τοσούτοις

654 5227 912 5300 τρέφεται
963 5227 1171 5292 σιτίοις,
1201 5228 1301 5281 ὅσα,
1341 5229 1443 5282 οὑκ
1481 5227 1547 5282 ἂν
1587 5228 1914 5299 ἀπαιτήσειε
1964 5228 2057 5282 τὸν
2095 5230 2333 5301 μοναχὸν

657 5323 823 5376 ὑπνον
852 5321 1018 5392 βαθύν
1037 5339 1050 5352 ·
1076 5322 1168 5376 τὸν
1193 5322 1251 5376 δὲ
1290 5325 1323 5396 ή
1365 5323 1544 5396 τρυφὴ
1576 5322 1960 5396 κατακοιμίζει
2001 5327 2141 5378 καὶὸ
2169 5325 2329 5390 πότος

659 5418 852 5491 μέχρις
871 5418 1085 5490 ἡμέρας
1100 5419 1273 5490 αὑτῆς
1306 5422 1364 5474 ἐν
1388 5423 1453 5492 τῇ
1489 5419 1650 5494 κλίνῃ
1686 5421 1952 5491 κατέχων.
1972 5419 2130 5474 Ἔστι
2150 5421 2328 5476 τοίνυν

743 5517 843 5589 μὲν
864 5516 1081 5590 μοναχῷ
1093 5518 1188 5572 καὶ
1203 5519 1481 5590 ἀμπεχόνη
1495 5519 1590 5572 καὶ
1601 5517 1849 5590 τράπεζα
1867 5517 2081 5589 μετρία,
2095 5524 2190 5571 καὶ
2209 5517 2271 5571 σύ
2279 5535 2331 5571 σ-

653 5635 790 5673 σιτοι
806 5617 907 5689 τῆς
934 5618 1102 5689 αὑτῆς
1123 5619 1322 5690 ἀρετῆς
1348 5617 1604 5690 ἀθληταί·
1628 5617 1720 5670 τὸν
1738 5615 1963 5688 βασιλέα
1984 5617 2044 5705 δὲ
2076 5615 2249 5680 λίθοις
2267 5632 2328 5670 τε
2407 5623 2413 5632 '

712 5798 738 5827 ⁸
757 5796 904 5849 Coisl.
929 5798 994 5872 τὸ,
1021 5797 1211 5872 οξνισξν..
1230 5796 1343 5872 ξεῖ.
1362 5796 1492 5870 παρὰ
1511 5796 1633 5872 πολὺ
1651 5795 1743 5872 οὑχ
1771 5795 1989 5872 εὑρήσεις
2007 5795 2064 5872 τί)
2084 5795 2211 5872 ῖσονὶ,
2236 5807 2324 5869 eg-

653 5859 765 5908 dem
785 5872 950 5908 sensu.
975 5859 1102 5921 Infra
1128 5859 1274 5909 Coisl.
1301 5859 1508 5921 δαίμοσι·
1537 5860 1619 5906 καὶ
1655 5859 1815 5914 πόλεις
1833 5859 2091 5912 σπουδάζει
2123 5859 2204 5905 καὶ
2223 5859 2324 5906 κὼ-

637 5937 742 5983 -μας
759 5921 838 5971 καὶ
860 5922 1010 5984 ψυχὰς
1029 5920 1316 5987 ἀνθρωπίνας
1348 5920 1400 5971 ἐκ
1416 5922 1511 5971 τῶν
1535 5926 1620 5979 τῆς
1638 5921 1717 5970 πλ.
1747 5921 1811 5976 ἐξ.
1835 5921 2013 5970 παθῶν.

1451 376 1505 432 S.
1549 373 1835 432 JUANNIS
1871 363 2355 428 CIIRYSOSTOMI
2414 362 2736 422 ARCIIIEP.
2775 362 3326 424 CONSTANTINOP.

4007 372 4110 430 590

2441 483 2650 555 ἀνάγκη
2684 484 2776 537 καὶ
2803 485 2988 557 χρυσῷ
3017 482 3476 552 καλλωπίζεσθαι,
3498 484 3779 557 τράπεζάν
3794 503 3852 540 τε
3883 507 4109 566 παρατι-

2439 579 2623 634 θεσθαι
2649 579 2931 652 λαμπράν,
2984 583 3078 636 καὶ
3124 581 3360 654 χρῆσθαι
3389 582 3684 651 συσσίτοις,
3714 584 3764 637 εἰ
3793 585 3893 657 μέν
3923 583 4111 658 ἄφρων

2439 677 2545 748 εἴη,
2573 678 2670 748 τῆς
2695 679 2890 732 ἐαυτοῦ
2909 679 3106 743 κακίας
3130 680 3322 745 ἀξίοις,
3349 682 3396 733 εί
3417 679 3471 732 δέ
3488 679 3614 734 νοῦν
3637 680 3749 751 ἔχοι
3781 690 3875 737 καὶ
3904 701 4112 755 σωφρο-

2438 776 2574 845 νοίη,
2611 777 2870 845 χρηστοῖς
2915 776 3043 838 ἴσως
3081 776 3176 830 καὶ
3217 777 3483 843 δικαίοις,
3520 777 3655 832 πολὺ
3685 779 3741 832 δὲ
3769 779 4115 850 λειπομένοις

2435 872 2534 942 τῆς
2561 871 2781 926 ἐκείνων
2805 873 3023 945 ἀρετῆς.
3043 872 3200 926 Οῦτω
3237 874 3343 928 κᾶν
3387 875 3653 949 φιλοσοφῇ
3694 875 3969 947 βασιλεὺς,
3993 876 4114 930 ούδέ

2437 970 2580 1024 κατά
2617 971 2811 1043 μικρὸν
2855 972 3022 1040 ἐγγὺς
3056 971 3228 1024 ἐλθεῖν
3258 973 3358 1044 τῆς
3391 973 3486 1027 τοῦ
3528 976 3855 1046 μονάζοντος
3879 976 4118 1030 καλοκα-

2436 1067 3076 1138 γαθίαςδυνήσεται.Κα“ι
3107 1069 3216 1142 γάρ
3245 1072 3302 1124 ἐν
3318 1072 3652 1144 ὁδοιπορίαις
3681 1073 3852 1145 βαρύς
3867 1074 3985 1127 ἐστι
4005 1077 4122 1136 τοῖς

2437 1165 2719 1234 ὑπηκόοις,
2757 1168 2850 1220 καὶ
2885 1166 3040 1219 πόλιν
3089 1167 3275 1234 οἰκῶν,
3302 1169 3396 1222 καὶ
3430 1172 3656 1242 εἰρήνης
3685 1171 3996 1234 ἀπολαύων,
4018 1173 4121 1226 καὶ

2437 1263 2687 1332 πολέμων
2723 1263 3048 1333 ἁπτόμενος,
3103 1263 3303 1335 φόρους
3344 1283 3404 1318 τε
3443 1265 3598 1338 [Ηθῇ
3632 1269 4116 1340 εἰσπραττόμενος,
4200 1286 4206 1290 ·

2437 1361 2531 1412 καὶ
2566 1359 2949 1430 στρατεύματα
2987 1360 3306 1432 συγκροτῶν
3327 1404 3342 1428 ,
3377 1363 3472 1416 καὶ
3509 1365 3894 1434 αἰχμαλώτους
3943 1367 4117 1434 ἄγων,

2432 1455 2529 1509 καὶ
2559 1453 2745 1520 νικῶν,
2785 1458 2879 1511 καὶ
2915 1446 3258 1529 ἡττώμενοςο
3288 1459 3602 1531 ἡττώμενος
3634 1460 3733 1530 μέν
3769 1458 3878 1532 γὰρ
3901 1462 4012 1516 τῶν
4040 1465 4122 1515 οἰ-

2437 1554 2600 1608 κείων
2634 1556 2819 1609 κακῶν
2869 1557 3251 1628 ἀναπίμπλησι
3280 1552 3408 1620 τοὺς
3453 1558 3816 1630 ἀρχομένους,
3853 1561 4021 1612 νικῶν
4059 1560 4120 1613 δὲ

2436 1653 2708 1725 ἀφόρητος
2753 1655 2988 1722 γίνεται,
3024 1653 3504 1726 καλλωπιζόμενός
3535 1671 3594 1708 τε
3646 1659 3762 1720 τοῖς
3808 1657 4119 1727 τροπαίοις,

2437 1750 2532 1801 καὶ
2558 1749 2702 1820 μέγα
2730 1751 2962 1822 φρονῶν,
2996 1752 3219 1816 καὶτοῖς
3249 1753 3609 1827 στρατιώταις
3635 1754 3895 1824 παρέχων
3931 1754 4123 1809 ἄδειαν

2438 1846 2728 1917 ἁρπάζειν,
2767 1849 2956 1917 συλᾷν,
2983 1851 3111 1912 τοὺς
3141 1849 3452 1919 ὁδοιπόρους
3478 1851 3706 1912 ἀδικεῖν,
3725 1850 3824 1914 τὰς
3847 1851 4035 1916 πόλεις
4062 1855 4124 1906 ἐν

2435 1945 2501 2013 τῇ
2534 1943 2776 2016 καθέδρα
2799 1945 3128 2016 πολιορκεῖν,
3151 1945 3252 2009 τάς
3267 1945 3375 1998 τῶν
3392 1948 3641 2018 πενήτων
3664 1947 3886 2020 πορθεῖν
3915 1949 4122 2014 οίκίας,

2436 2041 2563 2104 τοὺς
2589 2041 3023 2114 ὑποδεξαμένους
3045 2043 3469 2115 εἰσπράττεσθαι
3492 2046 3616 2099 καθ’
3634 2046 3871 2119 ἑκάστην
3900 2047 4124 2119 ἡμέραν

2437 2138 2473 2193 ἃ
2503 2140 2691 2211 μηδεὶς
2711 2141 2993 2214 ἐπιτρέπει
3037 2142 3221 2213 νόμος,
3249 2141 3340 2195 ἐπὶ
3367 2144 3637 2216 προφάσει
3662 2145 3804 2209 τινὸς
3839 2146 3997 2210 ἔθους
4027 2150 4128 2218 ἁρ-

2439 2237 2591 2308 χαίου
2623 2240 2942 2309 παρανόμου
2981 2257 3040 2293 τε
3068 2240 3191 2316 ,καὶ
3235 2241 3444 2296 ἀδίκου.
3470 2242 3580 2296 Καὶ
3609 2242 3702 2296 τὸν
3737 2244 3835 2314 μέν
3861 2244 4125 2301 πλούσιον

2439 2334 2670 2405 ἔϐλαψεν
2703 2336 2855 2389 οὐδὲν
2882 2340 2911 2390 6
2943 2337 3195 2407 βασιλεὺς
3212 2341 3324 2402 τοῖς
3355 2339 3621 2403 τοιούτοις
3645 2342 3858 2404 κακοῖς,
3889 2341 3990 2411 τὴν
4025 2361 4129 2396 πε-

2427 2432 2556 2486 ·νίαν
2588 2434 2642 2486 δὲ
2675 2430 3179 2508 ἐκάκωσεν,ὦσπερ
3225 2436 3299 2498 ὡς
3331 2435 3553 2505 ἀληθῶς
3584 2438 3976 2508 αἰσχυνόμενος
3992 2441 4129 2504 τοῦς

2440 2534 2724 2606 εὐπόρους.
2754 2534 2828 2586 Οὑ
2860 2534 2966 2603 μὴν
2987 2533 3015 2586 ὅ
3039 2550 3101 2599 γε
3127 2534 3358 2604 μοναχδς
3387 2533 3582 2598 οὕτως,
3609 2534 3921 2605 ἀλλ’ἀματε
3934 2533 4127 2607 ὤφθη,

2439 2632 2532 2684 καὶ
2564 2629 2832 2683 πλουσίων
2859 2630 2950 2683 καὶ
2985 2631 3230 2702 πενήτων
3263 2630 3424 2701 χάριν
3443 2631 3566 2684 τινὰ
3591 2630 3833 2702 κομίζων
3857 2627 3990 2703 ἦλθε
4025 2635 4130 2687 καὶ

2437 2729 2650 2792 τούτοις
2673 2729 2946 2791 κάκείνοις
2963 2727 3188 2798 ὁμοίως,
3213 2727 3416 2799 ίματίῳ
3463 2728 3565 2799 μὲν
3595 2729 3675 2782 ἐνὶ
3695 2729 3764 2783 δι’
3793 2729 3948 2794 ἔτους
3979 2750 4011 2802 χ
4021 2732 4132 2804 ρώ-

2443 2843 2620 2896 μενος,
2649 2825 2792 2897 ὕδωρ
2817 2825 2872 2878 δέ
2904 2825 3074 2878 πίνων
3121 2824 3294 2894 ἥδιον,
3323 2825 3356 2897 ἢ
3383 2825 3700 2896 ,θαυμαστὸν
3739 2821 3882 2880 οἶνον
3916 2828 4128 2896 ἕτεροι·

2439 2923 2580 2994 ὑπὲρ
2615 2923 2811 2977 ἐαυτοῦ
2841 2923 2941 2994 μέν
2971 2922 3250 2992 οὐδεμίαν,
3281 2921 3403 2976 οὔτε
3426 2922 3649 2995 μικράν,
3676 2922 3796 2977 οὔτε
3831 2925 4006 2994 μείζω
4027 2929 4133 2998 χά-

2442 3003 2708 3093 ρινπαρά
2739 3021 2852 3075 τῶν
2889 3020 3164 3074 πλουσίων
3198 3020 3389 3084 αἰτῶν,
3440 3021 3582 3093 ὑπὲρ
3618 3021 3675 3074 δὲ
3717 3021 3827 3074 τῶν
3857 3021 3915 3076 ἐν
3944 3024 4133 3096 ἐνδείᾳ

2439 3118 2641 3184 πολλάς
2672 3137 2733 3172 τε
2793 3119 2887 3173 καὶ
2920 3119 3184 3189 συνεχεῖς,
3208 3118 3540 3189 ἀμφοτέροις
3562 3117 3972 3187 λυσιτελούσας,
4012 3125 4132 3187 τοῖς

2438 3231 2517 3285 τε,
2543 3215 2865 3286 παρέχουσι,
2891 3215 2987 3268 καὶ
3010 3217 3125 3277 τοῖς
3144 3213 3468 3284 κομίζεσθαι
3494 3213 3798 3284 μέλλουσιν.
3835 3214 3998 3270 Οὕτω
4021 3236 4134 3272 κοι·

2439 3313 2529 3376 νός
2552 3311 2905 3383 ἐστιν-ἰατρὸς
2933 3311 3026 3365 καὶ
3057 3309 3328 3364 πλουσίων
3354 3309 3450 3364 καὶ
3471 3311 3722 3381 πενήτων
3751 3311 4131 3382 όμοίως,τοὺς

2443 3409 2539 3479 μὲν
2560 3409 2972 3479 ἁμαρτημάτων
2998 3406 3300 3478 ἐλευθερῶν
3330 3407 3420 3461 διὰ
3446 3407 3545 3478 τῆς
3570 3407 3780 3478 ἀγαθῆς
3812 3409 4128 3478 νουθεσίας,

2437 3509 2551 3571 τοῖς
2572 3507 2628 3561 δέ
2661 3505 2804 3560 λύων
2830 3505 2928 3576 τὴν
2985 3505 3214 3559 ἔνδειαν.
3266 3504 3534 3569 Βασιλεὺς
3559 3504 3617 3558 δέ
3641 3505 3740 3568 τάς
3767 3523 3828 3559 τε
3862 3508 4130 3583 εἰσφορὰς

2439 3603 2776 3675 κουφοτέρας
2791 3599 2926 3658 εἶναι
2951 3584 3349 3668 κελεύων,τοὺς
3375 3601 3667 3667 πλουσίους
3688 3603 3911 3675 μᾶλλον,
3963 3608 4000 3679 ἦ
4034 3611 4127 3681 τὴν

2437 3706 2630 3759 πενίαν
2659 3704 2910 3776 ὠφέλησε
2928 3720 2940 3735 ·
2980 3703 3076 3757 καὶ
3098 3701 3169 3756 τά
3199 3699 3419 3755 ἐναντία
3448 3699 3640 3766 ποιῶν,
3666 3702 3795 3766 τοὺς
3826 3706 4011 3777 μικρά
4037 3723 4122 3760 κε·

2433 3801 2744 3874 κτημένους
2768 3799 2988 3870 ἔϐλαψε.
3023 3799 3128 3852 Τὸν
3163 3797 3262 3869 μέν
3284 3798 3392 3868 γὰρ
3409 3796 3668 3850 πλούσιον
3693 3798 3853 3868 όλίγα
3890 3800 3962 3856 ἂν
4001 3803 4116 3873 βλά-

2437 3899 2589 3970 ψειεν
2629 3900 2662 3970 ή
2693 3897 3002 3970 χαλεπότης
3039 3897 3148 3951 τῶν
3191 3896 3484 3967 εἰσφορῶν,
3516 3894 3617 3959 τάς
3644 3890 3701 3950 δὲ
3724 3896 3834 3951 τῶν
3875 3902 4115 3971 πενήτων

2437 3998 2614 4061 οἰκίας
2644 3997 2831 4068 ὥσπερ
2849 3993 3529 4068 χειμάρῤουςπαρασύρει,
3553 3995 3800 4066 οίμωγῆς
3822 3999 4116 4068 πιμπλῶσα

2435 4097 2535 4163 τάς
2553 4095 2765 4168 κώμας,
2786 4096 2880 4151 καὶ
2897 4095 3019 4151 οὑτε
3040 4094 3220 4166 γῆρας
3240 4094 3473 4149 ἐλεεινὸν
3488 4097 3603 4159 τοῖς
3637 4097 4066 4173 εἰσπραττομένι
4076 4116 4119 4163 ις

2437 4199 2564 4262 τοὺς
2607 4196 2824 4269 φόρους,
2862 4194 2986 4250 οὗτε
3017 4194 3215 4266 χηρεία
3240 4194 3539 4264 γυναικῶν,
3573 4196 3674 4250 οὑκ
3707 4198 3953 4266 ὀρφανία
4004 4201 4126 4254 παί-

2435 4296 2563 4362 δων,
2587 4295 2726 4352 ἀλλά
2761 4293 3082 4366 κωμάζουσι
3126 4292 3307 4347 πάντα
3363 4292 3456 4345 τὸν
3493 4293 3708 4365 χρόνον,
3756 4299 3935 4351 κοινοί
3991 4320 4138 4366 τινες

2439 4395 2690 4466 πολέμιοι
2717 4393 2817 4463 τῆς
2849 4391 3052 4463 χώρας,
3084 4391 3229 4462 ἅπερ
3285 4390 3386 4444 οὑκ
3431 4389 3721 4462 ἐξήνεγκεν
3759 4393 3792 4461 ή
3824 4395 3920 4463 γῆ,
3956 4401 4154 4458 ταῦτα

2438 4493 2563 4557 τοὺς
2590 4490 2873 4563 γεωργοὺς
2896 4490 3370 4562 εἰσπραττόμενοι.

2506 4629 2568 4683 δ’.
2589 4628 2726 4698 Φέρε
2742 4626 2806 4698 δὴ
2818 4626 3040 4680 κάκεῖνο
3056 4625 3422 4697 ἐξετάσωμεν,
3442 4623 3497 4680 τί
3525 4622 3623 4696 μὲν
3652 4625 3682 4679 6
3718 4623 4057 4694 μοναχὸ;,τί
4086 4637 4158 4691 δὲ

2435 4725 2464 4778 6
2495 4723 2746 4796 βασιλεὺς
2793 4727 2905 4789 τοῖς
2935 4722 3198 4796 ὑπηκόοις
3225 4722 3531 4795 χαρίζεται.
3574 4722 3778 4778 Οὐκοῦν
3801 4722 3829 4775 ό
3857 4722 3959 4790 μὲν
3992 4744 4158 4800 χρυ-

2437 4821 2550 4886 σὺν,
2572 4822 2668 4876 6δέ
2687 4821 2997 4892 πνεύματος
3023 4818 3182 4890 χάριν
3202 4835 3216 4850 ο
3247 4819 3342 4872 καὶ
3375 4819 3404 4871 ό
3434 4820 3536 4890 μὲν
3563 4819 3716 4873 ἔλυσε
3747 4817 3954 4882 πενίαν,
3985 4821 4150 4880 ὅταν

2433 4919 2468 4998 ᾖ
2503 4923 2756 4998 χρηστὸς,
2790 4926 2820 4977 ό
2844 4923 2902 4994 δὲ
2926 4923 2956 4964 1³
2987 4920 3168 4992 ψυχὰς
3215 4921 3656 4994 τυραννουμένας
3693 4923 3800 4977 ὑπὸ
3842 4922 4144 4993 δαιμόνων

2434 5024 2777 5096 ἠλευθέρωσε
2796 5026 2916 5089 ταῖς
2938 5024 3289 5095 προσευχαῖς.
3331 5023 3451 5077 Κᾶν
3474 5023 3655 5094 συμϐῇ
3687 5041 3810 5077 τινα
3837 5023 4140 5093 τοιαύταις

2433 5127 2791 5200 χειμάζεσθαι
2812 5144 2877 5180 συ
2885 5124 3246 5198 μφοραῖς,τδν
3265 5123 3492 5196 βασιλέα
3509 5125 3610 5195 μὲν
3625 5123 3817 5198 ῶσπερ
3837 5125 3906 5180 τά
3930 5127 4140 5201 ἀψυχα

2434 5233 2792 5307 παρέρχεται,
2811 5232 2904 5286 ἐπὶ
2924 5230 2981 5284 δέ
3013 5230 3113 5301 τήν
3144 5229 3252 5282 τῶν
3278 5228 3528 5298 μοναχῶν
3549 5227 3728 5282 οἰκίαν
3755 5230 4134 5300 καταφεύγει,

2432 5335 2622 5410 ὥσπερ
2647 5339 2676 5392 ό
2695 5335 2860 5390 λύκον
2881 5331 3601 5406 ὑποφεύγων,καταφεύγων
3621 5333 3680 5387 δὲ
3709 5335 3798 5388 ἐπ’
3820 5336 3992 5409 ἀνδρα
4020 5338 4133 5413 οη-

2436 5442 2629 5513 ρευτὴν
2655 5440 2808 5512 ξίφος
2833 5441 2890 5494 ἐν
2922 5441 2988 5511 τῇ
3021 5438 3168 5511 χειρὶ
3195 5437 3448 5510 φέροντα’
3473 5437 3614 5508 ὅπερ
3638 5437 3748 5508 γὰρ
3770 5436 3848 5510 τῷ
3873 5437 3940 5511 θη
3951 5447 4140 5517 ρευτῇ

2431 5544 2605 5614 ξίφος,
2626 5543 2786 5598 τοῦτο
2802 5541 3079 5614 προσευχὴ
3107 5539 3188 5610 τῷ
3220 5537 3526 5609 μονάζοντι.
3559 5536 3637 5594 Ού
3662 5537 3770 5610 γὰρ
3793 5539 3939 5596 οὑτω
3955 5546 4144 5615 φοεε-

2433 5645 2525 5710 ρὸν
2550 5649 2661 5710 τοῖς
2687 5645 2871 5708 λύκοις
2902 5643 2964 5699 τὸ
3006 5641 3177 5710 ξίφος,
3195 5642 3270 5705 ὼς
3305 5644 3416 5706 τοῖς
3440 5641 3688 5712 δαίμοσιν
3721 5643 3775 5695 αἱ
3809 5649 4147 5723 προσευχαὶ

2495 5909 2524 5951 1³
2548 5910 2746 5963 Coislin.
2772 5909 2884 5958 ὅταν
2907 5907 3006 5970 δῴη
3030 5904 3226 5970 χρυσόν·
3251 5907 3276 5952 6
3297 5905 3363 5954 δέ·
