4266 6314
595 341 686 392 Tulli

596 458 806 515 Etenim
836 455 974 524 quod
999 452 1233 508 venatori
1265 453 1494 524 gladius,
1523 453 1572 508 id
1616 466 1802 523 preces
1832 459 1955 506 sunt
1991 466 2179 504 mona-

593 552 696 603 cho
722 568 735 603 :
764 563 933 614 neque
963 562 1090 600 sane
1111 548 1185 599 sic
1212 545 1362 616 lupos
1383 546 1612 616 gladius,
1639 555 1693 598 ut
1715 543 1988 598 daemonas
2005 546 2182 613 justo-

595 657 713 697 rum
742 655 932 711 preces
959 648 1178 694 tcrrcnt.
1207 639 1387 708 Itaque
1412 654 1515 691 non
1548 651 1646 691 nos
1678 637 1842 691 modo
1872 635 1938 690 ad
1969 643 2185 692 sanctos

599 731 909 799 monachos,
956 731 1080 786 dum
1122 731 1199 786 rei
1231 745 1358 785 usus
1396 731 1650 800 postulat,
1692 717 2050 799 confugimus,
2090 728 2183 782 sed

601 824 856 895 velregcs
879 824 974 894 ipsi
1015 823 1083 879 ad
1121 823 1337 878 eosdem
1363 824 1411 876 in
1440 821 1772 891 temporibus
1811 819 2181 884 formidandis,

601 917 738 971 haud
772 917 929 972 aliter
957 931 1114 988 quam
1151 915 1304 969 famis
1333 924 1575 983 tempore
1605 911 1976 969 mendicantes
2004 911 2069 965 ad
2098 911 2185 966 di-

601 1013 763 1063 vitum
807 1007 999 1063 domos
1043 1008 1371 1077 confugiunt.
1421 1006 1607 1061 Nonne
1650 1005 1834 1062 Achab
1876 1004 2184 1060 Iudaeorum

599 1115 692 1154 rex
721 1118 812 1169 per
837 1099 1027 1156 famem
1055 1110 1106 1156 ct
1129 1116 1353 1154 annonae
1375 1100 1654 1154 caritatem
1678 1099 1729 1153 in
1758 1099 1919 1153 Helia:
1942 1097 2188 1168 precibus

604 1210 753 1261 spem
785 1195 958 1262 posuit
998 1194 1190 1248 suam?
1233 1207 1410 1248 nonne
1432 1191 1694 1248 Ezechias
1723 1193 1741 1224 ι
1765 1192 1838 1262 (4.
1863 1190 1992 1262 Reg.
2013 1190 2105 1245 20.
2133 1190 2187 1261 l)

605 1284 729 1339 illud
762 1286 899 1339 idem
929 1286 1234 1357 imperium,
1266 1285 1413 1340 illum
1440 1284 1685 1340 eumdem
1716 1284 2070 1354 principatum
2095 1283 2188 1339 ob-

600 1377 794 1443 tinens,
835 1390 1005 1447 :rger,
1050 1392 1110 1431 ac
1145 1377 1364 1446 jamjam
1409 1377 1719 1441 moriturus,
1765 1374 2049 1428 instantem
2091 1374 2188 1429 sibi

606 1481 830 1524 mortem
873 1485 994 1524 cum
1037 1469 1263 1534 videret,
1306 1469 1371 1523 ad
1413 1469 1728 1538 pr0phetam
1769 1467 2027 1537 confugit,
2068 1475 2188 1519 tutt-

605 1561 759 1628 qnain
789 1571 960 1615 morte
990 1561 1364 1630 potentiorem,
1398 1574 1460 1614 ac
1486 1557 1994 1636 vitzc'largitorem?
2029 1556 2188 1627 Atqui

605 1654 741 1707 bello
763 1657 1082 1723 eruuipcntc
1111 1652 1499 1723 Palaestinaque
1523 1651 1574 1706 in
1615 1660 1818 1706 tantum
1843 1650 2068 1704 adducta
2095 1666 2189 1719 pe-

605 1747 848 1808 riculum,
873 1756 928 1799 ut
949 1745 1186 1800 funditus
1208 1744 1502 1800 excidenda
1525 1754 1689 1809 esset,
1708 1743 2015 1799 Iudaeorum
2039 1756 2191 1812 reges

604 1839 825 1892 diruisse
854 1839 1119 1905 exercitu,
1145 1838 1378 1892 dimissis
1401 1836 1686 1906 peditibus,
1718 1834 2027 1903 sagittariis,
2051 1833 2193 1904 cqui-

605 1933 766 1997 tihus,
811 1931 1071 1996 (lucibus,
1117 1930 1554 1994 centurionibus,
1598 1929 1664 1982 ad
1708 1929 1885 1982 Elisa-i
1921 1943 2106 1996 preces
2135 1942 2194 1979 se

598 2033 925 2092 receperunt
954 2041 965 2074 :
992 2023 1372 2077 existimabant
1395 2022 1545 2095 enim
1568 2021 1657 2076 Dei
1683 2036 1899 2076 servum
1928 2020 2025 2074 sibi
2053 2020 2192 2074 mul-

606 2126 777 2168 tarum
807 2113 1105 2185 myriadum
1134 2116 1301 2169 instar
1327 2116 1460 2169 fore.
1484 2112 1672 2168 itidem
1696 2121 1751 2168 et
1784 2110 2040 2167 Ezechias
2079 2126 2193 2176 rex,

605 2205 745 2257 hello
776 2204 992 2259 Persico
1016 2205 1272 2270 instante,
1302 2219 1422 2259 cum
1451 2203 1600 2258 urbis
1635 2203 1901 2258 excidium
1943 2188 2196 2255 immine-

604 2305 703 2358 ret,
729 2294 1042 2364 civibusque
1071 2295 1159 2362 qui
1185 2311 1278 2365 pro
1303 2295 1568 2351 moenibus
1591 2303 1794 2347 starent
1821 2293 1930 2362 jam
1958 2302 2196 2346 tremen-

606 2387 763 2449 tibus.
798 2387 1180 2451 metuentibus,
1208 2387 1518 2458 acperinde
1544 2387 1849 2454 commotis,
1877 2394 1932 2440 ut
1954 2400 2195 2441 commo-

610 2480 722 2533 veri
767 2479 1014 2536 homines
1053 2481 1231 2536 solent
1260 2521 1274 2546 ,
1307 2481 1528 2551 quoties
1561 2481 1644 2536 vel
1687 2481 1884 2535 tonitru
1917 2479 2002 2535 vel
2043 2488 2200 2534 terra:

608 2583 812 2626 metum
853 2573 1032 2627 omnia
1073 2575 1402 2642 quatientem
1442 2583 1778 2643 exspectant,
1823 2573 1972 2628 Isaia:
2014 2588 2200 2644 preces

606 2662 788 2715 multis
814 2663 1098 2717 Persarum
1137 2663 1371 2719 millibus
1414 2665 1684 2733 Opposuit,
1712 2678 1885 2734 neque
1924 2679 2019 2718 sua
2052 2663 2197 2721 illum

607 2767 734 2822 spes
761 2752 966 2808 fefellit.
996 2753 1128 2808 Nam
1157 2754 1312 2809 simul
1343 2764 1397 2808 ut
1418 2754 1681 2825 propheta
1714 2771 1906 2810 manus
1931 2755 1982 2808 in
2005 2755 2197 2809 cretum

606 2847 842 2912 sustulit,
868 2849 1048 2902 statim
1076 2847 1214 2902 Deus
1255 2847 1460 2919 sagittis
1492 2864 1523 2902 e
1553 2848 1688 2903 caelo
1727 2848 1905 2903 missis
1927 2848 2200 2903 Persicum

608 2937 806 2991 bellum
847 2938 1116 3005 confecit,
1163 2955 1319 3008 rcges
1359 2940 1630 3005 erudiens,
1672 2956 1740 2994 eo
1777 2955 1837 2996 se
1879 2941 1999 2995 loco
2039 2941 2203 3010 ipsius

609 3031 887 3086 ministros
930 3031 1130 3088 habere
1169 3031 1387 3098 debere,
1435 3043 1492 3088 ut
1529 3048 1624 3089 eos
1662 3048 1853 3090 omnes
1891 3048 2202 3088 communes

608 3137 728 3178 esse
758 3133 916 3179 terra:
954 3135 1262 3180 servatores
1289 3127 1616 3190 existiment,
1653 3136 1711 3182 ut
1737 3126 1838 3182 hac
1861 3126 2090 3197 quidem
2113 3113 2202 3180 ra.-

609 3218 755 3272 tione
812 3218 1176 3285 edoceantur,
1229 3219 1324 3287 per
1365 3218 1637 3289 justorum
1686 3219 2092 3276 exhortationes
2138 3222 2202 3273 ait

611 3325 773 3364 omne
797 3310 992 3365 bontnn
1015 3320 1176 3383 atque
1202 3312 1494 3370 humanum
1515 3329 1651 3383 opus
1681 3314 1910 3378 invitati,
1927 3323 2046 3368 tum
2070 3329 2204 3368 con-

610 3403 726 3456 silia
751 3405 1007 3471 revereri,
1030 3413 1138 3458 tum
1165 3404 1320 3460 bonis
1341 3404 1795 3461 admonitionibus
1811 3405 2202 3475 obtemperare.

615 3495 844 3549 l‘roinile
871 3510 976 3549 non
1003 3512 1066 3551 ex
1107 3497 1171 3550 iis
1201 3497 1372 3551 solum
1399 3513 1517 3568 quae
1545 3496 1657 3552 dixi
1699 3497 1977 3568 utriusque
2012 3497 2204 3550 discri-

615 3603 734 3639 tncn
781 3601 1109 3656 cognoscere
1139 3587 1296 3652 licet;
1329 3588 1423 3642 scd
1465 3588 1508 3641 si
1542 3603 1640 3642 usu
1666 3588 1874 3644 venerit
1901 3598 1954 3642 et
1985 3589 2124 3641 hunc
2155 3598 2209 3642 et

613 3677 763 3730 illum
807 3678 1101 3743 deturbari,
1149 3678 1292 3734 hunc
1331 3679 1544 3749 quidem
1587 3680 1816 3745 virtute,
1851 3679 1998 3733 illum
2028 3689 2205 3735 autem

617 3786 781 3838 regno
812 3771 1109 3840 privatum,
1142 3771 1228 3826 hic
1256 3788 1419 3843 parvo
1459 3773 1748 3827 admodum
1788 3774 2005 3842 negotio
2044 3773 2108 3826 ad
2152 3787 2209 3825 se

617 3864 771 3926 redit,
799 3867 1058 3918 aestatim
1086 3882 1180 3934 per
1209 3881 1415 3936 preces,
1446 3883 1538 3936 per
1569 3851 1854 3939 lacryntas,
1884 3882 1982 3936 per
2009 3881 2208 3922 lucern-

616 3972 766 4022 rem,
813 3972 911 4026 per
952 3974 1243 4026 pauperum
1277 3973 1493 4024 curant,
1537 3961 1772 4028 peccatis
1815 3958 2211 4023 abstersis,.de

625 4052 834 4115 integro
876 4047 1029 4102 facile
1059 4049 1124 4102 ad
1157 4049 1437 4118 pristinum
1471 4049 1821 4120 principatum
1863 4051 2111 4105 recurrit.
2145 4054 2213 4105 At

623 4153 714 4190 rex
763 4140 898 4191 Solio
935 4138 1176 4206 deiectus
1220 4156 1339 4194 cum
1390 4141 1562 4206 fuerit,
1615 4149 1724 4196 tum
1768 4142 1982 4196 demum
2031 4143 2211 4197 multis

622 4244 751 4284 sane
797 4231 956 4284 sociis
998 4231 1230 4301 indiget,
1273 4233 1455 4286 multis
1499 4233 1623 4288 item
1670 4235 1890 4290 armatis
1930 4235 2210 4302 militibus,

623 4321 795 4389 equis,
833 4322 1092 4390 pecuniis,
1122 4323 1419 4392 perientiS':
1451 4323 1682 4393 denique
1710 4324 1898 4378 salutis
1928 4339 2038 4379 sure
2063 4340 2211 4394 Spem

623 4413 672 4464 in
697 4412 818 4465 aliis
845 4413 1001 4466 sitam
1033 4412 1214 4467 habet.
1240 4413 1530 4470 Monachus
1553 4428 1679 4468 vero
1701 4413 1927 4468 salutem
1967 4415 2216 4470 celeriter

623 4505 882 4558 voluntati
915 4521 1048 4571 ειιω,
1088 4506 1263 4561 studio
1327 4523 1388 4560 ac
1413 4508 1693 4562 sententia:
1733 4509 2016 4563 mutationi
2045 4510 2216 4562 comi-

624 4608 728 4649 tem
754 4595 1037 4653 habiturns
1064 4607 1144 4652 est
1173 4617 1185 4653 :
1212 4599 1441 4670 Regnum
1463 4601 1593 4654 enim
1620 4599 1880 4669 ca'lormn,
1910 4603 2080 4670 inquit
2105 4603 2213 4669 ille,

618 4692 670 4739 in
718 4688 869 4786 vobis.
903 4686 973 4742 ait
1004 4689 1164 4762 (Luc.
1198 4693 1286 4786 l7;
1312 4691 1372 4746 2|
1399 4692 1438 4763 ).
1473 4691 1591 4748 Jam
1634 4709 1780 4748 mors
1809 4695 1919 4764 regi
1966 4695 2218 4750 terribilis

621 4789 704 4833 est
728 4822 742 4847 ,
773 4780 960 4836 eadem
1003 4780 1324 4852 philosopho
1355 4784 1574 4839 minime
1619 4785 1840 4840 molesta
1878 4805 1890 4842 :
1921 4802 2043 4840 cum
2077 4790 2216 4841 enim

621 4871 711 4937 qui
739 4871 976 4938 divitias,
1007 4873 1362 4944 voluptatem,
1404 4875 1645 4942 delicias,
1677 4893 1903 4948 quorum
1939 4880 2105 4946 gratia
2138 4880 2219 4931 vi-

631 4975 737 5017 tam
761 4966 967 5031 atitare
999 4965 1152 5020 nmlti
1177 4968 1581 5036 concupiscunt,
1608 4968 1857 5039 despicit,
1893 4985 2110 5026 necesse
2143 4981 2223 5025 est

627 5055 1001 5126 migrationem
1032 5059 1100 5111 ab
1131 5059 1232 5112 hoc
1257 5060 1390 5115 orbe
1419 5060 1556 5114 haud
1595 5078 1734 5133 mgre
1777 5063 1938 5119 ferre.
1983 5065 2134 5132 Quod
2175 5066 2222 5118 si

628 5149 844 5204 ethunc
880 5160 934 5205 et
963 5150 1112 5205 illum
1136 5151 1365 5223 jugulari
1398 5154 1680 5224 contigerit
1707 5198 1719 5219 ,
1752 5157 1838 5211 hic
1881 5158 2095 5226 quidem
2130 5173 2224 5228 pro

699 5363 718 5398 ο
750 5363 823 5412 sic
854 5356 1220 5410 Coislin.-recte
1271 5353 1391 5403 Edit.
1426 5365 1562 5416 vero,
1587 5369 1738 5408 nonne
1765 5362 1902 5409 0:1'us
1925 5360 1949 5408 Ρ

1293 337 1362 406 S._
1393 336 1673 393 JOANNIS
1711 331 2186 425 CilRi’SOSTOMl
2224 334 2545 392 ARtllllEP.
2589 338 3129 396 CONSTANTINOP.

3783 345 3884 399 39!

2289 452 2493 522 pietate
2529 454 2764 522 pericula
2807 453 2908 508 sibi
2936 440 3196 519 accerset,
3243 456 3594 510 inuuortznem
3633 466 3685 511 et
3717 457 3886 512 cmlc~

2293 553 2428 596 stem
2460 543 2621 597 vitam
2651 553 2824 599 morte
2851 560 2946 600 sua
2975 560 3296 615 comparans
3331 562 3342 597 :
3373 554 3434 624 at
3470 563 3560 600 rex
3603 557 3885 618 tyrannum

2291 633 2548 704 aliquem,
2579 645 2633 689 et
2660 650 2782 689 eum
2811 637 2900 706 qui
2943 635 3227 706 imperium
3268 636 3504 699 affectat,
3529 637 3886 712 jugulatqrem

2295 739 2451 779 suum
2481 726 2758 781 habiturus
2782 736 2886 792 est,
2930 727 3237 782 miserabile
3280 727 3528 798 idemque
3559 728 3887 784 horrendum

2295 827 2416 888 post
2438 819 2638 874 caedem
2669 820 3032 896 spectaculum
3053 837 3066 884 ;
3088 820 3412 876 monachum
3435 837 3563 876 vero
3581 837 3678 892 pro
3699 821 3890 892 pietate

2291 909 2590 980 iugulatum
2620 925 2862 976 cernere,
2896 910 3053 967 dulce
3079 919 3240 982 atque
3266 911 3503 966 salutare
3527 913 3892 982 spectaculum

2296 1011 2400 1057 est.
2427 1001 2590 1058 Adde
2617 1003 2701 1058 his
2723 1001 2865 1074 quod
2908 996 3202 1058 monachus
3225 1003 3490 1059 bonorum
3518 1019 3737 1060 suorum
3761 1004 3886 1059 alle-

2296 1102 2534 1150 ctatorcs
2586 1093 2868 1150 habiturus
2920 1103 3043 1160 est,
3088 1094 3430 1151 tumulatorcs
3459 1111 3535 1150 .ac
3575 1095 3890 1166 discipulos,

2298 1187 2436 1240 bona
2473 1202 2539 1241 ex
2569 1196 2719 1258 parte
2760 1198 3196 1259 comprecantes;
3232 1200 3290 1242 ut
3328 1189 3496 1260 ipsius
3523 1190 3728 1244 similes
3766 1203 3884 1243 eva-

2297 1265 2428 1333 dant
2464 1294 2479 1334 :
2519 1289 2574 1335 at
2613 1293 2706 1334 rex
2750 1279 2946 1334 multos
2987 1280 3183 1333 frustra
3220 1280 3280 1335 in
3327 1280 3574 1350 precibus
3619 1294 3898 1335 sermones

2299 1370 2664 1440 iusumpserit,
2697 1371 2863 1426 Deum
2890 1385 3104 1442 rogans,
3133 1383 3188 1425 ut
3221 1385 3381 1426 nemo
3413 1373 3660 1437 exsistat,
3682 1373 3770 1440 qui
3808 1387 3897 1426 rc-

2298 1461 2461 1534 gnunt
2486 1463 2722 1521 aﬂ‘cctet.
2750 1465 3022 1520 Prtetcrea
3054 1465 3203 1520 illum
3251 1465 3556 1518 interficere
3599 1464 3773 1517 nullus
3800 1479 3898 1516 au-

2300 1557 2445 1620 deat,
2469 1573 2591 1613 cum
2621 1557 2891 1640 existimet
2916 1558 3138 1628 impium
3182 1572 3242 1612 se
3281 1557 3335 1610 in
3360 1556 3526 1611 Deum
3559 1555 3817 1619 futurum,
3855 1555 3900 1608 si

2300 1667 2424 1706 cum
2447 1651 2728 1706 sustulerit
2752 1669 2763 1703 :
2793 1651 2918 1706 huic
2939 1666 3068 1705 vero
3091 1650 3241 1705 multi
3268 1650 3600 1720 jugulatores
3624 1650 3898 1718 ingruunt,

2305 1743 2600 1814 tyrannidis
2627 1742 2988 1797 affectatores.
3021 1742 3379 1809 Quamobrem
3408 1742 3546 1796 alter
3583 1743 3780 1796 milites
3801 1741 3900 1794 ad-

2304 1835 2450 1890 hibet
2496 1837 2741 1906 corporis
2792 1835 2874 1890 sui
2920 1835 3215 1898 custodes,
3263 1835 3400 1890 alter
3445 1834 3604 1897 urbes
3656 1835 3903 1904 precibus

2304 1930 2416 1984 suis
2462 1939 2735 2000 tamquam
2785 1944 2940 1983 muro
2986 1929 3321 1989 communit.
3366 1927 3635 1982 neminem
3681 1927 3900 1990 timens,

2303 2039 2424 2079 eum
2466 2039 2558 2078 rex
2586 2033 2848 2093 perpetuo
2888 2023 2938 2076 in
2969 2022 3182 2095 timore,
3229 2022 3480 2076 continua
3519 2021 3568 2074 in
3613 2019 3773 2073 caedis
3812 2034 3906 2072 ex-

2305 2118 2639 2189 spectatione
2660 2118 2800 2172 vivat
2827 2135 2839 2172 :
2869 2132 3051 2172 secum
3091 2115 3234 2169 enim
3274 2113 3588 2170 circumfert
3625 2113 3902 2166 avaritiam

2305 2209 2689 2280 periculosam,
2736 2223 2831 2278 pro
2869 2222 2975 2277 qua
3016 2205 3314 2260 monachus
3355 2214 3522 2258 tutam
3567 2218 3676 2274 prae
3718 2219 3776 2257 se
3804 2201 3905 2256 fert

2305 2301 2556 2356 salutem.
2773 2298 2776 2302 ’

2377 2392 2653 2463 Compara!
2682 2409 2792 2445 rum
2825 2409 2942 2463 rege
2985 2393 3288 2446 monac/tum
3331 2391 3381 2443 in
3428 2391 3488 2443 iis
3533 2405 3647 2457 qua:
3696 2397 3904 2441 mortem
3975 2398 3980 2412 '

2307 2488 2602 2555 sequuntur.
2628 2513 2700 2524 —
2727 2484 2958 2538 Proinde
2985 2484 3052 2537 de
3082 2483 3242 2538 rebus
3271 2498 3389 2552 quzc
3430 2495 3526 2535 nos
3565 2482 3613 2533 in
3659 2480 3905 2550 prmsenti
3976 2473 3978 2500 ἶ

2307 2577 2412 2631 vita
2440 2575 2845 2630 circumsistunt
2875 2573 3088 2629 abunde
3119 2574 3246 2627 mihi
3282 2573 3493 2627 dixisse
3517 2572 3718 2626 videor.
3754 2568 3908 2637 Quod
3977 2565 3981 2637 ἶ

2307 2668 2351 2722 si
2391 2678 2443 2722 et
2481 2677 2752 2723 certamen
2802 2666 3035 2720 futurum
3078 2666 3389 2720 examinare
3429 2664 3673 2727 velimus,
3718 2677 3908 2716 mona-

2309 2760 2468 2814 chum
2513 2759 2726 2830 quidem
2753 2757 3054 2813 videbimus
3079 2755 3421 2826 splendidum
3453 2768 3517 2809 ac
3557 2753 3910 2823 conSpicnnm

2311 2852 2422 2920 rapi
2453 2851 2793 2906 inter‘nubes
2815 2850 2882 2904 ad
2909 2865 3194 2905 occursum
3215 2847 3414 2902 Christi
3457 2847 3507 2900 in
3537 2862 3684 2910 aera,
3725 2861 3910 2900 exem-
3993 2837 3996 2910 ἴ

2313 2945 2400 3016 plo
2427 2945 2580 2999 ducis
2599 2953 2657 2998 et
2681 2943 3006 2998 institutoris
3027 2941 3188 3012 hujus
3217 2941 3339 2995 vitae
3366 2940 3615 2996 salutaris
3633 2939 3911 2994 'omnium-

2311 3055 2416 3107 que
2461 3039 2739 3092 virtutum.
2785 3038 2854 3091 At
2893 3051 3020 3101 rex,
3065 3036 3112 3090 si
3151 3033 3368 3106 quidem
3407 3034 3549 3103 jnstc
3589 3043 3640 3088 ct
3684 3033 3914 3085 lmmauc

2313 3129 2599 3198 imperium
2644 3128 2849 3183 rexisse
2871 3127 3018 3182 visus
3058 3126 3219 3181 fuerit
3259 3141 3416 3180 suum
3447 3125 3571 3191 (hoc
3598 3134 3776 3178 autem
3817 3123 3914 3175 ad-

2315 3223 2532 3278 modum
2578 3236 2755 3276 rarum
2795 3220 2920 3292 est)
2952 3211 2984 3284 ,’
3015 3220 3278 3273 minorem
3336 3219 3563 3272 salutem
3589 3259 3603 3281 ,
3649 3217 3914 3270 minorem

2315 3314 2573 3368 hono:cm
2617 3314 2872 3367 sortietur
2909 3330 2920 3364 :
2963 3329 3066 3365 non
3110 3312 3253 3366 enim
3297 3311 3459 3372 idem,
3500 3325 3627 3374 non,
3676 3309 3914 3378 inqnatn,

2315 3406 2456 3459 idem
2493 3406 2671 3466 fuerit,
2705 3407 2875 3458 bonus
2904 3419 3015 3463 rex,
3043 3412 3095 3455 ct
3127 3402 3422 3455 monachus
3452 3416 3718 3455 summam
3747 3401 3798 3454 in
3827 3401 3914 3453 Dei

2313 3501 2456 3553 cultu
2483 3515 2666 3553 curam
2703 3513 2936 3566 ponetis.
2972 3487 3065 3549 Sin
3095 3504 3272 3548 autem
3315 3492 3514 3547 malum
3557 3503 3609 3547 et
3653 3492 3917 3564 importu-

2316 3609 2441 3646 num
2469 3591 2674 3644 vixisse.
2708 3606 2827 3642 enm
2864 3575 3188 3648 constiterit,
3227 3601 3292 3640 ac
3332 3586 3513 3640 multis
3553 3583 3708 3638 malis
3732 3582 3917 3638 orbem

2319 3685 2628 3753 I‘t‘plevissc,
2672 3683 2792 3750 quis
2835 3681 3051 3734 tandem
3089 3674 3343 3733 enarrare
3374 3663 3542 3746 possit
3583 3675 3920 3740 Calatnitatcs

2317 3795 2407 3831 eas
2431 3794 2562 3847 quas
2589 3775 2858 3830 sustinere
2881 3789 3002 3828 cum
3030 3771 3251 3830 videbis.
3300 3771 3406 3841 igni
3432 3781 3706 3834 exustum,
3736 3768 3916 3839 flagel-

2318 3871 2507 3935 latum,
2548 3868 2863 3930 cruciatum,
2907 3864 3139 3934 denique
3175 3879 3232 3917 ea
3265 3864 3576 3930 patientem,
3603 3878 3723 3930 qua:
3751 3877 3921 3930 neque

2322 3963 2486 4016 verbo
2511 3960 2958 4028 rxprimi,nequc
2993 3972 3049 4010 re
3091 3958 3201 4025 ipsa
3237 3955 3450 4008 tolera-ri
3490 3953 3757 4022 possunt?
3801 3951 3922 4005 llaec

2321 4054 2498 4108 omnia
2526 4061 2859 4121 reputantes,
2888 4059 3047 4118 atquc
3069 4047 3393 4113 cdisccntes,
3421 4060 3526 4098 non
3549 4054 3761 4112 Oportet
3781 4043 3918 4097 divi-

2322 4157 2402 4201 tes
2445 4143 2695 4200 admirari
2741 4158 2755 4198 :
2797 4139 2994 4197 etenim
3042 4148 3254 4194 constat
3306 4138 3496 4191 horum
3540 4136 3818 4190 dominum
3861 4149 3926 4188 ne

2323 4237 2587 4292 tantillum
2612 4235 2826 4306 quidem
2851 4234 2916 4287 ad
2957 4233 3202 4287 monr'ti
3239 4232 3486 4284 virtutem
3519 4229 3740 4298 propius
3767 4243 3922 4282 accc-

2309 4332 2469 4386 oderc.
2512 4330 2654 4399 Ergo
2697 4329 2783 4383 ubi
2821 4328 3174 4397 emispexcris
3219 4326 3438 4378 divitem
3468 4332 3614 4377 veste
3657 4332 3926 4382 ornatum,

2325 4440 2456 4478 auro
2479 4421 2792 4492 superbum,
2818 4435 2976 4473 curru
3003 4429 3232 4479 vectum,
3264 4418 3476 4471 incessu
3514 4414 3801 4483 magnifico
3843 4413 3926 4465 in—

2324 4514 2628 4579 cedentem,
2659 4529 2722 4566 ne
2762 4511 3038 4564 imminent
3068 4506 3525 4583 beatnm‘dixcris
3551 4523 3563 4558 :
3591 4504 3929 4575 temporaria:

2327 4609 2472 4663 enim
2507 4606 2728 4668 divitiaz,
2775 4611 2827 4658 et
2866 4601 3120 4674 quicquid
3166 4600 3368 4655 bonum
3402 4614 3521 4654 esse
3549 4597 3783 4662 videtur,
3830 4613 3928 4649 una

2326 4715 2447 4754 cum
2474 4699 2578 4751 vita
2605 4696 2703 4750 hac
2737 4694 3118 4762 corrumpitur.
3153 4693 3222 4746 At
3259 4689 3580 4745 monachum
3621 4690 3710 4744 ubi
3737 4688 3929 4742 videtis

2329 4792 2499 4846 solum
2535 4788 2895 4852 incedentem,
2941 4785 3221 4847 humilem,
3264 4795 3625 4844 mansuetum,
3667 4781 3927 4850 quietum,

2329 4883 2632 4955 pacificum,
2677 4879 2949 4934 hominem
2994 4877 3268 4938 mtuulare,
3314 4875 3395 4930 fac
3439 4875 3653 4928 videare
3695 4873 3932 4926 imitator

2331 4974 2684 5049 phiIOSophirc
2725 4975 2913 5044 ipsius,
2958 4971 3040 5026 fac
3081 4969 3318 5041 preceris
3359 4985 3480 5023 esse
3516 4968 3646 5037 jasti
3695 4967 3886 5020 similis
3919 4983 3930 5018 :

2333 5069 2498 5123 Pen‘te
2535 5069 2699 5132 enim,
2747 5065 2952 5136 inquit,
3005 5073 3049 5116 et
3099 5061 3301 5114 dabitur
3346 5060 3482 5113 t'obt's
3531 5058 3821 5130 (.lfztth.7.
3852 5056 3930 5122 Ἰ).

2335 5163 2460 5217 llrcc
2509 5161 2650 5214 enim
2703 5173 2830 5213 vere
2876 5165 3002 5210 sunt
3054 5155 3231 5217 bona,
3295 5151 3575 5216 salutaria,
3628 5149 3932 5211 manentia,

2337 5264 2556 5326 propter
2591 5252 2791 5308 Christi
2835 5249 3216 5318 benignitatem
3257 5261 3319 5300 ac
3358 5242 3750 5314 providentiam
3798 5258 3810 5292 :
3849 5239 3931 5294 cui

2342 5349 2508 5420 gloria
2537 5357 2590 5403 et
2620 5346 2902 5414 imperium
2933 5358 3025 5415 per
3047 5340 3240 5397 szccula
3266 5336 3606 5404 sa-culorum,
3636 5333 3832 5387 Amen.
