4266 6314
198 361 289 415 591

195 477 303 528 τῶν
316 474 563 528 δικαίων.
585 472 659 527 Ού
681 470 859 524 τοίνυν
891 470 1051 543 μόνον
1074 470 1235 541 ἡμεῖς
1263 468 1401 540 πρὸς
1417 469 1542 530 τοὺς
1576 465 1764 534 ἁγίους
1795 480 1892 533 μο-

196 564 394 633 ναχοὺς
426 563 485 615 ἐν
516 564 637 624 ταῖς
669 560 884 632 χρείαις
909 557 1350 629 καταφεύγομεν,
1387 555 1522 608 ἀλλά
1546 553 1641 608 καλ⁸
1669 554 1716 605 οἱ
1741 550 1894 621 βασι-

195 649 306 713 λεῖς
322 650 478 703 αὐτοὶ
505 649 643 721 πρὸς
673 646 896 711 τούτους
921 644 1362 716 καταφεύγουσιν
1407 647 1465 697 ἐν
1489 645 1705 714 καιροῖς
1728 638 1896 710 φοδεο

199 740 333 810 ροίς,
385 736 576 808 ὥσπερ
631 739 681 789 οἱ
727 735 1101 806 πτωχεύοντες
1152 737 1211 788 ἐν
1251 734 1399 806 λιμῷ
1437 732 1575 805 πρὸς
1631 731 1733 793 τὰς
1787 727 1897 782 τῶν

199 825 474 880 πλουσίων
509 825 708 889 οἰκίας.
738 823 1097 894 ΟὑκἈχαάὅ,
1129 825 1158 876 ὁ
1187 823 1297 876 τῶν
1321 821 1593 876 Ἰουδαίων
1620 818 1897 892 βασιλεὺς,

199 917 257 968 ἐν
280 913 426 985 λιμῷ
463 915 559 968 καὶ
585 911 822 984 σιτοδείᾳ
839 911 937 982 τὴν
957 911 1152 966 ἐλπίδα
1179 912 1279 982 τῆς
1296 907 1738 984 σωτηρίας[120]
1754 903 1899 977 εἶχεν

203 1005 261 1056 ἐν
297 1004 419 1066 ταῖς
435 1001 618 1055 Ἠλίου
635 1003 968 1072 προσευχαῖς
984 1017 997 1064 ;
1019 1001 1121 1054 οὐκ
1149 999 1439 1064 Ἐζεκίαςά
1458 1000 1556 1069 τὴν
1574 998 1745 1069 αὐτὴν
1763 995 1901 1066 έχων

203 1091 381 1162 ἀρχὴν
423 1092 519 1152 καὶ
543 1089 886 1151 δυναστείαν,
926 1088 1100 1143 νοσῶν
1131 1091 1224 1142 καὶ
1261 1089 1471 1160 μέλλων
1500 1085 1778 1157 τελευτᾷν,
1810 1086 1905 1153 ἐφ-

204 1195 228 1231 ε
243 1179 477 1250 ττηκότα
494 1178 586 1232 τὸν
601 1178 830 1232 θάνατον
853 1177 1014 1250 ὁρῶν,
1032 1178 1124 1230 ἐπὶ
1135 1178 1227 1231 τὸν
1255 1178 1544 1247 προφήτην
1570 1175 1902 1245 κατέφυγεν,

201 1265 279 1330 ὡς
309 1267 543 1321 Θανάτου
572 1265 946 1338 δυνατώτερον
961 1265 1054 1319 καὶ
1075 1265 1222 1336 ζωῆς
1252 1265 1524 1337 χορηγόν;
1557 1265 1668 1318 Καὶ
1689 1262 1907 1334 μὴνκαὶ

208 1353 446 1424 πολέμου
468 1353 932 1425 καταρραγέντος,
966 1353 1062 1406 καὶ
1075 1353 1173 1422 τῆς
1199 1353 1560 1422 Παλαιστίνης
1595 1353 1658 1404 ἐκ
1689 1349 1908 1421 βάθρων

206 1440 391 1494 αὐτῶν
419 1440 1297 1512 ἁνασπασθῆναικινδυνευούσης,
1317 1443 1365 1494 οἱ
1390 1439 1784 1493 τῶνῚουδαίων
1813 1438 1909 1509 βα-

208 1529 398 1592 σιλεῖς,
423 1531 656 1597 ἀφέντες
678 1532 776 1601 τὴν
795 1529 1078 1601 στρατιάν,
1111 1530 1205 1582 καί¹
1228 1531 1428 1594 πεζοὺς
1446 1531 1540 1584 καὶ.
1564 1529 1786 1596 τοξότας
1816 1531 1909 1583 καὶ

209 1618 414 1682 ἱππέας
433 1619 526 1671 καὶ
544 1620 885 1690 στρατηγοὺς
907 1619 999 1672 καὶ
1013 1618 1360 1691 ταξιάρχους,
1381 1620 1472 1672 ἐπὶ
1487 1618 1585 1683 τάς
1602 1619 1910 1673 Ἐλισσαίου

208 1705 523 1777 προσευχὰς
568 1706 914 1775 κατέφυγον
961 1707 1196 1778 ἡγοῦντο
1237 1707 1345 1780 γάρ
1390 1709 1575 1771 αὐτοῖς
1628 1709 1756 1762 ἀντὶ·
1785 1708 1914 1762 πολ-

131 1791 140 1797 "
205 1795 320 1847 λῶν
377 1795 656 1866 μυριάδων
689 1795 910 1848 ἔσεσθαι
945 1795 1038 1848 τὸν
1086 1796 1396 1867 θεράποντα
1430 1797 1523 1850 τοῦ
1557 1797 1717 1851 Θεοῦ.
1749 1797 1824 1850 T6
1857 1797 1913 1851 δὲ

207 1881 343 1936 αὐτὸ
370 1882 532 1935 τοῦτο
579 1881 676 1935 καὶ
716 1882 985 1949 Ἐζεκίας,
1030 1883 1125 1937 τοῦ
1167 1885 1193 1924 δ
1219 1882 1489 1956 Περσικοῦ
1521 1885 1762 1956 πολέμου
1816 1902 1913 1938 συ-

212 1971 464 2036 στάντος,
499 1970 595 2024 καὶ
623 1971 724 2042 τῆς
766 1971 974 2036 πόλεως
1009 1973 1138 2044 περὶ
1171 1971 1279 2027 τῶν
1319 1973 1579 2044 ἐδάφωνο
1618 1974 1799 2028 αὐτῶν
1834 1976 1916 2038 είς

210 2058 456 2112 κίνδυνον
475 2058 732 2128 μέγιστον
770 2059 1269 2133 κατακεκλιμένης,
1289 2063 1382 2114 καὶ
1399 2061 1506 2114 τῶν
1530 2063 1622 2116 ἐπὶ
1639 2061 1716 2132 τῷ
1743 2061 1916 2132 τείχει

207 2146 530 2219 τρεμόντων
577 2147 674 2201 καὶ
717 2147 1037 2212 δεδοικότων
1081 2150 1176 2203 καὶ
1212 2149 1532 2222 σειομένων,
1575 2151 1831 2224 καθάπερ
1857 2152 1918 2204 ἐν

210 2234 515 2306 προσδοκία
569 2234 821 2308 βροντῆς,
877 2235 910 2309 ἦ
955 2237 1184 2308 σεισμοῦ
1241 2238 1420 2292 πάντα
1466 2239 1766 2305 κινοῦντος,
1821 2240 1920 2305 τάς

224 2325 456 2377 Ἡσαΐου
511 2325 822 2397 προσευχὰς
852 2328 880 2380 6
906 2326 1163 2397 βασιλεὺς
1192 2330 1492 2401 ἀντέστησε
1528 2334 1648 2395 ταῖς
1694 2331 1918 2394 πολλαῖς

214 2411 329 2465 τῶν
359 2413 587 2484 Περσῶν
608 2416 836 2485 μυριάσι
857 2432 870 2446 ο
893 2417 986 2470 καὶ
1004 2417 1107 2470 οὐκ
1130 2417 1369 2492 ἐψεύσθη
1389 2419 1488 2491 τῆς
1510 2421 1745 2484 ἐλπίδος.
1768 2422 1922 2491 ’Ἅμα

211 2517 275 2552 τε
318 2499 431 2572 γὰρ
465 2501 494 2552 6
544 2503 835 2574 προφήτης
884 2503 984 2568 τὰς
1028 2509 1216 2576 χεῖρας
1255 2503 1390 2579 ῆρεν
1423 2511 1502 2572 είς
1542 2509 1634 2562 τὸν
1669 2509 1918 2580 οὐρανὸν,

214 2587 313 2640 καὶ
342 2591 459 2652 τοῖς
495 2588 554 2654 ἐξ
582 2590 813 2660 ούρανοῦ
861 2590 1075 2661 βέλεσιν
1115 2598 1144 2648 6
1184 2595 1319 2660 Θεὸς
1354 2595 1446 2649 τὸν
1493 2597 1761 2668 Περσικὸν
1793 2615 1924 2650 κατ-

216 2675 377 2729 ἐλυσε
404 2675 665 2747 πόλεμον,
697 2677 968 2734 παιδεύων
1003 2682 1132 2744 τοὺς
1172 2683 1414 2753 βασιλεῖς
1450 2687 1664 2749 κοινοὺς
1692 2685 1794 2754 τῆς
1822 2686 1926 2757 γῆς

220 2763 479 2834 ἡγεῖσθαι
522 2764 778 2836 σωτῆρας
829 2768 957 2832 τοὺς
999 2770 1192 2824 ἐαυτοῦ
1248 2771 1610 2844 θεράποντας,
1669 2774 1819 2838 ὅπως
1861 2775 1927 2828 ἂν

217 2849 606 2917 παιδευθεῖεν,
666 2858 761 2904 καὶ
813 2857 1295 2928 παρακαλούμενοι
1345 2861 1496 2932 παρά
1540 2862 1651 2915 τῶν
1701 2863 1927 2917 δικαίων

218 2939 314 2990 ἐπὶ
357 2939 541 2990 πᾶσαν
578 2940 780 3010 πρᾶξιν
812 2942 1025 3013 ἀγαθὴν
1068 2949 1161 2999 καὶ
1203 2948 1608 3019 φιλάνθρωπον,
1657 2951 1927 3005 αἰδεῖσθαι

219 3024 323 3087 τὰς
356 3024 715 3095 συμϐουλίας,
752 3030 846 3082 καὶ
876 3031 1162 3087 πείθεσθαι
1191 3038 1310 3101 ταῖς
1339 3035 1572 3106 ἀγαθαῖς
1599 3038 1925 3106 νουθεσίαις.

219 3111 298 3165 Ού
332 3113 517 3165 τοίνυν
575 3115 640 3167 ἐκ
676 3116 882 3170 τούτων
931 3121 1093 3190 μόνον
1135 3122 1261 3190 ,ἐστι
1287 3124 1348 3178 τὸ
1376 3125 1635 3198 διάφορον
1672 3127 1801 3182 ἰδεῖν
1824 3129 1932 3199 ἀμ-

223 3199 549 3272 φοτέρω-λιι,
597 3201 736 3256 ἀλλά
773 3205 876 3258 κᾶν
927 3208 1186 3263 ἐκπεσεῖν
1228 3212 1411 3284 συμϐῇ
1455 3213 1551 3266 καὶ
1589 3214 1780 3268 τοῦτον
1827 3219 1930 3270 κά-

221 3288 430 3349 κεῖνον,
461 3287 553 3339 τὸν
592 3288 692 3358 μὲν
738 3291 841 3362 τῆς
872 3294 1096 3367 ἀρετῆς,
1134 3298 1224 3351 τὸν
1262 3297 1318 3352 δὲ
1360 3304 1460 3373 τῆς
1502 3301 1784 3372 βασιλείας
1817 3323 1935 3359 στε-

225 3373 492 3464 ρηθέντα,
524 3376 554 3427 6
595 3377 696 3446 μὲν
731 3379 928 3452 ῥᾳδίως
975 3383 1040 3437 ἂν
1081 3386 1277 3440 ἐαυτοῦ
1316 3377 1550 3456 γένοιτο,
1587 3393 1682 3446 καὶ
1722 3393 1934 3464 ταχέως

220 3462 315 3516 διὰ
344 3465 658 3552 προσευχῆς
704 3468 798 3520 καὶ
829 3467 1082 3541 δακρύων
1112 3476 1206 3526 καὶ
1247 3475 1476 3540 πένθους
1503 3480 1598 3533 καὶ
1634 3462 1934 3552 θεραπείας

226 3549 470 3620 πτωχῶν
494 3551 591 3615 τάς
619 3554 896 3625 ἁμαρτίας
923 3560 1388 3634 ἀποτριψάμενος,
1421 3566 1583 3621 πάλιν
1615 3549 1814 3639 ῥᾳδίως
1842 3570 1935 3624 ἐπὶ

222 3639 329 3707 τὴν
378 3639 654 3711 προτέραν
699 3644 876 3716 ἀρχὴν
913 3645 1234 3722 ἀνατρέχει·
1271 3653 1523 3724 βασιλεὺς
1573 3657 1630 3711 δὲ
1683 3658 1937 3713 ἐκπεσὼν

227 3725 446 3784 πολλῶν
490 3729 588 3798 μὲν
621 3729 688 3784 ἀν
729 3732 948 3804 δεηθείη
991 3741 1317 3811 συμμάχων,
1353 3744 1563 3799 πολλῶν
1610 3746 1666 3800 δὲ
1701 3747 1939 3802 ὁπλιτῶν

229 3816 332 3867 καὶ
373 3815 589 3870 ἱππέων
634 3820 728 3872 καὶ
773 3815 956 3877 ἵππων
1000 3827 1096 3879 καὶ
1143 3830 1444 3901 χρημάτων
1498 3835 1593 3887 καλ⁸
1639 3836 1934 3890 κινδύνων·

229 3901 332 3998 καὶ
364 3904 392 3955 6
575 3905 714 3998 ὅλως
759 3911 818 3962 ἐν
847 3912 1054 3985 ἑτέροις
1117 3916 1230 3989 ἔχει
1261 3921 1364 3991 τὴν
1393 3922 1589 3978 ἐλπίδα
1626 3926 1728 3997 τῆς
1761 3943 1940 3998 σωτη-

234 3989 364 4086 ρίας
384 4007 396 4020 ·
436 3992 472 4086 6.
497 3992 553 4046 δὲ
576 3997 642 4066 τῇ
673 3995 928 4070 βουλήσει
956 4004 1050 4056 καὶ
1076 4007 1144 4077 τῇ
1186 3989 1392 4082 σπουδῇ
1428 4012 1523 4064 καὶ
1566 4016 1634 4085 τῇ
1665 3989 1938 4086 μεταδολῇ

230 4079 339 4172 τῆς
369 4077 600 4172 γνώμης
640 4086 918 4161 ἑπομένην
965 4092 1075 4158 ἕξει
1115 4095 1216 4166 τὴν
1252 4077 1530 4172 σωτηρίαν
1583 4077 1818 4168 ε’ύθέως·
1873 4077 1946 4160 ’ἢ

224 4168 530 4262 ⁸ξαρ-[λεία
551 4173 664 4262 γάρ
683 4216 696 4236 ,
732 4179 887 4248 φησὶ,
919 4179 1042 4236 τῶν
1078 4185 1356 4253 οὐρανῶν
1387 4168 1562 4256 ἐντὸς
1595 4193 1762 4262 ὑμῶν
1785 4194 1938 4249 ἐστι.

233 4255 354 4310 Καὶ
383 4260 503 4352 μὴν
601 4261 831 4352 θάνατος
873 4268 953 4340 τῷ
987 4271 1087 4340 μὲν
1129 4273 1342 4345 βασιλεί
1376 4255 1646 4352 φοϐερὸς,⁷
1667 4280 1746 4351 τῷ
1792 4282 1944 4352 φιλο-

237 4345 498 4413 σοφοῦντι
525 4349 581 4402 δὲ
614 4351 821 4420 ἄλυπος
841 4374 852 4385 ·
889 4358 981 4412 τὸν
1031 4360 1142 4434 γὰρ
1177 4345 1536 4438 ύπερορώντά
1571 4345 1815 4424 πλούτου.
1847 4373 1944 4426 καὶ

1347 347 1799 407 COMPARATIO
1836 341 2046 399 REGIS
2089 338 2175 394 ΕΤ
2212 336 2546 394 MONACHL
2651 421 2656 426 ι

3592 329 3699 384 599.

2001 473 2192 545 ἡδονῆς
2226 473 2320 525 καὶ
2351 471 2582 542 τρυφῆς,
2618 461 2692 522 ὧν
2742 468 2906 522 ἕνεκα
2939 465 3037 537 ζῇν
3068 464 3430 528 ἐπιθυμοῦσιν
3484 461 3530 516 τί
3569 462 3700 516 πολε

2003 562 2108 624 λοὶ,
2156 560 2251 614 καὶ
2301 559 2400 630 τὴν
2445 557 2659 611 ἐνθένδε
2719 554 3052 627 μετάστασιν
3100 560 3314 626 ἀνάγκη
3361 553 3564 625 (ἱφδῖως
3605 552 3700 620 φέ-

2007 667 2141 721 ρειν.
2185 648 2248 702 Et
2276 648 2334 702 δὲ
2372 648 2467 700 καὶ
2509 647 2783 716 σφαγῆναι
2817 643 3006 697 τοῦτον
3056 658 3296 713 ουμοαιη
3357 648 3634 700 κάκεῖνον,
3675 643 3702 691 6

2006 738 2104 808 μὲν
2138 737 2280 808 ὑπὲρ
2333 734 2618 798 εὐσεϐείας
2663 733 3030 801 ἐπισπάσεται
3074 731 3374 793 κινδύνους,
3428 729 3703 783 ἀθάνατον

2004 824 2150 896 ζωὴν
2187 825 2283 878 καὶ
2311 825 2564 894 οὐράνιον
2599 821 2689 876 διὰ
2729 822 2965 876 θανάτου
3005 819 3539 891 πραγματευόμενος
3561 835 3572 847 ο
3611 817 3704 886 βας

2007 914 2186 977 σιλεὺς
2209 913 2265 966 δὲ
2288 912 2551 984 τύραννον
2577 910 2688 976 ἕξει
2718 911 2934 979 σφαγέα
2973 910 3188 980 καὶτῆς
3227 908 3405 981 ἀρχῆς
3442 904 3703 977 ἐραστὴν.
3744 908 3748 916 ’

2007 1000 2238 1054 ἐλεεινὸν
2270 1000 2450 1069 θέαμα
2477 1002 2572 1054 καὶ
2600 1000 2773 1052 δεινὸν
2818 999 3088 1070 μετάτὴν
3135 997 3354 1067 σφαγὴν
3381 995 3670 1064 γινόμενος
3691 1011 3704 1023 ·

2009 1089 2246 1160 μοναχὸν
2281 1089 2339 1141 δὲ
2372 1088 2520 1142 ’ἰδεῖν
2550 1088 2692 1159 ὑπὲρ
2731 1087 3016 1149 εὐσεϐείας
3063 1085 3412 1155 ἐσφαγμένον
3464 1082 3562 1154 ἡδὺ
3612 1082 3710 1135 καὶ

2011 1181 2278 1251 σωτήριον
2319 1178 2516 1250 θέαμα.
2553 1180 2718 1232 Καὶὸ
2767 1165 2883 1249 μὲιῗ
2913 1179 3039 1241 τοὺς
3071 1175 3310 1248 ἐραστὰς
3343 1173 3453 1227 τῶν
3489 1171 3710 1226 οἰκείων

2009 1267 2230 1336 ἀγαθῶν
2263 1268 2357 1320 καὶ
2395 1267 2641 1339 μιμητὰς
2688 1265 2799 1331 ἐξει
2842 1268 2939 1320 καὶ
2977 1265 3226 1337 μαθητάς
3278 1263 3510 1326 πολλοὺς
3553 1263 3712 1332 εὖχος

2015 1357 2208 1426 μένους
2244 1354 2394 1420 αὐτῷ
2441 1356 2678 1425 φανῆναι
2715 1354 3135 1425 παραπλησίους
3162 1369 3175 1383 ο
3205 1353 3234 1403 6
3284 1351 3340 1405 δὲ
3388 1349 3619 1414 πολλοὺς
3645 1350 3713 1404 ἂν

2012 1445 2070 1496 ἐν
2108 1439 2442 1514 προσευχαῖς
2496 1442 2827 1497 ἀναλώσειεν
2876 1441 3070 1512 λόγους
3125 1441 3378 1511 δεόμενος
3430 1438 3526 1492 τοῦ
3576 1438 3713 1492 Θεοῦ

2017 1531 2227 1602 μηδένα
2259 1533 2494 1602 φανῆναι
2536 1520 2636 1602 τῆς
2683 1529 2962 1600 βασιλείας
2991 1531 3248 1601 ἐραστήν.
3281 1527 3433 1600 [121]
3471 1529 3581 1582 Καὶ
3620 1528 3714 1581 τὸν

2019 1619 2118 1690 μὲν
2152 1618 2328 1682 οὐδεὶς
2368 1619 2434 1672 ἀν
2470 1620 2790 1672 ἀποκτεῖναι
2832 1617 3179 1688 τολμήσειεν,
3207 1619 3288 1680 εἰς
3313 1619 3406 1670 τὸν
3425 1615 3560 1670 Θεὸν
3583 1617 3714 1671 ἀσε-

2017 1706 2132 1758 ϐεῖν
2156 1705 2479 1778 ἡγούμενος,
2505 1709 2555 1759 εί
2575 1706 2666 1759 τὸν
2687 1706 2928 1760 τοιοῦτον
2957 1705 3140 1759 ἀνέλοι
3161 1723 3172 1734 ·
3194 1705 3270 1775 τῷ
3295 1705 3353 1758 δὲ
3377 1704 3562 1758 πολλοὶ
3581 1720 3718 1772 σφα-

2017 1797 2135 1863 γεῖς
2151 1797 2518 1867 ἐφεστήκασιν
2543 1794 2772 1866 ἐρασταὶ
2798 1795 3130 1866 τυραννίδος.
3154 1795 3353 1867 Διόπερ
3375 1795 3403 1847 ὀ
3427 1793 3525 1863 μὲν
3551 1809 3720 1862 φρου-

2023 1884 2197 1951 ρεῖται
2244 1882 2631 1953 στρατιώταις,
2669 1885 2698 1935 6
2742 1882 2799 1935 δὲ
2834 1883 3015 1948 πόλεις
3061 1881 3292 1951 τειχίζει
3337 1882 3460 1944 ταῖς
3507 1880 3716 1951 εὐχαῖς,

2019 1972 2211 2028 οὐδένα
2232 1972 2515 2037 δεδοικώς·
2545 1975 2574 2027 6
2598 1973 2654 2026 δὲ
2688 1973 2943 2044 βασιλεὺς
2969 1973 3058 2028 ἀεὶ
3080 1971 3231 2043 φόδῳ
3259 1971 3394 2042 συζῇ
3425 1971 3520 2025 καὶ
3550 1987 3722 2042 προσ--

2018 2065 2175 2135 δοκία
2233 2064 2485 2136 σφαγῆς·
2521 2065 2550 2116 6
2586 2064 2684 2134 μὲν
2711 2063 2821 2135 γὰρ
2859 2063 3198 2117 ἐπικίνδυνον
3230 2061 3342 2132 ἔχει
3378 2060 3719 2127 πλεονεξίαν,

2020 2155 2049 2206 6
2085 2152 2141 2205 δὲ
2171 2152 2386 2224 ἀσφαλῆ
2430 2151 2726 2223 σωτηρίαν.
2763 2153 2900 2224 Περὶ
2954 2152 3052 2222 μὲν
3091 2146 3183 2204 οῦν
3227 2149 3337 2202 τῶν
3384 2151 3441 2202 ἐν
3475 2147 3554 2219 τῷ
3582 2163 3722 2220 παρ-
3769 2188 3775 2192 -

2021 2243 2135 2296 όντι
2193 2241 2292 2311 βίῳ
2337 2241 2684 2313 πραγμάτων
2742 2241 2943 2304 ἱκανῶς
2991 2239 3248 2312 εἰρῆσθαί
3291 2257 3382 2311 μοι
3433 2238 3600 2292 δοκεῖ.
3657 2237 3723 2291 El

2021 2328 2080 2382 δὲ
2117 2330 2212 2384 καὶ
2248 2329 2340 2383 τὸν
2369 2328 2559 2398 ἀγῶνα
2581 2329 2671 2382 τὸν
2697 2329 2962 2405 μέλλοντα
2987 2328 3386 2399 βουληθείημεν
3421 2325 3721 2391 ἐξετάζειν,

2023 2417 2113 2471 τὸν
2148 2417 2247 2489 μὲν
2268 2417 2510 2489 ὀψόμεθα
2531 2417 2786 2489 λαμπρὸν
2813 2418 2908 2472 καὶ
2940 2417 3307 2490 περίϐλεπτον
3339 2414 3724 2488 ἁρπαζόμενον

2025 2507 2082 2559 ἐν
2103 2505 2356 2577 νεφέλαις
2380 2509 2462 2570 είς
2489 2507 2798 2579 ἀπάντησιν
2827 2507 2920 2560 τοῦ
2945 2506 3154 2578 Κυρίου
3177 2508 3256 2567 είς
3279 2506 3438 2576 ἀέρα,
3465 2503 3610 2558 κατά
3632 2505 3724 2557 τὸν

2026 2594 2271 2664 ἡγεμόνα
2318 2595 2413 2647 καὶ
2460 2594 2755 2666 παιδευτὴν
2786 2594 2881 2648 τοῦ
2913 2594 3182 2668 σωτηρίου
3239 2593 3432 2648 τούτου
3469 2593 3586 2665 βίου
3632 2595 3728 2646 καὶ

2030 2681 2210 2751 πάσης
2251 2681 2454 2754 ἀρετῆς
2482 2699 2496 2712 ·
2527 2683 2556 2736 6
2595 2683 2653 2735 δὲ
2689 2683 2966 2753 βασιλεὺς,
3002 2683 3099 2736 ἐὰν
3150 2684 3248 2754 μὲν
3278 2683 3507 2745 δικαίως
3531 2681 3728 2751 φανείη

2029 2771 2124 2824 καὶ
2169 2770 2569 2844 φιλανθρώπως
2604 2772 2887 2843 διοικήσας
2929 2773 3027 2844 τὴν
3067 2772 3242 2845 ἀρχὴν
3277 2772 3439 2844 (πολὺ
3475 2772 3532 2825 δὲ
3569 2771 3732 2826 τοῦτο

2033 2857 2302 2929 σπάνιον),
2344 2859 2626 2922 ἐλάττονος
2663 2859 2820 2914 ἔσται
2866 2861 3141 2932 σωτηρίας
3179 2877 3240 2914 τε
3281 2861 3377 2915 καὶ
3419 2859 3624 2931 τιμῆς·
3666 2860 3731 2913 οὔ

2031 2944 2140 3015 γὰρ
2185 2943 2320 3010 ἴσον,
2357 2946 2456 3000 οὐκ
2509 2947 2622 2999 ῖσον
2665 2945 2920 3016 βασιλεύς
2971 2965 3032 3001 τε
3063 2948 3304 3020 χρηστὸς
3345 2948 3440 3002 καὶ
3495 2947 3734 3018 μοναχδς

2033 3031 2218 3103 ἄκρως
2248 3035 2314 3104 τῇ
2350 3033 2446 3086 τοῦ
2480 3033 2617 3088 Θεοῦ
2648 3035 2875 3107 λατρεία
2907 3035 3105 3101 συζῶν.
3141 3037 3205 3092 Εἰ
3234 3037 3290 3091 δὲ
3332 3035 3530 3106 φανείη
3565 3052 3734 3107 πονη-

2035 3119 2129 3190 ρὸς
2176 3121 2270 3174 καὶ
2312 3121 2524 3186 σκαιὸς,
2563 3121 2774 3176 πολλῶν
2812 3123 3000 3178 κακῶν
3043 3124 3419 3197 ἐμπεπληκώς
3463 3125 3564 3196 τὴν
3603 3125 3730 3194 γῆν,

2035 3208 2118 3273 τίς
2163 3209 2229 3263 ἂν
2279 3212 2452 3264 είπεῖν
2495 3211 2752 3284 δυνηθείη
2811 3213 2912 3276 τὰς
2963 3213 3250 3285 συμφορὰς
3295 3210 3382 3279 αἷς
3430 3214 3734 3285 ὀφθήσεται

2037 3297 2416 3368 συνεχόμενος,
2438 3299 2573 3368 πυρὶ
2607 3300 2917 3370 καιόμενος,
2944 3301 3404 3372 μαστιγούμενος,
3443 3302 3738 3373 στρεϐλού-

2040 3401 2236 3454 μενος,
2298 3385 2524 3439 τοιαῦτα
2565 3387 2793 3458 πάσχων
2837 3387 2982 3461 άπερ
3028 3388 3154 3442 οὗτε
3203 3389 3348 3462 λόγῳ
3400 3392 3563 3464 ῥητὰ,
3611 3391 3738 3445 ούδέ

2039 3475 2185 3548 ἔργῳ
2229 3465 2444 3548 φορητά
2468 3495 2482 3544 ;
2510 3478 2697 3533 Ταῦτα
2727 3480 2906 3533 πάντα
2931 3479 3010 3534 δεῖ
3052 3480 3436 3553 λογιζομένους
3467 3483 3562 3536 καὶ
3601 3500 3738 3552 μαν-

2040 3565 2322 3629 θάνοντας,
2356 3566 2430 3637 μὴ
2456 3568 2582 3630 τοὺς
2622 3569 2993 3633 πλουτοῦντας
3029 3570 3332 3642 θαυμάζειν
3353 3589 3366 3604 ο
3405 3573 3434 3625 ὁ
3469 3573 3579 3645 γάρ
3611 3573 3739 3626 τού-

2038 3668 2150 3706 των
2183 3651 2453 3720 δεσπότης
2481 3655 2761 3727 πεφηνὼς,
2784 3657 2906 3710 οὐδὲ
2942 3658 3084 3712 κατά
3123 3660 3322 3731 μικρὸν
3362 3661 3534 3729 ἐγγὺς
3562 3661 3744 3719 ἐλθεῖν

2039 3739 2264 3795 δύναται
2301 3743 2404 3814 τῆς
2430 3742 2525 3795 τοῦ
2560 3743 2796 3814 μοναχοῦ
2833 3746 3055 3817 ἀρετῆς.
3089 3747 3258 3801 Ὅταν
3299 3743 3392 3800 οὖν
3421 3748 3536 3820 ἴδῃς
3574 3750 3740 3805 πλού-

2042 3844 2158 3881 σιον
2197 3829 2386 3901 ἐσθῆτι
2420 3832 2857 3902 κεκοσμημένον,
2900 3832 3090 3904 χρυσῷ
3128 3834 3630 3907 καλλωπιζόμενον,
3651 3839 3741 3896 ἐπ’

2041 3916 2338 3987 ὀχημάτων
2371 3919 2692 3990 φερόμενον,
2722 3919 2937 3986 ἐξόδους
2969 3921 3182 3988 ἐξιόντα
3207 3923 3490 3996 λαμπρὰς,
3526 3927 3600 3998 μὴ
3635 3946 3740 3999 μα-

2045 4007 2280 4076 καρίσῃς
2309 4002 2404 4059 τὸν
2434 4006 2749 4078 ἄνθρωπον·
2783 4009 3122 4081 πρόσκαιρος
3160 4012 3270 4084 γὰρ
3301 4013 3328 4064 6
3364 4014 3618 4083 πλοῦτος,
3647 4019 3744 4072 καὶ

2043 4092 2108 4147 τὸ
2132 4092 2322 4147 δοκοῦν
2345 4088 2483 4148 εἶναι
2511 4097 2676 4150 καλὸν
2696 4095 2774 4167 τῷ
2799 4097 2899 4169 βίῳ
2920 4098 3098 4170 τούτῳ
3123 4099 3594 4175 συνδιαφθείρεται
3610 4122 3623 4136 ο
3655 4124 3744 4177 μο-

2046 4181 2208 4253 ναχὸν
2236 4182 2294 4235 δὲ
2324 4182 2446 4236 ἰδὼν
2480 4184 2767 4254 βαδίζοντα
2808 4186 2991 4257 μόνον,
3024 4190 3280 4244 ταπεινὸν
3307 4191 3402 4245 καὶ
3436 4195 3613 4264 πρᾶον
3649 4195 3751 4249 καὶ

2046 4272 2274 4342 ἡσύχιον
2308 4274 2402 4326 καὶ
2431 4275 2662 4346 ἥμερον,
2698 4272 2941 4346 ζήλωσον
2975 4277 3067 4330 τὸν
3093 4277 3284 4351 ἄνδρα,
3323 4280 3526 4354 φάνηθι
3568 4300 3745 4355 μιμη-

2046 4359 2148 4430 τὴς
2174 4360 2276 4430 τῆς
2316 4360 2529 4415 ἐκείνου
2575 4362 2918 4432 φιλοσοφίας,
2957 4361 3111 4430 εὖξαι
3141 4367 3396 4435 γενέσθαι
3439 4369 3520 4440 τῷ
3549 4371 3746 4443 δικαίῳ

2051 4447 2433 4520 παραπλήσιος
2460 4467 2472 4480 ·
2499 4450 2722 4504 Αἰτεῖτε
2741 4451 2872 4523 γάρ,
2900 4454 3055 4524 φησὶ,
3105 4455 3202 4508 καὶ
3233 4455 3556 4524 δοθήσεται
3580 4458 3744 4530 ὑμῖν.

2053 4534 2239 4590 Ταῦτα
2263 4537 2374 4610 γὰρ
2409 4539 2484 4618 ῶς
2525 4539 2743 4610 ἀληθῶς
2790 4540 2933 4594 καλά
2960 4544 3056 4594 καὶ
3103 4545 3345 4616 σωτήρια
3378 4546 3474 4598 καὶ
3517 4547 3746 4618 μόνιμα,

2052 4622 2140 4677 διά
2171 4624 2270 4696 τὴν
2298 4625 2392 4679 τοῦ
2436 4627 2674 4697 Χριστοῦ
2717 4627 3132 4701 φιλανθρωπίαν
3177 4633 3271 4684 καὶ
3311 4633 3602 4705 πρόνοιαν
3633 4627 3677 4702 ᾦ
3710 4636 3745 4706 ἡ

2055 4709 2181 4777 δόξα
2214 4715 2304 4768 καὶ
2327 4715 2386 4769 τὸ
2407 4715 2608 4786 κράτος
2642 4717 2722 4779 εἰς
2749 4717 2875 4781 τοὺς
2896 4716 3100 4782 αἰῶνας
3127 4718 3237 4773 τῶν
3269 4720 3500 4779 αἰώνων.
3551 4722 3745 4796 Ἀμήν.
