4266 6314
587 371 718 429 εει·

1591 345 1655 400 IN
1695 339 1879 400 DUOS
1919 337 2009 392 DE
2047 323 2589 390 COMPUNCTIONE
2626 320 2877 380 LIBROS

3729 312 3859 370 ὅθεν

606 554 3840 624 ___‘___________________________———————-—-—————————

1075 973 1198 1064 IN
1279 964 1595 1061 DUOS
1668 962 1817 1053 DE
1899 945 2859 1052 COMPUNCTIONE
2949 936 3381 1034 LIBROS

1885 1162 2710 1428 ‘ADMONITIO

688 1926 810 1992 Quo
838 1929 1082 1990 tempore
1116 1915 1286 1969 libros
1315 1910 1480 1964 hosce
1504 1905 1665 1968 duos,
1694 1912 1929 1972 quorum
1959 1894 2107 1965 prior
2137 1893 2207 1946 ad

626 2033 976 2091 Demetrium,
1010 2026 1144 2082 alter
1178 2022 1246 2076 ad
1279 2016 1599 2075 Steleehinm
1622 2007 1962 2068 inscribitur,
1983 2001 2213 2057 ediderit

585 2108 591 2114 ο
623 2143 1073 2213 Cbrysostomus,
1121 2133 1234 2202 ipse
1272 2123 1584 2182 subindicat
1613 2118 1708 2174 lib.
1745 2133 1784 2182 ι,
1823 2129 1975 2168 num.
2009 2112 2062 2175 6,
2114 2108 2212 2162 ubi

625 2256 701 2308 ait
731 2271 743 2306 :
781 2253 911 2304 Ὅτε
935 2248 1046 2316 γὰρ
1067 2242 1259 2312 πρώην
1285 2236 1397 2305 ἐγὼ
1427 2231 1708 2302 ἐγνώκειν,
1734 2228 1834 2299 τὴν
1859 2225 2013 2278 πόλιν
2030 2220 2211 2290 ἀφεὶς,

627 2349 720 2415 ἐπεὶ
752 2359 848 2422 τὰς
868 2355 1071 2426 σκηνὰς
1098 2350 1207 2404 τῶν
1241 2343 1488 2418 μοναχῶν
1517 2340 1856 2403 ὲλΟεῖν,ρῑο.,
1890 2332 2024 2390 Cum
2047 2345 2213 2398 nuper

628 2489 720 2541 ego
744 2458 1320 2524 decreuissem,relicta
1353 2454 1498 2517 urbe,
1539 2451 1607 2503 ad
1651 2443 1994 2500 tabernacula
2035 2456 2220 2492 mona-

629 2580 845 2631 chorum
895 2569 1156 2634 accedere,
1207 2565 1432 2619 sollicite
1468 2557 1765 2631 quazrebam
1795 2565 1843 2608 et
1880 2549 2216 2612 sciscitabar,

632 2684 896 2739 undenam
948 2675 1365 2733 necessariorum
1426 2677 1746 2744 commeatus
1803 2662 2090 2731 adfuturus
2143 2674 2226 2712 es-

636 2805 736 2859 set,
772 2803 879 2848 etc.
901 2791 1038 2846 Cum
1070 2788 1235 2858 igitur
1258 2785 1372 2838 haec
1421 2778 1660 2850 scripsit,
1703 2789 1878 2844 nuper
1911 2771 1978 2826 ad
2033 2785 2226 2824 mona-

635 2905 801 2959 steria
833 2904 1138 2954 secesserat
1176 2911 1187 2946 :
1220 2891 1445 2948 secessit
1471 2897 1653 2942 autem
1690 2899 1834 2939 almo
1857 2881 1962 2937 574
1988 2879 2070 2932 vel
2099 2877 2222 2932 575.

639 3016 793 3071 Unde
826 3009 1075 3081 sequitur
1105 3019 1249 3060 anno
1276 3003 1404 3066 575,
1440 2999 1524 3054 vel
1551 2997 1616 3051 ad
1649 3007 1926 3050 summum
1959 2990 2086 3054 576,
2113 2989 2228 3058 pri-

638 3140 789 3183 mum
821 3121 1010 3178 saltem
1039 3118 1106 3171 ad
1135 3113 1464 3170 Demetrium
1500 3109 1700 3163 librum
1734 3104 1996 3159 emissum
2029 3099 2224 3166 fuisse;

643 3250 770 3290 nam
795 3232 839 3287 si
866 3227 1096 3284 ulterius
1131 3235 1344 3293 tempus
1371 3218 1843 3288 consignaremus,
1876 3225 1984 3265 vox
2012 3207 2228 3278 πρώην,

644 3362 829 3414 nuper,
853 3341 1124 3412 quadrare
1153 3351 1262 3390 non
1303 3343 1466 3403 posse
1498 3327 1795 3382 videretur.

716 3449 1120 3512 ’l‘illemontius,
1153 3447 1247 3515 qui
1278 3441 1443 3496 allato
1483 3453 1646 3507 supra
1692 3435 1813 3489 loco
1845 3447 1955 3487 non
1985 3437 2071 3485 sat
2113 3427 2232 3483 ani-

647 3579 800 3621 mum
843 3557 1160 3615 adhibuisse
1201 3551 1438 3614 videtur,
1473 3547 1678 3618 quique
1709 3557 1897 3600 vocem
1931 3555 2096 3607 nuper
2127 3552 2237 3591 non

653 3673 904 3735 advertit,
942 3651 1149 3722 tantam
1203 3669 1395 3717 contra
1455 3659 1602 3713 hunc
1663 3653 1920 3724 temporis
1970 3651 2239 3706 calculum

655 3781 1020 3842 dillicultutem
1067 3775 1359 3829 observare
1406 3783 1464 3822 se
1494 3771 1667 3836 putat,
1705 3743 1858 3836 [l2‘2]
1901 3769 1958 3814 ut
1988 3775 2121 3830 pene
2149 3759 2242 3811 ab-

658 3897 858 3951 ductus
900 3889 956 3943 in
1006 3885 1165 3939 aliam
1216 3877 1542 3935 sententiam
1593 3873 1845 3928 declinet.
1901 3870 2032 3939 Ejus
2078 3869 2243 3921 verba

659 4011 788 4059 sunt
818 4000 894 4070 (u)
927 4014 940 4050 :
973 4014 990 4048 ι
1029 3994 1224 4048 Libros
1269 3989 1331 4042 de
1382 3983 1779 4054 compunctione
1813 3981 1951 4034 inter
1977 3993 2074 4032 eos
2103 3991 2244 4046 quos

660 4109 1084 4176 Chrysostomus
1120 4098 1175 4152 in
1231 4093 1526 4151 solitudine
1584 4089 1751 4144 edidit
1799 4086 2137 4156 reponimus,
2188 4095 2247 4138 ut

663 4231 759 4270 eos
775 4213 868 4284 qui
899 4225 1002 4267 nos
1017 4218 1344 4280 prtecessere
1365 4214 1679 4270 sequamur,
1713 4212 1906 4266 nempe
1928 4195 2243 4260 Baronium,

667 4320 1041 4378 Hermantium
1073 4323 1126 4370 et
1155 4310 1470 4382 Dupinium.
1500 4304 1687 4377 Neque
1733 4316 1912 4360 tamen
1945 4319 2054 4376 quo
2087 4321 2249 4374 argu-

673 4443 857 4491 mento
885 4429 1036 4486 ducti
1069 4426 1120 4480 id
1157 4420 1447 4480 statuerint
1485 4425 1568 4474 sat
1601 4417 1992 4487 perspicimus;
2020 4415 2130 4470 imo
2170 4417 2254 4470 vi-

671 4548 830 4602 detur
858 4541 976 4596 haec
1026 4534 1272 4592 scribens
1303 4529 1730 4595 Clirysostomus
1776 4539 1834 4579 se
1877 4523 2254 4594 presbyterum

671 4651 938 4726 proﬁteri,
988 4659 1112 4702 cum
1147 4642 1218 4696 ait
1252 4659 1266 4695 :
1299 4636 1411 4692 Nos
1454 4642 1630 4688 autem
1673 4647 1784 4702 pra:
1829 4632 1976 4685 inani
2010 4631 2184 4701 gloria
2211 4642 2260 4686 et

675 4759 910 4816 absurda
939 4753 1226 4809 ambitione
1258 4748 1352 4800 hoc
1404 4744 1529 4796 item
1571 4749 1890 4811 prceceptum
1938 4756 2146 4808 pessum
2178 4742 2262 4795 de-

686 4875 902 4934 dimus,
953 4867 1079 4920 dum
1131 4866 1500 4928 corruptores,
1557 4852 1873 4917 incredulos,
1933 4851 2269 4922 hominesque

682 4980 940 5038 sexcentis
972 4974 1110 5029 vitiis
1133 4976 1346 5024 onustos
1377 4973 1566 5021 temere
1587 4971 1636 5016 et
1659 4962 1770 5015 sine
1785 4962 2027 5014 examine
2061 4961 2131 5014 ad
2157 4978 2268 5031 my-

686 5092 966 5148 steriorum
1008 5078 1470 5154 participationem
1509 5071 1862 5135 admittimus,
1909 5080 1955 5123 et
1985 5080 2266 5139 antequam

690 5208 1000 5257 accuratam
1033 5192 1220 5247 mentis
1251 5183 1616 5250 sententitrque
1644 5196 1754 5235 sua:
1787 5181 2153 5249 probationem
2181 5181 2270 5233 de-

691 5311 887 5375 derint,
938 5305 1114 5361 omnia
1165 5300 1276 5354 illis
1335 5297 1589 5366 dogmata
1653 5291 1966 5357 reuelamus,
2009 5301 2112 5347 etc.
2144 5295 2274 5348 Scio

700 5418 886 5488 utique
911 5414 999 5468 hic
1032 5407 1328 5482 generatim
1358 5404 1426 5459 de
1459 5402 1523 5458 iis
1559 5416 1678 5472 quae
1716 5401 1769 5455 in
1799 5397 2041 5457 Ecclesia
2071 5405 2273 5472 passim

740 5607 847 5694 '(a)
879 5623 1002 5680 Not.
1034 5626 1066 5680 9
1100 5622 1154 5677 in
1188 5620 1635 5690 Chryxostomum.

2312 1888 2740 1946 admittebantur
2764 1885 2923 1942 malis
2958 1882 3043 1956 agi
3075 1901 3088 1939 :
3124 1897 3314 1938 verum
3355 1895 3424 1936 an
3456 1879 3627 1936 lector
3661 1879 3744 1934 vel
3779 1894 3898 1934 mo-

2313 2000 2521 2055 nachus
2553 1999 2626 2052 ita
2656 1995 2953 2067 loquatur?
2987 1992 3338 2049 llermantius
3356 2000 3506 2048 certe
3536 1991 3659 2047 ideo
3683 1999 3903 2047 senten-

2315 2109 2444 2164 tiam
2475 2107 2730 2173 mutavit,
2751 2114 2950 2176 putans
2974 2104 3090 2181 haec
3107 2101 3395 2173 scripsisse
3426 2110 3677 2157 sanctum
3701 2100 3902 2158 virum,

2317 2233 2441 2274 cum
2475 2216 2738 2287 papulum
2775 2213 2990 2285 publice
3020 2215 3256 2280 doceret,
3289 2213 3326 2268 i.
3359 2227 3410 2267 e.
3438 2226 3560 2267 cum
3600 2211 3712 2281 jam
3752 2225 3906 2281 pres-

2319 2328 2474 2398 byter
2506 2333 2669 2381 esset.
2707 2343 2725 2375 ι

2387 2435 2662 2491 llactenus
2713 2433 3117 2500 Tillemontius,
3147 2433 3243 2503 qui
3290 2433 3420 2488 dum
3454 2431 3531 2485 ait
3561 2431 3812 2500 ignorare
3854 2445 3911 2483 se

2323 2562 2430 2616 quo
2463 2554 2785 2616 argumento
2808 2543 2956 2598 ducti
2977 2542 3246 2596 Baronius
3269 2549 3324 2596 et
3345 2540 3435 2594 alii
3461 2538 3913 2610 Chrysostomum

2327 2656 2442 2710 haec
2473 2655 2760 2724 scripsisse
2794 2663 2985 2724 putent
3013 2653 3068 2707 in
3117 2667 3334 2708 secessu
3371 2660 3422 2705 et
3449 2649 3766 2713 solitudine,
3802 2649 3914 2702 haec

2328 2765 2706 2837 Cltrysostnmi
2735 2766 2923 2831 verba,
2963 2763 3098 2820 Cum
3131 2779 3295 2832 nuper
3321 2778 3412 2832 ego
3458 2761 3803 2816 decrevissem
3841 2775 3921 2812 re-

2301 2951 2304 2954 ,
2329 2875 2458 2928 licta
2485 2874 2609 2928 urbe
2633 2875 2705 2927 ad
2728 2873 3071 2928 tabernacula
3111 2871 3490 2926 monachorum
3517 2869 3784 2934 accedere,
3811 2882 3921 2922 non

2333 2986 2634 3042 advenisse
2657 3001 2716 3040 se
2737 2985 2920 3056 arguit
2945 3002 2958 3037 :
2987 2998 3111 3037 nam
3136 2983 3255 3037 luce
3285 2981 3488 3037 clarius
3508 2981 3721 3035 videtur
3746 2981 3923 3048 ipsum

2334 3099 2499 3170 paulo
2533 3108 2660 3169 post
2686 3113 2851 3168 quam
2884 3097 2989 3152 hoc
3032 3093 3365 3161 decreverat,
3397 3094 3512 3149 haec
3543 3092 3846 3163 scripsisse,
3875 3100 3928 3145 et

2337 3211 2555 3282 quidem
2588 3211 2718 3266 dum
2755 3211 2809 3265 in
2842 3225 3062 3266 secessu
3096 3207 3336 3278 degeret,
3370 3217 3432 3262 ut
3463 3218 3570 3261 tam
3597 3221 3661 3262 ex
3692 3205 3778 3259 bis
3809 3219 3931 3258 ver-

2338 3327 2422 3382 bis
2468 3341 2631 3398 quam
2685 3340 2750 3380 ex
2806 3321 3162 3392 sequentibus
3207 3320 3617 3388 comprobatur.
3653 3318 3748 3371 Illa
3801 3331 3930 3372 vero

2339 3453 2502 3508 quam
2527 3451 2590 3491 ex
2626 3432 2944 3488 Hermantio
2977 3430 3134 3486 aﬁ‘ert
3186 3428 3496 3494 dillicultas,
3532 3426 3731 3482 nedum
3763 3427 3935 3496 possit

2342 3558 2451 3603 tam
2511 3555 2756 3615 apertum
2793 3541 3171 3599 testimonium
3209 3549 3472 3604 evertere,
3506 3538 3655 3592 nulla
3702 3553 3933 3608 prorsus

2344 3665 2448 3711 est.
2477 3652 2612 3708 Nam
2660 3669 2784 3708 cum
2823 3651 2936 3706 ait:
2967 3648 3081 3703 Nos
3131 3658 3306 3703 autem
3331 3665 3442 3718 pra:
3480 3649 3629 3702 inani
3673 3647 3844 3717 gloria
3890 3655 3937 3700 et

2345 3765 2577 3818 absurda
2609 3763 2895 3816 ambitione
2926 3762 3022 3814 hoc
3049 3761 3172 3814 item
3203 3767 3525 3827 pra'ceptum
3554 3773 3760 3824 pessum
3792 3756 3939 3809 dedi—

2349 3893 2490 3942 mus,
2524 3875 2650 3926 dum
2684 3881 3042 3939 corruptores,
3087 3864 3414 3929 incredulos,
3442 3864 3778 3932 hominesque
3819 3876 3937 3914 sex-

2347 3985 2511 4038 centis
2538 3980 2680 4036 uitiis
2709 3988 2927 4033 onustos
2963 3987 3151 4030 temere
3185 3985 3232 4028 et
3260 3974 3372 4027 sine
3393 3974 3638 4026 examine
3659 3971 3727 4024 ad
3753 3980 3942 4039 mystc-

2350 4095 2552 4148 riorum
2599 4089 3064 4162 participationem
3121 4085 3484 4148 admittimus,
3547 4093 3595 4138 et
3641 4093 3942 4152 antequam

2350 4212 2665 4257 accuratam
2688 4198 2877 4253 mentis
2911 4195 3284 4264 sententiaque
3330 4209 3440 4248 sua:
3469 4192 3831 4262 probationem
3855 4195 3945 4243 dc-

2351 4315 2548 4379 derint,
2572 4311 2751 4366 omnia
2777 4308 2884 4364 illis
2909 4307 3162 4378 dogmata
3197 4305 3521 4369 reuelamus;
3555 4319 3614 4356 ac
3638 4302 3756 4357 licet
3789 4283 3948 4354 uesti-

2364 4423 2486 4478 bula
2529 4423 2760 4476 nondum
2784 4418 2954 4473 uidere
2970 4417 3259 4486 potuerint,
3288 4413 3564 4483 confestim
3590 4429 3677 4469 eos
3709 4414 3763 4464 in
3786 4411 3947 4479 adyta

2365 4535 2630 4599 ducimus,
2674 4539 2779 4584 etc.
2814 4547 2826 4582 :
2856 4543 2982 4584 cum
3028 4528 3142 4580 haec
3193 4523 3291 4590 ait,
3336 4524 3580 4592 inquam,
3633 4520 3948 4589 neutiquam

2369 4660 2427 4701 se
2453 4643 2704 4699 sociosve
2727 4654 2858 4694 suos
2876 4636 3221 4708 presbyteros
3253 4634 3356 4690 sub
3381 4632 3638 4687 Flaviano
3670 4629 3948 4700 quidpiam

2364 4750 2544 4806 simile
2575 4745 2870 4801 admisisse
2917 4742 3260 4817 testiﬁcatur,
3294 4747 3355 4793 ut
3400 4751 3561 4793 nemo
3589 4751 3697 4790 non
3748 4735 3950 4794 videat,

2366 4855 2461 4913 sed
2491 4852 2749 4908 familiari
2796 4849 2902 4906 sibi
2932 4860 3090 4918 tropo
3135 4860 3427 4917 personam
3475 4844 3587 4914 agit
3635 4857 3826 4898 eorum
3858 4839 3951 4909 qui

2369 4966 2500 5020 talia
2561 4958 2931 5017 admitterent.
2998 4958 3143 5012 Nihil
3201 4957 3348 5012 enim
3415 4945 3755 5025 frequentius
3811 4950 3952 5020 aput

2375 5076 2833 5146 Chrysostomum
2881 5085 3045 5141 quam
3075 5067 3221 5138 quod
3265 5083 3478 5132 eorum,
3525 5065 3593 5120 de
3626 5063 3827 5133 quibus
3877 5059 3957 5112 vel

2370 5202 2608 5258 quorum
2641 5199 2807 5240 causa
2834 5180 3076 5245 disserit,
3107 5195 3396 5250 personam
3431 5187 3556 5248 agat
3587 5174 3962 5231 sacerdotum,

2375 5296 3115 5371 presbyterorum,ctiamquc
3133 5307 3240 5348 non
3265 5305 3388 5345 raro
3411 5288 3849 5360 conjugatorum.
3874 5283 3967 5337 Sit:

2375 5415 2512 5473 libro
2535 5412 2602 5467 ad
2649 5407 3105 5481 patremtﬁdelem,
3125 5419 3276 5460 nutn.
3302 5403 3354 5470 -l,
3379 5403 3662 5474 postquam
3693 5400 3969 5473 probavit,
