4266 6314
203 314 314 372 393

1084 292 1171 349 DE
1206 281 1766 348 COMPUNCTIONE,
1808 280 1898 336 AD
1934 275 2353 334 DEMETRIUM
2400 271 2531 329 LIB.
2571 271 2614 326 ι.

3396 260 3504 317 304

2796 503 2815 507 ,λ
2928 502 2936 505 _
3018 496 3180 505 ﬂ...
3225 494 3367 503 -,...-,

259 482 3452 557 Μ
784 502 2779 536 —-

278 540 307 545 ν
356 542 359 543 ,
444 532 774 543 F._.__.__..

772 1366 1128 1572 AD
1293 1340 2937 1581 DEMETBIUM

1456 2114 2282 2241 MONACHUM

1182 2683 1343 2774 DE
1441 2603 2569 2770 COMPUNCTIONE

1584 3266 1819 3329 LIBER
1867 3260 2061 3326 PRIM
2073 3259 2164 3322 US
2209 3261 2254 3320 ⁸.

301 4451 355 4507 1.
394 4447 528 4505 Cum
559 4455 611 4504 te
638 4447 794 4505 video
817 4490 832 4516 ,
859 4447 1015 4508 beate
1043 4445 1314 4514 Demetri,
1342 4445 1556 4503 assidue
1577 4445 1829 4502 insisten-

221 4552 338 4596 tem
365 4539 518 4606 mihi,
548 4549 602 4594 et
627 4539 794 4593 multa
816 4553 934 4594 cum
964 4539 1298 4594 vehementia
1319 4538 1386 4593 de
1414 4537 1828 4608 compunctione

217 4646 512 4687 sermones
541 4639 948 4699 exposcentem,
975 4630 1190 4684 beatum
1235 4639 1285 4684 te
1327 4645 1542 4699 semper
1571 4629 1826 4700 prazdico,

220 4724 502 4794 animique
547 4724 623 4778 tui
665 4722 949 4794 puritatem
999 4721 1254 4788 demiror.
1297 4721 1482 4792 Neque
1525 4723 1669 4777 enim
1717 4721 1831 4777 ﬁeri

221 4823 408 4886 potest
437 4829 755 4884 quemquam
800 4813 851 4867 in
885 4813 1188 4882 huiusmodi
1234 4813 1498 4868 sermonis
1522 4813 1707 4868 venire
1733 4813 1833 4868 de-

222 4905 522 4972 siderium,
575 4905 676 4959 nisi
720 4905 868 4974 prius
916 4919 1035 4958 sese
1075 4903 1241 4973 probe
1287 4903 1629 4974 purgaverit,
1676 4912 1836 4973 atque

223 4996 485 5052 omnibus
524 4996 869 5050 saecularibus
909 4997 1050 5050 curis
1098 4996 1344 5063 superior
1386 4996 1637 5049 evaserit.
1681 4995 1835 5064 Quod

227 5087 393 5144 facile
418 5083 789 5155 deprehendas
818 5101 883 5140 ex
907 5085 989 5150 iis,
1014 5087 1103 5155 qui
1131 5085 1245 5155 pari
1267 5085 1538 5140 desiderio
1565 5094 1834 5153 tenentur,

227 5181 293 5234 in
317 5176 509 5246 quibus
535 5184 682 5232 tanta
709 5186 930 5246 repente
947 5176 1171 5254 mutati-io
1193 5174 1444 5242 efﬁcitur,
1469 5184 1527 5231 ut
1551 5176 1838 5232 confestim

231 5271 298 5325 in
336 5267 525 5323 caelum
558 5266 994 5323 transferantur:
1034 5268 1268 5322 animam
1315 5267 1515 5339 quippe
1555 5269 1841 5326 mundanis

230 5362 407 5430 curis,
429 5377 528 5418 ceu
555 5361 782 5416 vinculis
805 5361 1137 5432 gravissimis
1164 5363 1394 5418 solutam
1415 5403 1432 5431 ,
1464 5363 1535 5418 ita
1556 5365 1740 5420 sinunt
1771 5363 1840 5418 ad

306 5517 326 5547 ⁸
361 5522 462 5565 Duo
483 5513 590 5563 libri
615 5514 679 5564 de
714 5517 1083 5577 Oompuuctione
1127 5516 1289 5568 collati
1320 5524 1435 5570 sum
1456 5530 1568 5568 cum
1602 5517 1710 5568 eod.
1734 5515 1840 5566 ωι-

234 5580 372 5644 hert.
393 5577 564 5644 974_et
602 5589 710 5644 cun
744 5577 960 5644 qlitione
998 5577 1139 5630 savii.
1188 5587 1353 5643 Deest,
1395 5577 1516 5632 liber
1555 5577 1761 5644 primus,
1803 5581 1852 5629 in

224 5641 363 5699 ﬁdit.
382 5637 523 5690 Savil.
552 5639 669 5689 etin
690 5638 802 5689 00d.
832 5638 1046 5694 Colbcrt.

1937 4442 2210 4513 proprium
2242 4443 2645 4515 naturalemque
2670 4442 2771 4499 sibi
2801 4443 2976 4499 locum
3011 4442 3282 4500 advolare.
3314 4443 3419 4501 Sed
3451 4450 3554 4501 hoc

1943 4534 2128 4592 multis
2168 4535 2383 4605 quidem
2429 4550 2526 4606 per
2574 4544 2737 4590 totam
2783 4536 2942 4589 vitam
2982 4551 3107 4590 raro
3147 4537 3399 4606 contingit
3446 4556 3459 4590 :
3500 4547 3552 4592 te

1942 4636 2142 4692 autem,
2175 4643 2208 4682 ο
2236 4627 2475 4684 divinum
2505 4638 2661 4698 caput
2682 4668 2697 4692 ,
2735 4627 2840 4683 hoc
2885 4642 3097 4699 semper
3125 4631 3555 4699 compunctionis

1945 4718 2067 4789 igne
2111 4718 2338 4790 ﬂagrare
2375 4721 2519 4776 novi.
2563 4720 2726 4789 anns
2773 4720 2849 4774 rei
2891 4728 3056 4774 testes
3093 4729 3216 4775 sunt
3256 4734 3442 4778 noctes
3471 4722 3554 4776 in-

1945 4825 2184 4878 somnes,
2211 4812 2567 4884 lacrymarum
2591 4812 2787 4878 fontes,
2806 4795 3110 4866 solitudinis
3129 4827 3282 4867 amor
3300 4813 3351 4868 in
3374 4815 3554 4869 anima

1948 4911 2035 4958 tua
2061 4903 2320 4974 perpetuo
2361 4903 2607 4960 residens
2636 4913 2691 4961 et
2731 4919 3066 4960 accrescens.
3108 4904 3363 4973 Quaenam
3397 4906 3555 4976 igitur

1951 5009 2017 5049 ex
2047 5010 2298 5050 sermone
2322 5005 2506 5050 nostro
2538 4996 2630 5049 tibi
2658 4996 2900 5051 accessio
2935 4996 3244 5065 speranda?
3287 4997 3419 5051 Nam
3472 5000 3556 5052 vel

1950 5083 2055 5140 hoc
2097 5086 2301 5155 ipsum,
2351 5085 2493 5156 quod
2536 5099 2657 5141 cum
2685 5086 2751 5140 ad
2793 5087 3043 5142 verticem
3071 5087 3179 5157 jam
3209 5089 3555 5157 perveneris.

1952 5185 2110 5246 putes
2135 5185 2188 5232 te
2215 5192 2338 5232 cum
2375 5177 2522 5232 humi
2552 5178 2862 5248 repentibus
2889 5177 3176 5246 incedere,
3217 5180 3560 5249 animamque

1955 5274 2103 5325 tuam
2131 5267 2230 5323 alis
2269 5268 2584 5323 instructam
2609 5307 2627 5333 ,
2674 5268 2938 5338 lapideam
2981 5271 3262 5339 appelles,
3311 5272 3560 5342 quodque

1956 5355 2266 5428 frequenter
2290 5358 2568 5414 dexteram
2599 5374 2773 5414 meam
2800 5361 3119 5431 contingens
3144 5376 3207 5417 ac
3236 5361 3560 5419 deosculatus

1956 5465 2078 5505 cum
2107 5451 2360 5522 lacrymis
2388 5452 2535 5508 dicas
2553 5493 2568 5518 ,
2601 5453 2832 5508 Contere
2858 5453 3178 5509 obduratum
3213 5469 3308 5510 cor
3333 5471 3512 5510 meum
3541 5473 3556 5512 :

1958 5551 2172 5611 quantae
2198 5543 2420 5615 pietatis
2454 5553 2638 5614 quant:
2666 5542 2898 5599 fervoris
2930 5545 3141 5614 signum
3185 5561 3308 5600 esse
3353 5556 3555 5616 putan-

1963 5634 2088 5690 dum
2131 5635 2254 5691 est?
2283 5633 2442 5691 Certe
2479 5635 2522 5692 si
2569 5645 2628 5691 ut
2659 5650 2758 5692 nos
2802 5635 3132 5693 dormientes
3171 5647 3455 5700 exoneres,
3497 5639 3564 5694 ad
