4266 6314
726 331 831 387 595
1436 323 1494 378 S.
1532 316 1813 377 JOANNIS
1850 306 2327 372 CIIRYSOSTOMI
2366 303 2687 363 ARCHIEP.
2728 300 3271 362 CONSTANTINOP.
3928 295 4029 350 596

729 448 833 498 hoc
860 447 1230 511 argumentum
1254 434 1578 509 pertraxisti,
1603 439 1847 503 magnam
1874 430 2017 484 illam
2051 437 2193 482 tuam
2224 439 2315 479 sa-

728 534 980 603 pientiam
1011 528 1503 601 providentiamque
1524 522 1762 593 approbo
1787 536 1802 585 ;
1834 520 1914 576 sin
1944 527 2119 573 autem
2147 524 2204 570 ut
2225 514 2317 568 tibi

729 623 1075 686 consuleres,
1125 628 1273 673 ratus
1313 625 1366 672 te
1394 616 1660 671 excitante
1684 626 1819 683 epus
1860 611 2055 665 habere
2081 649 2096 673 ,
2140 605 2323 660 nescio

730 726 842 781 quo
868 720 1021 780 pacto
1052 723 1148 761 nos
1179 706 1394 760 aliunde
1423 706 1670 760 docueris
1689 744 1704 771 ,
1737 712 1787 757 te
1816 717 1919 755 non
1954 710 2133 753 nostra
2164 710 2323 765 egere

731 816 917 870 opera.
950 798 1079 854 Utut
1122 812 1254 851 vero
1278 797 1384 860 sit,
1418 795 1511 849 tibi
1554 792 2041 863 obtemperabimus
2072 798 2125 843 ct
2162 786 2323 842 obse-

732 905 979 960 quemur,
1022 888 1185 943 nullis
1236 902 1341 941 non
1371 887 1663 941 rationibus
1695 884 1959 955 permoti,
2003 890 2090 936 tua
2133 892 2326 948 nempe

735 979 787 1032 in
824 980 990 1034 Deum
1024 977 1211 1032 fiducia
1238 1019 1251 1042 ,
1281 976 1521 1031 studioso
1564 986 1781 1045 rogatu,
1813 989 1996 1028 amore
2025 972 2215 1027 nostri.
2247 970 2327 1024 Tu

732 1072 957 1140 gratiam
990 1070 1253 1140 rependas
1294 1070 1454 1124 velim
1502 1068 1745 1138 precibus
1793 1068 1896 1121 tuis
1919 1106 1933 1131 ,
1970 1072 2029 1119 ut
2059 1064 2327 1134 possimus

733 1170 789 1218 et
828 1162 992 1215 vitam
1032 1160 1320 1215 emendare
1366 1168 1603 1213 nostram
1649 1159 1698 1225 ‘,
1741 1166 1795 1212 et
1825 1158 1896 1224 ,iu
1940 1154 2191 1225 przesenti
2240 1152 2325 1207 di-

736 1268 899 1323 gnum
931 1252 1202 1323 quidpiam
1228 1244 1489 1321 proferre,
1519 1249 1659 1321 quod
1684 1250 1851 1319 pOSsit
1875 1258 1929 1303 et
1950 1248 2190 1317 jacentes
2215 1246 2329 1299 ani.

741 1360 858 1398 mas
883 1345 1109 1413 erigere,
1142 1352 1197 1398 et
1224 1345 1478 1398 remissas
1520 1343 1883 1413 constringere
1913 1342 2325 1410 restituereque.

743 1435 891 1493 Unde
915 1436 1074 1507 igitur
1092 1436 1265 1501 nobis,
1288 1434 1431 1490 unde
1448 1434 1712 1493 sermonis
1730 1433 2007 1488 exordium
2025 1430 2160 1487 erit?
2177 1428 2329 1496 Quod

738 1527 813 1580 illi
853 1525 1287 1593 fundamentum,
1329 1540 1486 1596 quam
1527 1524 1852 1595 crepidinem
1889 1537 2180 1594 ponemus,
2228 1522 2330 1578 nisi

742 1617 899 1672 verba
930 1616 1159 1682 Christi,
1195 1617 1280 1687 qui
1309 1618 1533 1671 miseros
1564 1615 1819 1687 prmdicat
1854 1631 1947 1671 eos
1984 1616 2073 1685 qui
2117 1614 2326 1678 rident,

740 1707 925 1762 beatos
946 1716 1119 1761 autem
1148 1722 1241 1762 eos
1270 1709 1360 1777 qui
1392 1708 1591 1777 lugent,
1613 1707 1693 1761 his
1725 1706 1899 1761 verbis
1930 1724 1943 1759 :
1972 1707 2113 1760 Beati
2140 1705 2227 1775 qui
2253 1707 2334 1759 lu-

740 1806 876 1866 gent,
898 1798 1135 1863 quoniam
1151 1797 1249 1864 ipsi
1262 1796 1653 1852 consolabuntur
1677 1794 2031 1867 (Mattlt.5.5):
2057 1804 2131 1859 et,
2147 1793 2236 1849 Va:
2249 1795 2335 1865 qui

740 1889 913 1941 ridetis
929 1905 1080 1955 nunc,
1102 1890 1339 1956 quoniam
1364 1889 1594 1960 lugebitis
1624 1899 1669 1942 ct
1694 1890 1875 1959 ﬂebitis
1897 1886 2047 1957 (Luc.
2066 1886 2236 1959 6.25).
2260 1889 2336 1943 Ac

740 1980 862 2051 jure
879 1983 1073 2036 merito
1103 1982 1317 2051 quidem
1341 2001 1351 2035 :
1375 1980 1547 2035 luctus
1568 1982 1707 2035 enim
1737 1996 1881 2047 vere,
1896 1982 2070 2036 luctus
2092 1996 2152 2034 ac
2168 1981 2338 2050 gemi-

750 2084 897 2125 tuum
920 2081 999 2125 est
1023 2081 1188 2125 totum
1209 2073 1488 2141 praesentis
1508 2072 1628 2125 vita:
1653 2083 1878 2142 tempus:
1901 2081 2043 2125 tanta
2062 2071 2337 2125 calamitas

745 2163 1048 2216 universum
1078 2163 1267 2216 invasit
1298 2162 1507 2228 orbem,
1544 2173 1686 2217 tanta
1717 2178 1904 2218 omnes
1930 2162 2175 2219 homines
2199 2162 2338 2219 deti-

746 2262 874 2307 nent
904 2254 1057 2318 mala,
1086 2263 1144 2308 ut
1170 2254 1213 2307 si
1235 2254 1351 2324 quis
1382 2254 1508 2307 velit
1537 2270 1595 2309 ea
1624 2264 1871 2309 accurate
1896 2252 2230 2324 perpendere
2250 2296 2264 2323 ,
2293 2255 2339 2310 si

746 2355 922 2399 tamen
967 2356 1214 2400 accurate
1257 2346 1464 2414 possit,
1509 2360 1799 2414 numquam
1840 2345 1997 2400 finem
2041 2345 2254 2415 lugendi
2284 2352 2340 2400 et

747 2436 1075 2505 lacrymandi
1107 2435 1339 2489 facturus
1379 2437 1484 2489 sit:
1523 2437 1591 2490 ita
1621 2451 1812 2505 nempe
1841 2436 2018 2490 omnia
2058 2450 2244 2490 eversa
2286 2444 2340 2490 et

746 2524 967 2578 confusa
1000 2534 1157 2588 sunt,
1191 2527 1261 2579 ita
1292 2525 1493 2579 nullum
1529 2541 1753 2595 usquam
1797 2526 2007 2580 virtutis
2034 2526 2335 2595 vestigium.

748 2616 900 2681 Quod
949 2627 1128 2670 autem
1169 2616 1322 2685 longe
1366 2615 1630 2670 infelicius
1671 2624 1782 2682 est,
1830 2631 1928 2670 nos
1968 2616 2339 2684 occupantium

752 2706 1011 2761 malormn
1054 2722 1120 2759 ne
1162 2720 1375 2759 sensum
1413 2706 1624 2776 quidem
1668 2707 1753 2761 vel
1786 2705 2076 2770 habemus,
2108 2705 2191 2758 vel
2222 2704 2341 2758 aliis

750 2799 1085 2866 praebemus;
1128 2797 1221 2850 sed
1266 2797 1468 2851 similes
1513 2812 1697 2851 sumus
1741 2796 1953 2865 corpori
2005 2796 2340 2851 extrinsecus
2384 2828 2391 2834 -

749 2888 981 2951 florenti,
1019 2887 1337 2941 intrinsecus
1367 2903 1495 2941 vero
1524 2888 1642 2955 igne
1669 2886 1983 2956 liquescenti
2013 2904 2025 2939 :
2058 2886 2341 2955 omnisque

753 2995 942 3034 sensus
973 2990 1246 3047 expertes,
1280 2980 1407 3033 nihil
1434 2979 1727 3034 differimus
1760 2994 1787 3032 a
1815 2990 1993 3033 mente
2019 2980 2219 3048 captis,
2252 2978 2340 3048 qui

756 3072 919 3126 multa
969 3072 1265 3139 periculosa
1317 3081 1371 3126 ct
1422 3072 1591 3141 turpia
1640 3073 1755 3125 sine
1786 3079 1931 3125 metu
1968 3071 2150 3126 dicunt
2174 3080 2227 3127 et
2258 3070 2341 3125 fa-

750 3164 915 3227 ciunt,
938 3180 1033 3218 nec
1050 3164 1161 3217 ullo
1179 3163 1378 3232 pudore
1402 3173 1669 3229 tenentur,
1694 3163 1785 3217 sed
1812 3164 2105 3233 gloriantur
2128 3163 2343 3219 adstan-

754 3256 1002 3324 tibusque
1030 3270 1089 3309 se
1115 3254 1465 3323 sapientiores
1495 3270 1615 3309 esse
1643 3263 1845 3323 putant.
1875 3254 1945 3309 Ita
1975 3264 2027 3310 et
2055 3269 2188 3320 nos,
2220 3270 2342 3309 cum

752 3347 929 3401 omnia
972 3359 1090 3416 quae
1134 3356 1451 3415 :egrotorum
1496 3356 1618 3401 sunt
1644 3363 1893 3417 agamus,
1927 3364 1995 3401 ne
2034 3347 2137 3402 hoc
2168 3348 2340 3418 ipsum

752 3439 966 3507 quidem
988 3480 1003 3502 ,
1032 3438 1173 3508 quod
1206 3447 1552 3508 argrotemus,
1600 3441 1816 3493 scimus.
1849 3441 1915 3493 At
1942 3439 2084 3493 enim
2110 3438 2251 3508 quod
2276 3438 2343 3493 ad

754 3544 953 3598 corpus
975 3537 1212 3597 spectat,
1238 3530 1281 3582 si
1310 3530 1391 3583 vel
1421 3530 1550 3583 levis
1581 3530 1863 3583 infirmitas
1899 3530 2072 3593 adsit,
2106 3529 2345 3585 medicos

754 3619 1117 3684 advocamus,
1157 3621 1407 3689 pceunias
1451 3620 1809 3689 impendimus
1834 3661 1849 3685 ,
1895 3619 2343 3690 perseverantiam

756 3714 1071 3769 exhibemus
1095 3756 1109 3777 ,
1161 3730 1258 3767 nec
1288 3715 1430 3782 prius
1461 3715 1619 3768 finem
1654 3714 1830 3767 omnia
1858 3713 2049 3783 agendi
2080 3712 2300 3767 facimus
2322 3754 2339 3779 ,

757 3820 917 3873 quam
959 3804 1329 3874 aegritudinem
1373 3805 1743 3873 deponamus;
1786 3806 1979 3858 animae
2009 3819 2136 3859 vero
2172 3805 2346 3873 quoti-

757 3896 930 3949 diauis
964 3896 1267 3950 vulneribus
1297 3895 1559 3950 confossa:
1580 3937 1593 3959 ,
1639 3895 1918 3963 discerptae
1948 3896 2222 3966 corporeis
2262 3896 2345 3949 af-

757 3984 1111 4049 fectionibus,
1144 3984 1345 4039 adusta:
1369 4026 1384 4049 ,
1429 4000 1523 4054 per
1562 3985 1850 4053 prmcipitia
1890 3995 2054 4049 acute,
2087 4000 2148 4038 ac
2175 3984 2347 4039 modis

758 4076 1008 4130 omnibus
1050 4077 1320 4145 pereuntis
1350 4118 1364 4141 ,
1412 4092 1479 4130 ne
1518 4078 1791 4131 minimam
1824 4077 2039 4147 quidem
2085 4078 2344 4131 rationem

761 4168 1037 4222 habemus.
1084 4168 1250 4236 llujus
1284 4177 1457 4223 autem
1489 4169 1563 4221 rei
1592 4184 1749 4223 causa
1778 4177 1861 4223 est
1882 4210 1898 4235 ,
1944 4170 2085 4239 quod
2130 4170 2346 4224 morbus

760 4272 947 4311 omnes
970 4259 1265 4326 occuparit.
1296 4261 1371 4312 Ac
1396 4259 1843 4329 quemadmodum
1870 4301 1885 4324 ,
1932 4261 1973 4313 si
2006 4261 2144 4314 inter
2173 4276 2348 4330 :rgros

760 4336 983 4416 corpore
1024 4363 1180 4401 nemo
1210 4363 1370 4403 sanus
1415 4350 1590 4414 adsit,
1634 4350 1767 4403 nihil
1806 4350 2027 4419 impedit
2065 4352 2349 4419 quominus

764 4456 952 4495 omnes
980 4440 1031 4494 in
1060 4451 1352 4495 extremam
1393 4453 1548 4495 ruant
1577 4443 1870 4512 perniciem
1892 4484 1906 4508 ,
1934 4442 2149 4497 nemine
2178 4441 2350 4497 effrac-

762 4546 857 4585 nes
904 4547 1091 4585 eorum
1137 4532 1413 4599 cupidines
1455 4533 1740 4588 cohibente
1778 4550 1791 4586 :
1845 4535 1921 4587 sic
1946 4542 2001 4587 et
2042 4532 2183 4601 apud
2214 4547 2346 4599 nos,

763 4621 900 4689 quod
934 4636 1090 4675 nemo
1113 4620 1346 4688 perfecte
1372 4636 1533 4677 sanus
1563 4623 1613 4677 in
1643 4623 1745 4677 fide
1766 4623 1855 4688 sit,
1888 4624 1981 4678 sed
2004 4637 2193 4677 omnes
2212 4665 2229 4690 ,
2258 4622 2351 4678 alii

766 4714 913 4779 plus,
940 4713 1029 4766 alii
1055 4714 1230 4769 minus
1253 4714 1611 4781 inflrmentur,
1644 4730 1802 4769 nemo
1832 4726 1914 4770 est
1938 4716 2026 4785 qui
2050 4716 2351 4785 jacentibus

764 4808 1073 4874 opituletur.
1131 4807 1263 4861 Nam
1311 4808 1355 4863 si
1411 4808 1529 4878 quis
1575 4810 1909 4864 extrinsecus
1958 4808 2254 4874 accedens,
2298 4816 2354 4866 et

763 4896 960 4950 tlhristi
987 4906 1248 4965 praecepta
1272 4938 1285 4962 ,
1314 4906 1367 4951 et
1395 4900 1516 4953 vitae
1557 4909 1752 4954 nostrae
1786 4899 2153 4955 confusionem
2184 4899 2353 4970 probe

764 4987 1023 5051 didicerit;
1058 4988 1240 5043 nescio
1270 5003 1335 5043 an
1377 4992 1654 5060 quospiam
1685 4990 1819 5044 alios
1846 4989 2063 5045 Christo
2090 4990 2349 5047 inimicio-

765 5094 872 5143 res,
896 5092 1055 5147 quam
1102 5094 1199 5134 nos
1238 5094 1358 5135 esse
1388 5081 1723 5136 arbitretur:
1762 5082 1834 5136 ita
1874 5082 2019 5138 enim
2050 5080 2188 5139 hanc
2212 5082 2351 5138 viam

766 5168 1129 5235 decurrimus,
1169 5183 1233 5224 ae
1274 5171 1319 5225 si
1362 5172 1682 5227 contrariam
1711 5172 1827 5243 ejus
1854 5172 2118 5229 mandatis
2148 5173 2353 5244 ingredi

769 5258 1049 5314 vellemus.

834 5347 889 5402 2.
922 5348 998 5404 Ne
1027 5350 1145 5420 quis
1179 5361 1353 5407 autem
1395 5353 1511 5409 haec
1553 5368 1648 5424 per
1690 5355 2017 5427 hyperbolen
2048 5354 2189 5410 dicta
2227 5369 2350 5411 esse

770 5440 1069 5506 existimet,
1109 5442 1617 5500 demonstrationem
1658 5445 1767 5515 jam
1806 5445 1999 5501 afferre
2048 5444 2353 5516 aggrediar,

770 5546 867 5585 nec
908 5530 1123 5587 aliunde
1147 5574 1161 5597 ,
1192 5550 1350 5602 quam
1395 5552 1459 5591 ex
1504 5537 1632 5605 ipsis
1661 5535 1859 5591 Christi
1902 5538 2187 5593 mandatis.
2218 5535 2355 5605 Quid

770 5636 895 5691 ergo
928 5621 1002 5676 ait
1037 5622 1316 5679 Christus?
1354 5626 1579 5681 Audistis
1596 5628 1724 5697 'quia
1764 5628 1950 5683 dictant
1992 5638 2065 5684 est
2100 5628 2351 5701 antiquis,

835 5732 851 5763 ‘
890 5738 1051 5796 neest,
1076 5740 1304 5797 nostram,
1327 5737 1518 5788 incolt).
1546 5744 1743 5790 tantum.

2430 418 2552 476 Non
2583 421 2799 476 occides.
2830 419 2942 490 Ego
2971 428 3139 474 autem
3165 418 3278 471 dico
3299 416 3454 481 vobis,
3484 416 3603 486 quia
3632 414 3793 468 omnis
3816 430 3901 483 qui
3926 415 4028 466 im-

2428 513 2586 567 scitur
2613 513 2761 584 fratri
2789 528 2880 566 suo
2906 514 3015 567 sine
3036 528 3210 577 causa,
3242 526 3357 564 reus
3379 510 3471 563 erit
3489 508 3707 579 judicio.
3742 505 3841 571 Qui
3862 518 4033 559 autem

2428 606 2613 660 dixerit
2644 606 2793 676 fratri
2832 622 2958 673 suo,
2989 621 3112 658 raca
3132 645 3148 669 ,
3178 619 3294 656 reus
3332 602 3427 655 erit
3456 600 3689 654 concilio.
3726 598 3827 663 Qui
3864 608 4032 651 autem

2430 697 2648 761 dixerit,
2676 701 2853 767 fatue,
2893 711 3010 749 reus
3044 695 3138 748 erit
3176 693 3417 763 gehennae
3442 692 3574 759 ignis
3607 689 3820 761 (Matth.
3853 689 3907 743 5.
3938 687 4029 742 ‘21.

2430 789 2542 858 22).
2570 788 2696 843 ﬂare
2720 787 2936 858 quidem
2966 784 3230 841 Christus.
3260 781 3370 837 Nos
3399 791 3577 836 autem
3620 780 3739 850 plus
3763 821 3777 844 ,
3808 794 3968 847 quam
3996 777 4031 831 ii

2431 881 2520 950 qui
2549 878 2808 933 increduli
2848 884 2992 941 sunt,
3024 876 3165 930 hanc
3192 875 3362 945 legem
3389 873 3681 937 calcamus,
3715 871 3841 925 dum
3870 871 4028 924 innu-

2432 971 2596 1025 meris
2622 969 2859 1040 quotidie
2891 967 3081 1021 fratres
3111 975 3322 1021 nostros
3356 964 3625 1019 efficimus
3666 961 4028 1017 contumeliis.

2432 1060 2695 1129 Quodque
2724 1058 2892 1129 magis
2932 1058 3214 1113 ridiculum
3243 1064 3345 1119 est,
3378 1056 3504 1110 dum
3538 1055 3606 1109 ab
3634 1054 3734 1108 hac
3764 1068 3918 1115 voce,
3949 1056 4032 1121 {u-

2435 1160 2578 1216 tuus,
2599 1164 2871 1214 cavemus,
2905 1164 3047 1218 saepe
3080 1147 3180 1202 hac
3208 1147 3484 1218 graviores
3512 1145 3865 1199 contumelias
3894 1143 4035 1197 irro-

2432 1256 2640 1312 gamus,
2670 1241 2822 1311 quasi
2860 1255 2988 1294 vero
3016 1239 3144 1293 illud
3170 1239 3344 1294 solum
3376 1238 3599 1292 verbum
3630 1236 3720 1302 sit,
3746 1236 3831 1290 cui
3862 1234 4035 1303 depu-

2437 1341 2545 1387 tata
2585 1339 2667 1386 est
2706 1346 2886 1401 paena.
2929 1332 2999 1385 At
3028 1345 3117 1385 res
3156 1345 3262 1383 non
3309 1329 3380 1383 ita
3419 1343 3479 1383 se
3524 1326 3717 1392 habet,
3751 1324 3844 1380 sed
3889 1325 4037 1378 omni

2436 1423 2829 1481 contumelioso
2866 1422 3005 1478 hanc
3042 1421 3231 1477 indicit
3267 1436 3518 1491 pmnam,
3548 1431 3607 1474 ut
3644 1420 3818 1489 palam
3857 1426 3941 1472 est
3971 1433 4039 1470 ex

2438 1516 2524 1572 bis
2552 1516 2699 1571 Pauli
2726 1516 2906 1571 verbis
2930 1520 2945 1569 ε
2976 1513 3151 1568 Nolite
3170 1530 3360 1579 errare,
3390 1530 3547 1581 neque
3571 1511 3854 1584 fornicarii,
3880 1526 4041 1579 neque

2438 1609 2744 1674 idololatrtz,
2772 1624 2931 1676 neque
2965 1606 3207 1675 adulteri,
3240 1622 3403 1677 neque
3426 1605 3624 1670 molles,
3652 1619 3811 1674 neque
3839 1618 4042 1656 mascu-

2440 1703 2607 1756 lorum
2650 1702 2994 1756 concubitores
3015 1741 3030 1765 ,
3068 1716 3225 1771 neque
3269 1708 3407 1771 {ures
3432 1741 3446 1764 ,
3484 1714 3641 1765 neque
3674 1699 3850 1761 avari,
3880 1712 4044 1765 neque

2438 1795 2641 1861 ebriosi,
2668 1810 2825 1862 neque
2846 1793 3101 1859 maledici,
3129 1808 3287 1862 neque
3315 1807 3544 1860 rapaces,
3569 1804 3777 1860 regnum
3804 1786 3900 1841 Dei
3923 1802 4044 1856 pos-

2441 1888 2671 1943 sidebunt
2706 1885 2791 1959 (i.
2826 1885 2944 1941 Car.
2975 1886 3031 1941 6.
3060 1885 3114 1941 9.
3157 1884 3277 1955 10).
3317 1882 3471 1949 Quod
3514 1881 3559 1937 si
3596 1882 3675 1947 is,
3702 1879 3794 1950 qui
3832 1878 4043 1932 fatuum

2441 1990 2599 2037 vocat
2628 1980 2847 2037 fratrem
2876 1994 3029 2035 suum
3051 2021 3065 2044 ,
3098 1985 3345 2033 extremo
3380 1975 3571 2044 dignus
3605 1982 3689 2029 est
3724 1971 3991 2042 supplicio
4027 1988 4039 2023 :

2441 2076 2531 2146 qui
2561 2074 2865 2129 maleficum
2887 2114 2900 2137 ,
2930 2072 3168 2126 invidum
3190 2112 3205 2137 ,
3240 2068 3581 2123 temerarium
3603 2108 3617 2131 ,
3651 2066 3825 2120 inanis
3852 2064 4047 2134 gloria:

2442 2166 2694 2237 cupidum
2718 2166 2882 2231 dicit,
2912 2173 2967 2220 et
2993 2163 3188 2220 similia
3218 2162 3496 2216 innumera
3523 2160 3577 2214 in
3604 2174 3726 2213 eum
3756 2157 4045 2212 maledicta

2444 2248 2681 2325 conjicit,
2710 2256 2924 2327 quantis
2950 2270 3009 2310 se
3036 2253 3299 2325 gehennze
3338 2251 3566 2307 flammis
3595 2249 3884 2303 obnoxium
3913 2249 4042 2303 red-

2443 2348 2559 2403 dit?
2590 2347 2723 2402 lllud
2750 2348 2891 2402 enim
2912 2388 2926 2410 ,
2952 2346 3089 2416 fatue
3116 2354 3171 2399 et
3201 2360 3323 2397 raca
3342 2384 3355 2407 ,
3384 2343 3541 2411 longe
3577 2340 3747 2395 levius
3773 2348 3853 2393 est
3878 2353 4045 2407 supra

2444 2440 2622 2495 dictis.
2643 2439 3002 2506 Quamobrem
3030 2438 3121 2491 illo
3141 2438 3365 2500 omisso,
3386 2435 3487 2490 hoc
3511 2434 3758 2505 apposuit
3777 2432 4044 2493 Christus,

2445 2542 2505 2586 ut
2531 2532 2708 2585 discas
2735 2547 2801 2585 ex
2842 2530 2959 2599 ejus
2990 2529 3201 2595 verbis,
3230 2528 3274 2582 si
3308 2525 3806 2582 levius'eonvicium
3837 2522 4047 2592 gehen-

2446 2639 2569 2678 nam
2599 2622 2837 2687 attrahit,
2873 2623 3042 2677 multo
3071 2621 3245 2692 magis
3272 2636 3390 2691 qua:
3416 2618 3662 2690 graviora
3689 2627 3744 2673 et
3778 2616 4046 2671 atrociora

2445 2720 2571 2767 sunt
2596 2712 2647 2767 id
2670 2712 2923 2766 effectura
2950 2726 3091 2766 esse.

2520 2802 2762 2858 Maledici
2800 2821 2831 2857 a
2868 2820 3023 2875 regno
3067 2804 3307 2857 calorum
3348 2801 3559 2856 exclusi.
3585 2830 3659 2841 --
3684 2798 3836 2867 Quod
3874 2798 3918 2851 si
3952 2801 4045 2868 qui

2446 2896 2756 2950 existiment
2782 2894 2834 2949 id
2862 2911 2957 2964 per
2981 2894 3311 2966 hyperbolen
3338 2893 3440 2947 dici
3466 2892 3779 2963 (nonnullos
3802 2890 3944 2944 enim
3967 2891 4052 2943 sic

2448 2986 2668 3041 affectos
2697 2985 2851 3051 novi,
2882 2986 2972 3055 qui
3004 2994 3192 3055 putant
3221 2984 3456 3039 terrendi
3486 2983 3658 3037 solum
3686 2996 3851 3037 causa
3883 2980 4053 3035 hasce

2447 3077 2620 3132 minas
2646 3077 2941 3147 intentari),
2964 3084 3129 3131 restat
3149 3086 3206 3130 ut
3226 3075 3518 3140 adulteros,
3542 3075 3897 3129 masculorum
3918 3088 4053 3127 con-

2448 3169 2719 3224 cubitores
2740 3208 2760 3235 ,
2798 3168 2990 3223 molles
3010 3210 3022 3229 ,
3055 3167 3359 3221 idololatras
3397 3182 3426 3220 a
3459 3175 3754 3220 memorato
3790 3163 4054 3234 supplicio

2448 3259 2705 3315 eximant.
2732 3257 2864 3313 Nam
2890 3258 2935 3312 si
2964 3258 3195 3313 terrendi
3223 3258 3395 3313 solum
3417 3271 3576 3313 causa
3600 3256 3875 3311 maledicis
3901 3270 4053 3309 com.

2450 3350 2682 3404 minatus
2711 3358 2810 3413 est,
2842 3350 3013 3419 palam
3036 3357 3117 3403 est
3146 3358 3200 3403 et
3217 3349 3285 3403 de
3309 3348 3526 3418 reliquis
3546 3347 3788 3402 eamdem
3813 3360 3933 3400 esse
3960 3360 4053 3398 ra-

2450 3442 2651 3495 tionem
2684 3459 2697 3494 :
2728 3456 2850 3496 cum
2880 3441 3021 3494 enim
3061 3456 3248 3493 omnes
3278 3439 3436 3493 simul
3467 3438 3768 3508 posuisset,
3797 3437 3874 3489 sic
3902 3436 4053 3505 regni

2449 3532 2794 3587 amissionem
2828 3532 3021 3584 intulit.
3050 3530 3187 3597 Quid
3217 3530 3397 3599 igitur,
3428 3528 3653 3597 inquies,
3685 3526 4053 3581 maledicusue

2450 3636 2572 3676 cum
2599 3621 2843 3676 adultero
2872 3631 2925 3677 et
2952 3623 3115 3675 molle
3144 3628 3198 3673 et
3221 3635 3383 3673 avaro
3406 3628 3459 3674 et
3484 3619 3764 3673 idololatra
3790 3620 4055 3687 ponetur?

2450 3711 2639 3768 Utrum
2671 3712 2909 3776 easdem,
2941 3727 3072 3781 quas
3104 3712 3202 3778 illi,
3244 3726 3430 3781 pmnas
3459 3710 3680 3765 daturus
3709 3712 3797 3775 sit,
3828 3710 4057 3775 alterius

2452 3812 2536 3857 est
2561 3804 2815 3872 temporis
2843 3804 3114 3872 inquirere
3143 3821 3155 3856 :
3180 3803 3320 3873 quod
3348 3812 3522 3857 autem
3550 3818 3580 3855 a
3608 3817 3772 3871 regno
3797 3802 4052 3855 caxlorum

2452 3894 2699 3948 similiter
2744 3893 2989 3959 excidat,
3031 3893 3198 3947 Paulo
3244 3893 3406 3947 credo
3450 3893 3679 3956 dicenti,
3726 3892 3833 3945 imo
3874 3893 4055 3960 potius

2450 3986 2662 4039 Christo
2691 4000 2788 4055 per
2818 3985 2964 4039 illum
2994 3985 3260 4055 operanti,
3290 3984 3431 4055 quod
3463 3999 3654 4053 nempe
3681 4000 3853 4054 neque
3880 3983 3933 4038 hi
3959 4000 4055 4037 nc-

2450 4091 2554 4146 que
2575 4075 2648 4129 illi
2674 4090 2893 4145 regnum
2927 4074 3019 4128 Dei
3052 4075 3351 4144 possessuri
3379 4074 3504 4128 sint.
3532 4073 3717 4143 Neque
3752 4074 3850 4127 hac
3878 4073 4052 4128 solum

2452 4168 2504 4221 in
2539 4181 2614 4231 re,
2645 4164 2740 4219 sed
2765 4165 2923 4220 etiam
2954 4164 3006 4219 in
3032 4166 3150 4218 aliis
3173 4164 3352 4220 multis
3381 4164 3589 4235 plurimi
3614 4165 3683 4218 ita
3704 4163 3877 4218 affecti
3904 4174 4049 4231 sunt,

2455 4269 2511 4315 ut
2538 4276 2657 4332 qua“:
2687 4259 2908 4315 omnino
2934 4268 3187 4314 eventura
3218 4268 3375 4326 sunt,
3409 4258 3751 4329 hyperbolice
3778 4258 3921 4313 dicta
3951 4274 4048 4327 pu-

2456 4360 2590 4407 tent.
2620 4351 2919 4407 Diabolicus
2941 4359 3117 4405 autem
3140 4359 3223 4404 est
3248 4349 3335 4404 hic
3366 4350 3604 4419 laqueus.
3630 4348 3701 4404 Ut
3724 4350 3867 4403 enim
3893 4348 4053 4403 futuri

2454 4444 2699 4514 supplicii
2730 4452 2932 4497 metum
2960 4442 3194 4496 solveret
3221 4442 3306 4503 iis,
3335 4443 3423 4511 qui
3452 4441 3505 4495 in
3533 4441 3755 4495 caritate
3780 4440 3877 4494 Dei
3906 4455 4052 4494 com-

2457 4535 2640 4606 puncti
2685 4544 2841 4589 erant
2892 4534 2932 4597 ⁸,
2992 4548 3191 4603 eosque
3243 4532 3309 4587 ad
3352 4530 3751 4600 obsequendum
3792 4530 4057 4584 mandatis

2457 4627 2791 4686 remissiores
2833 4625 3101 4690 efficeret,
3149 4624 3469 4694 hyperboles
3506 4622 3927 4677 consolationem
3954 4622 4053 4674 ‘in-

2456 4717 2636 4785 duxit,
2668 4732 2787 4787 qua:
2818 4717 2869 4771 in
2902 4716 3152 4785 przesenti
3181 4714 3395 4784 quidem
3432 4714 3708 4783 segniores
3733 4712 3939 4767 animos
3969 4712 4055 4766 in-

2456 4825 2641 4867 escare
2667 4817 2873 4881 potest,
2903 4807 2995 4863 sed
3024 4808 3078 4862 in
3109 4807 3194 4861 die
3217 4807 3404 4876 judicii
3438 4805 3810 4875 redarguetur,
3841 4806 4057 4875 quando

2456 4901 2591 4957 nihil
2620 4900 2743 4955 inde
2781 4900 2912 4955 lucri
2941 4898 3199 4954 accedere
3227 4899 3442 4968 poterit.
3469 4897 3607 4966 Quid
3628 4898 3803 4963 enim,
3834 4912 4016 4966 quaeso
4039 4940 4055 4963 ,

2457 4990 2701 5051 utilitatis
2727 4991 2812 5057 iis,
2844 4990 2935 5059 qui
2966 5004 3111 5045 nunc
3137 4989 3349 5059 decepti
3389 4996 3533 5053 sunt,
3560 4988 3605 5044 si
3635 4997 3763 5045 tunc
3792 4987 4057 5042 fallaciam

2459 5092 2783 5153 agnoscant;
2815 5098 2937 5138 cum
2968 5082 3102 5137 nihil
3140 5097 3208 5136 ex
3250 5081 3563 5151 paenitentia
3600 5088 3855 5151 poterunt
3883 5078 3935 5133 in
3967 5094 4057 5132 re-

2459 5175 2791 5231 surrectione
2806 5173 3015 5244 iuvari?
3032 5171 3110 5226 Ne
3131 5172 3308 5241 itaque
3327 5170 3685 5239 nosmetipsos
3703 5169 4058 5240 decipiamus,

2460 5283 2635 5337 neque
2659 5266 3143 5321 circumveniamur
3172 5264 3226 5317 in
3257 5263 3547 5334 perniciem
3585 5271 3851 5326 nostram,
3884 5274 4061 5330 neque

2459 5358 2601 5413 aliud
2629 5356 2783 5412 nobis
2812 5355 3130 5426 supplicium
3160 5370 3535 5425 procuremus,
3564 5368 3757 5421 nempe
3785 5367 3849 5407 ex
3878 5351 4062 5405 incre-

2459 5450 2699 5504 dulitate.
2730 5447 2847 5503 Non
2882 5446 3026 5502 enim
3063 5446 3235 5501 solum
3277 5443 3542 5498 mandatis
3566 5441 3763 5496 Christi
3805 5456 3913 5495 non
3954 5442 4061 5495 oh-

2462 5550 2780 5611 tcmperare,
2818 5537 2912 5593 sed
2946 5538 3106 5593 etiam
3147 5537 3212 5591 iis
3255 5550 3361 5591 non
3399 5536 3640 5601 credere,
3680 5532 4060 5606 gravissimum

2527 5675 2541 5705 ¹
2570 5681 2698 5729 Haec,
2722 5670 2800 5730 iis,
2820 5668 2905 5733 qui
2922 5668 2970 5719 in
2995 5665 3197 5733 caritate
3223 5666 3311 5717 Dei
3330 5665 3783 5733 compunctieraut.
3806 5665 3987 5715 desunt
4009 5666 4060 5715 in

2464 5734 2596 5787 Coll).
2626 5742 2677 5785 et
2701 5735 2747 5784 in
2767 5729 2932 5796 Savil.,
2954 5740 3103 5795 atque
3127 5730 3176 5781 in
3197 5729 3364 5781 ﬂoret.
3391 5729 3575 5780 tantum
3608 5730 3864 5779 habentur.
