4266 6314
205 371 317 425 397

201 484 414 538 inducit
443 483 781 552 supplicium.
820 483 906 537 Illa
943 498 1098 552 porro
1143 480 1485 536 incredulitas
1517 481 1717 549 paritur
1741 495 1808 532 ex

199 574 435 642 segnitie
477 575 526 626 in
567 574 920 642 exsequendis
965 571 1247 627 mandatis.
1291 571 1424 626 Cum
1467 573 1606 625 enim
1650 572 1808 624 obse-

200 664 443 732 quentia:
471 666 806 718 securitatem
832 663 985 717 nobis
1008 677 1323 732 comparare
1345 659 1614 726 nolunﬂts,
1640 674 1811 728 neque

112 776 124 784 -
199 769 267 808 ea
303 753 479 809 facere
508 769 626 824 qua:
657 765 921 822 prmcepta
954 763 1115 818 sunt,
1152 763 1206 806 ut
1241 753 1475 806 animum
1510 750 1811 806 futurorum

202 855 360 900 metu
391 845 714 907 liberemus,
746 844 1086 899 conscientiae
1113 859 1277 898 onere
1303 843 1504 913 gravati
1535 852 1588 898 et
1618 843 1814 912 praefo-

199 952 263 990 ca
275 939 334 1002 ti,
358 939 624 1006 ingentem
649 937 816 1006 parati
839 936 1087 1006 supplicii
1118 945 1318 990 metum
1339 935 1571 1003 abjiccre
1596 933 1814 988 studen-

201 1035 293 1082 tes
316 1069 332 1093 ,
367 1028 420 1080 in
449 1026 590 1081 aliud
615 1041 714 1080 nos
743 1026 1049 1080 barathrum
1084 1025 1382 1095 prwcipites
1408 1025 1615 1094 agimus
1637 1066 1652 1090 ,
1685 1023 1810 1078 dum

205 1119 496 1172 tormentis
539 1118 644 1172 illis
686 1117 844 1173 fidem
887 1119 1226 1188 abrogamus.
1259 1118 1330 1171 At
1364 1114 1811 1186 quemadmodum

202 1208 266 1276 ii,
301 1209 389 1276 qui
419 1208 641 1262 ardente
665 1207 799 1262 febri
832 1192 1100 1270 tenentur,
1125 1208 1335 1262 etiamsi
1363 1209 1414 1266 in
1441 1221 1604 1274 aquas
1631 1220 1690 1259 se
1715 1205 1810 1259 fri-

201 1297 360 1367 gidas
389 1297 738 1373 conjecerint,
770 1296 1200 1367 praefocationeat
1229 1296 1372 1350 illam
1407 1311 1512 1350 non
1539 1297 1808 1360 antittuut,

204 1388 302 1443 sed
339 1389 534 1442 novum
563 1388 819 1458 adjiciunt
857 1388 994 1458 ignis
1024 1388 1270 1442 ardorem
1298 1429 1312 1453 ,
1344 1387 1420 1441 sic
1460 1396 1514 1441 et
1553 1402 1649 1440 nos
1679 1401 1812 1440 con-

204 1483 451 1537 scientia:
474 1474 714 1537 stimulis
743 1481 959 1551 agitati,
993 1481 1043 1535 in
1077 1479 1399 1550 hyperboles
1435 1480 1679 1548 euripum
1716 1493 1812 1533 nos

207 1576 548 1647 praecipitare
573 1575 835 1646 coginmr,
863 1585 920 1630 ut
944 1575 1122 1629 omnia
1151 1575 1202 1627 in
1232 1583 1504 1644 pos-terum
1526 1573 1641 1626 sine
1667 1581 1812 1626 metu

207 1676 428 1734 peccata
474 1665 840 1720 admittatnus.
889 1664 1002 1719 Non
1047 1664 1222 1718 solum
1268 1663 1421 1718 enim
1460 1661 1814 1732 praesentibus

205 1757 494 1811 irascimur
523 1757 778 1812 fratri-bus
798 1797 813 1822 ,
843 1756 936 1812 sed
966 1755 1127 1827 etiam
1172 1744 1307 1809 cum
1333 1753 1641 1808 absentibus
1669 1767 1812 1822 szepe

207 1851 479 1920 litigamus
503 1868 517 1907 :
542 1850 682 1920 quod
705 1865 832 1910 sane
855 1851 1078 1906 feritatis
1097 1862 1349 1902 excessus
1367 1855 1469 1903 est.
1494 1846 1558 1900 Et
1584 1845 1814 1915 majores

204 1943 424 2011 quidem
459 1943 891 2012 potentioresque
935 1942 1090 1996 nobis
1111 1981 1125 2005 ,
1157 1939 1365 1994 etiamsi
1398 1937 1606 2008 injuriis
1635 1950 1732 1990 nos
1761 1945 1815 1990 ct.

204 2035 551 2089 c-tntumcliis
577 2033 830 2098 afﬁciant,
860 2049 979 2088 cum
1009 2031 1376 2086 moderatione
1406 2045 1590 2099 magna
1623 2027 1814 2083 tolera-

207 2142 330 2179 mus
352 2142 537 2182 corum
563 2136 705 2182 metu
728 2126 968 2185 cohibiti.
989 2126 1221 2195 aequales
1245 2132 1421 2178 autem
1446 2122 1808 2185 inf'eriorcsve,

208 2235 279 2274 ne
306 2219 417 2273 l'a‘si
451 2220 687 2289 quidem,
716 2235 1026 2274 aversantur
1054 2221 1254 2273 tamen.
1278 2218 1508 2273 Tantum
1537 2215 1812 2270 hominum

209 2322 385 2366 metus
414 2313 611 2366 Christi
645 2314 821 2367 timori
855 2311 1132 2382 praevalet.

279 2407 336 2460 5.
381 2404 556 2473 Ecqua
591 2404 805 2458 tandem
833 2403 1198 2458 nobis'salutis
1227 2416 1372 2471 Spes,
1405 2409 1602 2456 tantam
1637 2401 1815 2472 segni-

211 2499 364 2558 tiem,
380 2506 587 2549 tantum
606 2505 970 2565 contemptum
987 2494 1365 2549 exhibentibus
1380 2493 1403 2532 ’θ
1421 2493 1709 2560 undenam,
1731 2493 1816 2547 dic

210 2590 381 2644 mihi?
411 2591 543 2655 Quid
567 2605 750 2660 grave,
775 2588 900 2660 quid
927 2603 1214 2643 onerosum
1245 2603 1272 2640 a
1301 2586 1456 2640 nobis
1475 2585 1638 2654 exigit
1660 2585 1816 2639 Chri-

205 2683 367 2737 stus?
397 2681 472 2736 Ne
500 2681 747 2735 irascaris
769 2722 784 2747 ,
818 2680 1026 2750 inquit,
1070 2679 1222 2733 fratri
1254 2687 1344 2732 tuo
1374 2679 1490 2732 sine
1531 2692 1689 2731 causa
1718 2695 1731 2729 :
1765 2675 1814 2728 id

211 2782 376 2843 porro
398 2775 556 2844 longe
579 2773 787 2828 facilius
809 2781 916 2838 est,
935 2786 1093 2841 quam
1116 2771 1340 2826 alterum
1365 2769 1506 2823 ferre
1527 2769 1642 2822 sine
1657 2781 1814 2839 causa

211 2867 431 2919 iratum.
462 2864 533 2917 lbi
563 2864 704 2918 enim
743 2864 853 2932 jam
899 2869 1216 2931 congregata
1261 2868 1346 2914 est
1388 2859 1523 2928 ignis
1555 2858 1823 2919 materia;-

210 2956 301 3009 h'c
320 2970 448 3009 vero
473 2971 594 3009 cum
625 2954 754 3008 nihil
785 2967 960 3007 causae
987 2952 1174 3015 subsit,
1207 2960 1260 3005 ιιι
1290 2950 1402 3018 ipse
1425 2942 1697 3002 ﬂammam
1721 2962 1814 3000 ac-

208 3049 423 3104 cendis.
456 3047 640 3117 Neque
670 3049 812 3104 enim
858 3063 955 3117 par
989 3061 1077 3101 res
1121 3055 1242 3108 est;
1270 3043 1377 3096 alio
1420 3042 1593 3097 facem
1626 3040 1814 3094 admo-

215 3152 371 3197 vente
395 3142 444 3194 id
470 3141 719 3205 tolerare,
752 3155 922 3210 neque
953 3137 1195 3204 accendi,
1225 3150 1286 3190 ac
1314 3135 1459 3189 nullo
1489 3136 1813 3207 concitante,

211 3237 517 3305 quiescere.
542 3235 816 3306 Siquidem
836 3235 925 3304 qui
951 3232 1076 3287 illud
1100 3246 1356 3300 superare
1381 3227 1568 3299 potuit,
1594 3243 1817 3282 summae

210 3326 573 3396 philosophia:
615 3326 998 3380 documentum
1039 3321 1284 3376 exhibuit
1329 3320 1460 3389 :qui
1507 3326 1684 3372 autem
1718 3318 1818 3373 hoc

216 3420 465 3488 prtestitit
489 3459 502 3480 ,
536 3418 666 3472 nihil
699 3416 1054 3470 admiratione
1100 3413 1318 3481 dignum
1351 3410 1476 3479 egit.
1522 3407 1654 3463 Cum
1689 3423 1818 3477 ergo

215 3511 361 3579 quod
392 3512 562 3580 majus
587 3520 669 3564 est
700 3518 920 3579 propter
946 3515 1145 3560 metum
1178 3505 1452 3558 hominum
1482 3501 1814 3571 perlicimus,

215 3607 358 3674 quod
387 3616 564 3659 autem
597 3605 772 3657 minus
799 3610 1014 3671 propter
1043 3599 1135 3653 Dei
1162 3599 1408 3652 timorem
1439 3599 1694 3665 praestare
1723 3608 1819 3647 no-

217 3701 433 3761 lumus;
466 3695 737 3768 perpende
769 3703 967 3763 quanto
997 3689 1257 3760 supplicio
1278 3730 1292 3756 ,
1324 3695 1522 3757 quanto
1558 3682 1818 3740 cruciatui

218 3805 318 3843 nos
344 3790 606 3842 obnoxios
629 3787 1041 3841 constituamus.
1064 3783 1308 3837 Fratrem
1334 3793 1494 3850 porro
1515 3793 1620 3832 non
1642 3793 1823 3847 aequa.

217 3885 358 3946 lem,
396 3900 498 3936 non
531 3882 758 3936 liberum
787 3889 990 3932 tantum
1035 3890 1154 3930 esse
1195 3883 1379 3944 putes,
1415 3871 1508 3925 sed
1546 3872 1704 3926 etiam
1740 3869 1818 3922 fa-

219 3976 422 4030 tnulutn
446 3992 459 4028 '.
485 3972 618 4026 Nam
647 3972 697 4024 in
728 3969 929 4025 Christo
949 3968 1247 4034 Jesurthue
1275 3980 1445 4018 servus
1469 3978 1627 4032 neque
1656 3961 1778 4014 liber
1801 3961 1818 3992 ¹

221 4066 374 4137 (Gut.
432 4067 482 4120 5.
525 4064 594 4118 9.8
628 4063 678 4132 ),
717 4060 1012 4116 secundum
1038 4057 1350 4126 Apostolum
1388 4072 1399 4107 :
1440 4055 1509 4106 ita
1554 4063 1604 4106 ut
1645 4052 1688 4106 si
1739 4051 1820 4106 vel

220 4169 408 4214 contra
441 4158 665 4211 famulos
692 4156 807 4210 sine
837 4167 996 4208 causa
1026 4150 1367 4212 fernciamus,
1394 4146 1607 4201 easdem
1635 4154 1839 4214 pmnas‘

222 4250 396 4304 daturi
427 4248 594 4302 simus
630 4264 642 4299 :
675 4261 797 4298 nam
831 4243 922 4297 ille
951 4256 1163 4311 quoque
1195 4239 1357 4292 frater
1388 4246 1486 4300 est,
1518 4247 1572 4290 et
1597 4251 1722 4291 vera
1755 4235 1819 4288 li-

226 4343 433 4396 bertate
464 4340 711 4405 donatus,
744 4351 864 4391 cum
899 4349 1061 4388 unum
1091 4331 1446 4398 cumdcmque
1478 4328 1670 4382 habeat
1697 4326 1818 4396 Spi—

225 4437 387 4489 ritum
433 4435 474 4484 ².
521 4432 651 4498 Quis
701 4431 879 4497 itaque
925 4426 1090 4479 vitam
1137 4423 1279 4476 omni
1321 4421 1560 4475 convicio
1600 4433 1820 4488 puram,

229 4530 304 4580 ira
341 4523 688 4580 irrationabili
731 4530 821 4574 aut
867 4518 1008 4572 inani
1040 4530 1260 4570 vacuam
1307 4512 1564 4567 exhibere
1607 4508 1823 4578 potest?

230 4622 336 4674 Nec
369 4619 495 4672 mihi
542 4615 843 4684 quempiam
890 4612 1126 4680 alleges,
1157 4608 1240 4661 cui
1287 4605 1401 4658 lucc
1435 4619 1556 4657 raro
1585 4601 1823 4669 contige-

231 4717 370 4780 rint,
402 4711 496 4766 sed
526 4709 614 4779 qui
659 4709 708 4761 in
751 4723 811 4762 ca
844 4717 1131 4772 numquam
1164 4698 1410 4754 inciderit
1439 4713 1452 4748 :
1487 4696 1657 4749 donec
1683 4694 1826 4747 cnint
1866 4757 1874 4761 _

232 4806 280 4858 id
313 4803 468 4858 nobis
494 4799 816 4864 ostenderis,
841 4811 950 4850 non
984 4795 1104 4848 ideo
1132 4807 1261 4844 sane
1293 4790 1463 4842 minas
1491 4787 1696 4840 solvere
1728 4799 1826 4853 po-

233 4900 359 4952 u-ris
401 4895 540 4964 quod
577 4893 679 4946 hoc
709 4906 812 4943 non
854 4887 1164 4957 frequenter
1190 4881 1465 4938 acciderit.
1500 4878 1706 4932 Etenim
1739 4877 1828 4945 qui

233 4993 459 5051 furatur,
491 4986 576 5039 vel
606 4985 691 5054 qui
725 4982 1016 5035 fornicatur
1038 5019 1052 5041 ,
1089 4975 1188 5030 etsi
1218 4972 1387 5028 semel
1420 4971 1470 5024 in
1509 4972 1611 5023 hoc
1642 4982 1830 5038 pecca-

235 5099 343 5138 tam
369 5078 625 5141 incidant,
651 5092 756 5129 non
785 5076 902 5128 ideo
930 5069 1196 5142 supplicio
1221 5068 1536 5150 liberantur,
1560 5061 1698 5132 quod
1725 5076 1829 5115 non

235 5181 543 5246 frequenter
573 5170 625 5225 id
675 5166 1062 5238 perpetrarint,
1092 5160 1185 5215 sed
1231 5159 1352 5229 quia
1385 5158 1465 5212 vel
1513 5155 1676 5209 semel
1717 5153 1831 5206 ausi

235 5275 401 5333 sunt,
435 5267 742 5336 puniuntur.
774 5257 928 5326 Quod
967 5267 1144 5310 autem
1186 5262 1368 5324 postea
1409 5251 1680 5320 sequitur,
1715 5247 1829 5315 quis

239 5375 368 5424 non,
400 5357 498 5412 etsi
531 5354 761 5410 infidelis
792 5354 859 5406 sit
879 5391 894 5414 ,
939 5350 1168 5404 fabulam
1195 5360 1314 5398 esse.
1341 5349 1570 5410 reputet,
1600 5355 1717 5394 cmn
1753 5353 1836 5390 vt-

238 5461 361 5506 deat
388 5465 416 5503 a
440 5449 592 5504 nobis
618 5462 739 5502 cum
771 5454 912 5498 tanta
941 5440 1276 5497 vehementia
1304 5435 1529 5490 violari?
1553 5434 1684 5488 Nam
1713 5447 1832 5486 cum

305 5547 320 5574 ι
357 5540 493 5590 Plura
518 5537 702 5599 legisse
720 5537 913 5599 videtur
935 5539 1078 5582 vetus
1099 5531 1363 5599 interpres,
1382 5526 1463 5587 qui
1487 5521 1835 5599 siciliabetttn

239 5603 430 5654 (‘ttristo
451 5595 754 5662 enim—neque
777 5598 996 5662 Judwtts,
1025 5604 1180 5649 neque
1205 5597 1434 5662 graecus,
1448 5660 1460 5662 4
1475 5595 1834 5662 neqt‘tf‘setjtitts,

242 5649 395 5728 neque
408 5649 555 5731 iiber,
578 5649 730 5731 neque
744 5649 1004 5717 masculus,
1018 5665 1172 5716 neque
1195 5649 1396 5714 (culina;
1413 5649 1498 5699 sed
1514 5657 1676 5695 (mutes
1691 5656 1837 5693 unum

241 5723 404 5777 sumus
428 5725 478 5774 in
499 5723 702 5774 Christo.
1194 5772 1199 5776 .
1262 5777 1266 5778 ν
1379 5763 1411 5778 η
1454 5768 1464 5778 .

312 5763 822 5844 i'Tittitifé'ziiﬁ'itimm
833 5779 1149 5844 eamdemque
1185 5772 1356 5844 trahent
1372 5763 1632 5844 Spiritum,
1644 5779 1697 5844 An
1705 5778 1834 5828 eque

248 5855 294 5900 in
315 5831 734 5910 Saviliruequein
749 5843 880 5896 Colb.
902 5831 1104 5904 legitur,
1129 5837 1218 5888 sed
1244 5837 1289 5884 in
1316 5831 1476 5883 Morel.
1506 5837 1704 5880 tantum.

1062 370 1155 423 DE
1195 366 1742 434 COMPUNCTIONE,
1785 365 1876 422 AD
1909 366 2331 423 DEMETIHUM.
2377 366 2506 422 LIB.
2547 367 2589 422 l.

3398 380 3504 437 δθκ

1919 477 2058 534 Deus
2085 478 2228 532 dicat
2255 496 2269 530 :
2305 477 2368 533 Si
2394 478 2546 544 oﬂ'err
2572 495 2756 538 munus
2783 490 2923 536 tuum
2945 484 3013 536 ad
3040 484 3221 550 altare,
3254 497 3300 540 et
3327 488 3393 541 ibi
3422 507 3506 543 re-

1917 569 2154 623 cordatus
2181 563 2338 640 fuci-is
2361 572 2482 640 quia
2512 571 2670 641 frater
2697 583 2812 627 tuus
2842 574 2986 628 habet
3025 577 3220 646 aliquid
3242 580 3508 637 adversum

1918 670 1966 712 te
1989 701 2003 725 ,
2030 662 2256 730 relinque
2282 661 2352 714 ibi
2382 678 2561 716 manus
2593 673 2732 715 tuum
2761 674 2878 718 ante
2917 667 3078 720 altare
3101 709 3114 730 ,
3144 677 3191 722 et
3214 669 3338 724 vade
3367 674 3510 741 prius

1917 753 2241 806 reconciliari
2263 753 2414 822 fratri
2444 763 2548 818 tuo,
2577 763 2623 807 et
2650 765 2768 807 tunc
2791 756 2988 809 veniens
3011 756 3139 825 olfer
3160 776 3342 814 munus
3367 771 3510 816 tuum

1922 841 2142 914 (Matth.
2167 844 2217 897 5.
2237 844 2328 898 25.
2351 842 2457 910 24)
2479 862 2490 896 :
2514 860 2610 898 nos
2636 845 2768 899 bella
2793 856 2979 900 mutuo
3001 859 3268 918 gerentes,
3289 861 3342 906 et
3362 855 3511 907 exul-

1881 986 1885 992 .
1918 937 2080 990 cerati
2106 937 2303 1000 animo,
2330 936 2397 990 ad
2425 937 2608 992 altaria
2634 937 2960 994 accedimus.
2986 944 3062 995 Ae
3085 955 3205 997 cum
3238 943 3375 998 Deus
3398 957 3513 999 tan.

1921 1036 2024 1080 tam
2053 1029 2500 1098 reconciliationis
2522 1039 2716 1084 nostrze
2743 1047 2924 1087 curam
2959 1033 3169 1099 habeat,
3199 1043 3255 1089 ut
3283 1038 3514 1107 patiatur

1919 1120 2236 1173 sacrificium
2255 1134 2411 1174 suum
2434 1120 2802 1190 imperfectum
2827 1140 3064 1191 manere,
3083 1135 3137 1180 et
3157 1126 3509 1183 ministerium

1919 1207 2272 1278 interrumpi,
2311 1211 2484 1265 dnncc
2525 1213 2796 1266 inimicitia
2839 1223 2893 1268 et
2931 1216 3006 1268 ira
3049 1216 3378 1284 deponatur,
3412 1229 3511 1273 nos

1920 1316 2031 1352 rem
2063 1302 2132 1354 ita
2160 1299 2311 1356 ﬂocci
2341 1302 2583 1370 facimus,
2619 1312 2674 1358 ut
2699 1306 2886 1374 capitis
2917 1308 3082 1361 nostri
3109 1307 3306 1364 damno
3333 1311 3512 1366 multis

1918 1393 2118 1447 diebus
2138 1395 2466 1450 inimicitiam
2504 1410 2802 1452 servemus.
2850 1398 3032 1468 Neque
3078 1401 3361 1456 iracundos
3391 1415 3509 1458 tau-

1921 1492 2029 1537 tum
2061 1485 2239 1553 plectit
2270 1486 2430 1550 Deus,
2454 1488 2547 1543 sed
2575 1489 2734 1543 etiam
2760 1504 2853 1545 eos
2882 1493 2970 1560 qui
3003 1493 3300 1561 hujusmodi
3326 1497 3513 1551 morbo

1918 1577 2070 1632 liberi
2101 1577 2336 1634 offensos
2373 1579 2562 1635 fratres
2593 1568 2884 1652 negliguut.
2919 1583 3052 1652 Quia
3085 1586 3229 1639 enim
3261 1587 3509 1643 laesorum

1919 1679 2000 1722 est
2024 1669 2200 1734 irasci,
2227 1670 2270 1723 is
2295 1685 2446 1737 vero,
2467 1671 2557 1740 qui
2586 1671 2776 1740 injuria
2799 1671 2984 1737 afﬁcit,
3011 1690 3114 1729 non
3145 1675 3212 1730 ita
3236 1677 3390 1733 facile
3411 1677 3513 1734 hoc

1920 1759 2108 1814 morbo
2125 1761 2384 1829 capiatur,
2404 1761 2525 1816 ideo
2545 1762 2686 1818 hunc
2705 1762 2770 1817 ad
2794 1762 2942 1818 illum
2965 1763 3198 1829 adducit,
3217 1768 3512 1824 ostendens

1920 1866 2078 1922 parua
2101 1852 2396 1923 digniorem
2418 1867 2538 1910 csse
2560 1869 2679 1909 eum
2709 1855 2798 1926 qui
2831 1858 3032 1926 peccati
3056 1858 3288 1913 radicem
3312 1863 3508 1930 posuit.

1918 1945 1989 1998 At
2016 1957 2113 1998 nos
2141 1960 2208 1998 ne
2238 1945 2317 1999 sic
2345 1944 2560 2014 quidem
2587 1947 2956 2012 emendantur,
2987 1948 3078 2003 sed
3103 1965 3199 2019 pro
3229 1950 3512 2005 levissimis

1918 2036 2079 2090 etiam
2096 2036 2257 2091 rebus
2271 2036 2457 2091 fratres
2471 2038 2852 2094 contristamus
2869 2055 2882 2092 :
2900 2038 3091 2094 deinde
3104 2055 3167 2096 ac
3179 2042 3221 2096 si
3237 2042 3368 2096 nihil
3392 2058 3510 2095 mo-

1922 2127 2087 2180 lestia:
2103 2127 2451 2192 intulerimus,
2471 2128 2538 2181 ita
2555 2129 2886 2198 negligimus,
2904 2131 3101 2184 illatam
3119 2131 3362 2200 injuriatn
3377 2132 3510 2186 obli-

1920 2218 2059 2272 vioni
2082 2217 2292 2281 damus,
2322 2211 2756 2288 inimicitiautque
2785 2221 2835 2274 iu
2861 2221 3071 2290 longum
3105 2231 3314 2289 tempus
3338 2233 3514 2277 extra-

1919 2320 2056 2363 ctam
2092 2308 2443 2379 despicimus,
2476 2311 2779 2379 ignorantes
2809 2321 2956 2365 tanto
2986 2311 3157 2380 majus
3185 2329 3281 2365 nos
3311 2315 3514 2383 suppli-

1920 2403 2059 2457 cium
2086 2403 2314 2457 luituros
2342 2417 2483 2464 esse.
2521 2413 2718 2470 quanto
2747 2403 2984 2471 pluribus
3022 2404 3210 2458 diebus
3248 2406 3514 2460 Itlmsliliﬂ‘,

1922 2496 2096 2550 locum
2139 2495 2476 2558 dederimus,
2523 2504 2579 2550 et
2631 2495 2731 2550 hoc
2777 2497 2923 2564 ipso,
2969 2505 3024 2551 et
3067 2497 3205 2565 quod
3246 2497 3516 2552 difficilior

1924 2598 2104 2658 postea
2141 2590 2197 2644 lit
2222 2589 2605 2644 recoaciliatio.
2634 2588 3092 2657 Quemadmodum
3114 2591 3256 2644 enim
3281 2591 3513 2644 amicitia

1921 2681 2286 2749 obstringente
2309 2722 2322 2744 ,
2356 2681 2486 2734 nihil
2513 2680 2669 2734 facile
2694 2680 2994 2734 distrahere
3021 2720 3035 2745 ,
3071 2681 3198 2734 nihil
3227 2681 3512 2735 adversum

1922 2774 2067 2830 Credi
2089 2775 2302 2843 poterit,
2323 2775 2402 2828 sic
2427 2773 2701 2829 inimicitia
2725 2774 2932 2828 animos
2961 2782 3175 2828 nostros
3195 2785 3512 2844 occupante,

1922 2867 2099 2922 omnia
2127 2867 2296 2921 facilia
2323 2875 2376 2920 et
2402 2866 2564 2920 obvia
2590 2875 2713 2920 sunt
2747 2866 2811 2920 iis
2835 2909 2847 2928 ,
2873 2865 2964 2934 qui
3004 2866 3170 2919 rixam
3199 2881 3395 2935 augere
3422 2882 3516 2922 ve-

1923 2958 2041 3023 lint,
2074 2973 2192 3011 cum
2224 2958 2362 3010 bona
2394 2957 2613 3010 minime
2634 2997 2649 3020 ,
2681 2955 2815 3009 ntala
2844 2972 2970 3009 vero
2995 2956 3164 3008 solum
3208 2956 3512 3010 credantur.

1923 3047 2051 3103 ideo
2071 3049 2224 3116 jubet
2245 3088 2258 3112 ,
2290 3047 2431 3100 dono
2460 3047 2532 3101 ad
2563 3048 2730 3100 altare
2757 3046 2979 3100 dimisso
3009 3046 3155 3115 prius
3184 3047 3514 3100 reconciliari

1925 3139 1957 3195 fu
1973 3141 2094 3204 atri,
2123 3149 2177 3193 ut
2198 3139 2490 3205 discamus,
2511 3137 2557 3192 'si
2583 3138 2634 3191 in
2659 3138 2749 3193 illo
2772 3140 3516 3212 temporereconciliationem

1923 3233 2138 3288 differre
2176 3249 2279 3286 non
2312 3233 2498 3298 liceat,
2538 3231 2708 3286 multo
2749 3232 2923 3284 minus
2964 3231 3124 3285 licere
3155 3231 3206 3284 in
3243 3232 3380 3285 aliis.
3413 3231 3518 3286 Nos

1924 3340 2052 3378 vero
2081 3323 2320 3396 symbola
2351 3322 2567 3393 quidem
2599 3338 2776 3376 rerum
2806 3333 3046 3388 tenemus
3074 3365 3086 3388 ,
3116 3339 3144 3377 a
3183 3324 3403 3376 veritate
3425 3339 3515 3375 au-

1925 3427 2030 3471 tem
2065 3418 2175 3486 ipsa
2207 3416 2525 3478 excidimus,
2557 3414 2682 3469 dum
2714 3428 2810 3468 nos
2833 3425 2957 3468 ante
2985 3414 3106 3468 doni
3130 3414 3341 3484 quidem
3367 3415 3518 3468 obl..—

1925 3510 2124 3563 tionem
2154 3518 2338 3561 mutuo
2367 3506 2762 3575 amplectimur,
2794 3504 2886 3558 sed
2917 3504 3068 3559 labiis
3103 3515 3302 3558 tantum
3347 3514 3401 3558 ct
3427 3520 3522 3560 ore

1926 3603 1977 3658 id
2005 3603 2228 3672 agimus.
2263 3604 2329 3655 At
2355 3616 2461 3654 non
2493 3600 2540 3653 id
2574 3599 2745 3652 solum
2770 3599 2880 3651 vult
2909 3598 3185 3662 Dominus,
3211 3598 3301 3650 sed
3328 3599 3521 3650 animm

1924 3696 2084 3749 etiam
2108 3694 2345 3748 osculum
2370 3698 2425 3745 et
2451 3690 2752 3758 amplexum
2777 3687 2954 3743 cordis
2978 3687 3220 3756 proximo
3247 3687 3358 3740 dari
3382 3707 3393 3740 :
3420 3687 3522 3742 hoc

1926 3789 2073 3842 enim
2105 3802 2231 3842 vere
2276 3785 2522 3853 amplecti
2573 3783 2797 3847 dicitur;
2847 3780 2975 3834 illud
3019 3795 3143 3834 vero
3175 3781 3325 3850 quasi
3363 3796 3523 3836 scena

1927 3880 2169 3951 quaedam
2210 3889 2264 3933 et
2303 3878 2448 3933 larva
2491 3874 2713 3930 dicenda
2755 3883 2831 3928 est
2855 3916 2868 3938 ,
2902 3873 2970 3926 ita
3009 3881 3063 3926 ut
3089 3873 3177 3942 qui
3213 3873 3289 3926 sic
3318 3874 3522 3926 oscula-

1930 3982 2034 4038 tur,
2066 3972 2233 4040 magis
2265 3969 2431 4024 Deum
2462 3968 2633 4023 irritet
2662 3981 2817 4036 quam
2852 3965 3042 4034 placet.
3075 3964 3349 4019 Sinceram
3379 3967 3522 4019 enim

1927 4075 1981 4120 et
2011 4064 2275 4119 radicibus
2308 4063 2514 4116 firmam
2555 4059 2840 4114 amicitiam
2873 4058 3095 4127 requirit
3130 4073 3158 4111 a
3192 4059 3345 4112 nobis
3369 4101 3383 4124 ,
3415 4075 3522 4113 non

1929 4157 2066 4211 hanc
2096 4156 2261 4222 cujus
2310 4155 2543 4222 Speciem
2601 4161 2652 4206 et
2697 4151 3042 4204 simulacrum
3098 4149 3364 4220 quoddam
3416 4153 3524 4204 eir-

1927 4246 2308 4311 cumferimus,
2338 4245 2442 4298 vim
2486 4253 2662 4297 autern
2706 4257 2920 4295 onmem
2958 4241 3346 4301 exstinximus,
3385 4242 3524 4311 quod

1929 4351 1984 4397 et
2026 4343 2196 4410 ipsum
2256 4338 2509 4392 iudicium
2557 4343 2640 4389 est.
2693 4349 2911 4395 earum,
2955 4333 3148 4402 quibus
3193 4332 3524 4399 detinentur,

1931 4433 2291 4502 iniquitatum.
2325 4426 2462 4481 Nam
2483 4426 2720 4496 quoniam
2748 4423 3020 4476 abundarit
3049 4423 3309 4492 iniquitas,
3337 4424 3524 4492 inquit,

1932 4524 2219 4593 refrigescet
2243 4520 2428 4572 caritas
2456 4517 2727 4570 multorum
2759 4512 2986 4584 (Matth.
3021 4514 3111 4567 24.
3159 4512 3285 4584 12).
3323 4515 3386 4568 Et
3416 4517 3528 4568 lta‘c

1930 4618 2135 4686 agimus
2158 4613 2421 4676 homines,
2449 4610 2640 4680 quibus
2664 4609 2880 4662 vetitum
2908 4614 2991 4660 est
3014 4607 3095 4661 vel
3123 4607 3301 4670 irasci,
3327 4608 3407 4660 vel
3435 4607 3529 4660 iui-

1933 4707 2101 4764 micos
2132 4706 2328 4760 habere
2362 4702 2636 4772 quospiam
2671 4716 2684 4751 :
2718 4705 2809 4752 aut
2838 4698 2880 4752 si
2914 4696 3049 4751 forte
3090 4697 3382 4750 habeamus
3409 4741 3421 4760 ,
3461 4699 3526 4751 ad

1933 4815 2096 4855 unum
2123 4806 2329 4851 tantum
2358 4794 2497 4848 diem
2525 4791 2723 4844 habere
2757 4789 3112 4858 permittintur
3149 4805 3160 4841 :
3193 4787 3304 4849 Sol,
3341 4789 3529 4854 inquit,

1935 4901 2034 4945 non
2066 4889 2258 4942 occidat
2290 4902 2442 4953 super
2468 4881 2786 4936 iracundiam
2813 4888 3026 4931 vestram
3058 4876 3074 4947 (
3099 4876 3290 4947 Epltes.
3321 4879 3374 4930 4.
3400 4877 3470 4931 26
3490 4892 3530 4946 ).

1935 4982 2116 5051 Neque
2161 4980 2246 5034 hic
2276 4976 2615 5031 consistimus
2640 5014 2655 5039 ,
2696 4970 2789 5025 sed
2831 4978 2883 5023 et
2919 4967 3138 5021 insidias
3174 4968 3264 5022 alii
3307 4968 3358 5020 in
3399 4969 3534 5022 alios

1936 5072 2191 5128 struimus
2213 5109 2226 5134 ,
2261 5077 2314 5123 et
2341 5066 2518 5121 verbis
2543 5074 2598 5119 et
2622 5063 2786 5132 gestis
2816 5059 3013 5114 nostris
3048 5057 3293 5113 membra
3324 5059 3532 5128 propria

1939 5163 2248 5219 mordentes
2266 5174 2326 5212 ac
2349 5158 2670 5210 devorantes
2696 5170 2707 5205 :
2733 5151 2874 5219 quod
2898 5150 3079 5219 utique
3095 5159 3293 5217 apertae
3317 5149 3538 5202 insania

1939 5267 2036 5313 est.
2070 5255 2280 5309 Etenim
2327 5248 2647 5304 insanabiles
2691 5244 3056 5298 darmoniacos
3096 5250 3149 5295 et
3179 5241 3406 5294 furiosos
3438 5241 3537 5294 hoc

1942 5351 2168 5405 maxime
2197 5346 2351 5413 signo
2377 5339 2756 5409 dignm-cimus.
2798 5334 2934 5401 Quid
2961 5341 3139 5398 autem
3165 5331 3233 5386 de
3263 5332 3376 5400 lege
3396 5332 3537 5386 circa

1939 5439 2328 5502 adversarium,
2353 5435 2492 5489 circa
2521 5431 2849 5501 illi-gitimam
2877 5425 3386 5496 concupiscentiam,
3415 5439 3541 5478 ocuo

1941 5534 2020 5587 los
2043 5529 2360 5600 impudicos,
2381 5524 2667 5578 amicitiam
2690 5517 3108 5574 irrationabilem
3131 5525 3184 5571 et
3205 5515 3539 5580 damnosam,

1941 5624 2214 5681 dicemus?
2243 5620 2442 5675 Oculus
2470 5616 2610 5671 enim
2652 5614 2844 5668 dexter
2880 5619 2934 5666 et
2975 5625 3164 5664 manus
3207 5608 3396 5662 dextra
3437 5624 3544 5662 non

1942 5720 2082 5775 aliud
2112 5717 2264 5771 nobis
2295 5712 2632 5768 subindicant
2655 5752 2667 5773 ,
2700 5723 2860 5778 quam
2892 5721 2986 5760 eos
3015 5705 3102 5774 qui
3134 5705 3332 5759 damno
3359 5711 3542 5756 nostro

1936 5827 2048 5869 .nos
2068 5815 2269 5865 amant.
2296 5804 2402 5861 Lex
2427 5817 2554 5859 vero
2580 5801 2647 5859 de
2669 5797 2957 5871 repudiatis
2981 5796 3255 5862 uxoribus,
3279 5809 3305 5846 a
3333 5792 3547 5864 quibusv
