4266 6314
802 312 905 367 399

802 441 925 480 nam
970 442 1075 480 non
1139 429 1337 483 violata
1393 436 1446 481 et
1498 429 1820 483 conculeata
1872 426 2184 496 frequenter
2237 427 2392 481 fuit?

874 519 928 572 4.
946 564 951 565 κ
969 515 1100 572 Nam
1132 517 1276 586 leges
1300 517 1367 571 de
1397 531 1501 571 non
1535 515 1765 585 iurando
1791 513 2049 593 erubesco
2070 512 2307 583 proferre
2335 512 2389 567 in

804 608 1060 676 medium,
1088 623 1191 662 non
1212 607 1387 661 solum
1409 608 1477 661 ob
1500 606 1827 676 juramenta,
1854 605 1949 661 sed
1979 605 2138 660 etiam
2169 604 2237 659 ob
2264 619 2385 673 per-

798 700 933 769 juria
962 698 1281 767 frequentia.
1315 699 1526 753 Etenim
1563 698 1610 752 si
1636 698 1839 767 jurare,
1872 698 1973 752 etsi
2000 711 2147 761 vere,
2181 696 2384 749 crimen

786 792 901 856 est,
939 800 993 845 et
1031 790 1281 859 praecepti
1323 789 1715 860 praevaricatio,
1757 789 2047 858 perjurium
2091 787 2179 842 ubi
2221 802 2386 857 pone-

798 882 958 935 mus?
987 882 1052 937 Et
1072 883 1116 936 si
1147 882 1199 937 id
1223 881 1365 952 quod
1390 892 1461 936 est
1487 891 1542 938 et
1572 898 1672 936 non
1695 882 1904 936 excedit
1935 880 2147 951 (Matth.
2179 881 2231 935 5.
2262 879 2380 949 57),

796 987 825 1024 a
854 972 997 1026 malo
1033 981 1134 1036 est,
1166 972 1303 1042 quod
1334 971 1433 1027 hoc
1455 972 1613 1026 etiam
1644 979 1950 1041 exsuperat,
1977 986 2007 1025 a
2032 986 2136 1040 quo
2168 970 2381 1026 tandem

791 1061 934 1115 erit?
958 1062 1158 1118 Deinde
1186 1078 1315 1119 vero
1352 1064 1426 1118 ait
1452 1079 1469 1119 :
1501 1063 1561 1118 Si
1586 1065 1695 1132 quis
1723 1073 1768 1117 te
1805 1065 2099 1134 percusserit
2124 1063 2176 1117 in
2206 1064 2383 1118 dexte-

794 1170 905 1207 rum
951 1137 1237 1219 maxillam,
1280 1165 1511 1209 converte
1536 1156 1616 1209 illi
1655 1166 1702 1209 et
1730 1154 1941 1210 alterunt
1964 1171 1983 1210 :
2011 1165 2058 1209 et
2094 1156 2138 1210 ei
2166 1157 2253 1226 qui
2279 1157 2382 1209 uult

788 1253 952 1298 tecum
971 1246 1169 1315 judicio
1196 1244 1514 1313 contendere,
1546 1259 1592 1301 et
1633 1248 1855 1301 tunicam
1896 1258 2036 1301 tuam
2064 1248 2257 1311 tollere,
2301 1249 2378 1301 di-

789 1338 928 1390 mitte
956 1340 1001 1390 ei
1028 1346 1075 1391 et
1117 1338 1329 1406 pallium
1355 1353 1373 1392 :
1397 1347 1443 1391 et
1472 1340 1771 1410 quicumque
1808 1347 1855 1392 te
1881 1339 2217 1408 angariatterit
2241 1340 2381 1394 mille

789 1445 986 1495 passus,
1016 1430 1141 1482 vade
1162 1445 1275 1482 cum
1302 1429 1390 1483 illo
1413 1442 1458 1484 et
1476 1426 1611 1483 duo.
1642 1430 1746 1496 Qui
1770 1432 1944 1501 petita
1973 1441 2037 1496 te,
2068 1430 2135 1484 da
2159 1433 2204 1485 ei
2229 1447 2248 1486 :
2274 1442 2321 1486 et
2346 1449 2378 1486 a

787 1522 979 1575 volente
1008 1523 1230 1575 mutuari
1256 1540 1288 1576 ιι
1319 1532 1384 1586 te,
1415 1539 1478 1578 ne
1517 1523 1761 1578 avertaris
1793 1523 2006 1597 (Matth.
2036 1526 2089 1580 5.
2124 1526 2212 1581 59.
2258 1526 2371 1594 42).

784 1612 923 1678 Quid
952 1612 1017 1665 ad
1051 1613 1165 1668 lucc
1209 1613 1311 1667 dici
1353 1613 1571 1683 potest?
1599 1614 1702 1668 Pro
1745 1614 1970 1685 singulis
2010 1616 2153 1671 enim
2198 1615 2375 1687 hujus-

785 1703 927 1755 ntodi
964 1703 1120 1756 dictis
1157 1713 1322 1767 restat
1348 1705 1522 1759 solum
1568 1714 1623 1759 ut
1650 1705 1896 1771 ﬂeamus,
1935 1714 1991 1762 et
2032 1705 2234 1775 pudore
2264 1706 2375 1761 suf-

783 1793 1069 1847 fundamur
1101 1812 1113 1847 :
1146 1794 1218 1848 ita
1250 1794 1605 1863 exrdiametro
1643 1797 1942 1866 oppositam
1982 1797 2122 1851 viam
2167 1806 2373 1852 sectan-

780 1892 878 1947 tes,
919 1884 1155 1951 judiciis,
1204 1886 1414 1955 pugnis,
1463 1886 1643 1941 litibus
1693 1896 1748 1942 et
1792 1887 1924 1943 rixis
1965 1903 2123 1943 omne
2163 1898 2372 1959 tempus

781 1976 1132 2039 insumentes,
1174 1994 1239 2032 ne
1268 1978 1541 2033 minimam
1570 1979 1783 2048 quidem
1809 1989 1900 2034 aut
1928 1996 2103 2035 rerum
2132 1991 2226 2035 aut
2252 1997 2373 2036 ver-

778 2066 967 2120 borum
1010 2068 1312 2123 molestiam
1350 2069 1667 2136 toleramus,
1713 2070 1806 2126 sed
1839 2070 1922 2126 vel
1959 2085 2059 2138 pro
2085 2071 2369 2129 levissimis

776 2155 1087 2212 ferocimus.

845 2245 1191 2319 Evangelicce.
1221 2250 1337 2304 vita:
1378 2250 1637 2319 perfectio.
1676 2280 1749 2293 —
1788 2250 1942 2319 Quod
1988 2254 2032 2308 si
2086 2256 2365 2326 quospiam

772 2338 1013 2408 proferre
1045 2340 1239 2410 possis,
1287 2340 1375 2410 qtti
1433 2343 1597 2397 multa
1639 2345 1961 2414 pauperibus
1989 2350 2281 2417 erogarint,
2311 2358 2367 2405 et

773 2440 957 2497 postea
1004 2433 1332 2502 paupertatis
1374 2447 1536 2488 causa
1584 2433 1641 2489 in
1684 2446 2046 2507 contemptum
2099 2441 2360 2506 venerint,

769 2519 1157 2591 inuumeraquc
1184 2523 1321 2575 mala
1355 2524 1595 2593 perpessi
1632 2526 1758 2592 sint,
1793 2542 1991 2596 paucos
2031 2531 2362 2586 rarissimos-

767 2624 872 2679 que
910 2611 1043 2666 tales
1070 2599 1430 2679 numerabis;
1467 2622 1699 2671 attamen
1749 2617 1973 2687 nullum,
2014 2621 2225 2689 qualem
2275 2607 2361 2680 hic

766 2702 1140 2771 describimus,
1165 2704 1543 2775 philosophum
1569 2707 1819 2763 ostendes
1848 2726 1861 2761 :
1886 2710 2004 2765 ltzec
2033 2713 2226 2783 quippe
2254 2696 2357 2768 vita

767 2793 923 2864 longe
962 2794 1130 2865 magis
1168 2811 1326 2865 quam
1376 2796 1462 2851 illa
1500 2799 1791 2868 spiritualis
1835 2809 1940 2855 est.
1992 2802 2175 2873 Neque
2214 2805 2358 2860 enim

762 2885 969 2954 aequale
998 2894 1083 2939 est
1125 2896 1313 2955 sponte
1350 2887 1552 2957 iargiri,
1582 2897 1635 2942 et
1660 2890 1907 2945 omnibus
1944 2893 2227 2962 spoliatum
2258 2910 2354 2965 pa-

766 2975 959 3029 tienter
985 2974 1145 3030 ferre.
1178 2977 1375 3046 Ecquid
1404 2978 1526 3033 dico
1566 2978 1743 3036 ferre?
1773 2997 1894 3036 nam
1922 2984 2064 3052 quod
2107 2985 2355 3043 Christus

761 3065 893 3120 dixit
913 3066 1013 3121 hoc
1038 3068 1194 3137 longe
1224 3071 1563 3138 praestantius
1590 3081 1710 3128 est:
1742 3073 2003 3143 siquidem
2035 3090 2214 3133 sermo
2240 3079 2355 3148 ejus

763 3158 1012 3212 laesorum
1042 3160 1251 3214 animos
1292 3160 1360 3215 ab
1388 3162 1464 3215 ira
1508 3171 1695 3218 contra
1720 3163 1983 3220 laedentes
2013 3182 2181 3237 usque
2217 3169 2355 3225 adeo

760 3250 971 3313 avertit,
1018 3259 1073 3304 ut
1103 3266 1208 3305 non
1256 3252 1413 3306 modo
1443 3253 1511 3309 de
1542 3257 1710 3324 raptis
1750 3257 2004 3327 conqueri
2035 3274 2139 3313 non
2185 3260 2347 3329 sinat,

758 3340 853 3395 sed
876 3342 1036 3395 etiam
1060 3358 1141 3405 ea,
1172 3359 1295 3413 qua}
1324 3330 1506 3398 relicta
1537 3355 1682 3412 sunt,
1713 3359 1904 3416 sponte
1932 3348 2347 3420 otierrejubeat,

754 3441 809 3486 et
844 3432 1099 3501 majorem
1144 3434 1209 3487 ad
1253 3435 1390 3488 mala
1436 3435 1651 3492 ferenda
1695 3438 2021 3495 alacritatem
2069 3442 2346 3514 exhibere,

756 3540 913 3591 quam
948 3524 1020 3577 illi
1048 3525 1112 3578 ad
1144 3524 1418 3580 inferenda
1450 3528 1733 3582 insaniam.
1758 3529 1889 3584 Nam
1918 3546 2037 3586 cum
2067 3534 2111 3587 is
2133 3535 2221 3604 qui
2251 3536 2348 3590 lte-

760 3617 889 3671 dere
915 3620 1046 3685 vult,
1089 3633 1208 3672 eum
1237 3635 1393 3688 quem
1430 3621 1572 3674 lzedit
1600 3624 1923 3692 paratiorem
1947 3624 2011 3679 ad
2040 3628 2346 3696 patiendum

757 3708 977 3771 invenit,
1026 3724 1185 3779 quam
1233 3709 1320 3764 ille
1365 3712 1629 3779 voluerat,
1678 3721 1733 3767 et
1768 3727 2062 3785 postquam
2105 3717 2348 3788 implevit

754 3800 1243 3868 concupiscentiam
1271 3816 1442 3866 suam,
1471 3811 1597 3857 eunt
1619 3820 1778 3874 quem
1815 3806 2045 3875 ltescrat,
2074 3824 2141 3863 ex
2170 3811 2355 3865 abun-

754 3890 900 3943 danti
945 3890 1091 3944 videt
1132 3890 1198 3944 ad
1242 3892 1343 3945 alia
1391 3893 1639 3962 patienda
1695 3897 2019 3966 proniorem,
2062 3914 2343 3971 superatus

752 3978 1011 4047 diseedit,
1073 3984 1139 4039 de
1200 3985 1497 4041 tolerantia:
1544 3990 1925 4058 .inagnitudine
1974 3993 2339 4064 erubescens,

754 4076 997 4146 quamvis
1044 4075 1174 4148 fera,
1221 4078 1464 4147 quamvis
1508 4078 1795 4135 immanius
1844 4083 2113 4153 quidpiam
2159 4085 2338 4155 fuerit,

753 4168 1084 4223 moderatior
1121 4169 1332 4223 tandem
1378 4170 1589 4237 evadet,
1627 4186 1911 4244 conspecta
1950 4188 2059 4233 tum
2106 4183 2337 4251 nequitia

751 4275 868 4325 sua,
897 4267 1005 4312 tum
1053 4260 1192 4314 illius
1232 4262 1427 4315 virtute
1454 4278 1548 4332 per
1577 4264 1768 4321 factam
1817 4271 2091 4342 utriusque
2131 4289 2341 4345 compa-

751 4352 1034 4405 rationem.
1090 4352 1239 4405 llanc
1282 4369 1382 4422 ego
1434 4371 1574 4410 nunc
1622 4375 1805 4426 qumro
1859 4364 2017 4417 vitam
2070 4381 2228 4435 quam
2282 4370 2335 4424 in

749 4444 1039 4512 Scripturis
1085 4453 1289 4499 tantum
1332 4449 1657 4516 prepositam
1691 4453 1864 4519 video,
1897 4455 2021 4511 alibi
2050 4446 2177 4513 vero
2203 4476 2334 4532 ope-

745 4535 890 4590 ribus
919 4536 1211 4590 exhibitam
1244 4554 1526 4609 nusquam.
1559 4542 1668 4597 Nec
1695 4546 1825 4600 mihi
1852 4548 1998 4603 dicas
2030 4554 2334 4623 quempiam

744 4626 927 4679 laesum
966 4627 1235 4696 patienter
1278 4630 1495 4695 tulisse;
1543 4633 1594 4686 id
1633 4635 1776 4689 enim
1808 4640 1978 4706 potuit
2005 4641 2216 4699 defectu
2260 4646 2336 4700 vi-

741 4717 877 4769 rium
899 4718 1233 4788 contingere.
1265 4718 1358 4775 Sin
1395 4722 1556 4777 etiam
1584 4740 1706 4779 cum
1742 4731 2055 4799 aequalibus,
2088 4751 2223 4804 quos
2256 4740 2333 4792 ul-

739 4807 864 4860 cisci
904 4817 1130 4877 poterat,
1180 4810 1231 4864 id
1274 4808 1597 4882 exhibuerit,
1642 4825 1699 4870 at
1742 4836 1848 4874 non
1894 4837 1960 4878 eo
1996 4839 2165 4895 usque
2207 4844 2330 4897 pro-

738 4901 920 4967 cessit,
973 4909 1028 4955 tit
1069 4902 1186 4971 ejus
1230 4908 1722 4975 concupiscentiam
1765 4926 2065 4983 superaret,
2117 4928 2173 4973 et
2214 4922 2331 4990 plus

736 5005 895 5057 quam
923 4991 1090 5046 vellet
1118 4993 1293 5063 daret,
1318 5000 1917 5075 magnanimitalemque
1937 5022 2109 5075 suam,
2134 5022 2330 5080 praeter

737 5089 888 5149 rapta
935 5084 1131 5140 additis
1158 5087 1389 5145 libenter
1419 5093 1560 5161 aliis,
1600 5100 1928 5154 ostenderet.
1956 5102 2109 5168 Quod
2148 5117 2327 5162 autem

739 5171 824 5226 his
848 5173 1006 5247 longe
1033 5182 1277 5248 superius
1302 5191 1405 5250 est,
1434 5184 1502 5239 ad
1526 5187 1806 5260 ipsumque
1838 5195 2094 5251 verticem
2123 5200 2335 5267 pertint

734 5265 832 5332 git,
872 5281 967 5322 eos
994 5272 1086 5339 qui
1128 5273 1250 5329 talia
1281 5286 1464 5346 agunt,
1498 5288 1555 5357 et
1581 5282 1693 5337 sive
1731 5282 1783 5337 in
1815 5289 2075 5354 pecuniis,
2119 5265 2231 5347 sive
2273 5295 2323 5348 in

735 5360 1070 5429 corporibus,
1128 5363 1357 5436 aliisque
1404 5371 1654 5426 onmibus
1697 5374 2078 5435 documentum
2128 5382 2326 5453 impor-

737 5458 873 5513 tant,
916 5451 968 5506 in
1014 5453 1331 5522 amicorum,
1379 5461 1488 5515 imo
1515 5464 1810 5522 amicorum
1837 5451 2326 5539 genuiuorum—nuo

735 5554 883 5594 mero
911 5546 1241 5604 constituere
1271 5549 1432 5620 jussit
1456 5552 1718 5613 Christus.
1747 5560 1879 5616 Nam
1909 5564 2056 5632 dicit,
2097 5569 2322 5638 rapienti

732 5639 788 5682 rt
829 5630 1092 5691 auferenti
1139 5654 1206 5693 ne
1247 5643 1420 5699 solum
1462 5646 1604 5703 dona
1646 5651 1750 5707 alia
1795 5654 1981 5721 addas,
2033 5630 2125 5714 sed
2162 5630 2319 5717 etiam

731 5722 902 5789 ipsum
935 5726 1410 5789 vehementissimo
1455 5746 1508 5793 et
1546 5739 1758 5799 sincero
1787 5762 1967 5803 amore
1995 5750 2172 5824 dilige.
2206 5756 2316 5816 lloc

1470 311 1527 367 S.
1564 309 1845 366 JOANNIS
1884 307 2351 381 CllRYSOSTOMl
2383 308 2707 366 ARCHIEP.
2747 286 3291 371 CONSTANTINOP.

3996 320 4099 374 θοή]

2504 436 2663 487 sane,
2694 422 2798 478 hoc
2822 424 3096 481 declarare
3139 442 3261 481 cum
3292 426 3481 495 vellet,
3518 428 3592 483 ait
3635 446 3646 483 :
3689 428 3845 484 Orate
3882 448 3976 502 pro
4018 450 4101 485 m-

2500 514 2862 568 lumniantibus
2879 532 2964 571 vos
2989 516 3135 588 (Luc.
3164 516 3217 571 6.
3238 517 3329 590 28)
3362 537 3374 573 :
3402 519 3543 589 quod
3574 536 3669 591 pro
3698 521 3827 576 solis
3851 522 3935 588 iis,
3960 540 4095 594 quos

2497 604 2783 659 admodum
2811 608 3103 678 diligimus,
3154 612 3330 667 facere
3365 602 3624 669 solemus.
3669 614 3748 670 Ne
3787 631 3916 671 vero
3941 629 4096 687 putes

2499 697 2618 755 lucc
2642 700 2802 755 verba
2834 699 3181 771 hyperbolice
3210 703 3350 760 dicta
3386 704 3570 771 fuisse,
3604 722 3741 761 neve
3770 707 4092 765 diabolicam

2495 788 2715 843 Leucas
2756 789 3044 855 fallaciam,
3083 794 3345 848 rationem
3377 803 3431 850 et
3456 811 3675 852 causam
3704 811 4093 869 congruentem

2501 877 2648 933 dfert
2669 878 2753 934 ltis
2774 881 2954 935 verbis
2985 898 2997 934 :
3030 882 3091 936 Si
3118 884 3251 936 enim
3291 885 3570 941 dilexeritis
3601 904 3707 953 eos,
3736 892 3824 959 qui
3854 906 3939 942 vos
3964 891 4091 944 dili-

2490 982 2638 1038 gunt,
2697 988 2849 1042 quam
2894 974 3171 1027 mercedem
3214 976 3447 1030 habetis?
3489 993 3657 1031 nonne
3699 980 3958 1050 publicani
4004 982 4091 1035 id-

2490 1078 2658 1129 cpsum
2685 1064 2914 1134 faciunt?
2944 1064 3005 1117 Et
3043 1065 3088 1119 si
3117 1066 3339 1135 amplexi
3366 1067 3563 1138 fueritis
3593 1084 3699 1134 eos,
3728 1071 3814 1139 qui
3856 1088 3944 1124 vos
3972 1088 4089 1124 am-

2490 1156 2796 1221 plectuntur,
2830 1158 2953 1226 quid
2981 1160 3203 1228 aniplius
3232 1160 3445 1230 facitis?
3473 1177 3639 1216 nonne
3681 1171 3728 1216 et
3768 1164 3954 1217 ethnici
3993 1165 4092 1218 hoc

2489 1246 2683 1315 faciunt
2714 1246 2863 1319 (Luc.
2893 1249 2947 1303 6.
2981 1249 3115 1321 52)?
3154 1251 3284 1305 Cum
3330 1252 3490 1322 igitur
3517 1269 3547 1307 a
3576 1254 3892 1324 publicanis,
3924 1267 4092 1325 atque

2488 1339 2716 1393 ethnicis
2747 1340 2877 1393 nihil
2916 1341 3014 1395 hac
3053 1342 3103 1395 in
3133 1359 3193 1396 re
3218 1342 3551 1411 diil'eramus,
3580 1348 3852 1414 quomodo
3877 1363 3906 1401 a
3938 1350 4086 1404 luctu

2484 1438 2540 1482 et
2566 1444 2595 1481 a
2627 1430 2875 1501 lacrymis
2901 1434 3299 1501 temperemus?
3324 1434 3429 1489 Sed
3458 1437 3658 1490 utinam
3683 1437 3787 1491 hoc
3807 1438 4087 1496 dumtaxat
4161 1490 4164 1493 Α

2486 1521 2684 1574 malum
2712 1521 2928 1577 adesset
2954 1541 2967 1578 :
2998 1540 3141 1578 nunc
3162 1525 3305 1579 enim
3336 1534 3540 1581 tantum
3573 1530 3726 1583 abest
3755 1538 3812 1583 ut
3838 1530 4084 1585 inimicos

2481 1610 2785 1683 diligamus,
2825 1625 2881 1669 ut
2911 1616 3070 1669 etiam
3119 1632 3213 1671 eos
3243 1619 3332 1687 qui
3379 1634 3478 1673 nos
3518 1620 4082 1689 diliguntaversemur

2482 1711 2536 1757 et
2556 1703 2681 1759 odio
2706 1703 3018 1760 habeamus.
3043 1705 3287 1764 Invidere
3310 1725 3539 1781 namque
3563 1712 3688 1777 illis,
3713 1713 3893 1767 verbis
3918 1725 4083 1783 atque

2479 1796 2644 1864 gestis
2670 1798 2867 1851 nostris
2901 1799 3127 1869 gloriam
3158 1808 3213 1854 et
3253 1800 3445 1856 famam
3485 1804 3591 1857 illis
3622 1803 3855 1870 auferre,
3887 1805 4070 1862 odien-

2482 1888 2613 1941 tium
2652 1896 2707 1941 ct
2736 1892 3096 1945 aversantium
3136 1902 3237 1946 est.
3268 1891 3342 1946 Ita
3375 1909 3483 1947 non
3527 1896 3700 1949 solum
3737 1896 3804 1950 ab
3848 1896 4084 1953 ethnicis

2478 1978 2606 2032 nihil
2639 1978 2957 2047 differimus,
2991 1982 3084 2036 sed
3113 1998 3173 2035 ea
3227 1983 3277 2036 in
3320 1999 3379 2039 re
3411 1985 3568 2054 longe
3595 1987 3780 2055 pejore
3809 2002 3969 2056 quam
4000 1989 4081 2042 illi

2477 2070 2671 2125 affectu
2695 2087 2900 2127 sumus.
2941 2075 3021 2129 Ac
3045 2073 3291 2129 Christus
3313 2076 3527 2146 quidem
3561 2094 3669 2147 pro,
3693 2078 4081 2134 calumnianti-

2476 2163 2578 2216 bus
2619 2178 2774 2217 orare
2808 2163 2989 2233 jussit,
3032 2181 3130 2219 nos
3169 2176 3347 2221 autem
3379 2167 3533 2222 dolos
3569 2170 3976 2233 concinnamus,
4023 2182 4081 2227 et

2473 2252 2916 2309 tnaledicentibus
2947 2256 3269 2313 benedicere
3303 2258 3464 2329 jussi,
3510 2260 3731 2316 eosdem
3778 2261 4079 2319 innumeris

2470 2344 2772 2399 maledictis
2797 2361 3104 2402 oneramus.

2552 2434 2695 2490 Vana
2716 2437 2882 2508 gloria
2909 2438 3041 2493 bona
3070 2456 3227 2511 Opera
3256 2442 3458 2496 inutilia
3494 2443 3679 2498 reddit.
3709 2475 3783 2486 —
3806 2445 3943 2514 Quid
3972 2446 4077 2502 hac

2464 2531 2737 2585 contraria
2768 2531 2961 2602 agendi
3004 2534 3216 2590 ratione
3261 2535 3654 2604 vehementius,
3687 2538 3816 2608 quid
3856 2540 4077 2609 gravius

2466 2619 2569 2675 hac
2612 2637 2824 2693 pugna,
2875 2639 2977 2694 qua
3029 2634 3216 2680 contra
3274 2626 3636 2697 legislatorem
3681 2630 4069 2699 deccrtamus,

2464 2714 2715 2769 omnibus
2764 2715 2879 2785 ejus
2906 2717 3189 2788 prmceptis
3217 2718 3429 2774 adversi
3474 2722 3717 2775 stantes?
3756 2721 3887 2776 Nam
3917 2739 4075 2779 vana:

2461 2804 2647 2873 gloriae
2694 2807 3053 2876 tyrannidem,
3109 2824 3268 2879 quam
3316 2810 3431 2881 ipse
3479 2814 3829 2882 sequentibus
3884 2817 4071 2871 verbis

2462 2895 2708 2961 destruit,
2734 2912 2831 2952 nos
2850 2900 3117 2966 auximus,
3145 2899 3272 2955 dum
3300 2916 3418 2957 eam
3446 2918 3555 2959 non
3579 2904 3631 2957 in
3665 2919 3854 2973 preces
3882 2906 4069 2969 modo,

2455 2987 2658 3058 jejunia
2700 3000 2754 3044 et
2796 2991 3196 3060 eleetnosynas,
3241 2994 3334 3048 sed
3381 2996 3435 3049 in
3480 2997 3584 3050 alia
3624 3011 3840 3069 quoque
3885 3001 4069 3055 omnia

2461 3078 2805 3149 iudnximus,
2854 3084 3012 3153 eique
3058 3084 3176 3154 plus
3233 3101 3392 3155 quam
3442 3090 3585 3143 servi
3643 3090 3659 3121 ¹
3698 3090 3924 3160 quilibet
3967 3108 4070 3147 nos

2459 3172 2809 3241 subjicimus:
2840 3190 2999 3245 quam
3027 3191 3163 3245 rem,
3205 3178 3347 3248 quod
3380 3180 3662 3235 manifesta
3694 3183 3945 3237 Omnibus
3973 3186 4066 3248 sit,

2458 3274 2746 3333 prietereo,
2796 3265 2898 3321 hoc
2937 3268 3168 3338 adjecto,
3216 3286 3407 3341 nempe
3452 3288 3519 3327 ex
3562 3275 3868 3329 hominibus
3904 3278 4065 3342 alios,

2456 3365 2738 3426 postquam
2779 3368 3022 3415 extremo
3057 3364 3385 3433 contemptui
3427 3379 3486 3419 se
3531 3365 3873 3433 dediderunt,
3921 3370 4066 3425 nulla

2456 3444 2723 3521 praecepta
2749 3467 2940 3509 curare
2963 3471 2978 3515 ;
3009 3454 3143 3511 alios
3172 3472 3303 3512 vero
3335 3458 3595 3529 tantisper
3622 3460 3843 3530 obsequi
3871 3463 4065 3516 voleno

2456 3549 2556 3607 tes,
2601 3550 2656 3596 et
2681 3543 2857 3612 aliqua
2902 3559 3119 3602 servare
3145 3560 3411 3619 praecepta
3457 3550 3755 3617 studentes,
3790 3553 3842 3606 in
3894 3553 4065 3619 idem,

2451 3643 2614 3703 atque
2645 3635 2740 3701 illi,
2765 3636 3145 3694 detrimentum
3191 3657 3372 3709 ruere,
3401 3645 3543 3714 quod
3569 3647 3739 3699 nolint
3768 3662 3920 3700 vana:
3946 3648 4063 3717 glo-

2449 3717 2545 3781 τίω
2589 3728 2799 3784 vincula
2845 3730 3138 3801 deponere.
3186 3734 3253 3789 Et
3304 3737 3441 3791 alius
3488 3737 3705 3808 quidem
3752 3741 4063 3797 nullatenus

2450 3820 2848 3893 eleemosynam
2876 3835 3082 3897 erogat,
3112 3828 3201 3898 qui
3238 3839 3415 3884 autem
3447 3832 3630 3901 egenis
3660 3848 3878 3887 suorum
3907 3851 4060 3905 qna:-

2448 3911 2570 3967 dam
2605 3914 2844 3985 largitur,
2863 3917 2972 3978 sed
3001 3933 3133 3972 vana
3162 3930 3443 3989 permotus
3468 3924 3657 3991 gloria,
3693 3940 3799 3979 non
3830 3926 4060 3983 meliore

2448 4005 2757 4061 conditione
2796 4017 2898 4070 est,
2937 4025 3097 4078 quam
3138 4009 3184 4064 is
3228 4011 3317 4081 qui
3366 4013 3499 4067 nihil
3538 4013 3705 4069 dedit.
3744 4015 3832 4071 Sic
3867 4032 4059 4074 omnes

2448 4096 2687 4166 undique
2730 4098 2781 4152 iu
2822 4100 3045 4169 laqueos
3080 4116 3208 4157 suos
3249 4102 3432 4175 injecit
3476 4106 3763 4178 malignus.
3806 4109 3960 4176 Quod
4009 4114 4056 4166 si

2446 4189 2565 4257 quis
2604 4188 2706 4245 hoc
2736 4189 3117 4248 detrimentum
3146 4195 3316 4252 vitare
3347 4200 3536 4267 possit,
3579 4204 3813 4257 amentia
3858 4206 4052 4260 iterum

2444 4292 2744 4350 correptus,
2790 4284 2845 4338 in
2885 4285 3132 4341 eamdem
3164 4289 3372 4344 ruinam
3407 4292 3623 4360 incidet,
3661 4294 3769 4349 imo
3812 4296 3861 4349 in
3894 4297 4052 4367 longe

2442 4372 2788 4441 graviorem:
2823 4390 2929 4430 non
2978 4378 3154 4433 solum
3199 4380 3366 4445 enim,
3414 4391 3471 4436 ut
3512 4395 3658 4450 ante,
3711 4402 3833 4441 eum
3879 4388 4050 4443 detri-

2442 4473 2625 4518 mento
2652 4467 2875 4531 recedit,
2910 4468 3005 4524 sed
3053 4485 3193 4526 novo
3218 4473 3381 4527 etiam
3409 4473 3633 4532 affectus
3662 4479 3823 4533 malo.
3855 4479 4049 4536 Multos

2442 4568 2541 4623 ego
2586 4558 2729 4621 novi,
2784 4559 2871 4627 qui
2908 4575 3012 4614 non
3058 4559 3143 4615 his
3186 4563 3358 4617 solum
3403 4567 3579 4620 causis
3620 4567 3905 4635 ducuntur,
3952 4574 4047 4627 sed

2442 4658 2627 4701 amore
2671 4648 2833 4701 etiam
2865 4650 2947 4704 vel
2972 4654 3295 4719 reverentia,
3327 4654 3517 4711 aliisve
3546 4659 3829 4726 similibus,
3859 4664 4047 4733 egenis

2439 4749 2595 4804 opem
2613 4752 2992 4807 procurantes,
3030 4759 3134 4797 non
3157 4754 3337 4799 autem
3362 4761 3428 4800 ex
3454 4747 3546 4802 Dei
3574 4749 3767 4805 timore
3792 4762 3881 4806 aut
3904 4768 4047 4821 prte-

2436 4836 2614 4896 cepto.
2637 4829 2769 4883 Cum
2800 4831 2977 4901 itaque
3000 4842 3077 4888 tot
3104 4835 3411 4904 hujusmodi
3440 4838 3547 4892 sint
3569 4856 3689 4910 quin
3716 4857 3876 4911 opera
3901 4844 4044 4900 bona

2437 4917 2779 4987 labefactent,
2811 4924 3037 4992 quisex
3079 4925 3166 4989 iis,
3204 4926 3297 4996 qui
3342 4927 3395 4982 iu
3429 4927 3545 4984 haec
3590 4932 3727 4986 mala
3774 4933 4041 5002 incidunt,

2435 5008 2591 5066 facile
2621 5015 2815 5081 poterit
2844 5016 3070 5082 salutent
3102 5020 3396 5089 consequi?

2508 5104 2562 5158 5.
2592 5104 2727 5159 Illud
2758 5116 2934 5161 autem
2967 5108 3179 5181 (Matth.
3214 5111 3267 5165 6.
3296 5112 3401 5182 12)
3426 5156 3439 5178 ,
3468 5111 3680 5170 Dimitte
3705 5117 3847 5173 nobis
3871 5120 4045 5175 delum

2433 5204 2609 5250 nostra
2628 5238 2643 5263 ,
2674 5198 2806 5251 sicut
2825 5208 2871 5252 et
2896 5217 2989 5254 nos
3005 5200 3308 5269 dimittimus
3332 5205 3642 5261 debitoribus
3668 5212 3853 5264 nostris
3869 5254 3883 5277 ,
3911 5211 4038 5279 hoc,

2434 5286 2683 5354 inquam,
2717 5289 2836 5358 quis
2862 5306 2985 5345 cum
3033 5290 3223 5347 ﬁducia
3272 5294 3453 5350 dicat?
3484 5295 3714 5355 Etiamsi
3754 5302 3898 5357 enim
3926 5319 4037 5359 non

2434 5377 2690 5434 laudamus
2728 5382 2977 5439 inimicos
3001 5427 3016 5452 ,
3058 5386 3252 5442 vulnus
3295 5398 3473 5445 tamen
3514 5391 3813 5450 insanabile
3854 5411 4042 5452 serva-

2432 5486 2573 5525 mus.
2593 5471 2836 5529 Christus
2858 5492 2987 5532 vero
3009 5493 3113 5533 non
3137 5490 3194 5534 ut
3215 5481 3288 5561 ita
3308 5483 3481 5539 solum
3507 5485 3838 5544 dimittamus
3861 5500 4035 5561 Optat,

2431 5562 2528 5617 sed
2576 5571 2633 5618 ut
2675 5580 2769 5619 eos
2815 5567 2955 5622 inter
3001 5555 3445 5640 primos-amicos
3492 5564 3860 5634 numeremiis.
3908 5580 4039 5635 Ideo

2432 5654 2645 5726 itaque,
2687 5668 2744 5712 ut
2786 5661 2934 5729 prius
2962 5661 3105 5727 dixi,
3151 5682 3246 5732 pro
3284 5667 3347 5722 iis
3376 5682 3533 5725 orare
3557 5669 3735 5741 jussit.
3778 5670 3834 5729 Si
3872 5687 4037 5744 porro

2502 5775 2514 5804 ι
2556 5780 2672 5837 Vox,
2702 5774 2852 5839 servi,
2877 5774 3022 5827 deest
3046 5779 3093 5827 in
3118 5780 3249 5831 Colb.
