4266 6314
134 367 242 420 591)

206 484 272 536 δ’.
314 484 456 549 Τοὺς
484 487 592 557 γάρ
632 487 757 558 περὶ
790 487 883 540 τοῦ
917 488 991 558 μὴ
1020 488 1131 541 δεῖν
1163 489 1389 561 ὀμνύναι
1422 491 1708 561 κειμένους
1738 491 1832 543 καὶ

134 564 475 635 αἰσχύνομαι
511 566 716 633 λέγειν,
765 567 825 619 οὐ
850 566 938 618 διὰ
962 567 1059 630 τὰς
1091 570 1441 639 ὁρκωμοσίας
1489 570 1669 641 μόνον,
1697 570 1834 623 άλλά

138 644 235 694 καὶ
266 643 360 696 διὰ
416 645 519 708 τὰς
567 646 851 716 ἐπιορκίας
895 646 997 708 τὰς
1059 651 1324 717 συνεχεῖς.
1373 649 1435 721 Ei
1477 650 1587 719 7&9
1639 650 1733 702 καὶ
1774 650 1833 702 τὸ

134 722 396 791 ὀμνύναι,
437 724 541 777 κᾶν
577 727 778 795 εὐορκῇ
813 742 918 788 τις,
936 725 1189 797 ἔγκλημα
1214 729 1308 779 καὶ
1332 727 1555 797 ἐντολῆς
1581 728 1836 800 παράϐα-

138 819 245 867 σις,
296 803 402 855 ποῦ
445 805 544 874 τὴν
580 805 863 874 ἐπιορκίαν
902 805 1175 875 θήσομεν-ς
1215 807 1279 859 Εἰ
1315 806 1425 878 γάρ
1454 808 1515 859 τὸ
1572 807 1833 879 περισσὸν

136 880 231 933 τοῦ
259 882 356 935 ναὶ
386 885 481 937 καὶ
507 883 602 936 τοῦ
638 883 698 936 οὐ
720 886 784 937 ἐκ
811 884 905 936 τοῦ
930 883 1201 954 Πονηροῦ,
1225 886 1287 938 τὸ
1311 886 1404 939 καὶ
1422 885 1612 939 τούτου
1636 903 1833 957 περισ-

136 960 368 1030 σότερον
414 962 557 1025 τίνος
592 963 743 1014 ἔσται
772 961 987 1025 λοιπόν;
1028 958 1161 1016 Εἶτα
1206 964 1366 1017 πάλιν
1407 963 1571 1034 φησίν
1596 972 1647 1001 ἀ
1691 964 1836 1017 Ἐάν

134 1040 230 1103 τίς
258 1057 339 1093 σε
367 1042 605 1108 ραετίσῃ
662 1044 750 1105 εἰς
806 1040 921 1108 τὴν
967 1040 1199 1104 δεξιὰν
1229 1044 1506 1111 σιαγόνα,
1563 1042 1835 1111 στρέψον

132 1117 306 1183 αὐτῷ
348 1119 447 1171 καὶ
488 1118 600 1185 τὴν
630 1119 850 1185 ἀλλην·
876 1119 975 1171 καί
1014 1118 1095 1184 τῷ
1127 1120 1367 1173 θέλοντί
1403 1135 1502 1173 σοι
1538 1119 1831 1188 κριθῆναι,

135 1196 240 1248 καί
274 1198 388 1250 τὸν
431 1197 652 1267 χιτῶικὶ
683 1216 799 1252 σου
829 1199 1058 1261 λαϐεῖν,
1096 1198 1248 1267 ἄφες
1276 1199 1439 1265 αὐτῷ
1466 1200 1561 1253 καὶ
1593 1200 1659 1253 τὸ
1700 1200 1835 1269 ἰμά-

134 1294 293 1330 τιον*
337 1279 435 1331 καὶ
469 1278 579 1331 ἑάν
610 1281 703 1344 τίς
754 1294 828 1332 σε
880 1280 1227 1348 ἁγγαρεύσῃ
1272 1279 1437 1352 [128]
1486 1280 1696 1349 μίλιον
1741 1280 1831 1344 ἒν,

133 1357 338 1425 ὕπαγε
362 1360 492 1424 μετ’
520 1358 707 1415 αὑτοῦ
733 1358 862 1412 δύο·
888 1360 985 1412 καὶ
1026 1357 1106 1423 τῷ
1130 1360 1398 1415 αἰτοῦντί
1425 1375 1499 1413 σε
1520 1359 1712 1422 δίδου,
1739 1359 1836 1412 καὶ

136 1435 246 1485 τόν
288 1435 545 1489 θέλοντα
574 1436 693 1491 ἀπὸ
724 1438 841 1491 σοῦ
874 1437 1274 1493 δανείσασθαι
1298 1439 1384 1508 μὴ
1411 1437 1832 1507 ἀποστραφῇς.

133 1513 201 1564 Τί
231 1513 300 1564 ἂν
349 1532 433 1577 τις
475 1516 618 1567 εἴποι
667 1517 804 1587 πρὸς
854 1517 1062 1581 ταῦτα;
1125 1518 1240 1587 Ἐφ’
1288 1520 1519 1573 ἑκάστου
1577 1518 1684 1588 γὰρ
1726 1519 1836 1571 τῶν

132 1594 451 1665 εἰρημένων
471 1595 728 1667 δακρύειν
759 1597 919 1667 μόνον
950 1600 1045 1652 καὶ
1083 1598 1526 1665 ἐγκαλύπτεσθαι
1565 1596 1832 1651 λείπεται·

132 1674 315 1735 οὕτως
347 1676 410 1727 ἐκ
438 1675 733 1746 διαμέτρου
764 1675 899 1748 πρὸς
929 1680 1030 1747 τὴν
1068 1678 1318 1731 ἐναντίαν
1348 1676 1761 1747 ἀντεταξάμεθα
1783 1678 1834 1746 b,

130 1754 219 1815 εἰς
250 1753 465 1823 κρίσεις
498 1756 593 1807 καὶ
632 1756 810 1825 μάχας
829 1755 934 1829 ,καὶ
968 1755 1121 1819 δίκας
1154 1757 1247 1811 καὶ
1278 1757 1719 1828 ἀμφισϐητήσεις
1744 1756 1835 1810 τὸν

135 1833 361 1886 ἅπαντα
387 1834 579 1904 χρόνον
627 1835 1034 1897 ἀναλίσκοντες,
1087 1836 1181 1889 καὶ
1228 1836 1364 1906 μηδέ
1409 1836 1667 1907 βραχεῖαν
1699 1837 1837 1903 ἐπή-

135 1928 297 1981 ρειαν
334 1914 611 1983 φέροντες,
658 1914 733 1984 μὴ
771 1913 870 1984 τὴν
907 1914 1016 1967 ἀπὸ
1049 1914 1162 1968 τῶν
1204 1917 1572 1986 πραγμάτων,
1606 1915 1680 1986 μὴ
1736 1915 1835 1986 τὴν

128 1990 245 2044 ἀπὸ
268 1990 377 2043 τῶν
400 1990 682 2062 ῥημάτων,
698 1992 834 2046 ἀλλά
851 1994 943 2046 καὶ
968 1993 1105 2064 πρὸς
1128 1994 1189 2046 τὸ
1206 1994 1372 2065 τυχὸν
1394 1994 1527 2065 ἐκθη
1538 1994 1651 2063 ριού
1661 2012 1832 2065 μενοι.

206 2072 274 2123 Εἰ
295 2070 351 2124 δέ
375 2071 520 2142 ἔχοις
545 2071 699 2137 τινάς
722 2072 901 2141 λέγειν
929 2072 1035 2127 τῶν
1063 2074 1233 2127 πολλά
1262 2075 1361 2143 μὲν
1381 2074 1741 2145 ἀνηλωκότων
1757 2076 1836 2139 είς

132 2150 385 2221 πένητας
406 2188 421 2210 ,
448 2152 980 2223 καταφρονουμένων
1020 2153 1077 2205 δὲ
1111 2153 1196 2206 διά
1236 2155 1337 2225 τὴν
1366 2154 1559 2207 πενίαν
1587 2152 1833 2227 ὕστερον,

134 2230 232 2281 καὶ
277 2229 449 2300 μυρία
496 2231 816 2300 πασχόντων
861 2231 1027 2295 κακὰ,
1081 2231 1298 2299 ὀλίγους
1351 2231 1449 2302 μὲν
1487 2231 1712 2296 τούτους
1741 2234 1836 2287 καὶ

129 2308 547 2381 εὐαριθμήτους
592 2310 762 2379 ἐρεῖς·
790 2310 929 2381 πλὴν
968 2312 1082 2364 ἀλλ’
1113 2311 1235 2383 οὐδὲ
1284 2310 1428 2364 οὕτω
1461 2310 1553 2363 τὸν
1599 2311 1836 2365 ἐνταῦθα

130 2389 633 2460 ἀναγεγραμμένον
674 2392 808 2460 ἡμῖν
850 2389 1142 2459 φιλόσοφον
1174 2389 1382 2455 ἔδειξας
1402 2406 1416 2420 ο
1449 2390 1585 2444 πολὺ
1611 2388 1721 2461 γὰρ
1747 2383 1838 2443 οῦ-

130 2487 225 2533 τος
265 2470 477 2523 ἐκείνου
528 2470 622 2523 τοῦ
656 2472 772 2541 βίου
807 2471 1344 2543 πνευματικώτερος.
1378 2471 1515 2525 Οὐδὲ
1544 2475 1652 2543 γάρ
1688 2474 1837 2525 ἐστιν

134 2549 255 2602 ἴσον
326 2550 522 2602 ἑκόντα
597 2550 814 2616 δοῦναι,
890 2552 985 2605 καὶ
1054 2551 1533 2622 ἀποστερούμενον
1618 2552 1837 2605 πάντων

131 2629 403 2697 ἐνεγκεῖν.
435 2629 499 2681 Τί
544 2629 602 2683 δέ
636 2630 781 2699 λέγω
823 2632 1096 2699 ἐνεγκεῖν;
1123 2630 1151 2683 ὂ
1184 2630 1295 2702 7&9
1340 2631 1368 2681 6
1414 2630 1651 2702 Χριστὸς
1692 2626 1834 2699 εἷπε,

133 2706 322 2777 πολλῷ
362 2707 554 2762 τούτου
608 2708 769 2762 πάλιν
837 2709 1019 2780 μεῖζόν
1081 2712 1216 2763 ἐστι.
1280 2709 1548 2763 Τοσοῦτον
1608 2711 1665 2764 δὲ
1728 2712 1839 2764 ἀπ-

130 2785 366 2858 έστησεν
398 2798 420 2826 ε
469 2790 498 2841 6
540 2787 697 2856 λόγος
752 2787 861 2840 τῶν
919 2787 1291 2855 ἀδικουμένων
1347 2789 1441 2852 τὰς
1502 2789 1681 2860 ψυχὰς
1739 2791 1840 2861 τῆς

132 2865 275 2935 πρὸς
317 2867 444 2930 τοὺς
495 2867 814 2930 ἀδικοῦντας
855 2867 1052 2937 ὀργῆς,
1109 2868 1187 2931 ώς
1222 2867 1295 2939 μὴ
1345 2868 1508 2938 μόνον
1546 2870 1687 2940 ὑπὲρ
1730 2871 1839 2924 τῶν

128 2944 236 3013 ἤδη
307 2946 623 3015 ληφθέντων
687 2948 761 3018 μὴ
834 2946 1211 3017 δυσχεραίνειν
1238 2988 1253 3009 ,
1342 2947 1479 3001 ἀλλά
1551 2951 1646 3002 καὶ
1735 2949 1840 3003 τῶν

130 3025 576 3095 ὑπολειφθέντων
640 3028 865 3089 ἑκόντας
942 3029 1327 3098 παραχωρεῖν,
1377 3028 1480 3079 καὶ·
1534 3028 1637 3097 τῆς
1690 3028 1838 3080 ἐκεί-

129 3125 237 3162 νων
301 3108 501 3179 μανίας
545 3107 677 3179 περὶ
734 3106 794 3159 τὸ
850 3105 1038 3167 κακῶς
1092 3109 1267 3158 ποιεῖν
1326 3104 1551 3175 μείζονα
1589 3106 1719 3178 περὶ
1778 3107 1840 3159 τὸ

130 3186 326 3251 κακῶς
368 3186 600 3256 πάσχειν
647 3184 1056 3239 ἐπιδείκνυσθαι
1099 3186 1200 3255 τὴν
1252 3185 1566 3256 προθυμίαν
1609 3183 1635 3221 ἀ
1668 3186 1836 3256 ἡμᾶς.

131 3268 312 3320 Ὅταν
345 3266 458 3336 γάρ
498 3268 526 3318 ό
569 3263 895 3335 βουλόμενος
937 3264 1145 3317 ἀδικεῖν
1178 3264 1314 3335 εύρῃ
1350 3265 1443 3316 τὸν
1479 3264 1840 3336 ἀδικούμενον

131 3347 301 3401 πλέον
353 3344 877 3417 παρεσκευασμένον
924 3343 1062 3414 πρὸς
1108 3343 1169 3396 τὸ
1203 3343 1397 3396 παθεῖν
1438 3343 1585 3415 ήπερ
1634 3345 1841 3411 ἐκεῖνος

131 3426 411 3488 ἐϐούλετο,
460 3425 554 3477 καὶ
609 3424 708 3494 τὴν
758 3422 1056 3493 ἐπιθυμίαν
1116 3422 1409 3493 ἐμπλήσας
1462 3422 1561 3492 τὴν
1616 3424 1837 3491 ἑαυτοῦ,

130 3506 227 3559 τὸν
279 3502 695 3576 ἐπηρεασθέντα
744 3503 809 3554 ἐκ
861 3501 1185 3571 περιουσίας
1236 3502 1318 3574 ίδῃ
1363 3501 1836 3573 φιλοτιμούμενον,

129 3587 357 3639 ἄπεισιν
405 3583 742 3654 ἡττημένος,
796 3580 897 3649 τὴν
959 3580 1270 3653 ὑπερϐολὴν
1318 3582 1418 3651 τῆς
1484 3583 1839 3649 ἀνεξικακίας

131 3664 501 3737 ἐρυθριάσας·
541 3662 643 3715 κᾶν
695 3660 828 3730 γοῦν
859 3660 1048 3732 θηρίον
1082 3658 1151 3734 ᾗ,
1189 3661 1293 3714 κᾶν
1338 3660 1526 3732 ἐτερόν
1558 3680 1612 3715 τι
1646 3662 1839 3718 τούτου

129 3744 543 3814 χαλεπώτερον,
603 3741 976 3813 μετριώτερος
1025 3740 1180 3793 ἔσται
1232 3740 1326 3794 τοῦ
1380 3740 1591 3807 λοιποῦ,
1634 3744 1733 3813 τήν
1779 3760 1837 3797 τε

130 3824 307 3878 αὐτοῦ
341 3823 542 3877 κακίαν
582 3823 675 3873 καὶ
710 3819 808 3891 τὴν
862 3820 1067 3893 ἀρετὴν
1113 3820 1325 3873 ἐκείνου
1362 3820 1544 3885 καλῶς
1598 3821 1709 3875 ἀπὸ
1738 3823 1839 3893 τῆς

132 3903 480 3976 συγκρίσεως
513 3900 718 3971 ταύτης
751 3898 896 3952 ἰδών.
927 3899 1130 3953 Τοῦτον
1160 3899 1271 3968 ἐγὼ
1302 3900 1393 3953 τὸν
1430 3900 1546 3971 βίον
1590 3902 1838 3975 ἐπιζητῶ

131 3984 255 4050 νῦν,
300 3984 358 4037 ὃν
396 3983 556 4053 μόνον
594 3980 652 4032 ἐν
690 3982 809 4042 ταῖς
844 3979 1106 4050 Γραφαῖς-
1124 3980 1379 4050 κείμενον
1422 3980 1559 4047 ὁρῶ,
1602 3982 1837 4053 ἀλλαχοῦ

130 4066 193 4119 δὲ
227 4067 325 4119 καὶ
366 4066 458 4117 ἐπὶ
502 4062 610 4115 τῶν
646 4061 824 4132 ἔργων
866 4058 1129 4131 οὐδαμοῦ.
1172 4061 1265 4131 Μὴ
1308 4059 1419 4133 γάρ
1468 4078 1558 4132 μοι
1592 4062 1683 4114 τὸν
1716 4064 1838 4134 ἠδι-

132 4145 382 4218 κημένον
444 4146 606 4213 εἴπῃς
668 4143 761 4193 καὶ
822 4136 1087 4207 ἀτέγοντα
1122 4148 1179 4176 ⁸·
1231 4140 1523 4210 συμϐαίνει
1575 4141 1685 4213 γὰρ
1742 4142 1837 4195 καὶ

132 4224 295 4297 παρά
338 4223 640 4292 ἀδυναμίαν
676 4219 836 4272 τοῦτο
894 4218 1109 4272 παθεῖν.
1158 4219 1221 4271 El
1272 4218 1331 4271 δὲ
1376 4219 1470 4272 καὶ
1520 4221 1659 4290 πρὸς
1710 4222 1838 4286 τοὺς

131 4296 439 4376 ὁμοτίμους
469 4304 564 4355 καὶ
589 4296 668 4367 οἷς
699 4300 924 4353 δυνατὸν
959 4298 1272 4364 ἐπεξελθεῖν
1302 4300 1620 4365 ἐπεδείξατο
1657 4300 1836 4369 τοῦτο,

132 4386 277 4441 ἀλλά
320 4386 382 4439 οὐ
416 4384 578 4456 μέχρι
627 4382 908 4448 τοσούτου,
943 4381 1018 4447 ώς
1055 4380 1150 4435 καὶ
1184 4381 1284 4456 τὴν
1331 4381 1629 4454 ἐπιθυμίαν
1664 4384 1837 4455 ὐπερ-

132 4455 425 4522 ακοντισαι
458 4466 558 4537 τὴν
592 4464 827 4526 ἐκείνου,
860 4463 954 4516 καὶ
996 4462 1159 4516 πλέον
1214 4455 1288 4515 ὧν
1322 4460 1575 4516 ἐϐούλετο
1619 4463 1833 4528 δοῦναι,

134 4548 237 4601 καὶ
282 4549 396 4608 τοῖς
440 4544 618 4598 ἑκοντὶ
684 4542 1063 4614 προστεθεῖσι,
1114 4542 1213 4614 τὴν
1262 4542 1356 4594 ἐπὶ
1400 4545 1516 4606 τοῖς
1565 4542 1657 4614 βία
1701 4546 1839 4597 ἀπο-

137 4626 435 4681 σπασθεῖσι
489 4624 662 4689 δεῖξαι
721 4622 1128 4693 μακροθυμίαν.
1185 4620 1259 4673 Τὸ
1308 4621 1365 4675 δὲ
1415 4621 1625 4675 τούτων
1674 4623 1839 4677 πάλιν

136 4706 417 4777 ἀνώτερον
456 4705 549 4758 καὶ
583 4702 756 4772 αὐτῆς
799 4700 1107 4770 ἀπτόμενον
1140 4699 1241 4769 τῆς
1287 4701 1555 4771 κορυφῆς,
1600 4702 1728 4765 τούς
1770 4703 1840 4755 τά

136 4781 374 4840 τοιαῦτα
411 4781 817 4855 ἐργαζομένους
856 4782 937 4842 είς
968 4780 1137 4850 ήιιᾶς,
1172 4777 1267 4831 καὶ
1302 4779 1712 4850 ἐπηρεάζοντας
1746 4781 1841 4835 καί

138 4867 391 4937 χρήμασι
423 4864 518 4917 καὶ
566 4862 782 4933 σώμασι
826 4858 923 4913 κα)⁸
955 4860 1068 4921 τοῖς
1097 4856 1278 4919 ἄλλοις
1314 4858 1542 4924 ἅπασιν,
1574 4859 1633 4912 ἐν
1668 4860 1839 4930 φίλων

137 4936 318 5010 τάξει,
351 4943 447 4997 καὶ
489 4942 659 5010 φίλων
699 4939 811 4994 τῶν
856 4937 1099 5007 γνησίων
1148 4936 1509 4990 κατατάττειν
1551 4938 1840 4993 ἐκέλευσεν

139 5026 169 5078 ὁ
198 5023 458 5095 Χριστός.
492 5022 586 5092 Μὴ
629 5018 739 5091 γὰρ
772 5016 1059 5095 προσδίδου
1095 5015 1257 5095 μόνον
1282 5014 1361 5087 τῷ
1394 5016 1699 5095 ἀρπάζοντι
1744 5020 1841 5075 καὶ

142 5093 565 5157 πλεονεκτοῦντι
590 5140 605 5165 ,
638 5098 826 5170 φησιν,
853 5094 1113 5149 ἀλλὰκαὶ
1160 5093 1305 5153 φίλει
1342 5094 1532 5149 τοῦτον
1573 5096 1726 5173 φιλίᾳ
1768 5100 1837 5171 τῇ

208 5244 235 5312 5‘
260 5242 460 5312 ἑορτάν
490 5241 610 5312 θεςά
630 5241 682 5312 ἐξ
701 5237 851 5312 tu?“
873 5253 1033 5312 φηςιν·
1058 5236 1142 5311 βίίὲ
1170 5236 1387 5312 Com”?

207 5305 238 5347 δ
262 5305 402 5357 Colb.
426 5299 702 5364 ἐταξάμεθα.
723 5301 859 5350 Idem
882 5299 1006 5349 intra
1051 5299 1147 5364 ἀπὸ
1169 5303 1481 5364 πραγμάτων,
1507 5316 1572 5364 μη
1614 5317 1702 5364 την
1742 5300 1839 5350 ἀπὸ

145 5368 390 5435 ῥημάτων.
416 5366 537 5426 Qum
563 5361 713 5414 {eclio
736 5375 835 5412 non
862 5361 1163 5424 spernenda.
1189 5361 1299 5409 Mox
1327 5362 1461 5410 idem
1482 5361 1523 5411 ιι
1544 5363 1596 5411 δὲ
1617 5363 1761 5427 ἔχοις,
1787 5370 1837 5414 ει

143 5430 263 5484 πρὸς
280 5430 500 5484 πένητας.

213 5445 564 5498 οςπενηταςο,
709 5487 721 5499 ,
788 5488 798 5496 ,

213 5491 951 5558 ῗςριιξῖρσοντενγερεπεετο
998 5545 1051 5558 ..
1126 5548 1157 5558 .-
1270 5545 1283 5558 .
1501 5547 1521 5558 .
1596 5545 1607 5558 .

212 5552 241 5593 ἀ
260 5553 343 5602 Sic
361 5552 499 5601 Colb.
525 5556 579 5599 et
600 5545 751 5599 Sam:
780 5549 829 5597 In
860 5545 1026 5596 Morel.
1039 5545 1320 5609 Ιθεηιπτήν
1342 5545 1685 5609 μακροθυμίαν.
1708 5546 1840 5609 Infra

147 5616 287 5673 Colb,
308 5614 428 5677 πρὸς
442 5613 499 5661 τὸ
523 5609 670 5677 τοῦτο
691 5610 871 5677 παθεῖν.
895 5610 1050 5677 S_avi_l.
1074 5608 1321 5677 e_t_MOI_‘ql.
1339 5608 1457 5677 πρὸς
1475 5609 1532 5677 τρ
1551 5608 1730 5677 παθεῖν.
1758 5608 1841 5677 l_n-

148 5679 221 5728 fra
242 5669 380 5727 Colli.
401 5676 589 5724 ἄπεισιν
608 5674 842 5733 ἡττηθεὶς,
860 5673 942 5719 καὶ
959 5671 1063 5728 τήν.
1101 5669 1215 5719 Mox
1237 5669 1368 5719 idem
1381 5669 1480 5717 κάν
1503 5670 1681 5734 θηρίον,
1695 5670 1841 5720 omis-

149 5754 206 5789 so
226 5755 360 5801 γουνε
486 5758 492 5765 ·

784 5488 951 5535 ἁπεστ.

217 5792 398 5850 θ’(ἷοιι).
434 5798 705 5863 στέγονταζ
722 5794 1144 5863 τελείαῇειθρὶηι
1179 5806 1275 5863 yox
1308 5806 1334 5842 a
1357 5793 1707 5863 Chrygostoxpp
1723 5792 1838 5863 alibi

151 5866 407 5915 hocsensu
420 5858 660 5911 adhibita.
674 5854 823 5907 Savil.
838 5855 1072 5905 etMorel.
1105 5856 1382 5918 στέργοντα,
1404 5857 1550 5918 male.
1566 5883 1627 5893 —
1640 5854 1747 5904 Non
1771 5854 1839 5906 ita

152 5926 306 5980 male,
328 5926 539 5984 στέργειν
559 5919 691 5984 enigp
717 5922 766 5967 in
786 5923 878 5968 hoc
901 5930 1050 5969 sensu
1074 5917 1333 5979 acceptum
1357 5917 1417 5967 ad
1450 5920 1685 5979 optimam
1709 5930 1837 5982 gra-

153 5991 355 6039 citalcm
382 5981 619 6046 pbflinel.
644 5981 777 6033 Εοιτ.

1080 375 1168 430 DE
1209 369 1774 442 COMPUNCTIONE,
1816 376 1905 430 AD
1942 373 2382 431 DEMETRIUM.
2422 372 2549 427 LIB.
2601 372 2646 427 Ι.

3524 372 3630 427 100

1942 488 2282 562 σφοδροτάτῃ
2323 487 2418 541 καὶ
2454 487 2755 558 εἰλικρινεῖ.
2790 480 2974 539 Τοῦτο
2997 486 3084 557 δὴ,
3114 484 3274 539 τοῦτο
3306 483 3401 538 καὶ
3456 500 3629 556 παρα·-

1939 571 2133 639 στῆσαι
2170 567 2191 607 ί
2232 568 2556 639 βουλόμενος
2614 564 2764 620 εἶπεν
2795 585 2808 598 ·
2840 567 3112 635 Εὔχεσθε
3156 565 3311 632 ὑπὲρ
3354 564 3474 617 τῶν
3517 565 3607 619 ἐπι

1935 647 2305 717 ηρεαζόντων
2332 647 2517 716 ὑμᾶς’
2547 649 2683 719 ὅπερ
2729 648 2821 699 ἐπὶ
2846 646 2954 698 τῶν
2986 645 3191 717 σφόδρα
3237 644 3629 714 ἀγαπωμένων

1936 731 2112 780 ποιεῖν
2168 727 2441 797 είώθαμεν
2488 727 2667 798 μόνον.
2712 726 2823 779 Καὶ
2864 725 2951 777 ἵνα
2994 725 3068 795 μὴ
3123 724 3283 778 πάλιν
3317 721 3630 793 ὑπερϐολῆς

1935 808 2162 880 νομίσῃς
2205 804 2342 861 εἶναι
2394 808 2462 860 τά
2509 808 2748 877 ῥήματα,
2796 807 2891 859 καὶ
2928 804 3027 875 τὴν
3072 804 3381 875 διαϐολικήν
3443 806 3627 856 ἐπεισο

1935 887 2151 958 αγάγῃς
2180 887 2419 957 ἀπάτην,
2443 887 2767 957 προστίθησι
2798 884 2885 955 τῷ
2905 884 3195 955 πράγματι
3226 882 3508 954 λογισμὸν,
3536 882 3631 935 καὶ

1936 966 2120 1019 αἰτίαν
2173 965 2394 1018 δικαίαν
2445 965 2652 1032 λέγων’
2698 965 2834 1018 Ἐὰν
2890 964 3003 1033 γὰρ
3056 963 3415 1032 ἀγαπήσητε
3486 960 3631 1027 τοὺς

1936 1043 2297 1113 ἀγαπῶντας
2342 1042 2521 1112 ὑμᾶς,
2558 1045 2694 1096 τίνα
2735 1044 2960 1113 μισθόν
3005 1042 3208 1111 ἔχεως
3244 1042 3385 1109 οὐχὶ
3432 1039 3531 1093 καί
3574 1043 3631 1093 οἱ

1938 1120 2192 1176 τελῶναι
2240 1122 2310 1176 τὸ
2362 1121 2509 1176 αὐτὸ
2569 1121 2721 1193 [129]
2778 1122 2957 1176 τοῦτο
3009 1121 3294 1183 ποιοῦσι;
3348 1121 3459 1177 Καὶ
3521 1119 3632 1174 ἐὰν

1937 1201 2309 1269 ἀσπάσησθε
2356 1202 2500 1268 τοὺς
2560 1199 3020 1266 ἀσπαζομένους
3076 1198 3264 1269 ὑμᾶς,
3314 1200 3372 1251 τι
3420 1210 3630 1265 περισ-

1938 1281 2057 1334 σόν
2085 1282 2343 1347 ποιεῖτε;
2380 1281 2519 1351 οὐχὶ
2552 1282 2651 1335 καὶ
2683 1286 2738 1335 oi
2772 1282 2993 1335 ἐθνικοὶ
3030 1282 3209 1334 τοῦτο
3244 1278 3531 1333 ποιοῦσιν
3568 1280 3594 1318 ε
3613 1294 3631 1345 ;

1941 1360 2111 1413 Ὅταν
2155 1357 2249 1413 οὖν
2283 1360 2390 1414 τῶν
2437 1361 2688 1414 τελωνῶν
2730 1358 2827 1413 καὶ
2864 1359 2973 1412 τῶν
3006 1360 3237 1412 ἐθνικῶν
3284 1358 3451 1430 μηδὲν
3487 1356 3631 1411 κατά

1937 1439 2095 1493 τοῦτο
2136 1440 2506 1509 διαφέρωμεν,
2555 1438 2675 1502 πῶς
2707 1440 2768 1491 οὐ
2802 1438 3023 1491 πενθεῖν
3058 1438 3207 1502 ἄξιον
3247 1437 3343 1491 καὶ
3396 1435 3631 1490 κατακό-

1939 1519 2191 1585 πτεσθαι;
2230 1521 2339 1573 Καὶ
2384 1519 2495 1573 εἴθε
2555 1517 2714 1572 τοῦτο
2762 1520 2922 1589 μόνον
2959 1514 3026 1588 ἦν
3076 1518 3137 1570 τὸ
3182 1518 3388 1570 δεινόν·
3439 1515 3534 1569 νῦν
3574 1514 3633 1568 δὲ

1938 1599 2193 1652 τοσούτου
2224 1598 2530 1668 ἀποδέομεν
2558 1600 2685 1661 τοὺς
2727 1598 2956 1669 ἐχθροὺς
2989 1599 3232 1666 ἀγαπᾷν,
3270 1596 3346 1659 ὡς
3375 1596 3470 1649 καὶ
3502 1595 3633 1658 τοὺς

1938 1679 2270 1746 ἀγαπῶντας
2306 1677 2748 1749 ἀποστρέφεσθαι
2778 1677 2872 1730 καὶ
2905 1680 3105 1747 μισεῖν.
3132 1677 3205 1729 Τὸ
3252 1674 3362 1745 γάρ
3399 1673 3631 1749 βασκαί-

1938 1774 2050 1811 νειν
2096 1758 2191 1810 καὶ
2258 1748 2497 1826 φθονεῖν,
2538 1758 2631 1811 καὶ
2679 1757 2745 1809 δι’
2787 1750 2864 1810 ὧν
2917 1756 3231 1827 πράττομεν
3318 1755 3412 1809 καὶ
3453 1753 3519 1807 δι’
3554 1748 3630 1806 ὧν

1938 1836 2170 1907 λέγομεν
2229 1836 2328 1907 τὴν
2380 1835 2538 1901 δόξαν
2604 1835 2785 1889 αὐτῶν
2828 1835 3113 1905 καθαιρεῖν
3148 1835 3242 1888 καὶ
3286 1833 3385 1905 τὴν
3418 1830 3632 1886 εὐδοκί-

1942 1934 2128 1987 μησιν,
2187 1915 2296 1967 τῶν
2355 1914 2559 1986 σφόδρα
2628 1914 2930 1985 μισούντων
2981 1914 3076 1967 καὶ
3130 1910 3631 1983 ἀποστρεφομένων

1940 1994 2106 2048 ἐστίν.
2149 1994 2336 2057 Οὐτως
2361 1995 2422 2046 οὐ
2462 1996 2621 2065 μόνον
2659 1993 2765 2047 τῶν
2796 1991 3026 2047 ἐθνικῶν
3070 1992 3225 2045 οὐδὲν
3274 1991 3629 2061 διαφέρομεν,

1940 2072 2077 2127 ἀλλά
2103 2074 2197 2125 καὶ
2225 2072 2403 2142 πολλῷ
2427 2076 2608 2145 χεῖρον
2638 2073 2813 2126 αὐτῶν
2834 2074 2892 2126 ἐν
2912 2071 3087 2142 τούτῳ
3108 2070 3453 2141 διακείμεθα.
3470 2069 3581 2122 Καὶ
3602 2068 3635 2122 6

1943 2150 2043 2221 μὲν
2065 2151 2299 2222 Χριστὸς
2322 2150 2575 2221 εὔχεσθαι
2599 2151 2740 2223 ὑπὲρ
2760 2151 2872 2204 τῶν
2886 2150 3302 2222 ἐπηρεαζόντων
3320 2148 3630 2208 ἐκέλευσεν.

1940 2231 2100 2301 ἡμεῖς
2126 2230 2182 2282 δὲ
2213 2230 2397 2294 δόλους
2430 2231 2729 2303 ῥάπτομεν,
2756 2232 2850 2284 καὶ
2878 2230 3005 2294 τούς
3036 2229 3461 2300 καταρωμένους
3480 2227 3634 2280 εὐλο-

1940 2314 2056 2381 γεῖν
2097 2309 2501 2375 κελευσθέντες,
2541 2312 2761 2382 μυρίαις
2804 2313 2966 2383 ἀραῖς
2997 2310 3420 2383 περιϐάλλομεν.

2014 2389 2078 2442 Τί
2106 2389 2313 2461 ταύτης
2346 2390 2703 2461 σφοδρότερον
2732 2392 2829 2460 τῆς
2852 2390 3225 2452 ἐναντιώσεως
3244 2389 3442 2457 γένοιτ’
3460 2388 3525 2442 ἂν
3541 2389 3636 2440 καὶ

1938 2471 2038 2541 τῆς
2057 2470 2260 2541 μάχης,
2291 2473 2356 2543 ἥν
2382 2470 2669 2541 μαχόμεθα
2691 2469 2770 2540 τῷ
2794 2469 2968 2523 ταῦτα
2994 2469 3445 2539 νομοθετήσαντι,
3470 2469 3635 2520 πᾶσιν

1941 2552 2105 2605 αὐτοῦ
2127 2556 2239 2615 τοῖς
2262 2553 2681 2623 προστάγμασιν
2704 2553 2761 2618 ἐξ
2778 2552 3029 2615 ἐναντίας
3057 2550 3369 2620 ἱστάμενοις
3394 2547 3506 2618 Τὴν
3527 2547 3636 2617 γὰρ

1940 2631 2041 2701 τῆς
2058 2632 2360 2696 κενοδοξίας
2379 2630 2688 2702 τυραννίδα,
2703 2630 2769 2700 ἢν
2781 2630 2946 2693 αὐτὸς
2964 2630 3063 2700 μὲν
3081 2628 3168 2682 διὰ
3184 2628 3293 2682 τῶν
3309 2626 3436 2697 ἐξῆς
3457 2629 3525 2698 ρη
3535 2628 3638 2696 μά-

1940 2729 2048 2763 των
2079 2712 2395 2777 κατέλυσεν,
2429 2712 2589 2781 ήμεῖς
2626 2709 2682 2762 δὲ
2717 2708 3056 2780 ηὐξήσαμεν,
3097 2709 3199 2761 οὐκ
3234 2706 3329 2759 ἐπὶ
3352 2704 3452 2769 τάς
3472 2704 3639 2774 εὐχὰς

1945 2791 2106 2861 μόνον
2130 2790 2227 2844 καὶ
2257 2789 2511 2861 νηστείας
2534 2789 2740 2853 καὶτὰς
2764 2786 3158 2859 ἐλεημοσύνας,
3184 2785 3321 2841 ἀλλά
3342 2787 3437 2839 καὶ
3458 2785 3552 2837 ἐπὶ
3570 2785 3639 2861 τά

1942 2860 2078 2923 ἀλλα
2100 2870 2277 2923 πάντα
2300 2860 2625 2931 ἑλκύσαντες
2643 2868 2813 2938 αὐτῆς
2828 2867 2926 2938 τὴν
2946 2866 3142 2937 ἀρχὴν,
3158 2867 3253 2919 καὶ
3273 2863 3476 2936 παντὸς
3498 2860 3639 2934 μᾶλ-

1941 2949 2032 3001 λον
2052 2950 2445 3021 ἀργυρωνήτου
2463 2948 2491 2987 δ
2509 2950 2575 3019 τῇ
2599 2946 2765 3018 μανίᾳ
2780 2946 2984 3017 ταύτης
2998 2945 3291 3009 ὑποθέντες
3308 2943 3536 3004 ἑαυτοὺς
3550 2942 3639 2995 διὰ

1941 3027 2001 3080 τὸ
2034 3029 2201 3081 πᾶσιν
2232 3023 2368 3080 εἷναι
2393 3027 2571 3094 δῆλον,
2608 3027 2872 3097 παρίημι,
2903 3025 3159 3080 τοσοῦτον
3195 3024 3388 3089 εἰπὼν,
3420 3025 3501 3078 ὅτι
3528 3022 3641 3076 τῶν

1942 3104 2249 3176 ἀνθρώπων
2293 3108 2342 3158 οί
2389 3109 2487 3177 μέν
2534 3108 2615 3169 είς
2659 3107 2897 3177 ἐσχάτην
2937 3107 3349 3177 καταφρόνησιν
3389 3103 3637 3166 ἐκδόντες

1943 3184 2203 3251 ἑαυτοὺς,
2249 3184 2429 3237 οὐδενὶ
2474 3184 2582 3238 τῶν
2618 3186 3116 3257 προστεταγμένων
3155 3185 3539 3256 προσέχουσιν,
3586 3186 3636 3235 οἱ

1941 3263 1998 3317 δὲ
2045 3264 2111 3318 ἐκ
2167 3264 2430 3337 βραχείας
2504 3265 2702 3337 μοίρας
2759 3265 3059 3320 ὑπακούειν
3113 3266 3478 3338 θελήσαντες,
3544 3263 3640 3317 καί

1940 3360 2095 3407 τινας
2135 3344 2246 3397 τῶν
2299 3346 2533 3399 ἐντολῶν
2594 3346 2829 3415 φυλάξαι
2873 3347 3296 3412 σπουδάσαντες,
3342 3347 3436 3400 καὶ
3491 3340 3640 3400 οὗτοι

1942 3423 2107 3477 πάλιν
2155 3426 2237 3488 είς
2276 3426 2377 3495 τὴν
2408 3425 2578 3498 αὐτὴν
2610 3425 3086 3503 ἐκείνοιςιζημίαν
3118 3426 3519 3499 κατέστρεψαν,
3551 3424 3641 3479 διὰ

1942 3504 2003 3557 τὸ
2056 3505 2130 3575 μὴ
2185 3504 2413 3575 θελῆσαι
2464 3506 2566 3576 τῆς
2625 3507 2934 3572 κενοδοξίας
2975 3506 3351 3561 ἀποδύσασθαι
3386 3508 3514 3571 τούς
3554 3506 3638 3561 δε-

1945 3585 2135 3656 σμούς.
2164 3586 2274 3640 Καὶ
2319 3590 2347 3640 6
2390 3588 2488 3658 μὲν
2525 3588 2644 3641 οὐδὲ
2687 3589 2826 3652 ὅλως
2857 3589 3076 3643 δίδωσιν
3113 3588 3490 3660 ἐλεημοσύνην
3530 3590 3577 3653 ἱ,
3612 3591 3640 3643 6

1942 3664 2001 3718 δὲ
2038 3667 2295 3737 παρέχων
2337 3668 2436 3738 μὲν
2466 3670 2579 3732 τοῖς
2612 3668 2888 3739 δεομένοις
2939 3669 3061 3723 τινὰ
3101 3670 3209 3723 τῶν
3240 3670 3460 3731 ἐαυτοῦ,
3493 3668 3637 3739 μετά

1942 3745 2250 3811 κενοδοξίας
2285 3746 2342 3799 δὲ
2373 3746 2532 3800 τοῦτο
2571 3748 2763 3812 ποιῶν,
2809 3748 2962 3801 οὐδὲν
3004 3749 3229 3820 ἄμεινον
3272 3748 3368 3801 τοῦ
3424 3748 3499 3819 μὴ
3548 3748 3640 3801 δεα

1936 3823 2178 3888 δωκότος
2228 3825 2519 3879 διάκειται.
2556 3826 2744 3891 Οῦτως
2769 3827 3035 3893 ἅπαντας
3063 3829 3402 3903 πανταχόθεν
3434 3830 3514 3891 είς
3540 3828 3641 3893 τὰς
3684 3894 3691 3899 ι

1944 3904 2141 3957 ἐαυτοῦ
2198 3905 2433 3974 παγίδας
2494 3907 2746 3960 ἐνέϐαλεν
2792 3910 2821 3961 ό
2886 3909 3153 3980 Πονηρός.
3200 3910 3266 3963 ΕΞ
3307 3909 3367 3963 δέ
3411 3926 3495 3974 τις
3543 3910 3643 3964 καὶ

1942 3984 2145 4055 ταύτην
2210 3985 2469 4059 δυνηθείη
2538 3987 2810 4041 διεκδῦναι
2868 3987 3023 4060 τὴνὶ
3089 3989 3313 4061 βλάβην,
3366 3989 3474 4042 ὐπὸ
3540 3989 3641 4059 τῆς

1941 4064 2204 4127 ἀπονοίας
2251 4066 2640 4136 κατασχεθεὶς,
2690 4068 2853 4121 πάλιν
2926 4069 2987 4121 τὸ
3049 4070 3183 4122 αὐτὸ
3234 4069 3433 4140 πτῶμα
3505 4086 3641 4121 κατ-

1943 4144 2143 4196 έπεσε.
2206 4146 2407 4196 μᾶλλον
2463 4147 2521 4196 δὲ
2577 4149 2671 4196 καὶ
2728 4148 2908 4196 πολλῶ
2957 4147 3373 4196 ναλεπώτεοον·
3420 4148 3481 4196 οὐ
3531 4147 3640 4196 γὰο

2019 4161 2109 4197 εσε

1943 4162 2143 4207 επεσε,
2204 4162 2407 4215 μαλλον
2463 4162 2521 4200 οε
2577 4162 2671 4201 και
2728 4162 2908 4219 πολλῳ
2957 4162 3373 4219 χαλεπώτερον·
3420 4162 3481 4202 ου
3531 4162 3640 4218 γαρ

1940 4222 2101 4300 τοῦτο
2146 4223 2447 4300 ζημιωθεὶς
2502 4228 2684 4300 μόνον,
2720 4228 2861 4300 ὅπερ
2884 4228 3182 4300 ἐποίησεν,
3221 4230 3466 4300 ἄπεισιν,
3504 4228 3643 4300 ἀλλά

1942 4294 2036 4367 καί
2084 4294 2336 4367 κακόνλτι
2392 4294 2739 4364 προσλαϐών.
2772 4294 3010 4362 Πολλοὺς
3043 4294 3117 4352 ’δὲ
3160 4298 3335 4367 ἔγωγε
3388 4296 3527 4360 οἶδα,
3576 4299 3641 4350 οὐ

1940 4365 2165 4427 ταύταις
2208 4365 2368 4435 μόνον
2400 4367 2791 4439 ἁλισκομένους
2840 4371 2962 4431 ταῖς
2990 4365 3215 4434 αἰτίαις,
3261 4365 3400 4422 ἀλλὰ
3431 4370 3526 4422 καὶ
3553 4369 3643 4421 διά

1944 4443 2008 4496 τὸ
2064 4442 2239 4511 φιλεῖν
2307 4449 2401 4499 καὶ
2454 4446 2541 4499 διά
2593 4446 2657 4500 τὸ
2718 4447 3121 4514 δυσωπεῖσθαι,
3164 4449 3257 4501 καὶ
3317 4448 3384 4501 δι’
3447 4448 3662 4520 ἐτέρας.

1958 4522 2164 4587 πολλὰς
2217 4526 2472 4589 τοιαύτας
2524 4526 2903 4596 ἐπαρκοῦντας
2940 4527 3247 4599 προφάσεις
3297 4530 3409 4592 τοῖς
3448 4528 3639 4598 δεομέ-

1951 4620 2103 4667 νοις,
2149 4604 2209 4656 οὐ
2266 4605 2355 4659 διά
2410 4605 2504 4657 τὸν
2541 4606 2636 4659 τοῦ
2685 4606 2820 4659 Θεοῦ
2876 4607 3041 4675 φόϐον
3089 4607 3185 4662 καὶ
3250 4606 3349 4679 τὴν
3393 4609 3641 4680 ἐντολήν.

1942 4681 2238 4737 Τοσούτων
2271 4679 2366 4738 οὖν
2410 4684 2581 4739 ὄντων
2620 4684 2728 4740 τῶν
2774 4684 3190 4757 λυμαινομένων
3232 4691 3352 4752 ταῖς
3406 4679 3642 4760 πράξεσι

1941 4769 2066 4830 ταῖς
2097 4767 2354 4837 ἀγαθαῖς,
2384 4769 2470 4830 τίς
2500 4769 2714 4840 ταχέως
2755 4770 2995 4841 σωθῆναι
3032 4771 3325 4844 δυνήσεται
3372 4774 3483 4828 τῶν
3519 4774 3643 4828 τού-ι

1940 4862 2055 4909 τοις
2093 4848 2598 4918 πε’ριπεπτωκότων
2627 4851 2740 4913 τοῖς
2766 4853 2994 4915 κακοῖς;

2014 4924 2074 4980 ε’.
2093 4926 2168 4979 Τὸ
2202 4927 2282 4992 δὲ,
2318 4928 2494 4997 Ἄφες
2521 4928 2666 4997 ἡμῖν
2692 4931 2766 4982 τὰ
2800 4930 3176 4999 ὀφειλήματα
3200 4932 3395 5003 ἡμῶν,
3426 4934 3507 4999 ὠς
3539 4932 3640 4987 καί

1942 5005 2116 5078 ἡμεῖς
2149 5006 2405 5076 ἀφίεμεν
2430 5015 2557 5074 τοῖς
2584 5006 2923 5077 ὀφειλέταις
2951 5009 3141 5079 ἡμῶν,
3176 5011 3397 5083 τίς’άρα
3430 5014 3459 5066 6
3501 5014 3644 5083 μετά

1952 5086 2273 5157 παρρησίας
2330 5084 2501 5156 ἐρῶν;
2558 5086 2681 5141 Κᾶν
2730 5086 2839 5159 γὰρ
2888 5091 3056 5161 μηδὲν
3109 5090 3459 5164 ἀδικήσωμεν
3511 5094 3645 5159 τούς

1945 5164 2206 5235 ἐχθροὺς,
2259 5165 2377 5220 ἀλλ’
2420 5167 2571 5238 ὅμως
2609 5166 2707 5238 τὴν
2774 5167 2993 5241 πληγὴν
3054 5170 3275 5226 ἀνίατον
3321 5172 3544 5243 ἔχομεν.
3583 5172 3646 5227 ὐ

1941 5244 1997 5299 δὲ
2050 5247 2287 5318 Χριστὸς
2322 5246 2423 5320 οὐχ
2468 5247 2645 5311 οὕτως
2701 5250 2923 5319 ἀφιέναι
2976 5251 3224 5322 βούλεται
3273 5254 3457 5325 μόνον,
3504 5255 3645 5310 ἀλλά

2068 5328 2153 5391 είς
2179 5328 2307 5406 τοὺς
2352 5327 2606 5400 πρώτους
2631 5328 2741 5382 τῶν
2776 5331 2950 5401 φίλων
2982 5328 3185 5398 αὐτοὺς
3200 5328 3509 5406 Ἂριθμεῖν.
3536 5336 3643 5393 Διά

1943 5403 2107 5459 τοῦτο
2159 5405 2314 5475 γοῦν,
2383 5407 2569 5472 καθὼς
2627 5407 2798 5481 ἔφθην
2851 5410 3045 5478 εἰπὼν,
3096 5413 3193 5468 καὶ
3237 5403 3644 5488 ὑπερεύχεσθαι

2006 5545 2035 5615 ἒ
2054 5548 2192 5615 Colb-
2206 5550 2302 5615 Καὶ
2316 5548 2460 5615 τοῦτο
2479 5567 2599 5615 Mr»-

2007 5612 2036 5651 8
2056 5610 2194 5684 (19η)ἔ
2224 5612 2419 5684 ἐάν-γὰρ
2439 5610 2715 5684 ἀγαπᾶτε...
2749 5614 2806 5664 τὸ
2828 5615 2947 5665 αὐτὸ
2976 5615 3218 5678 ποιοῦσιν,
3240 5620 3325 5668 καὶ
3349 5622 3431 5669 ἐὰν
3454 5622 3640 5672 ἐίσκω.

1943 5672 2116 5734 ἐθνικοὶ
2144 5673 2200 5721 τὸ
2219 5672 2606 5734 αὐτὸποιοῦσινς

2005 5731 2033 5770 h
2066 5733 2434 5806 ᾊργυρωνήτου
2466 5731 2615 5788 ἀθεεὶ
2653 5739 2704 5787 in
2748 5737 2887 5791 Colb.
2929 5738 3041 5790 Mox
3084 5740 3199 5793 Sav.
3220 5750 3275 5793 et.
3308 5742 3449 5795 Colb.
3476 5744 3643 5806 δῆλον,

1942 5794 2302 5855 Μοτοι.“δῆλην,
2317 5800 2517 5847 melius.

2014 5860 2029 5896 ι
2057 5857 2195 5931 (ξριι).
2220 5859 2302 5931 διά
2317 5860 2373 5908 τὸ
2396 5862 2459 5921 μὴ
2495 5863 2691 5920 θελῆσαι
2713 5863 2909 5925 φυλάξαι
2943 5864 3053 5923 τοὺς
3085 5858 3310 5931 θεσμοὺς,
3331 5868 3413 5917 καὶ
3446 5869 3473 5917 ό
3499 5866 3643 5929 μὲν...

1948 5920 2033 5981 τήν
2068 5920 2407 5981 ἐλεημοσύνηνὲ

2019 5980 2033 6032 i
2062 5979 2204 6034 Colb}
2234 5982 2410 6040 ταύτην
2436 5984 2649 6035 διαδῦναι
2670 5986 2884 6048 δυνηθείη
2906 5989 3009 6047 τήν.

2204 4146 2407 4215 μᾶλλον
2463 4147 2521 4200 δὲ
2577 4149 2671 4201 καὶ
2728 4148 2908 4219 πολλῷ
2957 4147 3373 4219 χαλεπώτερον·
3420 4148 3481 4202 οὐ
3531 4147 3640 4218 γὰρ
3728 4152 3729 4155 ’
