4266 6314
196 340 303 398 ‘Oi

198 455 343 512 nihil
374 456 591 527 quidem
640 455 823 521 ia‘das,
865 453 961 510 sed
987 450 1261 508 averseris
1281 490 1297 518 ,
1330 463 1432 505 nec
1461 446 1695 519 placide,
1720 459 1810 500 re-

200 550 413 618 spicias
432 593 445 615 ,
470 551 767 619 vulnusque
790 549 843 603 in
863 546 1043 603 animo
1063 558 1350 601 conserves
1370 583 1388 611 ,
1410 539 1647 599 nondum
1671 555 1808 610 pra»

202 650 433 710 ceptum
486 649 812 710 exsequutus
870 653 973 706 es,
1021 636 1162 709 quod
1212 634 1464 692 Christus
1499 633 1664 689 dedit.
1706 632 1815 687 Cur

203 744 351 801 ergo
385 731 557 786 Deum
590 732 673 797 iis,
704 731 793 801 qui
817 731 869 785 in
900 739 951 797 te
978 728 1340 799 peccaverint,
1374 725 1665 797 prepitium
1694 738 1815 780 esse

204 838 378 893 rogas
401 862 416 886 ,
442 838 563 877 cum
592 822 830 877 nondum
862 831 916 877 tu
947 822 1078 891 ipsis
1107 820 1366 891 propitius
1401 818 1524 874 sis?
1552 816 1684 872 illud
1717 831 1817 870 an-

204 925 325 972 tem
374 916 606 974 irridens
644 917 859 987 quidam
906 916 1209 986 sapientum
1258 915 1379 968 ait:
1416 910 1582 966 Homo
1624 907 1819 964 homini

204 1019 479 1062 conservat
509 1009 637 1062 iram
662 1050 677 1075 ,
707 1019 753 1063 et
772 1025 805 1061 a
831 1008 1045 1062 Domino
1072 1006 1257 1076 qutrrit
1300 1004 1545 1060 medelam
1569 1005 1594 1058 ?
1622 1002 1821 1058 miseri-

204 1101 450 1155 cordiam
487 1118 588 1156 non
612 1100 759 1154 habet
796 1116 917 1170 erga
942 1100 1194 1154 hominem
1220 1097 1315 1152 sibi
1341 1096 1587 1167 a‘qualem
1610 1136 1626 1163 ,
1656 1106 1700 1148 et
1727 1112 1819 1165 pro

212 1203 426 1264 peccato
445 1210 537 1248 suo
561 1193 839 1262 precatur?
875 1209 995 1247 caro
1022 1209 1135 1247 cuin
1164 1194 1271 1263 ipse
1296 1191 1360 1245 sit
1384 1229 1401 1257 ,
1432 1198 1597 1245 servat
1640 1189 1772 1241 iram
1794 1188 1821 1242 .’

211 1294 265 1338 et
293 1284 408 1352 quis
451 1284 809 1354 propitiabitnr
854 1273 1072 1353 peccatis
1111 1282 1224 1352 ejus
1256 1279 1458 1351 (Eccli.
1488 1285 1584 1341 28.
1634 1277 1817 1350 5-5)"?

221 1373 429 1429 Vellem
456 1375 563 1443 jam
612 1375 773 1430 silere
808 1383 864 1429 et
909 1374 1179 1428 sermonis
1218 1387 1435 1427 cursum
1478 1380 1670 1427 sistere
1703 1387 1716 1424 :
1747 1370 1820 1425 ita

215 1465 430 1535 pudore
479 1463 727 1530 afficior,
787 1478 1086 1533 vereorque
1131 1461 1353 1517 ulterius
1402 1461 1645 1532 progredi
1677 1459 1823 1543 τιξσο

214 1557 367 1611 enim
392 1557 611 1623 bellum,
640 1555 783 1626 quod
813 1557 1080 1611 movimus
1100 1561 1289 1609 contra
1312 1563 1575 1623 praecepta
1597 1548 1820 1620 Christi,

217 1648 667 1718 inimicitiamque
721 1645 1263 1712 irreconciliabilcm,
1314 1643 1515 1699 clarius
1562 1644 1663 1698 hoc
1704 1657 1819 1697 ser-

218 1754 384 1794 mone
410 1739 829 1793 demonstratur.
860 1736 968 1793 Sed
1010 1737 1136 1807 quid
1180 1735 1317 1790 lucri
1368 1750 1433 1792 ex
1473 1735 1686 1790 silentio
1718 1750 1817 1789 no-

216 1842 373 1900 stro,
402 1834 562 1888 rebus
592 1832 723 1903 ipsis
767 1846 999 1903 pugnam
1030 1830 1178 1884 illam
1218 1829 1594 1896 clamantibus,
1630 1835 1686 1883 et
1728 1828 1821 1883 illo

216 1928 312 1997 qui
338 1941 437 1981 nos
451 1924 785 1997 iudicaturus
808 1932 911 1991 est,
932 1922 1112 1979 omnia
1134 1921 1415 1993 perspicue
1439 1928 1821 1992 cognoscente,

218 2021 312 2083 vel
343 2029 467 2074 ante
491 2033 671 2074 rerum
706 2017 999 2073 eventum?
1026 2016 1361 2085 Prmceptum
1397 2014 1525 2069 illud
1564 2030 1667 2069 non
1701 2014 1825 2071 the-6

218 2111 531 2168 saurizandi
563 2113 615 2165 in
657 2119 835 2175 terra,
885 2108 981 2164 sed
1030 2109 1083 2163 in
1113 2108 1280 2173 caelo,
1334 2106 1545 2163 etiamsi
1588 2121 1821 2178 paucos,

221 2204 514 2259 nonnullos
543 2210 721 2257 tamen
748 2201 987 2272 reperias
1008 2243 1024 2266 ,
1050 2200 1141 2272 qui
1166 2208 1416 2255 accurate
1448 2198 1821 2255 custodierint.

218 2293 357 2350 Nam
374 2295 554 2350 cmteri
574 2308 785 2362 omnes,
804 2308 867 2348 ac
881 2293 924 2348 si
939 2292 1269 2348 contrarium
1288 2306 1509 2363 prorsus
1525 2290 1822 2359 audissent,

216 2386 464 2456 iussique
494 2394 677 2441 essent
699 2385 752 2440 in
780 2393 919 2439 terra
944 2383 1309 2439 thesaurizare
1331 2414 1359 2451 ,ι
1393 2373 1617 2439 dimisso
1642 2382 1781 2438 czclo
1805 2424 1822 2451 ,

220 2481 452 2536 terrenis
471 2478 720 2534 omnibus
737 2492 957 2549 prorsus
973 2477 1272 2543 adiimrcnt,
1292 2484 1347 2531 et
1363 2475 1552 2530 insano
1575 2476 1825 2545 pecunias

221 2571 511 2643 colligendi
553 2569 732 2625 studio
760 2578 1028 2634 tenentur,
1058 2568 1337 2637 Deumque
1362 2566 1487 2621 odio
1519 2566 1780 2620 habentes
1805 2606 1821 2631 ,

220 2679 529 2719 mamonam
557 2663 782 2732 diligunt
811 2678 824 2716 :
854 2660 980 2715 illud
1011 2669 1189 2714 autem
1210 2700 1224 2723 ,
1276 2656 1331 2713 Ν
1340 2676 1368 2713 e
1396 2659 1601 2714 solliciti
1624 2658 1735 2712 sitis
1761 2656 1825 2711 de

221 2754 446 2808 crastino
476 2754 491 2785 ¹
537 2752 750 2825 (Matth.
782 2752 836 2809 6.
868 2751 999 2824 54),
1033 2750 1305 2807 neminem
1351 2750 1434 2803 vel
1478 2747 1691 2804 audisse
1739 2748 1821 2804 vel

222 2847 535 2917 amplexum
584 2861 705 2901 esse
753 2845 876 2900 novi
925 2844 996 2901 ob
1056 2844 1181 2899 fidei
1227 2852 1425 2899 nostra:
1483 2830 1819 2898 tenuitatem.

220 2936 559 3008 Quapropter
602 2936 703 2991 hoc
748 2948 1072 3006 prmceptum
1121 2950 1232 3005 pra:
1282 2934 1484 3006 pudore
1515 2932 1821 3004 prarteribo.

222 3028 517 3096 Oportebat
544 3026 761 3082 Christo
787 3042 904 3081 eam
935 3024 1253 3082 sententiam
1280 3024 1595 3094 simpliciter
1630 3023 1822 3079 ferenti

223 3118 383 3173 fidem
416 3119 647 3185 habere;
680 3134 820 3174 nunc
847 3128 1055 3185 autem,
1091 3119 1218 3174 licet
1243 3117 1436 3173 invicta
1467 3116 1746 3173 ratiocinia
1766 3125 1823 3173 et

220 3212 469 3283 exempla
496 3212 684 3267 allevat
708 3254 723 3279 ,
751 3212 928 3267 avium
956 3211 1210 3267 videlicet
1234 3220 1288 3265 et
1316 3209 1444 3265 fmni
1465 3250 1481 3277 ,
1510 3209 1611 3281 ipsi
1641 3220 1820 3265 tamen

220 3320 333 3361 non
382 3305 688 3369 credimus;
744 3304 838 3359 sed
891 3302 1345 3374 quemadmodum
1399 3302 1501 3372 ipsi
1554 3303 1817 3374 gentiles,

222 3396 333 3451 imo
361 3394 587 3451 fortasse
620 3394 855 3450 timidius
879 3412 1036 3467 quam
1068 3396 1145 3449 illi
1166 3437 1181 3462 ,
1213 3396 1313 3451 etsi
1338 3409 1434 3465 pro
1462 3394 1567 3450 illis
1615 3394 1820 3463 precari

222 3503 331 3545 non
353 3489 664 3559 jubcamur,
697 3505 915 3543 onmem
949 3490 999 3543 in
1033 3488 1117 3543 his
1149 3489 1277 3559 ipsis
1309 3488 1470 3543 rebus
1500 3487 1819 3543 sollicitudi-

225 3596 349 3636 nem
394 3581 772 3651 impendimus.
807 3580 917 3635 iioc
965 3582 1163 3651 igitur,
1208 3589 1265 3635 ut
1304 3580 1447 3647 dixi,
1494 3588 1819 3651 praeceptum

225 3689 347 3729 cum
378 3675 577 3729 rubore
602 3675 891 3745 prmteribo
915 3714 929 3741 ,
964 3684 1019 3729 ct
1060 3673 1126 3728 ad
1173 3674 1451 3744 sequentia
1489 3688 1704 3743 pergam
1727 3710 1745 3741 ,
1774 3675 1819 3728 si

226 3767 365 3823 forte
416 3784 514 3838 pro
558 3768 867 3837 huiusmodi
919 3768 1123 3838 pudore
1164 3767 1392 3839 aliquam
1424 3810 1439 3827 .
1474 3769 1553 3823 vel
1606 3777 1818 3822 tenuem

226 3859 647 3915 consolationem
682 3860 967 3928 reperiam.
991 3858 1127 3928 Quid
1151 3875 1277 3929 ergo
1300 3861 1428 3914 dicit
1456 3846 1991 3931 postcmrm

228 3952 312 4005 lite
330 3953 599 4022 judicare,
642 3962 699 4006 ut
728 3969 828 4006 non
868 3954 1171 4023 judicemini
1199 3953 1415 4024 (Matth.
1444 3957 1498 4009 7.
1531 3954 1605 4027 l).
1659 3956 1822 4011 Puta-

226 4042 351 4097 bam
376 4060 473 4114 rgn
504 4043 587 4097 hic
628 4059 713 4099 me
755 4042 985 4114 aliquam
1019 4046 1237 4115 pudoris
1266 4030 1693 4102 consolatidnem
1734 4064 1822 4104 re-

228 4144 502 4205 perturum
528 4150 648 4191 esse
672 4152 686 4201 ;
732 4135 827 4190 sed
856 4136 1011 4191 video
1036 4138 1276 4208 ejusdem
1310 4140 1526 4208 pudoris
1552 4140 1823 4197 accessio-

229 4241 352 4281 nem
386 4243 492 4282 non
524 4226 820 4282 minimam.
851 4229 1063 4284 Etenim
1094 4231 1303 4284 etiamsi
1346 4231 1478 4285 nihil
1507 4232 1651 4287 aliud
1698 4234 1823 4289 mali

230 4318 542 4373 fecissemus
567 4361 581 4384 ,
604 4319 688 4373 vel
722 4321 821 4374 hoc
848 4337 1011 4375 unum
1043 4329 1229 4390 posset
1276 4337 1375 4376 nos
1423 4323 1474 4377 in
1523 4332 1825 4380 extremam

230 4409 528 4481 gehennam
556 4410 855 4477 abducere;
904 4412 974 4466 ita
1019 4413 1227 4468 scilicet
1269 4414 1567 4469 alienorum
1601 4415 1827 4471 delicto-

233 4520 349 4558 rum
398 4505 576 4558 acerbi
616 4504 822 4573 judices
869 4506 1155 4573 sedemus,
1206 4507 1333 4561 dum
1383 4510 1559 4565 trabes
1613 4520 1827 4567 nostras

233 4598 558 4669 despicimus
592 4617 605 4652 :
637 4609 795 4669 atque
840 4600 893 4654 in
924 4602 1115 4657 alienis
1163 4604 1373 4657 curiose
1400 4604 1734 4673 inquirendis
1773 4614 1827 4662 et

232 4690 549 4745 damnandis
581 4700 686 4745 tota
716 4692 823 4745 vita
858 4693 1190 4747 consumitur
1213 4704 1416 4749 nostra.
1446 4696 1524 4751 Ac
1556 4698 1823 4753 neminem

232 4781 387 4837 facile
434 4781 708 4861 invenias,
757 4799 857 4838 nec
904 4785 1215 4839 smcuiarem
1247 4787 1455 4852 virum,
1504 4804 1603 4843 nec
1638 4804 1826 4844 mona-

231 4873 519 4940 chum,ncc
535 4874 786 4929 clericum
802 4876 916 4943 ’,ιώ
934 4876 1035 4931 hac
1051 4877 1203 4947 culpa
1222 4877 1473 4933 liberum:
1489 4881 1695 4935 etiamsi
1715 4890 1823 4936 tan-

235 4975 286 5018 ta
316 4965 660 5020 comminatio
686 4966 928 5036 adjaceat
954 4985 968 5022 :
1000 4960 1194 5040 Inque
1235 4970 1367 5023 enim
1399 4972 1598 5042 judicio
1618 4974 1827 5045 jndica~

236 5059 446 5125 veritis,
491 5059 885 5128 judicabimini,
970 5057 1166 5131 inquit,
1217 5072 1265 5118 et
1336 5066 1389 5118 in
1449 5082 1548 5137 qua
1590 5084 1828 5123 mensura

236 5150 394 5203 mensi
420 5150 642 5220 fueritis,
667 5152 952 5206 remetietnr
976 5153 1111 5206 vobis
1141 5151 1353 5225 (Matth.
1388 5156 1439 5211 7.
1466 5156 1547 5226 2).
1574 5159 1825 5215 Attamen

235 5257 356 5297 cum
388 5243 487 5296 hoc
518 5251 792 5311 peccatum
841 5251 1042 5298 tantam
1088 5259 1350 5300 annexam
1403 5263 1650 5317 poenam,
1704 5253 1828 5306 nul-

237 5338 449 5406 iamque
498 5337 826 5406 voluptatem
884 5336 1112 5405 habeat,
1162 5354 1352 5395 onmes
1396 5341 1448 5395 in
1496 5342 1597 5399 hoc
1627 5345 1825 5401 malum

239 5427 398 5498 ιπωεί
409 5427 543 5497 pites
558 5428 843 5495 currimus,
864 5443 928 5483 ac
947 5428 990 5485 si
1015 5429 1067 5484 id
1084 5430 1472 5500 studeamus,in
1489 5433 1588 5491 hoc
1603 5447 1827 5494 conten-

238 5518 431 5575 damus
451 5528 509 5573 ut
529 5535 636 5575 non
656 5535 750 5591 per
764 5536 923 5577 unam
950 5520 1147 5587 solum,
1169 5522 1261 5577 sed
1287 5537 1380 5593 per
1403 5524 1600 5581 multas
1614 5542 1826 5600 quoque

299 5634 496 5703 tuaest,
516 5632 577 5703 ge
598 5632 903 5703 gratiamin
924 5633 1327 5703 Colb..llox__bmc.
1344 5637 1403 5703 ob
1422 5636 1543 5703 ﬁdei
1561 5646 1738 5694 nostra!
1759 5650 1829 5695 tc-

228 5693 477 5769 nuitategn.
500 5697 680 5769 desunt
700 5700 753 5746 in
772 5693 903 5746 Colb.
931 5699 1056 5747 etin
1088 5696 1251 5758 Savil.,
1274 5699 1362 5749 sed
1386 5693 1446 5750 ad
1468 5704 1650 5753 seriem
1675 5693 1827 5769 perti-
1866 5706 1869 5713 “

230 5769 356 5808 nere
378 5758 620 5807 videntur.

292 5811 314 5851 ί
347 5818 519 5870 Verba.
537 5831 624 5868 nec
646 5816 896 5872 clericum.
915 5819 966 5868 in
985 5818 1119 5870 Colb.
1145 5828 1197 5870 et
1220 5820 1359 5871 savii.
1378 5821 1575 5878 desunt.

572 5901 833 5956 l’nnOL.
881 5899 998 5960 (in.
1046 5904 1103 5963 Χ
1117 5901 1295 5966 LVII.

1099 334 1189 392 DE
1224 329 1779 398 COMPUNCTIONE,
1818 324 1912 385 AD
1952 323 2384 387 DEMETRIUM.
2425 326 2557 387 LIB.
2597 327 2640 387 1.

3408 330 3521 385 4'32

1921 442 2035 496 vias
2048 440 2101 496 in
2117 439 2378 512 gehenna:
2394 444 2665 500 caminum
2685 436 3257 516 iiigrcdiamur.Neque
3270 442 3447 499 solum
3467 446 3521 501 in

1920 546 1983 587 ea
1999 547 2121 605 qua
2132 531 2402 591 laboriosa
2419 549 2541 593 esse
2558 535 2825 605 videntur,
2840 537 2934 593 sed
2952 537 3112 594 etiam
3137 538 3154 571 ¹
3171 537 3228 593 in
3244 538 3445 595 leviora
3461 539 3521 594 il-

1922 624 1987 681 lis
2009 625 2259 683 similiter
2278 627 2584 697 incidimus,
2606 638 2662 686 ct
2684 628 2800 687 lucc
2817 639 2874 687 et
2908 631 2996 687 illa
3028 632 3228 703 pariter
3253 642 3519 702 transgre-

1921 717 2133 774 dientes
2164 734 2180 771 :
2205 731 2270 775 ac
2293 732 2391 790 per
2417 719 2555 777 levia
2584 721 2918 777 ostendimus
2942 764 2957 788 ,
2986 739 3086 780 nos
3123 723 3423 799 difficiliora
3455 725 3522 782 ot

1921 815 2312 880 contemptum,
2350 826 2456 866 non
2503 810 2573 867 ob
2598 816 2913 883 gravitatem
2959 826 3514 891 praceptorumwor

1924 899 2205 969 perficere.
2235 900 2393 969 Nam,
2423 902 2513 960 die
2541 904 2671 960 mihi
2696 945 2712 973 ,
2746 907 2876 977 quid
2924 908 3125 964 laboris
3146 908 3287 967 inest
3316 911 3370 967 in
3415 927 3523 968 nou

1923 989 2137 1057 curiose
2166 994 2539 1066 perquirendis
2565 998 2754 1054 alienis
2779 1001 3040 1071 negotiis,
3068 1010 3121 1057 et
3148 1002 3200 1057 in
3242 1019 3349 1058 non
3375 1004 3528 1060 dam-

1927 1083 2120 1138 nandis
2149 1087 2518 1155 proximorum
2557 1087 2808 1146 delictis?
2844 1090 3044 1147 Contra
3074 1108 3204 1165 vero
3254 1093 3528 1152 laboratur

1926 1190 2057 1232 sane
2088 1178 2141 1232 in
2188 1179 2399 1234 curiosa
2447 1182 2537 1236 tali
2581 1184 2970 1253 perquisitione
3000 1197 3054 1242 et
3105 1187 3159 1243 in
3202 1188 3408 1259 judicio
3457 1191 3526 1247 de

1926 1267 2047 1323 aliis
2077 1269 2319 1325 ferendo.
2348 1272 2478 1340 Quis
2501 1273 2662 1344 igitur
2683 1276 2797 1331 lucc
2823 1278 3069 1347 audimus,
3099 1279 3253 1336 nobis
3275 1293 3526 1352 umquam

1927 1360 2147 1428 credat,
2178 1363 2320 1433 quod
2350 1363 2557 1423 sciliCct
2586 1382 2651 1421 ex
2687 1369 2951 1438 segnitie,
2984 1386 3091 1426 non
3122 1381 3302 1429 autem
3332 1374 3400 1430 de
3445 1376 3528 1430 in-

1927 1453 2134 1510 dustria
2162 1466 2216 1509 et
2257 1457 2470 1513 defectu
2513 1459 2801 1515 voluntatis
2840 1462 2905 1516 ad
2939 1464 3393 1533 prrevaricandum
3437 1483 3528 1523 ac-

1928 1545 2222 1602 cedamus?
2249 1547 2383 1603 Cum
2408 1550 2552 1605 enim
2579 1568 2700 1622 quae
2740 1553 3142 1626 praecipiuntur,
3174 1557 3309 1612 levia
3347 1568 3403 1615 et
3444 1558 3528 1614 fa-

1928 1638 2050 1693 cilia
2080 1647 2205 1693 sunt
2234 1639 2569 1709 Veientibus;
2612 1660 2731 1714 qua:
2760 1656 2939 1701 autem
2971 1658 3236 1716 vetantur,
3266 1652 3444 1721 gravia
3471 1661 3527 1708 et

1930 1731 2126 1786 laboris
2157 1733 2313 1802 plena
2333 1775 2350 1801 ,
2383 1750 2593 1807 nosque
2632 1746 2811 1794 tamen
2837 1739 3060 1797 dimisso
3090 1756 3380 1813 praecepto,
3408 1761 3528 1816 qua:

1929 1822 2093 1878 vetita
2137 1833 2263 1880 sunt
2310 1825 2581 1884 facimus:
2613 1845 2792 1886 annon
2843 1834 3201 1891 contendendi
3247 1852 3387 1893 cum-
3416 1839 3531 1895 Deo

1928 1930 2110 1983 causa,
2140 1933 2239 1973 nos
2266 1922 2381 1976 lucc
2410 1933 2626 1991 peccata
2647 1924 2933 1982 admittere
2956 1927 3140 1984 dicent
3169 1930 3415 1986 mimici?
3443 1933 3532 1987 At-

1929 2009 2074 2063 enim
2101 2010 2242 2081 quod
2274 2012 2404 2067 nihil
2433 2012 2634 2069 laboris
2660 2018 2942 2086 praeceptis
2983 2018 3185 2075 Christi
3215 2020 3380 2089 insit,
3415 2022 3532 2091 ipse

1930 2102 2300 2170 pronuntiavit
2348 2103 2435 2159 his
2479 2104 2699 2161 verbis:
2735 2105 2921 2163 Tollite
2945 2109 3136 2181 jugum
3177 2126 3346 2165 meum
3381 2127 3533 2181 super

1930 2207 2019 2247 vos
2045 2210 2065 2248 :
2078 2195 2267 2269 jugum
2305 2196 2440 2250 enim
2472 2214 2639 2252 meum
2684 2212 2838 2254 suave
2864 2210 2940 2255 est
2979 2211 3025 2256 ct
3054 2217 3183 2257 onus
3229 2220 3395 2259 meum
3427 2205 3533 2260 leu

1932 2285 2150 2359 (Matth.
2182 2290 2266 2344 ll.
2290 2288 2403 2360 29).
2438 2289 2547 2347 Sed
2575 2307 2673 2348 nos
2698 2292 2998 2350 incredibili
3040 2296 3267 2366 segnitie
3310 2296 3364 2352 id
3405 2296 3532 2354 faci-

1932 2395 2053 2436 mus
2072 2420 2088 2447 ,
2117 2392 2175 2436 ut
2195 2398 2313 2453 quae
2342 2382 2478 2439 levia
2505 2395 2663 2453 sunt,
2688 2386 2869 2441 multis
2892 2387 3078 2458 gravia
3097 2396 3413 2459 appareant.

2008 2472 2163 2528 Levia
2196 2491 2285 2545 per
2310 2476 2573 2549 segnitiem
2591 2478 2767 2549 gravia
2789 2519 2805 2547 ,
2830 2492 2877 2534 et
2901 2480 3078 2551 gravia
3105 2496 3195 2551 per
3217 2481 3533 2537 aiacritatem

1934 2564 2062 2619 levia
2081 2566 2600 2637 eﬁciuntur.-—~Sane
2624 2569 2672 2626 ei
2695 2571 2784 2640 qui
2800 2585 3015 2642 semper
3038 2572 3194 2627 otiari
3221 2582 3276 2628 et
3296 2572 3534 2630 dormire

1933 2657 2095 2726 velit,
2126 2659 2210 2713 vel
2240 2659 2354 2729 ipse
2393 2661 2543 2716 cibus
2590 2669 2644 2716 ct
2674 2672 2830 2732 potus
2857 2677 3078 2733 prorsus
3105 2677 3371 2719 onerosus
3412 2680 3551 2721 esse-

1933 2750 2164 2818 videtur;
2205 2753 2298 2822 qui
2327 2767 2455 2817 vero
2482 2753 2701 2824 vigilant
2728 2764 2785 2809 et
2826 2755 3129 2822 excubant,
3169 2771 3241 2811 ne
3268 2755 3537 2812 mirabilia

1931 2842 2147 2913 quidem
2186 2852 2242 2899 et
2269 2844 2434 2901 ardua
2464 2844 2766 2919 refugiunt,
2812 2846 2907 2903 sed
2938 2862 3060 2903 cum
3103 2848 3296 2918 majori
3341 2848 3534 2904 fiducia

1934 2936 2051 2991 iure
2070 2937 2287 3008 aggredi
2315 2940 2538 3006 audent,
2561 2955 2719 3010 quam
2736 2940 2870 2995 levia
2892 2954 3086 3010 segnes
3104 2948 3159 2996 et
3187 2940 3534 2997 somnolenti.

1930 3030 2077 3087 Nihil
2102 3032 2269 3100 enim,-
2294 3032 2424 3087 nihil
2448 3032 2631 3104 utique
2649 3034 2720 3089 ita
2744 3032 2902 3089 facile
2930 3042 3015 3089 est
3036 3074 3053 3101 ,
3086 3034 3212 3105 quin
3240 3033 3532 3089 admodum

1930 3141 2095 3198 grave
2121 3135 2178 3183 et
2204 3142 2493 3182 onerosum
2523 3126 2716 3199 ingens
2744 3135 2931 3183 nostra
2957 3127 3218 3198 segnities
3244 3128 3532 3185 ostendat:

1935 3218 2388 3289 quemadmodum
2435 3218 2570 3275 nihil
2612 3218 2684 3274 ita
2729 3218 2924 3276 durum
2955 3228 3049 3274 aut
3087 3218 3341 3289 difficile,
3389 3220 3533 3291 quod

1936 3328 2043 3367 non
2074 3311 2376 3368 sollicitudo
2404 3321 2460 3369 et
2503 3312 2753 3367 alacritas
2802 3311 3092 3368 admodum
3122 3310 3277 3369 facile
3323 3312 3532 3371 reddat.

1935 3405 2203 3474 Quidnam
2224 3446 2238 3471 ,
2285 3404 2374 3461 dic
2419 3405 2550 3461 mihi
2573 3445 2586 3469 ,
2619 3404 2901 3460 molestius
2927 3411 3079 3471 erat,
3107 3418 3265 3475 quam
3294 3404 3533 3475 quotidie

1936 3500 2403 3570 periclitari,»imo
2453 3499 2644 3569 capitis
2696 3499 2994 3569 periculum
3032 3496 3253 3553 subire?
3282 3486 3667 3585 AttameM

1933 3592 1987 3647 id
2028 3591 2147 3648 leve
2182 3593 2399 3647 vocavit
2434 3592 2627 3647 beatus
2667 3590 2864 3646 Paulus
2910 3591 2992 3646 his
3029 3590 3320 3668 verbm

2065 3881 2832 3956 mommsens”.
2857 3881 2970 3953 18).
3012 3881 3145 3937 Nam
3170 3883 3272 3937 etsi
3321 3899 3409 3938 res
3439 3898 3541 3937 na-

1935 3978 2051 4024 tura
2081 3970 2262 4041 gravis
2291 3973 2401 4040 sit,
2433 3987 2531 4042 spe
2561 3982 2738 4029 tamen
2771 3975 3070 4029 futurorum
3092 3975 3227 4030 levis
3256 3976 3489 4031 efficitur
3519 3992 3533 4030 :

1932 4075 2092 4130 quam
2128 4062 2218 4116 ille
2252 4078 2469 4119 causam
2504 4066 2680 4134 posuit
2720 4066 2905 4120 dicens
2934 4083 2948 4120 :
2982 4065 3109 4121 Non
3145 4069 3539 4139 contemplanti-

1936 4151 2027 4205 bus
2054 4151 2197 4205 nobis
2222 4169 2335 4223 qua?
2352 4153 2591 4207 videntur
2610 4196 2626 4220 ,
2660 4155 2749 4209 sed
2777 4171 2891 4226 qum
2915 4172 3017 4210 non
3043 4156 3296 4212 videntur.

2006 4242 2060 4298 6.
2099 4243 2385 4300 Videamus
2414 4262 2534 4317 qua:
2557 4256 2856 4318 sequuntur
2885 4266 2899 4303 :
2929 4247 3107 4303 Nolite
3131 4292 3145 4316 ,
3178 4250 3349 4320 inquit
3371 4293 3385 4316 .
3412 4251 3540 4307 dare

1932 4348 2110 4392 sancta
2135 4339 2345 4394 canibus
2365 4382 2379 4406 ,
2407 4356 2568 4411 neque
2594 4341 2807 4395 mittatis
2856 4344 3163 4414 margaritas
3192 4354 3381 4399 vestras
3420 4357 3538 4401 ante

1934 4448 2115 4501 porcos
2169 4431 2383 4507 (Matth.
2416 4434 2469 4487 7.
2498 4434 2574 4501 6).
2605 4432 2762 4491 Certe
2811 4435 3058 4492 Christus
3110 4436 3249 4492 hanc
3283 4441 3538 4508 pr:cccpti

1935 4539 2087 4580 more
2113 4512 2286 4596 legem
2313 4525 2482 4594 dedit,
2512 4522 2611 4584 nos
2633 4535 2811 4582 autem
2843 4543 2954 4597 pra:
2983 4528 3126 4584 inani
3158 4529 3329 4600 gloria
3358 4540 3412 4585 et
3438 4531 3536 4585 ab-

1935 4616 2095 4672 surda
2140 4618 2436 4674 ambitione
2465 4621 2567 4675 hoc
2596 4618 2722 4674 item
2767 4630 3094 4692 przeceptum
3127 4636 3339 4692 pessum
3380 4622 3534 4679 dedi-

1935 4724 2075 4773 mus,
2104 4709 2232 4765 dum
2259 4720 2604 4781 corruptores
2627 4753 2642 4779 ,
2668 4713 2991 4780 incredulos,
3024 4714 3377 4788 hominesque
3415 4732 3539 4773 sex-

1936 4806 2106 4863 centis
2131 4807 2275 4863 vitiis
2296 4818 2539 4877 onustos,
2573 4818 2775 4865 temere
2807 4820 2859 4865 et
2882 4811 2997 4866 sine
3023 4810 3273 4866 examine
3319 4810 3386 4866 ad
3418 4826 3538 4885 my-

1936 4904 2222 4958 steriorum
2253 4902 2713 4974 participationem
2765 4903 3099 4959 admittimus
3127 4945 3142 4972 ,
3168 4914 3222 4960 et
3247 4886 3535 4975 antequam

1936 5003 2240 5052 accuratam
2296 4998 2491 5052 mentis
2539 4997 2928 5069 sententircque
2982 5013 3097 5054 sua:
3165 4999 3537 5071 probationem

1940 5087 2223 5154 dederint,
2267 5090 2447 5145 omnia
2488 5089 2594 5143 illis
2638 5088 2886 5161 dogmata
2925 5091 3266 5159 reveiamus;
3305 5108 3369 5148 ac
3410 5092 3539 5149 licet

1936 5179 2201 5235 vestibula
2235 5180 2471 5235 nondum
2499 5180 2681 5236 videre
2706 5180 2996 5251 potuerint,
3024 5183 3310 5239 confestim
3353 5198 3450 5240 eos
3484 5186 3536 5240 in

1938 5272 2095 5344 adyta
2138 5273 2404 5330 ducimus.
2441 5273 2571 5341 Quae
2610 5289 2770 5329 causa
2818 5273 2920 5329 fuit
2971 5285 3029 5330 ut
3074 5277 3291 5346 quidam
3338 5292 3404 5332 ex
3457 5279 3535 5333 sic

1938 5367 2158 5423 initiatis
2182 5368 2290 5423 cito
2310 5368 2609 5424 resilientes
2629 5410 2645 5435 ,
2677 5367 2954 5423 innumera
2977 5369 3115 5423 maia
3151 5372 3528 5441 perpetrarim.

1936 5459 2018 5517 Ac
2047 5475 2155 5517 non
2183 5461 2234 5515 in
2259 5462 2379 5517 aliis
2406 5470 2609 5516 tantum
2639 5500 2655 5528 ,
2681 5460 2775 5517 scd
2808 5462 2861 5517 in
2893 5462 3048 5519 nobis
3074 5463 3201 5534 ipsis
3229 5462 3532 5519 horribilis-

1938 5553 2133 5620 simum
2166 5552 2270 5609 hoc
2300 5563 2624 5625 prmceptum
2666 5554 3019 5625 despicimus,
3049 5557 3263 5627 quando
3310 5556 3530 5614 immen-

1942 5645 2134 5702 talibus
2185 5648 2458 5718 mysteriis
2505 5646 2869 5718 participaturi
2897 5690 2912 5715 ,
2943 5648 3251 5719 impuritate
3277 5658 3333 5706 et
3358 5649 3528 5721 impu-

2009 5830 2027 5863 ⁸
2062 5830 2134 5882 sic
2152 5830 2291 5882 savii.
2318 5838 2371 5881 et
2391 5829 2522 5881 Colb.
2548 5837 2597 5881 tn
2620 5829 2786 5882 alorci.
2810 5830 2972 5897 deest,
2994 5833 3150 5883 etiarn.

3112 5920 3190 5979 23

1933 3707 2068 3757 quod
2098 3707 2149 3740 ιη
2176 3707 2416 3756 prwsemt
2440 3707 2515 3739 εει
2541 3707 2861 3743 montemane
3280 3721 3313 3756 αὶ

1860 3707 3309 3945 W

2191 3900 2266 3936 -ιη
2300 3900 2366 3937 no
2407 3881 2970 3945 is(2.Cor.4.l7.18).
3012 3881 3145 3937 Nam
3170 3883 3272 3937 etsi
