4266 6314
259 436 370 494 ιοῦ

259 566 320 611 et
347 557 488 610 sitim
516 565 571 612 et
593 553 880 610 nuditatem
907 558 961 607 et
983 549 1191 605 vincula
1216 558 1270 604 et
1297 559 1498 605 mortes
1514 556 1567 604 et
1587 556 1848 602 transma-

260 653 382 706 rina
424 651 612 706 itinera
642 657 694 704 et
738 644 1007 716 naufragia
1036 654 1090 700 et
1129 643 1233 698 alia
1271 642 1450 698 omnia
1490 655 1609 711 quae
1659 651 1849 693 recen-

261 742 370 794 suit
423 738 757 802 sustinebat,
815 751 878 792 ac
921 749 1028 790 non
1073 733 1248 787 solum
1303 732 1419 786 haec
1473 744 1577 784 non
1624 727 1852 783 moleste

262 831 517 894 ferebat,
569 827 662 884 sed
711 828 870 882 etiam
907 823 1170 896 gaudebat
1206 839 1222 877 :
1253 836 1412 877 causa
1445 829 1623 874 autem
1661 819 1847 871 horum

261 934 383 979 erat
407 925 422 956 ⁸
449 936 599 978 amor
643 918 838 976 Christi
884 935 899 973 :
948 930 1111 989 quare
1139 914 1350 971 diccbat
1377 930 1392 967 :
1420 912 1487 967 In
1511 913 1592 966 his
1620 910 1850 964 omnibus

258 1030 561 1086 superamus
589 1021 794 1083 propter
829 1026 943 1066 eum
979 1009 1066 1080 qui
1107 1005 1285 1061 dilexit
1324 1021 1414 1060 nos
1445 1004 1616 1076 (Rom.
1648 1003 1704 1058 8.
1735 999 1848 1073 57).

261 1107 378 1160 Nec
423 1105 543 1160 ideo
581 1103 794 1158 mireris
824 1120 838 1156 :
867 1116 988 1156 nam
1029 1100 1072 1155 si
1113 1114 1264 1154 amor
1309 1097 1582 1152 hominum
1622 1104 1849 1150 mortem

261 1210 414 1265 saepe
462 1195 719 1250 audacter
767 1193 920 1248 adire
958 1191 1122 1258 fecit,
1175 1188 1303 1260 quid
1347 1204 1453 1243 non
1499 1187 1655 1242 faciat
1698 1200 1851 1240 amor

260 1286 506 1341 Christi?
544 1300 706 1355 quam
735 1282 1102 1337 difﬁcultatem
1153 1295 1258 1335 non
1307 1279 1476 1334 levem
1524 1276 1717 1331 faciet?
1763 1275 1854 1331 Sic

260 1376 444 1434 omnia
474 1376 551 1430 illi
583 1373 881 1430 tolerabilia
926 1379 1116 1435 erant,
1171 1370 1311 1440 quod
1355 1369 1422 1426 ad
1468 1368 1720 1423 dilectum
1764 1381 1852 1420 so-

261 1465 542 1521 lummodo
591 1464 920 1533 respiceret,
966 1470 1022 1517 et
1063 1460 1204 1532 quod
1250 1468 1464 1530 propter
1490 1458 1639 1512 illum
1671 1455 1852 1513 omnia

261 1556 414 1627 pati,
459 1555 604 1610 omni
648 1554 917 1622 voluptate
954 1563 1007 1607 et
1038 1539 1252 1606 ‘dcliciis
1282 1550 1455 1618 majus
1495 1549 1846 1614 existimaret,

259 1647 406 1720 quod
434 1662 562 1702 sane
591 1661 777 1703 verum
818 1653 920 1700 est.
969 1643 1084 1698 Non
1131 1642 1274 1697 enim
1322 1640 1680 1696 arbitrabatur
1709 1654 1766 1694 se
1796 1639 1850 1693 in

261 1747 410 1796 terra
436 1753 576 1805 esse,
607 1738 692 1792 vel
734 1737 786 1792 in
818 1735 1066 1806 praesenti
1092 1737 1196 1788 vita
1223 1732 1416 1804 degere
1440 1773 1455 1794 ,
1487 1732 1568 1786 vel
1599 1746 1718 1785 cum
1748 1729 1849 1783 ho-

248 1815 500 1884 minibus
527 1826 864 1890 conversari;
909 1823 1003 1879 sed
1043 1839 1105 1877 ac
1147 1824 1189 1877 si
1217 1823 1325 1892 jam
1353 1823 1620 1877 caelestem
1651 1829 1850 1874 sortem

260 1920 550 1984 obtineret,
581 1932 642 1973 ac
671 1931 791 1970 cum
823 1915 1029 1986 angelis
1058 1914 1296 1983 degeret,
1331 1927 1550 1982 regnum
1584 1911 1853 1979 acciperet

201 2074 208 2079 δ
260 2020 320 2064 et
356 2010 488 2065 facie
529 2007 598 2063 ad
645 2007 833 2061 faciem
879 2006 973 2061 illo
1018 2005 1327 2059 frueretur:
1362 2004 1438 2058 sic
1483 2011 1537 2058 et
1582 2001 1754 2056 dulcia
1794 2009 1852 2056 et

263 2099 470 2164 tristia,
520 2112 640 2168 quae
668 2099 720 2152 in
750 2096 850 2151 hoc
877 2095 1078 2150 mundo
1097 2104 1221 2148 sunt
1247 2134 1260 2156 ,
1295 2093 1705 2159 contemnebat,
1734 2090 1853 2145 nul-

260 2190 477 2259 lamque
505 2188 706 2258 requiei
730 2187 872 2243 illius
893 2227 910 2251 ,
941 2201 1098 2255 quam
1142 2184 1355 2239 assidue
1384 2184 1728 2254 inquirimus,
1760 2196 1850 2236 ra-

264 2283 466 2335 tionem
497 2279 758 2345 habebat;
788 2279 881 2335 sed
903 2279 1166 2334 clamabat
1192 2277 1375 2331 dicens
1406 2294 1417 2329 :
1452 2275 1622 2343 Usque
1641 2277 1693 2328 in
1722 2276 1853 2329 hanc

261 2375 442 2425 harant
466 2381 512 2424 et
531 2371 778 2426 esurimus
802 2412 817 2437 ,
844 2353 892 2424 et
918 2369 1112 2423 sitimus
1135 2409 1152 2434 ,
1184 2376 1230 2422 et
1259 2368 1380 2420 nudi
1404 2383 1578 2420 sumus
1599 2408 1613 2431 ,
1643 2376 1690 2420 et
1714 2367 1854 2419 cola-

262 2465 381 2536 phis
397 2465 656 2526 cwdimur,
679 2471 726 2517 et
754 2461 1011 2516 instabiles
1036 2476 1229 2526 sumus,
1261 2469 1307 2513 et
1333 2459 1616 2513 laboramus
1637 2474 1854 2527 operan—

262 2567 338 2609 tes
381 2555 610 2608 manibus
639 2553 826 2607 nostris
852 2567 871 2604 :
899 2552 1247 2606 maledicimur
1269 2562 1314 2604 et
1343 2549 1677 2604 benedicimus
1698 2591 1711 2615 ,
1739 2567 1856 2620 per-

259 2646 606 2714 sequutionem
647 2643 870 2713 patimur
900 2651 946 2696 et
976 2643 1312 2706 sustinemus,
1359 2641 1766 2710 blasphemamur
1809 2648 1854 2694 et

261 2739 582 2791 obsecramus
611 2752 629 2789 :
657 2743 915 2805 tamquam
952 2743 1281 2805 purgamenta
1309 2733 1485 2787 mundi
1509 2732 1631 2802 facti
1655 2749 1851 2796 sumus,

261 2828 489 2882 omnium
531 2827 810 2897 peripsema
868 2845 1032 2898 usque
1075 2825 1251 2880 adhuc
1293 2823 1366 2892 (l.
1397 2823 1513 2878 Cor.
1547 2824 1600 2877 4.
1640 2822 1849 2892 11-15).

262 2918 400 2972 Cum
442 2916 585 2971 enim
623 2915 792 2970 semel
837 2915 1021 2969 oculos
1065 2914 1258 2967 animm
1309 2914 1364 2967 in
1401 2914 1586 2967 cadum
1624 2927 1854 2965 convcr-

264 3009 455 3071 tissct,
501 3014 555 3060 et
597 3004 891 3058 cmlestium
936 3002 1331 3077 pulchritudine
1381 3013 1568 3071 captus
1593 3011 1770 3066 esset,
1800 3002 1851 3054 in

264 3109 466 3153 terram
518 3095 712 3152 reverti
772 3111 880 3149 non
927 3094 1252 3159 sustinebat;
1308 3094 1400 3150 sed
1463 3095 1604 3148 velut
1654 3109 1856 3163 pauper

260 3189 479 3261 quidam
498 3197 552 3242 ct
580 3189 755 3257 inops,
788 3186 844 3240 in
872 3186 1099 3240 obscura
1122 3195 1175 3240 ct
1193 3183 1282 3240 vili
1309 3187 1623 3241 domuncula
1643 3203 1856 3256 semper

212 3274 224 3326 .
263 3279 504 3334 i..clusus
530 3319 544 3345 ,
586 3277 633 3331 si
681 3290 860 3347 regem
904 3275 1081 3330 videat
1117 3290 1249 3330 auro
1276 3277 1447 3330 multo
1469 3286 1522 3330 ct
1550 3276 1854 3346 lapillorum

261 3373 552 3442 splendore
568 3361 889 3446 fulgentem,
920 3389 1208 3445 numquam
1243 3373 1390 3431 volet
1417 3382 1601 3443 postea
1629 3373 1697 3428 de
1725 3388 1858 3441 pau-

263 3467 482 3536 percula
511 3467 673 3522 domo
713 3483 808 3522 sua
851 3468 1086 3537 cogitare
1107 3506 1120 3531 ,
1164 3466 1258 3521 sed
1291 3465 1417 3520 nihil
1449 3481 1552 3520 non
1579 3477 1700 3536 aget
1722 3475 1777 3518 ut
1803 3465 1858 3520 in

263 3558 412 3611 illam
436 3558 654 3613 domum
682 3574 739 3613 se
770 3558 1076 3621 transferat,
1108 3558 1154 3613 si
1174 3557 1294 3613 lieri
1325 3558 1493 3627 possit
1525 3574 1537 3611 :
1568 3557 1645 3611 sic
1670 3558 1860 3612 beatus
1914 3558 1919 3568 '

264 3648 378 3710 ille,
409 3664 531 3703 cum
560 3649 796 3704 c:1-le$tia
829 3649 1053 3704 intuitus
1082 3657 1260 3716 esset,
1302 3648 1460 3717 hujus
1485 3648 1606 3702 vitae
1632 3663 1860 3717 pauper-

263 3748 430 3795 tatem
482 3741 810 3809 despiciebat
845 3760 858 3796 :
890 3750 943 3796 et
986 3757 1108 3796 cum
1158 3741 1460 3796 hominibus
1503 3740 1716 3811 quidem
1763 3755 1860 3810 pro

263 3832 591 3886 necessitate
620 3835 863 3902 corporis
893 3833 1244 3900 versabatur,
1287 3833 1354 3887 ad
1387 3832 1584 3887 nullam
1616 3848 1744 3887 vero
1768 3849 1858 3888 re-

263 3937 385 3976 rum
414 3923 749 3977 smcularium
772 3937 831 3977 se
848 3923 1215 3990 convertebat,
1243 3924 1336 3979 sed
1367 3939 1425 3979 se
1450 3932 1618 3978 totum
1643 3925 1694 3978 in
1717 3924 1861 3978 illam

263 4011 535 4066 civitatem
567 4012 945 4069 transferebat.

341 4099 496 4157 Pauli
519 4119 663 4156 antor
695 4104 1253 4174 schemate—Ecquid
1276 4105 1461 4174 loquar
1488 4105 1556 4162 de
1584 4106 1861 4175 prtesentis

267 4193 389 4248 vita:
416 4194 704 4249 aerumnis?
734 4194 905 4250 Tanto
929 4196 1122 4266 quippe
1148 4195 1344 4250 Christi
1375 4211 1557 4252 amore
1583 4195 1859 4267 ﬂagrabat,
1906 4210 1907 4213 ‘

264 4293 328 4337 ut
345 4284 388 4338 si
417 4283 753 4356 propositum
779 4285 878 4341 sibi
895 4285 1080 4341 fuisset
1102 4287 1429 4341 immortales
1457 4287 1576 4341 illos
1599 4289 1862 4342 cruciatus

265 4391 367 4446 pro
381 4375 592 4429 Christo
608 4377 806 4445 subire,
827 4383 892 4450 ne
907 4377 1009 4432 hoc
1022 4377 1234 4448 quidem
1250 4387 1565 4433 recusasset.
1589 4378 1703 4433 Non
1720 4379 1862 4433 enim

265 4467 716 4536 quemadmddum
737 4483 836 4525 nos
848 4471 1182 4538 mercenarii,
1202 4471 1286 4540 qui
1303 4470 1597 4539 gehennam
1614 4469 1863 4525 formida-

268 4571 390 4610 mus
412 4566 466 4612 et
493 4573 717 4627 regnum
740 4559 1186 4629 concupiscimus,
1210 4560 1288 4613 sic
1313 4559 1399 4614 ille
1428 4559 1640 4614 Christo
1657 4561 1862 4616 servie-

269 4644 363 4699 bat
385 4662 400 4711 ;
425 4646 515 4700 sed
534 4647 638 4703 alio
654 4647 810 4718 longe
827 4649 1192 4717 praestantiore
1210 4649 1549 4720 beatioreque
1575 4665 1758 4705 amore
1778 4667 1867 4705 ca-

271 4746 412 4806 ptus,
459 4738 637 4791 omnia
671 4739 966 4807 patiebatur
994 4748 1048 4794 et
1072 4741 1259 4810 agebat
1287 4741 1426 4795 nulla
1458 4741 1560 4796 alia
1584 4741 1653 4797 de
1681 4757 1861 4808 causa,

264 4843 429 4898 quam
446 4837 503 4881 ut
519 4828 688 4882 amori
703 4843 826 4899 erga
839 4829 1104 4885 Christum
1121 4846 1217 4885 suo
1233 4830 1592 4886 satisfaceret:
1615 4831 1700 4901 qui
1715 4847 1865 4886 amor

268 4917 408 4972 adeo
425 4926 656 4974 mentem
673 4923 788 4988 ejus
807 4921 1018 4983 vicerat,
1046 4930 1101 4975 ut
1121 4921 1264 4991 quod
1282 4922 1352 4974 illi
1368 4922 1540 4977 carius
1561 4933 1695 4984 erat,
1715 4937 1864 4976 nem-

270 5023 340 5077 pe
366 5023 485 5063 esse
513 5024 632 5064 cum
658 5009 893 5076 Christo,
914 5027 1010 5080 pro
1031 5026 1135 5082 quo
1159 5020 1211 5066 et
1235 5012 1532 5081 gehennam
1562 5021 1616 5068 et
1641 5029 1863 5083 regnum

267 5097 527 5152 cariorum
576 5099 928 5169 despiciebat,
981 5100 1082 5155 hoc
1130 5102 1324 5171 ipsum,
1355 5102 1589 5171 inquam,
1635 5105 1865 5160 libenter

270 5188 574 5274 desereret,
621 5197 695 5244 ac‘
720 5201 935 5260 propter
978 5190 1243 5245 Christum
1272 5192 1680 5247 inenarrabilem
1713 5195 1861 5248 illum

270 5280 505 5346 lapsum,
541 5281 690 5349 quasi
724 5295 836 5335 rem
863 5281 1320 5351 optabilissimam,
1355 5283 1511 5337 vellet
1537 5286 1782 5354 amplecti
1809 5293 1863 5340 et

269 5387 460 5443 magna
492 5388 612 5428 cum
643 5373 914 5429 alacritate
937 5375 1225 5443 suscipere.
1400 5432 1410 5438 _

345 5464 398 5520 8.
444 5464 512 5518 At
555 5463 779 5520 fortasse
808 5481 946 5520 nunc
974 5465 1256 5521 obscurum
1299 5466 1480 5520 multis
1509 5465 1716 5521 videtur
1744 5479 1864 5522 esse

271 5558 417 5627 quod
445 5558 644 5612 dictum
685 5565 766 5613 est
796 5576 808 5612 :
857 5574 978 5614 cum
1003 5569 1179 5614 autem
1210 5560 1262 5613 id
1297 5559 1489 5614 clarius
1517 5576 1858 5627 enarravero,

269 5658 402 5705 tunc
456 5649 766 5704 incredibile
816 5649 1080 5704 videbitur
1129 5649 1191 5703 iis
1237 5651 1404 5718 ipsis,
1473 5651 1664 5719 quibus
1707 5660 1862 5705 antea

279 5741 569 5797 obscurum
591 5750 725 5796 erat.
751 5741 996 5811 Nihilque
1027 5741 1251 5796 mirum:
1274 5758 1396 5795 nam
1420 5742 1605 5797 beatus
1634 5744 1721 5798 ille
1741 5759 1862 5799 cum

343 5856 356 5886 ι
386 5863 501 5915 vos,
528 5859 649 5914 erat,
665 5861 714 5904 et
732 5851 848 5904 infra
872 5853 1038 5914 verba,
1061 5865 1209 5915 quare
1233 5851 1438 5913 dicebat,
1463 5854 1641 5904 desum
1662 5855 1710 5905 in
1728 5855 1856 5906 Colb.

1117 430 1206 487 DE
1244 427 1790 492 COMPUNCTIONE.
1831 425 1925 484 AD
1962 419 2388 485 DEMETRIUM,
2429 419 2557 478 LIB.
2597 420 2640 477 l.

3430 423 3536 483 £06

1957 541 2059 596 sibi
2086 539 2242 596 ﬁdem
2270 539 2411 595 circa
2439 538 2684 594 haec‘non
2714 538 3010 595 habendam
3036 553 3156 595 esse
3180 551 3536 611 exspectaret,

1955 630 2071 687 haec
2096 630 2352 702 praemisit
2384 648 2397 685 :
2432 629 2702 685 Veritatem
2727 631 2839 684 dico
2865 631 2917 685 in
2940 629 3160 696 Christo,
3185 648 3286 686 non
3301 635 3537 700 mentior,

1957 726 2294 782 testimonium
2330 727 2454 780 mihi
2482 725 2768 796 perhibente
2793 725 3095 779 conscientia
3129 743 3239 781 mea
3262 728 3314 781 in
3340 726 3541 798 Spiritu

1955 831 2130 876 sancto
2151 820 2328 893 (Rom.
2360 821 2413 878 9.
2441 821 2494 892 l)
2511 863 2522 876 .
2541 820 2787 875 Attamen
2810 819 2892 875 his
2921 820 3142 888 adjectis
3162 819 3540 890 advocatisque

1956 913 2149 968 talibus
2168 914 2508 972 conscientiae
2533 929 2643 968 sure
2669 912 2911 976 testibus,
2940 915 3099 968 etiam
3127 928 3265 968 nunc
3290 928 3395 968 non
3423 929 3544 969 cre-

1956 1002 2258 1071 ditur.Quid
2280 1005 2435 1074 igitur
2455 1003 2567 1058 vult
2584 1003 2799 1058 dicere?
2816 1003 2975 1058 Audi.
2992 1003 3276 1075 Postquam
3294 1005 3542 1073 debujus

1959 1092 2141 1146 mundi
2175 1093 2428 1147 mrumnis
2452 1094 2700 1148 disseruit
2728 1107 2790 1148 ac
2814 1093 2946 1148 dixit
2979 1110 2991 1146 :
3019 1093 3144 1159 Quis
3168 1111 3259 1149 nos
3286 1097 3539 1167 separabit

1955 1201 1987 1236 a
2000 1185 2209 1238 caritate
2221 1184 2406 1239 Christi
2422 1186 2446 1238 ?
2460 1185 2738 1253 tribulatio,
2752 1202 2818 1240 an
2833 1187 3090 1257 angustia,
3112 1203 3180 1240 an
3197 1188 3537 1258 persequutio,

1958 1293 2026 1329 an
2050 1278 2230 1346 fames,
2254 1296 2319 1332 an
2338 1280 2560 1342 auditas,
2582 1296 2648 1333 an
2667 1280 2968 1350 perieulum,
2989 1297 3053 1334 an
3069 1280 3273 1350 gladius
3291 1279 3462 1351 (Rom.
3484 1280 3537 1335 8.

1955 1367 2042 1422 55.
2059 1367 2146 1423 58.
2164 1367 2282 1439 59)?
2308 1378 2361 1424 et
2388 1369 2636 1426 omnibus
2661 1371 2843 1441 quaein
2865 1379 3006 1428 terra
3031 1379 3155 1426 sunt
3175 1369 3473 1436 recensitis,
3489 1373 3542 1424 in

1942 1459 2143 1515 cadum
2165 1461 2402 1516 ascendit
2433 1479 2448 1518 :
2495 1472 2658 1534 utque
2683 1463 2944 1528 ostendat,
2979 1476 3084 1519 non
3116 1477 3363 1531 magnum
3389 1460 3544 1532 quid-

1956 1552 2094 1620 piam
2117 1568 2235 1609 esse
2258 1554 2416 1624 hujus
2442 1554 2564 1609 vitae
2594 1557 2868 1613 cruciatus
2903 1563 3120 1625 propter
3144 1553 3416 1609 Christum
3443 1553 3542 1609 de-

1955 1643 2181 1712 spicere,
2209 1644 2286 1698 sic
2314 1639 2476 1700 infert
2513 1661 2526 1698 :
2572 1644 2750 1714 Neque
2770 1645 2958 1714 angeli,
3001 1661 3162 1714 neque
3195 1644 3542 1714 Principatus,

1956 1748 2115 1804 neque
2166 1733 2404 1800 Virtutes,
2452 1750 2611 1803 neque
2653 1732 2917 1796 instantia,
2954 1751 3113 1805 neque
3143 1738 3338 1804 futura,
3371 1750 3545 1806 ,πέψω

1956 1824 2195 1890 altitudo,
2229 1843 2387 1896 neque
2417 1826 2748 1897 profundum,
2783 1843 2941 1896 neque
2961 1837 3195 1880 creatura
3232 1828 3336 1881 alia
3363 1811 3546 1898 poterit

1956 1933 2049 1971 nos
2088 1934 2328 1989 separare
2367 1937 2398 1974 a
2440 1921 2651 1975 caritate
2695 1919 2811 1987 Dei,
2856 1937 2970 1990 qua:
2995 1931 3069 1975 est
3109 1921 3163 1974 in
3196 1919 3395 1976 Christo
3419 1919 3546 1975 Jesu

1959 2007 2179 2064 Domino
2217 2022 2408 2065 nostro.
2434 2012 2587 2080 Quod
2614 2022 2790 2068 autem
2819 2011 2945 2067 dicit
2972 2013 3077 2066 tale
3106 2021 3206 2068 est.
3233 2012 3348 2068 Non
3373 2012 3547 2068 solum

1959 2099 2206 2155 homines
2236 2116 2320 2155 me
2351 2118 2454 2156 non
2484 2110 2737 2173 poterunt
2766 2102 2836 2157 ab
2871 2101 2975 2156 hoc
3001 2118 3183 2158 amore
3212 2102 3544 2169 abstrahere,

1965 2189 2062 2244 sed
2087 2206 2258 2260 neque
2285 2192 2480 2261 angeli,
2532 2208 2703 2262 neque
2747 2194 2794 2248 si
2835 2209 3022 2248 onmes
3046 2194 3290 2249 caelestes
3315 2193 3549 2249 Virtutes

1959 2282 2012 2336 in
2044 2283 2146 2339 hoc
2179 2269 2569 2353 conspirarent,
2610 2285 2662 2339 id
2690 2285 2907 2340 efficere
2954 2295 3190 2355 possent.
3221 2285 3357 2353 Quid
3386 2286 3549 2340 dico?

1959 2388 2131 2442 neque
2157 2375 2201 2429 si
2226 2390 2257 2428 e
2286 2388 2452 2444 regno
2477 2375 2744 2442 excidere,
2777 2391 2950 2445 neque
2975 2376 3019 2430 si
3051 2378 3102 2430 in
3129 2375 3432 2445 gehennam
3461 2378 3547 2432 in-

1959 2465 2140 2520 cidere
2169 2477 2384 2534 propter
2409 2466 2679 2522 Christum
2701 2475 2990 2542 oporteret,
3017 2467 3092 2521 .id
3132 2467 3260 2522 mihi
3286 2468 3543 2523 formida-

1959 2553 2063 2608 bile
2092 2566 2253 2609 esset.
2286 2555 2417 2609 Nam
2443 2555 2666 2610 altitudo
2696 2565 2747 2610 et
2777 2543 3117 2625 profundum,
3161 2557 3266 2611 vita
3294 2566 3349 2612 et
3376 2571 3545 2626 mors,

1961 2643 2088 2697 nihil
2137 2644 2278 2699 aliud
2318 2661 2477 2714 quam
2523 2644 2624 2700 hoc
2675 2646 2964 2706 declarant.
3012 2646 3070 2700 ld
3101 2648 3116 2679 ¹
3147 2662 3273 2702 vero
3316 2648 3549 2716 dicebat,

1960 2751 2066 2789 non
2104 2735 2244 2806 quod
2273 2737 2447 2807 angeli
2481 2738 2730 2792 tentaturi
2756 2748 2937 2794 essent
2961 2739 3134 2808 ipsum
3161 2754 3191 2793 a
3217 2738 3432 2795 Christo
3458 2755 3550 2797 se-

1960 2844 2183 2898 parare;
2241 2830 2336 2885 sed
2365 2846 2427 2886 ea
2454 2847 2571 2901 qua:
2612 2846 2900 2902 numquam
2942 2834 3253 2902 contingere
3300 2842 3548 2902 possunt,

1961 2922 2124 2973 verbo
2178 2928 2334 2975 tenus
2375 2922 2644 2991 proponit,
2691 2930 2748 2976 ut
2785 2923 3203 2991 magnitudinem
3243 2926 3442 2979 amoris
3467 2939 3551 2981 sui

1959 3007 2253 3070 declarare,
2276 3009 2626 3080 omnibusque
2644 3012 2816 3079 palam
2835 3010 3010 3065 facere
3031 3014 3218 3080 possit.
3238 3013 3383 3067 Talis
3401 3029 3551 3069 nam-

1960 3110 2061 3164 que
2086 3098 2376 3152 amantium
2397 3114 2512 3155 mos
2537 3108 2619 3153 est
2650 3117 2663 3154 :
2695 3115 2800 3153 non
2826 3109 3047 3168 possunt
3068 3101 3281 3156 silentio
3306 3118 3551 3159 amorem

1958 3200 2114 3239 suum
2143 3196 2339 3256 tegere,
2368 3189 2461 3243 sed
2488 3190 2835 3246 familiaribus
2859 3191 3107 3246 omnibus
3129 3191 3396 3249 flammam
3423 3194 3553 3251 ell'ev

1962 3284 2105 3342 runt,
2155 3289 2210 3331 ut
2250 3279 2560 3334 assiduitate
2599 3281 2849 3337 narrandi
2889 3285 3126 3338 animum
3173 3285 3440 3340 desiderio
3470 3288 3554 3342 in-

1960 3369 2103 3435 genti
2136 3367 2446 3439 ﬂagrantem
2491 3372 2735 3442 mitigent
2785 3389 2848 3428 ac
2892 3384 3155 3430 recreent.
3194 3376 3348 3444 Quod
3377 3378 3552 3446 ipsum

1964 3466 2088 3514 tunc
2117 3459 2240 3517 fecit
2268 3462 2450 3527 beatus
2482 3463 2590 3530 ille,
2627 3465 2914 3536 omniaque
2944 3482 3191 3524 sermone
3215 3471 3546 3539 complexus,

1964 3555 2264 3620 praesentia,
2303 3555 2501 3623 futura,
2536 3557 2825 3626 praeterita,
2857 3574 2977 3629 qua:
3019 3576 3308 3631 numquam
3334 3563 3547 3618 contin-

1962 3657 2089 3713 gere
2119 3655 2384 3715 poterant,
2415 3649 2643 3704 visibilia
2670 3662 2724 3706 et
2749 3652 3056 3720 invisibilia,
3093 3670 3307 3711 omnem
3335 3657 3548 3712 crucia-

1963 3744 2097 3802 tum,
2128 3752 2342 3794 omnem
2360 3740 2626 3810 quietem;
2656 3743 2807 3812 quasi
2838 3742 2953 3798 lucc
2978 3760 3086 3798 non
3113 3745 3215 3799 sibi
3245 3745 3555 3802 sufficerent

1964 3825 2030 3879 ad
2076 3826 2322 3882 atl‘ectum
2357 3844 2512 3884 suum
2555 3831 2954 3897 declarandum,
3002 3843 3279 3904 postquam
3333 3845 3411 3890 tot
3449 3837 3553 3891 alia

1965 3931 2071 3971 non
2103 3919 2412 3973 exsistentia
2442 3903 2721 3990 supposuit
2746 3933 2799 3977 et
2819 3925 3009 3979 extulit
3038 3903 3184 3993 (nam
3212 3926 3362 3992 illud,
3404 3943 3551 3982 crea-

1966 4019 2080 4062 tura
2113 4010 2238 4076 alia,
2287 4011 2354 4066 de
2401 4028 2506 4066 non
2552 4013 2934 4070 exsistcntibus
2963 4015 3218 4084 dicitur);
3262 4017 3338 4072 sic
3377 4018 3555 4073 intulit

1953 4103 2252 4158 ostendens
2283 4104 2410 4158 nihil
2437 4120 2597 4176 supra
2627 4091 2890 4160 dictorum
2923 4122 3081 4176 posse
3116 4123 3214 4162 nos
3238 4122 3489 4178 separare
3523 4127 3555 4166 a

1965 4195 2186 4249 Caritate
2216 4195 2328 4262 Dei,
2356 4212 2475 4267 qua:
2504 4208 2586 4252 est
2612 4198 2663 4250 in
2683 4197 2897 4253 Chrino
2929 4198 3059 4254 Jesu
3092 4200 3317 4255 Domino
3345 4211 3551 4256 nostro.

1967 4284 2035 4338 Et
2054 4286 2142 4340 ille
2163 4287 2373 4356 quidem
2403 4303 2638 4343 amorem
2667 4304 2819 4343 suum
2849 4290 2900 4343 in
2943 4299 3141 4344 tantam
3171 4291 3554 4349 sublimitatem

1967 4377 2154 4432 extulit
2183 4395 2196 4430 :
2231 4394 2327 4433 nos
2353 4388 2554 4447 autem,
2602 4381 2692 4449 qui
2729 4379 2861 4450 jussi
2900 4396 3081 4436 sumus
3115 4383 3232 4450 ejus
3259 4383 3555 4442 imitatores

1965 4481 2106 4532 esse,
2142 4482 2208 4522 ne
2236 4469 2357 4523 vitte
2383 4469 2596 4538 quidem
2627 4471 2782 4540 hujus
2810 4487 3077 4526 aerumnas
3127 4471 3281 4529 facile
3309 4474 3549 4538 ferimus,

1968 4561 2062 4614 sed
2086 4576 2189 4614 non
2219 4561 2412 4627 minus,
2432 4578 2589 4632 quam
2609 4562 2987 4624 febricitantes,
3013 4579 3322 4629 maeremus,
3342 4575 3395 4619 et
3413 4566 3552 4621 indi-

1967 4667 2209 4719 gnamur.
2234 4651 2366 4705 Nam
2395 4652 2581 4719 longus
2617 4650 2702 4706 hic
2728 4653 2968 4719 morbus,
2999 4654 3085 4723 qui
3112 4653 3317 4708 animas
3345 4667 3554 4713 nostras

1967 4743 2264 4810 occupavit,
2281 4741 2628 4796 diuturnitate
2649 4742 2955 4796 insanabilis
2981 4744 3169 4809 evasit,
3196 4754 3250 4798 ut
3273 4745 3340 4798 ita
3357 4745 3551 4812 dicam,

1968 4848 2031 4888 ac
2056 4833 2343 4902 perfectam
2373 4833 2734 4894 valetudinem
2766 4848 2832 4887 ne
2862 4833 3094 4902 cogitare
3120 4835 3336 4904 quidem
3365 4851 3552 4905 possu-

1969 4939 2088 4977 mus
2119 4942 2133 4977 :
2167 4923 2275 4978 imo
2305 4925 2464 4980 etiam
2493 4924 2649 4979 nobis
2675 4940 2737 4979 ea
2762 4940 2868 4979 non
2895 4926 3030 4980 ultra
3062 4929 3367 4996 recuperari
3397 4943 3553 4997 posse

1967 5013 2193 5080 videtur.
2248 5015 2303 5069 Si
2349 5029 2480 5069 vero
2513 5015 2816 5085 quempiam
2863 5015 3141 5070 audiamus
3183 5018 3457 5087 apostolos
3501 5020 3554 5073 in

1968 5104 2200 5158 medium
2230 5105 2610 5174 proferenlem,
2642 5116 2696 5160 et
2723 5121 2906 5160 eorum
2932 5107 3185 5176 praeclara
3227 5123 3387 5177 opera
3430 5124 3556 5162 nar-

1967 5211 2196 5265 rantem,
2243 5215 2362 5254 cum
2393 5201 2569 5255 statim
2611 5200 2793 5270 lugere
2821 5199 3166 5268 deberemus,
3218 5201 3358 5271 quod
3386 5217 3557 5269 usque

1967 5290 2101 5345 adeo
2132 5291 2234 5344 illis
2260 5290 2542 5345 inferiores
2560 5292 2748 5356 simus,
2783 5306 2851 5346 ne
2881 5299 3153 5360 peccatum
3182 5292 3396 5361 quidem
3436 5307 3556 5346 eam

1967 5397 2080 5436 rem
2106 5396 2234 5437 esse
2265 5392 2528 5451 putamus,
2553 5383 2648 5438 sed
2675 5383 2828 5453 quasi
2858 5398 2962 5438 non
2991 5384 3160 5454 possit
3187 5385 3399 5439 culmen
3428 5384 3556 5438 illud

1965 5472 2172 5542 attingi,
2219 5475 2290 5526 ita
2331 5474 2558 5528 remisse
2593 5473 2858 5544 degimus.
2895 5473 2961 5535 Si
2997 5475 3116 5545 quis
3145 5490 3358 5529 causam
3389 5482 3556 5546 petat,

1968 5566 2144 5617 Statim
2181 5566 2414 5635 ineptam
2460 5565 2596 5621 hanc
2620 5566 3026 5622 exeusationem
3063 5567 3430 5637 proferimus:
3463 5566 3558 5622 Ille

1969 5655 2163 5709 Paulus
2190 5665 2328 5719 erat,
2376 5656 2465 5711 ille
2495 5656 2704 5720 Petrus,
2739 5658 2828 5712 ille
2855 5656 3107 5713 Joannes.
3153 5657 3290 5726 Quid
3320 5657 3419 5713 sibi
3448 5657 3559 5712 vult

1969 5745 2116 5810 illud,
2147 5745 2239 5802 llle
2265 5748 2460 5805 Paulus
2485 5756 2621 5815 erat,
2675 5748 2768 5803 ille
2793 5749 2980 5803 Petrus
3009 5750 3164 5804 erat?
3209 5751 3424 5814 Annon,
3469 5747 3557 5804 dic

2032 5860 2048 5888 ³
2085 5855 2236 5909 Colb..
2285 5849 2406 5906 nihil
2429 5855 2566 5906 aliud
2590 5869 2733 5919 quam
2758 5857 2860 5908 ha'c
2879 5866 2984 5908 sunt
3013 5894 3024 5907 .
3051 5866 3117 5908 Ea
3140 5871 3276 5919 raro,
3303 5852 3400 5908 etc.
