4266 6314
725 256 824 316 ιω

720 376 870 438 mihi,
916 371 1154 443 ejusdem
1207 372 1277 426 illi
1323 379 1525 424 natura;
1553 377 1829 423 consortes
1877 365 2070 430 erant?
2117 379 2294 417 annon

717 465 904 519 eadem
935 465 1019 518 via
1065 464 1116 516 in
1157 461 1292 515 hanc
1328 461 1487 514 vitam
1518 458 1864 527 prodierant?
1892 471 2066 510 annon
2107 455 2294 509 iisdem

717 555 851 609 cibis
897 552 1083 608 nutriti
1113 551 1370 606 fuerant?
1409 565 1587 602 annon
1631 548 1876 603 eumdem
1905 545 2296 615 respiraverant

716 660 898 700 aerem
919 645 942 697 τ
967 659 1143 698 nonne
1183 641 1369 696 iisdem
1411 641 1570 694 rebus
1599 639 1920 694 utebantur?
1967 652 2146 692 nonne
2172 638 2293 706 qui-

715 737 838 789 dam
862 736 1095 805 ipsorum
1127 747 1322 788 uxores
1343 732 1604 786 duxerant
1631 741 1686 786 et
1715 731 1910 785 liberos
1949 737 2296 797 susceperant

714 826 804 878 alii
836 835 964 878 vero
995 833 1142 878 artes
1170 823 1452 878 saecularcs
1479 821 1818 884 exercebant,
1872 819 1960 874 alii
1998 820 2208 874 demum
2243 820 2292 873 in

716 917 888 984 ipsum
905 915 1154 984 nequitia:
1174 915 1480 968 barathrum
1497 912 1698 982 delapsi
1725 912 1972 967 fuerant?
1993 921 2058 966 At
2083 927 2287 981 magna,

714 1007 943 1075 inquies,
973 1004 1286 1060 fruebantur
1309 1005 1400 1060 Dci
1424 1005 1610 1074 gratia.
1635 1004 1742 1059 Sed
1768 1005 1812 1058 si
1838 1005 2050 1073 quidem
2074 1003 2292 1072 jubere-

714 1113 838 1150 mur
881 1105 1122 1152 mortuos
1184 1098 1466 1162 suscitare,
1520 1111 1782 1151 caecorum
1828 1096 2013 1150 oculos
2060 1095 2289 1164 aperire,

715 1189 956 1255 leprosos
985 1188 1262 1253 mUndare,
1286 1188 1502 1243 claudos
1522 1188 1745 1257 erigere,
1779 1187 2049 1241 daemones
2075 1187 2286 1257 ejicere,

714 1279 957 1347 aliosque
978 1278 1180 1332 similes
1199 1277 1414 1333 morbos
1427 1291 1636 1339 sanare,
1665 1285 1962 1346 opportune
1981 1285 2159 1345 posset
2179 1277 2292 1330 hate

713 1371 987 1422 excusatio
1013 1367 1238 1436 proferri
1272 1384 1286 1421 :
1325 1368 1406 1421 sin
1433 1375 1681 1421 accurata
1712 1367 1830 1420 vitae
1859 1368 1993 1420 ratio
2025 1382 2290 1437 prepona-

714 1471 801 1512 tur
834 1470 888 1513 et
913 1460 1273 1530 obsequentia:
1317 1459 1594 1517 exbibitio.
1621 1473 1738 1528 quae
1768 1461 2112 1513 consonantia
2155 1459 2292 1513 inter

715 1551 815 1602 hoc
844 1560 897 1604 ct
927 1550 1092 1603 illud?

784 1641 850 1695 In
879 1641 1124 1710 baptismo
1154 1644 1369 1712 gratiam
1397 1651 1444 1693 et
1467 1639 1716 1709 Spiritum
1742 1649 1970 1693 sanctum
2000 1641 2286 1709 recipimus.

712 1764 780 1772 —
800 1734 1008 1787 Etenim
1036 1742 1090 1786 tu
1116 1734 1273 1788 etiam
1308 1732 1358 1784 in
1389 1731 1649 1799 baptismo
1667 1731 1842 1784 dit-ina
1874 1731 2072 1800 potitus
2096 1747 2151 1785 es
2171 1746 2290 1805 gra-

713 1825 782 1876 tia
804 1864 817 1887 ,
850 1838 911 1878 ac
937 1823 1153 1892 spiritus
1175 1822 1438 1891 particeps
1462 1820 1643 1886 fuisti,
1673 1821 1885 1876 etiamsi
1917 1837 2020 1874 non
2050 1832 2105 1875 ut
2134 1822 2282 1890 signa

712 1919 898 1974 ederes
922 1959 936 1982 ,
966 1917 1059 1972 sed
1084 1929 1338 1987 quantum
1359 1917 1486 1971 satis
1515 1925 1629 1970 erat
1654 1915 1719 1969 ad
1747 1925 1947 1969 rectum
1991 1922 2048 1967 et
2073 1927 2290 1967 accura-

713 2019 822 2063 tum
851 2009 972 2063 vitae
1002 2008 1299 2062 institutum
1325 2025 1337 2060 :
1363 2008 1434 2061 ita
1465 2017 1520 2060 ut
1545 2006 1810 2074 pernicies
1838 2019 1904 2058 ex
1934 2003 2046 2057 sola
2065 2002 2291 2072 segnitie

712 2111 893 2156 nostra
919 2100 1189 2170 procedat.
1223 2099 1363 2154 Sane
1388 2099 1634 2156 Christus
1666 2100 1718 2152 in
1739 2099 1824 2152 die
1856 2098 1943 2152 illa
1988 2112 2097 2151 non
2140 2098 2289 2167 signa

711 2194 991 2249 edentibus
1019 2193 1332 2262 simpliciter
1374 2207 1595 2247 munera
1624 2191 1752 2254 dat,
1795 2190 1888 2244 sed
1932 2191 1996 2244 iis
2021 2189 2107 2259 qui
2140 2205 2292 2243 man-

712 2287 831 2338 data
860 2301 952 2338 sua
981 2294 1104 2338 sunt
1134 2284 1441 2353 essequuti:
1475 2298 1593 2336 nam
1621 2324 1636 2347 _.
1677 2280 1849 2336 Venite
1872 2323 1884 2344 ,
1920 2282 2108 2349 inquit,
2139 2282 2287 2334 bene-

715 2377 838 2429 dicti
868 2375 1039 2430 Patris
1061 2376 1158 2430 mei
1179 2416 1194 2440 ,
1239 2375 1486 2444 possidete
1511 2383 1852 2443 prarparatum
1878 2372 2012 2426 vobis
2032 2386 2240 2442 regnum
2258 2388 2290 2424 a

715 2467 1068 2521 constitutione
1091 2465 1264 2518 mundi
1289 2504 1304 2528 ,
1335 2476 1441 2518 non
1468 2465 1589 2532 quia
1617 2463 1873 2516 miracula
1903 2454 2166 2524 edidistis,
2196 2462 2290 2516 sed

713 2562 833 2629 quia
857 2560 1038 2613 esurioi
1066 2600 1081 2623 ,
1107 2568 1154 2612 et
1178 2558 1384 2612 dedistis
1412 2557 1538 2609 mihi
1563 2557 1870 2609 manducare
1891 2572 1909 2619 ;
1937 2555 2068 2608 sitivi
2090 2594 2105 2620 ,
2135 2564 2181 2608 et
2205 2556 2292 2607 de-

713 2651 858 2705 distis
886 2650 1009 2703 mihi
1037 2650 1240 2713 bibere;
1269 2651 1449 2717 hospes
1488 2665 1646 2714 eram,
1670 2658 1717 2701 et
1742 2648 2010 2716 collegistis
2037 2663 2115 2699 me
2141 2663 2159 2710 ;
2191 2663 2288 2698 nu-

711 2741 830 2807 dus,
861 2750 908 2793 et
932 2740 1197 2809 operuistis
1223 2755 1300 2792 me
1318 2756 1338 2805 ,°
1359 2739 1590 2806 infirmus
1620 2739 1696 2807 fui
1721 2779 1734 2801 ,
1766 2745 1812 2790 et
1833 2737 2069 2790 uisitastis
2094 2751 2211 2796 me;
2237 2737 2289 2787 in

710 2851 909 2889 carcere
930 2849 1086 2897 eram,
1105 2841 1150 2886 et
1175 2833 1376 2887 uenistis
1404 2832 1471 2885 ad
1493 2847 1570 2884 me
1619 2831 1637 2900 (
1671 2830 1853 2883 Matth.
1876 2830 1967 2883 25.
1993 2829 2059 2882 54
2080 2830 2118 2897 ).
2143 2829 2210 2882 Ει
2238 2829 2287 2880 in

713 2923 1130 2980 beatitudinibus
1169 2932 1427 2992 nusquam
1475 2923 1625 2992 signa
1651 2929 1933 2991 operantes
1963 2920 2108 2988 ponit
2136 2959 2151 2983 ,
2194 2917 2288 2972 scd

711 3015 802 3086 qui
831 3016 991 3069 vitam
1017 3013 1185 3085 probe
1203 3015 1424 3068 ducunt.

763 3107 839 3161 -9.
869 3107 1050 3176 itaque
1067 3107 1190 3160 licet
1213 3106 1300 3160 illa
1322 3105 1488 3175 gratia
1522 3120 1664 3160 nunc
1692 3113 1962 3159 contracta
1987 3103 2055 3156 sit
2087 3143 2102 3168 ,
2137 3103 2186 3155 id
2219 3103 2288 3155 ni-

715 3201 787 3254 hil
809 3199 962 3254 nobis
978 3198 1215 3254 nocebit:
1241 3212 1413 3268 neque
1439 3197 1560 3251 inde
1582 3209 1678 3251 nos
1703 3209 1955 3248 excusare
1971 3193 2284 3264 poterimus,

711 3290 922 3362 quando
947 3288 1240 3344 facinorum
1271 3296 1572 3342 nostrorum
1601 3287 1860 3340 rationem
1903 3285 2165 3340 dabimus.
2215 3284 2290 3339 Si-

711 3381 926 3450 quidem
955 3379 1140 3450 beatos
1162 3378 1283 3432 illos
1310 3394 1413 3432 non
1450 3378 1521 3434 ob
1560 3378 1712 3448 signa
1741 3376 2028 3430 miramur:
2061 3391 2181 3429 nam
2201 3376 2286 3428 illa

711 3471 781 3527 ad
806 3471 1040 3526 divinam
1078 3483 1296 3539 prorsus
1333 3469 1625 3538 potentiam
1661 3469 1677 3500 ι
1711 3467 1997 3536 pertinent,
2035 3466 2286 3536 sedquod

711 3564 874 3617 vitam
885 3560 1178 3630 angelicam
1199 3559 1537 3614 exhibuerint
1560 3575 1572 3610 :
1595 3559 1695 3612 hoc
1720 3565 1897 3612 autem
1919 3571 2038 3611 cum
2056 3569 2289 3626 superno

713 3662 866 3719 nutu,
897 3653 1056 3707 etiam
1097 3651 1306 3705 illorum
1335 3649 1590 3720 propositi
1618 3637 1752 3718 opus
1788 3657 1919 3714 est.,
1944 3649 2010 3720 Et
2037 3648 2140 3702 hoc
2180 3663 2287 3702 non

712 3761 812 3815 ego
837 3718 979 3811 dico,
1006 3742 1099 3798 sed
1143 3744 1186 3796 is
1215 3718 1550 3813 ipseVChristi
1597 3743 1848 3797 imitator.
1897 3718 2122 3808 Qtiando
2146 3741 2288 3796 enim

713 3836 987 3906 discipulis
1011 3835 1254 3889 scribens
1281 3845 1468 3888 contra
1496 3832 1969 3904 pseudoapostolos
1997 3832 2290 3888 contende-

710 3927 797 3982 bat
827 3966 842 3991 ,
875 3933 929 3980 ut
957 3925 1244 3980 discrimen
1276 3924 1412 3977 inter
1435 3924 1711 3993 probatum
1757 3930 1811 3977 et
1858 3921 2156 3990 improbum
2186 3922 2289 3976 mi-

713 4017 992 4071 nisterium
1020 4015 1338 4080 declararet,
1371 4025 1477 4068 non
1501 4029 1531 4066 a
1554 4013 1754 4082 signis,
1796 4012 1890 4068 sed
1930 4012 1997 4066 ab
2035 4011 2289 4080 operibus

712 4108 762 4162 id
790 4107 1016 4162 faciebat
1045 4108 1127 4161 his
1153 4105 1328 4160 verbis
1358 4123 1372 4159 :
1407 4103 1630 4158 Hinistri
1656 4104 1842 4158 Christi
1871 4113 1984 4158 sunt
2004 4106 2100 4158 fut
2121 4105 2290 4158 minus

711 4199 912 4269 sapiens
931 4199 1066 4262 dico,
1098 4198 1213 4268 plus
1234 4213 1325 4268 ego
1354 4212 1372 4250 :
1395 4197 1448 4249 in
1477 4195 1732 4250 laboribus
1752 4195 2005 4266 plurimis,
2037 4196 2088 4249 in
2112 4211 2286 4251 carce-

709 4289 847 4344 ribus
869 4288 1227 4353 abundantius,
1256 4287 1311 4341 in
1342 4287 1506 4358 plagis
1529 4299 1686 4357 supra
1709 4285 1939 4353 modum,
1969 4286 2021 4339 in
2049 4286 2290 4341 mortibus

711 4384 996 4450 frequenter
1024 4395 1092 4433 :a
1116 4377 1312 4434 Judazis
1333 4379 1595 4448 quinquies
1622 4378 1974 4447 quadragenas
2001 4394 2101 4431 una
2123 4379 2290 4432 minus

708 4472 900 4541 accepi,
930 4481 1004 4525 ter
1030 4471 1181 4540 uirgis
1203 4486 1363 4524 cursus
1388 4487 1500 4522 sum
1525 4512 1540 4535 ,
1564 4469 1716 4523 semel
1745 4469 2003 4538 lapidatus
2027 4485 2136 4525 sum
2173 4511 2186 4534 ,
2217 4482 2292 4525 ter

712 4561 1038 4630 naufragium
1064 4560 1158 4632 feci
1183 4600 1197 4624 ,
1226 4569 1372 4614 nocte
1395 4568 1440 4613 et
1461 4559 1542 4613 die
1561 4560 1612 4612 in
1637 4560 1890 4630 profundo
1919 4563 2073 4614 maris
2096 4562 2172 4633 fui
2193 4577 2212 4614 :
2236 4564 2289 4615 in

710 4651 969 4706 itineribus
995 4654 1281 4722 frequenter
1303 4691 1318 4715 ,
1342 4650 1578 4718 periculis
1613 4648 1887 4720 fluminum
1905 4692 1923 4719 ,
1956 4653 2190 4719 periculis
2215 4653 2288 4705 la-

715 4744 935 4803 tronum‘,
960 4740 1197 4810 periculis
1222 4757 1285 4795 ea:
1305 4757 1502 4812 genere,
1525 4741 1762 4811 periculis
1781 4757 1845 4795 ea:
1863 4752 1957 4812 gen”
1968 4740 2092 4795 tibus
2123 4783 2136 4805 ,
2167 4744 2294 4812 peri-

707 4832 836 4887 culis
862 4831 918 4884 in
957 4832 1154 4884 civitate
1179 4873 1193 4897 ,
1239 4832 1561 4901 periculis-in
1606 4834 1876 4888 solitudine
1899 4875 1914 4898 ,
1965 4835 2200 4904 periculis
2239 4837 2292 4889 in

713 4923 862 4985 mari,
889 4921 1122 4989 periculis
1142 4923 1194 4975 in
1221 4923 1366 4993 falsis
1392 4924 1632 4993 fratribus
1653 4939 1673 4977 :
1700 4925 1751 4976 in
1776 4924 1946 4978 labore
1968 4929 2014 4978 et
2043 4942 2288 4989 cerumna,

718 5013 770 5063 in
798 5011 983 5080 uigiliis
1023 5015 1340 5081 frequenter,
1371 5013 1424 5065 in
1449 5016 1586 5083 fame
1622 5023 1669 5068 et
1698 5013 1783 5067 siti
1810 5054 1824 5078 ,
1861 5014 1912 5067 iu
1947 5015 2159 5084 jejuniis
2189 5016 2291 5084 fre-

711 5111 948 5168 quenter,
979 5101 1033 5154 in
1075 5102 1334 5172 frigore-et
1353 5103 1600 5156 nuditate.
1628 5101 1826 5157 Prcter
1848 5103 1940 5156 illa
1968 5121 2081 5172 qum
2099 5107 2289 5158 extrin-

714 5207 857 5246 secus
875 5201 1009 5254 suut,
1027 5193 1268 5246 instantia
1288 5209 1398 5246 utea
1417 5193 1732 5263 quotidiana,
1756 5196 2041 5249 sollicitudo
2065 5199 2290 5264 omnium

723 5281 1088 5337 Ecclesiarum.
1122 5284 1247 5350 Quis
1287 5285 1614 5352 inﬁrmatur,
1645 5294 1695 5339 et
1737 5301 1827 5356 ego
1868 5303 1970 5340 non
2009 5275 2240 5356 inﬁrmor
2265 5290 2290 5342 Υ

713 5379 824 5441 quis
844 5375 1238 5442 scandalizatur,
1261 5387 1410 5447 etego
1434 5393 1534 5430 non
1560 5391 1681 5431 uror
1704 5377 1778 5450 (Ξ.
1803 5377 1920 5433 Cor.
1948 5381 2033 5434 il.
2055 5381 2289 5451 25-29)?

723 5464 844 5520 Ideo
871 5478 970 5535 ego
997 5467 1271 5535 apostolos
1297 5467 1552 5537 admiror,
1584 5468 1766 5539 utpdtc
1796 5471 1882 5539 qui
1911 5471 2024 5527 sine
2038 5473 2287 5544 operibus

778 5641 794 5673 ¹
819 5642 1028 5704 quidam,
1046 5643 1267 5710 gratiam.

1428 258 1484 311 S.
1524 254 1802 312 JUANNIS
1839 250 2307 309 CHRYSOSTOMI
2346 250 2657 308 AnCiiiEP.
2698 255 3225 319 CONSTANFINOP.

3876 273 3983 329 403

2407 380 2503 433 per
2519 367 2970 437 dispensationem
2983 376 3264 443 quamdam
3295 378 3441 449 signa
3468 381 3722 437 exhibere
3739 389 3984 442 concessi

2404 465 2548 520 sunt,
2577 473 2680 511 non
2710 461 2867 514 modo
2896 477 3000 515 non
3026 464 3364 522 admirabiles
3396 509 3410 533 ,
3439 470 3534 524 sed
3565 473 3725 526 etiam
3761 475 3980 543 reprobi

2404 544 2600 600 fuerint
2626 591 2640 612 ,
2675 559 2729 604 ut
2751 551 2987 606 declarat
3011 553 3254 610 Christus
3278 558 3361 613 his
3382 561 3557 616 verbis
3587 580 3600 615 :
3630 562 3784 617 Multi
3807 565 3979 619 dicent

2402 638 2526 689 mihi
2561 639 2612 691 in
2643 639 2726 694 die
2758 643 2848 695 illa
2871 683 2886 708 ,
2913 642 3128 699 Domine
3158 687 3174 709 ,
3224 646 3440 702 Domine
3468 690 3482 714 ,
3511 667 3676 705 nonne
3703 654 3755 706 in
3780 656 3985 710 nomine

2400 740 2485 782 tuo
2508 732 2929 801 prophetauimus,
2951 746 2999 790 et
3029 739 3081 790 in
3108 739 3309 793 nomine
3332 749 3418 793 tuo
3443 742 3692 797 (lanionia
3717 746 3978 814 ejecimus,

2400 833 2448 875 et
2474 825 2528 876 in
2557 826 2758 879 nomine
2799 837 2882 881 tuo
2933 829 3139 883 uirtutes
3179 832 3364 886 multas
3410 834 3623 904 fecimus
3649 835 3675 888 ?
3723 836 3790 889 Et
3812 837 3980 890 dicam

2399 913 2502 967 illis
2524 931 2541 967 :
2563 914 2798 970 Recedite
2823 934 2854 969 a
2876 929 2954 970 me
2981 934 3153 974 onmes
3192 922 3280 989 qui
3304 924 3587 990 aperamini
3613 925 3930 991 iniquitatem
3961 945 3981 989 ;

2400 1019 2672 1073 numquam
2703 1007 2816 1059 novi
2845 1023 2928 1062 vos
2955 1008 3166 1078 (Matth.
3186 1013 3238 1064 7.
3259 1011 3351 1064 22.
3377 1012 3489 1084 ‘25).
3526 1014 3725 1070 idcirco
3747 1016 3984 1086 discipu-

2400 1093 2477 1146 los
2506 1096 2583 1148 sic
2623 1097 2870 1152 monebat
2898 1116 2909 1149 ε
2967 1097 3143 1154 Nolite
3167 1100 3391 1170 gaudere
3417 1104 3536 1171 quia
3565 1104 3814 1158 dtemouia
3843 1108 3986 1161 vobis

2398 1185 2752 1254 subjiciuntur,
2781 1187 2868 1239 sed
2895 1189 3014 1256 quia
3043 1190 3247 1242 nomina
3263 1201 3425 1244 vestra
3445 1193 3633 1262 scripta
3653 1204 3769 1247 sunt
3796 1196 3849 1248 in
3875 1206 3981 1249 ce-

2398 1275 2458 1326 lis
2480 1274 2632 1346 (Luc.
2667 1276 2755 1334 i0.
2789 1277 2900 1347 20).
2921 1277 3036 1333 Vita
3056 1280 3197 1334 enim
3223 1282 3389 1348 proba
3405 1283 3564 1336 etiam
3594 1283 3980 1348 illisdestituta,

2396 1380 2623 1420 coronas
2653 1367 2874 1436 accipiet
2900 1409 2915 1435 ,
2964 1384 3060 1424 nec
3087 1371 3356 1441 quidpiam
3389 1372 3564 1427 minus
3591 1373 3805 1428 habebit
3830 1375 3975 1444 quod

2397 1457 2500 1510 illis
2526 1467 2706 1513 careat
2731 1479 2744 1513 :
2787 1461 2892 1514 vita
2921 1469 3098 1516 autem
3118 1463 3294 1533 iniqua
3320 1479 3386 1519 ne
3413 1479 3534 1518 cum
3562 1465 3727 1535 signis
3754 1467 3975 1534 quidem

2396 1544 2712 1617 supplicium
2743 1550 2975 1621 efi'ugere
3011 1553 3224 1623 poterit.
3258 1553 3440 1625 itaque
3464 1570 3854 1624 supervacanea
3896 1566 3984 1611 est

2397 1642 2481 1694 illa
2514 1642 2760 1711 loquendi
2796 1645 2936 1699 ratio
2961 1652 2994 1709 ;'
3027 1661 3126 1701 nec
3169 1656 3368 1703 tantum
3397 1662 3789 1717 supervacanea
3817 1689 3833 1715 ,
3884 1649 3983 1704 sed

2395 1733 2555 1787 etiam
2585 1735 2902 1803 periculosa,
2932 1751 3050 1805 qua:
3068 1738 3248 1793 multis
3274 1738 3648 1794 haereticorum
3673 1755 3830 1794 ansas
3845 1757 3985 1811 pra:-

2395 1823 2527 1877 bere
2585 1824 2769 1892 possit.
2810 1825 2940 1878 Nam
2990 1827 3035 1879 si
3082 1827 3159 1880 illi
3205 1842 3310 1882 non
3361 1844 3425 1883 ex
3459 1832 3733 1898 proposito
3775 1845 3872 1886 suo
3902 1831 3985 1886 sic

2396 1916 2668 1988 mirabiles
2695 1919 3008 1984 evasissent,
3042 1917 3134 1972 sed
3159 1934 3252 1988 per
3277 1919 3475 1974 Christi
3497 1924 3721 1990 gratiam
3746 1929 3975 1984 tantum,

2396 2006 2522 2075 quid
2549 2007 2804 2075 impediat
2830 2010 3114 2077 quominus
3142 2023 3331 2066 omnes
3359 2011 3491 2065 tales
3516 2009 3813 2065 efficiantur
3841 2015 3864 2063 ’ἐ

2468 2097 2646 2151 Gratia
2683 2114 2887 2168 cperam
2932 2108 3155 2152 nostram
3183 2101 3404 2169 requirit.
3431 2129 3502 2142 -—
3524 2101 3703 2159 Gratia
3740 2116 3971 2171 namque

2397 2189 2496 2243 nisi
2541 2205 2757 2258 operam
2788 2197 3022 2244 nostram
3063 2191 3210 2260 prius
3253 2192 3590 2260 requireret,
3616 2192 3895 2247 confertim
3926 2195 3980 2247 in

2395 2280 2631 2334 omnium
2671 2281 2877 2334 animas
2901 2280 3066 2335 effusa
3109 2291 3289 2336 esset:
3320 2298 3493 2351 neque
3533 2283 3675 2337 enim
3724 2299 3986 2352 persona-

2394 2385 2512 2423 rum
2558 2377 2808 2439 acceptor
2845 2379 2928 2426 est
2978 2370 3138 2425 Deus.
3187 2370 3290 2426 Sed
3329 2373 3452 2441 quia
3481 2387 3695 2442 operam
3745 2383 3981 2428 nostram

2395 2463 2616 2532 requirit
2641 2504 2655 2527 ,
2687 2462 2807 2517 ideo
2829 2462 2963 2516 alios
2989 2463 3201 2532 quidem
3231 2464 3470 2533 sequitur
3494 2473 3687 2518 etcum
3723 2464 3825 2519 illis
3855 2476 3980 2534 per-

2398 2561 2616 2619 manet,
2647 2553 2714 2608 ab
2739 2554 2858 2608 aliis
2885 2555 3062 2609 evolat
3082 2594 3097 2620 ,
3139 2555 3371 2624 reliquos
3398 2564 3572 2610 autem
3603 2571 3670 2611 ne
3718 2571 3750 2611 a
3782 2557 3980 2626 princi-

2397 2646 2484 2714 pio
2530 2644 2743 2714 quidem
2792 2645 3020 2714 attingit.
3071 2645 3224 2712 Quod
3274 2660 3416 2722 vero.
3449 2645 3776 2716 propositum
3831 2648 3982 2718 prius

2393 2743 2690 2800 scrutatus,
2718 2735 2795 2789 sic
2815 2737 3039 2804 gratiam
3067 2735 3273 2791 dederit
3316 2737 3456 2791 Deus
3478 2778 3492 2802 ,
3524 2745 3812 2806 antequam
3847 2737 3975 2792 bea-

2395 2832 2480 2876 tus
2509 2824 2598 2877 ille
2624 2825 2898 2895 quidpiam
2925 2823 3166 2880 mirabile
3207 2827 3570 2890 exhibuisset,
3601 2826 3724 2881 audi
3755 2827 3882 2896 quid
3913 2827 3983 2882 de

2395 2917 2486 2972 illo
2508 2917 2648 2970 dicat
2679 2934 2694 2972 :
2752 2915 2848 2971 Vas
2892 2917 3142 2971 electionis
3176 2928 3248 2971 est
3295 2918 3457 2982 mihi,
3489 2928 3544 2971 ut
3585 2927 3746 2987 portet
3797 2934 3980 2972 nomen

2394 3023 2559 3062 meum
2589 3025 2758 3063 coram
2781 3009 3010 3079 gentibus
3039 3019 3088 3062 et
3113 3009 3309 3079 regibus
3343 3016 3389 3062 et
3425 3008 3561 3061 omni
3603 3025 3783 3080 gessere
3809 3007 3980 3062 Israel

2393 3101 2529 3170 (Act.
2557 3100 2608 3156 9.
2634 3099 2745 3170 i5).
2777 3100 3090 3168 limo-gratia
3119 3099 3354 3153 nondum
3373 3108 3635 3168 praesente
3660 3099 3975 3154 testificatus

2393 3202 2474 3248 est
2505 3193 2576 3258 is,
2605 3192 2692 3260 qui
2714 3191 2876 3244 corda
2904 3200 3085 3245 nostra
3109 3196 3394 3244 scrutatur.
3425 3189 3500 3243 Ne
3531 3190 3709 3259 itaque
3736 3199 3976 3244 nosmet-

2395 3287 2541 3355 ipsos
2567 3283 2915 3353 decipiamus,
2949 3283 3128 3337 dilecti
3150 3324 3164 3347 ,
3193 3275 3435 3337 dicentes
3466 3298 3571 3353 non
3602 3296 3758 3352 posse
3787 3297 3977 3351 quem-

2395 3376 2532 3444 piam
2552 3374 2701 3430 Pauli
2724 3373 2959 3428 similem.
2979 3388 3117 3428 esse.
3140 3373 3351 3428 Etenim
3378 3382 3632 3444 quantum
3659 3374 3724 3428 ad
3749 3375 3976 3443 gratiam

2391 3468 2606 3537 quidem
2643 3476 2699 3522 et
2743 3468 2888 3536 signa
2939 3482 3043 3521 non
3091 3467 3224 3521 alter
3265 3466 3459 3521 Paulus
3503 3475 3686 3536 postea
3726 3467 3849 3531 erit,
3881 3466 3977 3520 sed

2392 3570 2648 3631 quantum
2684 3559 2749 3613 ad
2789 3560 2909 3613 vitae
2937 3557 3268 3628 diligentiam
3296 3601 3310 3626 ,
3343 3559 3584 3628 quisquis
3612 3558 3838 3612 voluerit
3875 3558 3976 3612 hu-

2389 3651 2618 3721 jusmodi
2659 3665 2781 3705 esse
2830 3651 3022 3720 poterit
3056 3649 3238 3720 :quod
3284 3650 3330 3703 si
3376 3651 3508 3705 tales
3532 3662 3790 3719 nusquam
3831 3650 3972 3704 etsi-

2396 3751 2573 3808 stant,
2601 3757 2666 3796 ex
2696 3755 2762 3796 eo
2785 3741 2928 3811 quod
2957 3741 3127 3796 nolint
3154 3750 3360 3796 tantum
3383 3741 3661 3806 contingit.
3688 3743 3756 3794 At
3793 3741 3978 3795 nescio

2394 3833 2662 3902 quomodo
2688 3833 2739 3885 in
2769 3831 2904 3886 hanc
2922 3833 3304 3887 absurditatem
3329 3831 3581 3902 delapsus
3603 3832 3795 3897 sim,ut
3827 3832 3978 3887 Pauli

2395 3926 2597 3980 similes
2641 3939 2783 3978 nunc
2825 3925 3112 3994 requiram,
3140 3939 3260 3978 cum
3307 3938 3405 3978 nec
3448 3924 3607 3978 tertio
3651 3937 3749 3977 nec
3791 3933 3979 3991 quarto

2396 4025 2516 4084 post
2543 4015 2687 4069 illum
2713 4011 2902 4085 gradu:
2929 4014 3134 4084 positos
3163 4013 3345 4070 videre
3370 4029 3584 4084 queam.
3623 4013 3746 4067 ideo
3787 4028 3979 4082 netiipc

2395 4108 2702 4180 lugendum,
2727 4107 3121 4164 iatncntandurn
3147 4116 3199 4164 et
3239 4105 3593 4178 plangendum
3635 4115 3717 4162 est
3744 4121 3848 4161 non
3877 4122 3977 4158 una

2395 4201 2478 4255 vel
2506 4201 2672 4254 altera
2695 4200 2783 4254 die
2807 4241 2822 4266 ,
2851 4200 2946 4255 sed
2975 4214 3069 4270 per
3096 4207 3258 4254 totam
3285 4200 3447 4253 vitam
3474 4218 3487 4253 :
3510 4214 3630 4253 nam
3654 4199 3697 4252 si
3727 4198 3847 4267 quis
3879 4198 3980 4251 hoc

2395 4305 2454 4344 se
2498 4290 2657 4344 modo
2701 4289 2949 4345 affectum
2996 4291 3329 4359 prmstiterit,
3377 4304 3483 4345 non
3533 4289 3685 4344 facile
3725 4289 3983 4358 deinceps

2397 4381 2655 4451 peccabit.
2682 4380 2833 4448 Quod
2887 4383 2932 4434 si
2985 4381 3067 4435 his
3118 4396 3222 4435 non
3254 4381 3441 4435 credas
3496 4381 3688 4445 dictis,
3738 4381 3983 4450 lugentes

2396 4471 2676 4526 considera
2715 4485 2829 4537 eos,
2859 4467 2949 4541 qui
2975 4470 3120 4525 luctu
3149 4471 3388 4526 smeulari
3418 4472 3757 4536 cruciantur;
3783 4487 3887 4525 non
3913 4488 3982 4526 ex

2399 4563 2754 4618 multitudinis
2781 4577 3004 4618 numero
3025 4605 3041 4630 ,
3089 4569 3261 4634 neque
3286 4557 3468 4618 eor’um
3495 4605 3509 4629 ,
3536 4565 3626 4634 qui
3656 4564 3979 4619 laboriosam

2397 4655 2558 4708 vitam
2594 4654 2818 4719 ducunt,
2848 4652 2942 4708 sed
2973 4650 3050 4708 "'e’x
3088 4666 3314 4708 numero
3355 4652 3700 4708 delicatorum
3724 4654 3936 4707 illorum
3960 4694 3979 4719 ,

2398 4743 2486 4812 qui
2512 4738 2641 4797 nihil
2672 4743 2816 4798 aliud
2840 4731 3054 4797 norunt
3077 4783 3092 4810 ,
3127 4756 3288 4811 quam
3333 4741 3570 4797 delicias.
3618 4742 3678 4796 Hi
3705 4743 3890 4808 enim,
3926 4742 3981 4795 hl

2398 4833 2486 4902 qui
2517 4832 2760 4889 ebrietati
2787 4840 2841 4887 et
2867 4833 3036 4887 ventri
3066 4831 3306 4898 student,
3336 4831 3427 4900 qui
3455 4831 3674 4900 prandia
3715 4846 3881 4900 usque
3911 4831 3980 4884 ad

2397 4938 2682 4993 vesperum
2729 4923 3062 4996 producunt,
3095 4932 3150 4978 et
3195 4937 3379 4979 cernas
3422 4922 3487 4977 ad
3528 4923 3758 4977 mediam
3811 4938 3983 4992 usque

2401 5023 2612 5067 noctem
2642 5055 2656 5077 ,
2688 5013 2777 5081 qui
2809 5013 2982 5067 aliena
3006 5014 3254 5083 rapiunt,
3287 5015 3375 5082 qui
3399 5027 3571 5083 neque
3595 5015 3812 5084 pauperi
3832 5055 3845 5078 ,
3881 5030 3980 5068 ne-

2400 5117 2504 5173 que
2526 5103 2716 5166 viduae,
2750 5117 2919 5173 neque
2948 5103 3091 5171 inopi
3123 5111 3381 5172 parcunt,
3407 5103 3499 5172 qui
3539 5116 3783 5172 magnam
3827 5105 3983 5158 ελιιῐο

2401 5193 2534 5247 bent
2546 5192 2937 5258 crudelitatem,
2954 5194 2999 5248 si
3026 5191 3237 5262 quando
3264 5193 3405 5247 luctu
3432 5193 3576 5261 gravi
3600 5194 3980 5264 corripiantur,

2401 5283 2490 5352 qui
2523 5283 2689 5351 possit
2735 5283 2963 5336 animam
3009 5279 3250 5336 funditus
3286 5296 3512 5336 movere
3548 5289 3602 5335 et
3640 5280 3978 5351 perturbare,

2402 5383 2526 5428 tunc
2557 5375 2734 5428 missis
2762 5375 2866 5429 illis
2894 5373 3223 5444 voluptuosis
3249 5375 3509 5444 iniquisve
3533 5375 3941 5445 cogitationibus
3961 5412 3980 5442 ,

2403 5465 2455 5518 in
2489 5464 2930 5534 philosOphorum
2959 5465 3116 5519 vitam
3143 5479 3201 5520 se
3235 5467 3580 5533 transferunt,
3612 5468 3981 5531 severitatem,

2405 5556 2639 5625 vigilias,
2674 5541 2816 5609 humi
2869 5555 3203 5611 cubationem
3230 5598 3244 5621 ,
3277 5557 3610 5611 tolerantiam
3632 5597 3647 5622 ,
3673 5557 3930 5626 jejunium
3959 5599 3978 5625 ,

2406 5645 2694 5714 silentium,
2728 5644 3061 5714 modestiam,
3085 5646 3456 5715 humilitatem,
3489 5643 3978 5718 humanitatemque
