4266 6314
299 438 402 496 409

298 551 581 623 plurimam
595 558 846 607 exercent
866 563 963 603 :‘ac
986 547 1112 602 licet
1136 546 1306 611 aliena
1326 556 1517 614 rapere
1531 540 1758 604 soleant,
1778 551 1873 591 sua

300 653 426 697 tunc
460 640 662 710 placide
687 641 982 711 largiuntur
1008 656 1022 694 :
1053 636 1262 694 etiamsi
1282 635 1401 706 quis
1429 646 1618 689 eorum
1645 628 1800 684 bonis
1823 635 1880 682 et

299 733 482 788 domui
523 733 617 787 toti
649 732 823 801 ignem
849 726 1113 801 subjicere
1138 728 1288 792 velit,
1320 739 1426 781 non
1449 729 1873 780 commoventur.

293 822 490 877 Multos
534 836 635 892 ego
682 823 806 877 novi
860 830 979 891 post
1030 818 1429 875 carissimorum
1492 814 1874 877 amissionem,

293 919 482 974 relicta
524 920 658 978 urbe
697 920 918 990 ejusque
967 915 1283 980 commodis,
1310 915 1363 968 in
1409 924 1538 982 agro
1586 908 1742 965 sedes
1782 920 1878 977 po-

294 1018 470 1072 suisse
489 1057 505 1081 ,
536 1016 775 1085 aliosque
803 1027 966 1082 prope
991 1008 1365 1064 defunctorum
1407 1001 1689 1074 sepulchra
1731 1009 1875 1054 stru-

295 1110 401 1166 ctis
420 1108 652 1173 aedibus,
681 1108 752 1161 ibi
791 1104 956 1173 vitam
996 1102 1275 1159 clausisse.
1307 1098 1502 1153 Verum
1527 1094 1595 1150 de
1620 1094 1703 1149 his
1723 1093 1874 1147 alias.

295 1201 468 1257 Porro
507 1201 679 1255 donec
722 1199 897 1253 luctus
940 1191 1405 1266 perseveraverit,
1439 1188 1579 1243 nulla
1629 1187 1759 1255 ipsis
1792 1193 1880 1239 est

292 1291 641 1365 prmsentium
687 1290 706 1322 ί
736 1288 913 1355 ratio;
946 1282 1150 1341 verum
1205 1283 1445 1337 insanam
1498 1279 1641 1334 illam
1682 1276 1878 1331 sollici-

294 1381 534 1438 tudinem
558 1421 575 1445 ,
600 1393 759 1450 quam
789 1376 857 1433 de
881 1373 1155 1431 servandis
1183 1381 1239 1429 et
1264 1369 1575 1441 colligendis
1611 1367 1875 1440 pecuniis,

293 1473 363 1529 de
382 1470 701 1542 aequirenda
726 1468 962 1540 potentia
990 1478 1044 1522 et
1067 1466 1233 1537 gloria
1279 1462 1420 1534 apud
1456 1459 1874 1526 multitudinem,

293 1579 394 1621 ceu
413 1562 677 1634 quoddam
726 1562 927 1618 faenum
956 1568 1049 1615 aut
1077 1557 1201 1614 feni
1246 1556 1434 1611 ﬂorem
1480 1554 1730 1610 mteroris
1756 1552 1875 1620 igne

290 1654 673 1712 comburentes
695 1693 712 1720 ,
743 1653 813 1707 ab
838 1651 1019 1706 animo
1060 1664 1159 1705 suo
1200 1647 1517 1719 repudiarit;
1548 1646 1602 1700 in
1645 1653 1876 1699 tantam-

290 1764 398 1819 que
426 1756 554 1803 tunc
583 1744 974 1817 philosOphiam
1024 1757 1178 1798 mens
1200 1756 1386 1796 eorum
1412 1754 1472 1795 se
1499 1735 1788 1800 transfert,
1818 1741 1877 1789 ut

292 1842 361 1897 de
389 1842 510 1896 vitae
554 1838 913 1908 voluptatibus
947 1850 1015 1891 ne
1042 1836 1202 1889 verba
1238 1833 1453 1904 quidem
1491 1830 1665 1884 facere
1689 1840 1875 1899 quem-

292 1932 434 2003 piam
486 1931 789 2001 patiantur;
828 1926 924 1982 sed
967 1925 1144 1980 omnia
1170 1965 1185 1990 ,
1215 1938 1334 1993 qum
1378 1923 1430 1976 in
1465 1920 1674 1976 deliciis
1718 1928 1876 1972 antea

291 2032 482 2087 erant,
528 2021 715 2077 odiosa
756 2026 884 2073 tunc
935 2024 990 2071 et
1033 2016 1225 2070 acerba
1252 2011 1575 2068 videantur:
1610 2020 1876 2077 nemoque

292 2124 423 2171 tunc
474 2115 588 2170 sive
624 2111 1063 2173 domesticorum,
1095 2107 1208 2162 sive
1254 2106 1550 2162 amicorum
1600 2101 1671 2159 de
1713 2102 1875 2158 rebus

293 2207 455 2274 hujus
482 2203 686 2269 mundi,
710 2201 797 2258 vel
831 2200 1122 2257 admodum
1147 2197 1479 2266 urgentibus,
1501 2209 1687 2250 vocem
1714 2193 1873 2248 emit-

288 2303 406 2350 tere
432 2293 656 2359 audeat;
686 2292 781 2347 sed
807 2290 985 2345 omnia
1011 2287 1376 2357 repudiantur,
1406 2294 1461 2341 et
1486 2282 1875 2355 philosopbicis

286 2386 626 2443 sermonibus
653 2385 850 2441 cedunt
873 2402 887 2439 :
910 2383 1190 2452 animaque
1218 2391 1343 2436 tunc
1360 2421 1376 2446 ,
1407 2378 1663 2449 magistro
1689 2377 1833 2432 luctu
1854 2416 1871 2443 ,

286 2493 388 2533 ceu
420 2478 473 2532 in
505 2491 659 2533 sacro
685 2474 917 2545 quodam
960 2474 1079 2528 loco
1122 2471 1344 2527 docetur
1383 2472 1629 2524 humana:
1670 2477 1874 2523 natura:

273 2570 544 2631 vilitatem
568 2610 586 2635 ,
614 2568 894 2640 prmsentis
928 2565 1111 2622 smeuli
1154 2565 1468 2620 brevitatem
1489 2604 1503 2627 ,
1535 2562 1871 2617 saecularium

287 2678 468 2718 rerum
507 2661 1006 2731 corruptibilitatem
1061 2670 1117 2715 ct
1160 2657 1600 2723 instabilitatem,
1646 2670 1822 2711 scenze
1849 2656 1871 2687 '

284 2768 467 2809 rerum
489 2768 608 2822 quae
644 2761 904 2823 geruntur
932 2749 1288 2805 histrioniam.
1332 2747 1482 2802 Tunc
1528 2761 1749 2817 magnus
1777 2761 1869 2815 pe-

285 2836 569 2898 cuniarum
616 2851 954 2911 contemptus
977 2883 992 2907 ,
1031 2840 1111 2895 ira
1161 2839 1402 2907 tollitur,
1432 2839 1653 2893 ambitio
1694 2838 1875 2908 despi-

284 2936 428 2990 citur
456 2952 473 2990 :
503 2950 602 2989 nec
626 2935 762 2989 livor
784 2949 1047 3003 occupare
1070 2973 1085 2999 ,
1118 2947 1218 2986 nec
1260 2932 1564 3001 arrogantia
1589 2932 1725 2985 ultra
1752 2946 1870 2985 mo—

283 3029 413 3083 dum
442 3029 708 3084 extollere
733 3036 907 3097 potest
957 3043 1078 3082 eum
1100 3068 1113 3091 ,
1141 3022 1231 3096 qui
1270 3025 1417 3080 luctu
1447 3025 1695 3079 atteritur
1719 3042 1733 3079 :
1765 3039 1870 3080 non

282 3118 711 3189 concupiscentia
739 3118 1001 3173 lascivum‘
1035 3116 1306 3182 incendit;
1336 3115 1431 3172 sed
1481 3115 1586 3171 illis
1624 3115 1872 3173 omnibus

283 3210 482 3284 fugatis
504 3254 522 3279 ,
567 3227 669 3266 una
707 3213 883 3267 solum
928 3212 1178 3282 cogitatio
1209 3210 1447 3284 obtinet,
1478 3224 1598 3278 quae
1634 3208 1871 3265 defuncti

282 3305 573 3376 imaginem
625 3305 992 3360 indesinenter
1040 3304 1197 3360 oll‘ert
1244 3322 1257 3359 :
1305 3304 1407 3367 hoc
1450 3305 1634 3367 cibus,
1667 3312 1826 3375 potus
1853 3345 1868 3369 ,

282 3409 503 3451 somnus
526 3434 543 3460 ,
570 3394 818 3464 voluptas
842 3435 859 3461 ,
915 3393 1126 3463 requies
1149 3434 1165 3459 ,
1197 3394 1495 3449 consolatio
1534 3393 1737 3453 multa:
1770 3393 1873 3453 hoc

280 3485 452 3567 gloria
477 3526 495 3552 ,
526 3485 724 3540 divitim
743 3526 758 3550 ,
786 3485 1022 3555 potentia
1045 3526 1059 3551 ,
1093 3484 1360 3554 voluptas.

358 3577 445 3633 10.
486 3576 574 3633 Sic
600 3591 698 3631 nos
734 3584 1006 3646 oporteret
1034 3576 1283 3631 amissam
1328 3575 1511 3645 lugere
1537 3575 1763 3632 salutem
1804 3590 1871 3631 ne

282 3668 410 3737 quid
452 3668 680 3737 amplius
704 3661 878 3721 dicam
910 3665 1066 3722 :desi
1089 3666 1222 3722 lerio
1270 3666 1363 3721 illo
1394 3675 1544 3721 tanto
1590 3678 1644 3721 et
1678 3667 1870 3722 alacri-

283 3767 396 3812 tate
435 3772 570 3829 opus
622 3756 821 3813 esset’
856 3771 1043 3811 omnes
1068 3756 1281 3811 oculum
1323 3758 1517 3811 mentis
1559 3756 1688 3811 illuc
1735 3756 1869 3810 diri-

281 3863 448 3918 gere,
479 3848 701 3917 ejusque
740 3848 1053 3903 memoriam
1098 3856 1152 3902 et
1196 3848 1420 3902 formam
1467 3849 1706 3902 omnium
1750 3848 1871 3904 loco

283 3939 439 3993 nobis
460 3953 596 3993 esse.
620 3938 772 3994 Nune
794 3948 971 3993 autem
992 3939 1081 4009 qui
1109 3940 1246 3993 filios
1263 3948 1317 3995 et
1337 3934 1531 3995 uxores
1551 3941 1865 4009 amiserunt,

282 4028 417 4084 nihil
458 4027 601 4082 aliud
641 4028 694 4082 in
746 4037 928 4083 mente
976 4038 1227 4094 versant,
1258 4046 1416 4100 quam
1465 4040 1523 4087 ut
1566 4033 1867 4089 ablatorum

279 4118 542 4189 imagines
590 4119 691 4181 sibi
732 4119 1039 4189 confingant
1067 4137 1081 4172 ι
1110 4135 1211 4175 nos
1246 4130 1461 4190 autem,
1506 4125 1595 4194 qui
1646 4140 1868 4195 regnum

281 4212 538 4264 emlorum
569 4209 897 4280 perdidimus
929 4250 945 4276 ,
975 4211 1153 4266 omnia
1194 4213 1369 4281 potius
1393 4255 1409 4281 ,
1437 4229 1595 4284 quam
1622 4215 1751 4269 illud
1777 4232 1871 4273 co-

280 4301 538 4370 gitamus.
564 4304 642 4356 Ac
670 4300 880 4355 illorum
907 4302 1122 4372 quidem
1151 4318 1309 4359 nemo
1349 4307 1448 4359 etsi
1512 4305 1659 4379 regio
1681 4308 1752 4364 sit
1769 4323 1864 4381 ge-

283 4408 446 4457 nere,
474 4392 542 4447 de
580 4393 725 4449 luctu
766 4393 925 4448 solito
958 4394 1276 4461 erubescet;
1308 4394 1402 4451 sed
1431 4395 1578 4451 humi
1618 4396 1866 4463 sedebit,

281 4481 476 4535 acerbe
506 4482 740 4551 lugebit,
773 4474 975 4537 vestem
1000 4483 1224 4539 mutabit
1248 4525 1263 4548 ,
1287 4486 1494 4555 aliaque
1522 4486 1724 4554 omnia,
1750 4502 1869 4558 quae

283 4571 590 4640 hujusmodi
613 4574 906 4628 cruciatum
936 4576 1281 4642 comitantur,
1309 4593 1501 4648 magna
1529 4587 1651 4647 cum
1679 4581 1869 4635 alacri-

282 4671 395 4717 tate
421 4664 555 4718 feret
584 4681 599 4719 :
631 4680 735 4719 non
766 4666 1017 4736 cogitabit
1043 4667 1111 4722 de
1150 4669 1465 4725 educatione
1485 4713 1499 4737 ,
1530 4672 1597 4728 de
1627 4675 1869 4743 corporis

284 4750 490 4819 habitu,
514 4769 619 4807 non
638 4754 707 4809 de
729 4755 935 4811 morbis
958 4758 1050 4827 qui
1080 4758 1148 4811 ab
1175 4759 1437 4828 ejusmodi
1458 4764 1712 4818 aerumnis
1739 4767 1870 4820 acci-

284 4841 418 4896 dere
443 4853 700 4913 possunt,
733 4845 827 4900 sed
869 4847 1044 4901 omnia
1092 4848 1376 4903 admodum
1423 4850 1577 4907 facile
1616 4852 1771 4908 feret.
1804 4855 1871 4909 Et

287 4936 403 4989 hinc
430 4951 535 4990 non
561 4935 722 4993 modo
747 4936 865 5003 viri,
896 4938 989 4993 sed
1018 4940 1175 4994 etiam
1204 4942 1587 5008 mulieres,etsi
1611 4947 1763 5002 valde
1784 4949 1866 5004 in-

287 5028 478 5091 firmae,
500 5030 775 5097 exhibent,
797 5030 987 5102 hisque
1010 5034 1168 5089 etiam
1198 5035 1421 5105 majora.
1438 5037 1546 5093 Nos
1573 5050 1751 5095 autem
1779 5043 1869 5112 qui

287 5134 395 5175 non
418 5119 594 5188 filios,
628 5115 737 5202 non
768 5137 963 5178 uxores
986 5163 1000 5188 ,
1033 5124 1129 5179 sed
1163 5126 1355 5180 animae
1396 5116 1688 5197 perniciem
1723 5132 1871 5203 luge-

288 5228 428 5277 mus,
459 5215 666 5282 anima,
694 5215 912 5287 inquam
935 5258 949 5282 ,
978 5234 1085 5273 non
1123 5219 1333 5287 alienae,
1362 5222 1455 5277 sed
1498 5234 1715 5290 nostrm,
1744 5241 1869 5282 cur-

228 5330 229 5333 η
288 5304 433 5372 puris
473 5305 894 5363 imbecillitatem
948 5310 1216 5381 fingimus,
1244 5314 1521 5385 victusque
1564 5317 1865 5371 mollitiem.

289 5400 464 5466 Atqre
507 5398 708 5453 utinam
749 5400 837 5455 hic
880 5411 984 5457 stet
1026 5404 1227 5458 malum
1259 5423 1271 5459 :
1301 5415 1356 5460 at
1403 5424 1470 5462 ne
1520 5408 1604 5462 illa
1654 5408 1869 5480 quidem

354 5550 371 5613 ξ
403 5557 515 5606 tux,
538 5550 861 5613 prwwntium,
886 5552 1030 5603 deest
1051 5554 1101 5602 in
1122 5553 1255 5605 Colb.

352 5612 375 5675 ξ
408 5614 454 5658 lu
475 5612 626 5671 Colb.,
650 5624 840 5675 magna
861 5626 1033 5665 scena.

287 5734 337 5785 ω
354 5671 576 5784 ἒὲσὶιὲἰθ,
600 5686 717 5736 opus
731 5671 1062 5739 cmtﬁlcsunt
1081 5675 1133 5727 in
1153 5676 1303 5739 Coll)"
1326 5687 1377 5729 et
1399 5693 1529 5741 mox,
1552 5680 1702 5740 1105'sz
1731 5681 1875 5733 (Ῑοαδι

1180 429 1269 486 DE
1295 416 1843 487 COMPUNCTIONE,
1879 417 1975 474 Αθ
2013 416 2437 475 υεθιετιιιωι.
2463 418 2599 481 ΗΕ,
2628 418 2671 475 Ι.

3456 419 3563 477 610

1984 531 2211 589 facimus
2234 574 2249 597 ,
2277 533 2329 588 in
2350 535 2541 605 quibus
2569 533 2811 606 corporis
2838 547 3001 607 opere
3026 548 3132 590 non
3154 548 3393 604 egemus.
3423 533 3561 603 Quid

1981 626 2157 686 enim.
2186 626 2274 681 die
2302 626 2431 682 mihi
2455 666 2471 693 ,
2495 627 2738 698 corporis
2769 623 2972 683 viribus
3019 642 3156 698 Opus
3193 637 3276 684 est
3296 669 3311 693 ,
3345 627 3562 697 quando

1981 730 2077 770 cor
2101 727 2382 772 conterere
2405 716 2664 774 debemus
2684 761 2701 786 ,
2732 733 2853 773 cum
2882 718 3071 789 vigiles
3092 717 3298 790 precari
3325 728 3560 790 oportet,

1982 821 2102 863 eum
2129 817 2345 878 peccata
2371 809 2691 878 recogitare,
2722 811 3079 879 arrogantiam
3104 820 3153 864 et
3183 817 3445 866 tumorem
3471 809 3564 865 de-

1983 913 2182 967 ponere
2201 939 2218 966 ,
2250 900 2855 971 ntentenudeprimere?
2884 901 3009 957 "me
3036 902 3234 972 quippe
3260 911 3419 969 sunt,
3444 918 3565 972 qum

1983 987 2150 1044 Deum
2178 990 2332 1044 nobis
2357 990 2598 1060 placant,
2625 1003 2726 1047 nec
2751 992 2917 1048 multo
2948 1002 3108 1062 egent
3133 992 3336 1048 labore.
3380 993 3567 1062 Nequa

1985 1088 2161 1135 tamen
2204 1080 2317 1137 hare
2357 1083 2599 1139 facimus.
2626 1082 2811 1153 Neque
2854 1085 2997 1141 enim
3048 1085 3131 1140 hic
3176 1086 3325 1140 solus
3356 1094 3442 1140 est
3485 1084 3565 1139 lu~

1981 1171 2138 1243 gendi
2163 1171 2371 1237 modus,
2394 1175 2438 1227 si
2464 1189 2622 1229 sacco
2640 1176 2996 1245 accingamur,
3026 1176 3079 1230 in
3108 1176 3434 1231 domuncula
3459 1188 3562 1230 nos

1982 1266 2294 1323 claudamus
2317 1308 2332 1332 ,
2363 1268 2447 1322 vel
2472 1270 2522 1322 in
2554 1268 2790 1324 tenebris
2814 1268 3097 1324 sedeamus
3117 1310 3132 1336 ,
3161 1268 3257 1324 sed
3278 1269 3323 1323 si
3349 1268 3565 1325 assidue

1983 1359 2298 1413 memoriam
2324 1357 2637 1414 delictorum
2676 1359 3110 1416 circumferamus
3134 1401 3149 1426 ,
3176 1360 3563 1416 conscientiam

1982 1451 2387 1519 examinemus,
2445 1452 2545 1507 vim
2593 1451 2976 1523 longitudinem
3028 1453 3333 1524 frequenter
3375 1452 3563 1507 metia-

1985 1557 2127 1609 mur,
2149 1554 2405 1613 quantum
2434 1544 2640 1599 scilicet
2666 1559 2695 1598 a
2725 1560 2892 1614 regno
2917 1545 3171 1599 caelorum
3193 1544 3473 1599 distemus.
3504 1544 3563 1601 Et

1982 1634 2253 1705 quomodo
2271 1676 2285 1701 ,
2313 1635 2549 1705 inquies,
2579 1636 2681 1690 hoc
2706 1636 2820 1690 fieri
2840 1635 3077 1706 poterit?
3104 1637 3216 1703 Qua
3247 1634 3495 1691 ratione?
3518 1634 3565 1689 si

1980 1726 2278 1796 gehennam
2324 1738 2537 1796 semper
2579 1741 2690 1797 prae
2730 1728 2900 1783 oculis
2942 1726 3268 1793 habeamus,
3300 1741 3401 1782 nec
3458 1741 3564 1783 non

1979 1815 2202 1886 angelos
2224 1816 2420 1887 ubique
2450 1818 2688 1872 locorum
2728 1826 2853 1873 tunc
2876 1816 3270 1881 discurrentes,
3301 1825 3463 1885 atque
3498 1832 3565 1889 ex

1980 1908 2229 1963 universo
2270 1908 2402 1962 orbe
2440 1918 2826 1979 congregantes
2873 1923 2969 1963 eos
3018 1910 3109 1977 qui
3160 1909 3212 1962 in
3262 1908 3563 1978 gehennam

1978 1996 2274 2052 abducendi
2300 2007 2422 2052 sunt
2446 2015 2459 2051 :
2491 1998 2536 2052 si
2556 1998 2852 2068 cogitemus
2875 1998 3035 2053 etiam
3062 2006 3317 2068 quantum
3341 1996 3563 2063 malum,

1978 2086 2222 2158 gehenua
2246 2088 2509 2157 seposita,
2541 2088 2750 2145 excludi
2781 2103 2810 2142 a
2834 2104 3000 2160 regno
3033 2089 3310 2145 caelorum.
3352 2087 3562 2145 Etenim

1979 2182 2186 2236 etiamsi
2231 2182 2373 2238 nulla
2422 2192 2567 2239 esset
2612 2184 2749 2254 ignis
2776 2183 2919 2238 illius
2946 2185 3322 2250 comminatio,
3352 2184 3564 2241 etiamsl

1980 2272 2299 2328 immortalia
2319 2275 2585 2345 supplicia
2616 2290 2721 2331 non
2754 2291 2853 2330 nos
2894 2284 3193 2343 manerent,
3226 2274 3358 2330 illud
3388 2275 3563 2331 solum

1978 2364 2117 2434 quod
2155 2364 2493 2421 abalienandi
2540 2381 2781 2422 essemus
2821 2382 2849 2419 a
2875 2364 3110 2432 Christo,
3141 2374 3427 2445 mansueto
3450 2367 3563 2435 illo,

1978 2466 2033 2512 et
2074 2457 2349 2511 hominum
2401 2467 2678 2531 amatore,
2728 2458 2820 2528 qui
2856 2458 3091 2528 seipsum
3140 2474 3237 2529 pro
3286 2460 3442 2514 nobis
3496 2459 3563 2514 ad

1979 2559 2206 2605 mortem
2237 2549 2473 2617 tradidit,
2501 2558 2557 2605 et
2597 2551 2776 2604 omnia
2808 2566 2995 2621 passus
3021 2560 3123 2616 est,
3156 2559 3215 2605 ut
3252 2565 3353 2606 nos
3376 2551 3565 2615 abillo

1978 2642 2239 2712 supplicio
2258 2642 2532 2709 liberaret,
2555 2652 2608 2695 et
2628 2641 2774 2696 Patri
2797 2656 2897 2697 suo
2919 2642 3314 2708 reconciliaret,
3341 2641 3433 2712 qui
3469 2657 3563 2711 per

1976 2734 2172 2790 delicta
2203 2742 2384 2789 nostra
2415 2734 2582 2804 ipsius
2605 2734 2801 2788 inimici
2833 2748 3051 2788 eramus
3070 2775 3085 2801 ,
3116 2735 3334 2789 etiamsi
3354 2749 3385 2788 a
3408 2734 3564 2789 bonis

1980 2827 2084 2880 illis
2114 2826 2432 2898 prepositis,
2460 2823 2818 2879 ineffabilibus
2859 2834 2915 2881 et
2958 2825 3350 2880 immortalibus
3373 2865 3390 2892 ,
3420 2825 3564 2900 exci-

1977 2916 2105 2972 dere
2157 2932 2263 2971 non
2317 2916 2674 2982 deberemus;
2708 2916 2834 2971 illud
2856 2958 2871 2983 ,
2900 2918 3115 2986 inquam
3139 2959 3155 2983 ,
3184 2917 3359 2971 solum
3416 2919 3561 2972 omni

1976 3006 2242 3075 supplicio
2261 3006 2434 3076 majus
2450 3016 2549 3072 est,
2576 3005 2876 3075 sufficitque
2902 3005 2967 3060 ad
2989 3005 3327 3061 excitandum
3354 3007 3562 3061 animas

1979 3105 2213 3163 nostras,
2245 3105 2298 3150 et
2329 3092 2755 3173 persuadendum
2799 3106 2855 3150 ut
2882 3110 3099 3163 semper
3144 3096 3380 3166 vigilent.
3408 3095 3559 3151 .Nam

1976 3190 2023 3244 si
2065 3188 2149 3243 vel
2192 3202 2315 3243 cum
2366 3188 2595 3257 legimus
2631 3186 2937 3257 exemplum
2982 3186 3216 3256 quinque
3260 3186 3560 3256 virginum,

1975 3296 2108 3351 quas
2138 3280 2241 3335 olei
2276 3278 2493 3348 penuria
2520 3286 2670 3333 extra
2695 3277 2875 3348 sponsi
2904 3277 3203 3332 cubiculum
3225 3277 3471 3342 exclusit,
3493 3276 3562 3332 de

1977 3371 2192 3428 illarum
2224 3369 2519 3426 infortunio
2543 3368 2763 3439 perinde
2791 3377 2953 3439 atque
2984 3368 3089 3423 illa:
3113 3367 3357 3424 dolemus
3399 3376 3562 3439 atque

1979 3464 2295 3527 turbamur;
2342 3463 2390 3529 si
2446 3462 2745 3532 cogitemus
2798 3474 2897 3513 nos
2947 3458 3094 3528 ipsos
3146 3458 3214 3513 ob
3276 3458 3558 3529 segnitiem

1975 3564 2212 3612 nostram
2245 3554 2473 3624 idipsum
2496 3566 2748 3623 passuros
2774 3565 2913 3615 esse,
2945 3549 3064 3620 quis
3090 3551 3160 3605 ita
3187 3549 3425 3620 lapideus
3453 3550 3561 3605 erit

1974 3657 2057 3714 ut,
2086 3647 2261 3700 anima
2288 3659 2503 3714 semper
2532 3644 2635 3699 hoc
2675 3641 2922 3711 exemplo
2961 3642 3254 3707 concitata,
3287 3641 3339 3696 in
3384 3642 3557 3711 negli-

1973 3738 2210 3808 gentiam
2265 3737 2461 3792 cadat‘!
2504 3735 2819 3790 Poteramus
2846 3732 3061 3803 quidem
3092 3747 3397 3788 sermonem
3438 3736 3558 3789 lon-

1973 3832 2093 3901 gius
2129 3828 2457 3900 producere,
2489 3826 2585 3881 scd
2612 3827 2735 3895 quia
2765 3824 3081 3880 obedientize
3126 3826 3295 3895 gratia
3337 3825 3511 3879 solum
3540 3866 3558 3892 ,

1974 3913 2025 3977 et
2055 3934 2160 3973 non
2181 3919 2283 3972 alia
2299 3917 2368 3973 de
2394 3930 2554 3971 causa
2578 3916 2691 3970 hare
2706 3907 2737 3967 a'
2758 3914 2912 3968 nobis
2928 3914 3067 3968 dicta
3088 3925 3233 3979 sunt,
3259 3914 3380 3983 plus
3400 3930 3558 3985 quam

1975 4010 2106 4065 satis
2134 4018 2312 4063 erunt.
2345 4006 2476 4061 Nam
2507 4006 2671 4076 probe
2700 4005 2822 4059 novi
2854 4012 2905 4057 te
2930 4004 3363 4073 compunctionis
3390 4005 3558 4058 virtu-

1973 4110 2082 4158 tem
2119 4098 2352 4170 perfecte
2389 4106 2571 4152 tenere
2594 4137 2610 4162 ,
2640 4104 2694 4150 et
2727 4096 2843 4150 aliis
2872 4110 2990 4149 eam
3018 4108 3177 4163 posse
3197 4095 3279 4148 vel
3310 4096 3557 4150 silentem

1974 4194 2210 4257 tradere,
2239 4192 2283 4246 si
2305 4191 2505 4246 vellent
2533 4198 2738 4243 tantum
2763 4186 2829 4241 ad
2860 4188 3023 4241 breve
3062 4197 3269 4257 tempus
3294 4203 3416 4243 cum
3451 4191 3561 4258 pie-

1972 4293 2083 4339 tate
2134 4292 2221 4337 tua
2265 4283 2475 4346 vivere,
2507 4280 2775 4347 vitamque
2802 4279 2944 4332 illam
2997 4276 3304 4333 crueilixam
3352 4279 3556 4336 videre.

1970 4376 2048 4431 lla
2079 4386 2134 4431 ut
2155 4417 2168 4441 ,
2196 4375 2242 4444 si,
2274 4375 2436 4429 velint
2464 4374 2528 4436 ii,
2556 4372 2644 4443 qui
2676 4386 2816 4426 nunc
2845 4372 3066 4435 vivunt,
3093 4372 3559 4440 compunctionem

1971 4467 2246 4533 ediscere,
2306 4464 2373 4519 ad
2424 4462 2780 4519 habitaculum
2827 4471 2973 4515 tuum
3022 4476 3081 4515 se
3110 4459 3422 4525 conferant;
3470 4465 3560 4532 qtti

1972 4576 2101 4615 vero
2144 4569 2265 4628 post
2303 4556 2465 4612 futuri
2498 4564 2654 4621 sunt,
2685 4562 2832 4623 gesta
2866 4561 2953 4607 tua
2991 4553 3237 4619 audiant,
3271 4563 3559 4621 oporteat:
3604 4573 3609 4581 '

1974 4666 2219 4721 magnam
2277 4650 2418 4704 enim
2479 4646 2544 4700 ad
2603 4645 2652 4699 id
2694 4660 2850 4714 opem
2907 4644 3186 4698 allaturam
3255 4658 3377 4698 esse
3433 4654 3563 4713 puto

1973 4745 2057 4799 vel
2098 4745 2219 4797 vita:
2268 4749 2371 4797 tum
2432 4740 2814 4795 narrationem.
2860 4738 3261 4805 Quamobrem,
3304 4737 3558 4804 obsecro,

1974 4838 2121 4890 vices
2177 4833 2307 4889 mihi
2367 4832 2669 4902 rependas,
2722 4846 3013 4900 precesque
3072 4840 3191 4886 tuas
3241 4832 3297 4887 in
3358 4846 3565 4890 merce-

1974 4928 2096 4984 dem
2144 4928 2379 4992 tribuas;
2412 4928 2483 4981 ita
2526 4936 2583 4980 ut
2613 4940 2717 4980 non
2771 4926 2931 4979 modo
2960 4926 3028 4981 de
3057 4928 3465 4998 compunctione
3489 4929 3564 4980 lo-

1974 5035 2129 5090 quar,
2155 5018 2254 5073 sed
2280 5028 2333 5073 et
2355 5034 2466 5072 rem
2509 5017 2679 5087 ipsam
2712 5017 2963 5086 operibus
2987 5017 3291 5073 exhibeam.
3313 5019 3564 5085 Quando-

1976 5110 2191 5181 quidem
2220 5109 2464 5163 doctrina
2491 5110 2608 5163 sine
2628 5123 2791 5178 opere
2818 5124 2923 5164 non
2948 5109 3107 5163 modo
3130 5109 3262 5164 nihil
3288 5110 3446 5177 lucri,
3469 5110 3564 5167 sed

1976 5205 2135 5258 etiam
2168 5202 2545 5257 detrimentum
2592 5217 2841 5271 maguum
2868 5211 2922 5257 et
2950 5203 3454 5257 condemnationem
3482 5203 3542 5257 af
3546 5232 3564 5245 -

1980 5295 2083 5350 fert
2107 5295 2154 5349 ei
2178 5335 2192 5360 ,
2226 5295 2459 5363 quicum
2492 5302 2636 5348 tanta
2664 5293 2910 5348 socordia
2937 5294 3099 5348 vitam
3130 5294 3344 5349 ordinat
3385 5308 3563 5349 suam.

1984 5386 2000 5417 ¹
2041 5384 2165 5439 Νοη
2192 5385 2348 5453 enim,
2399 5384 2603 5454 inquit,
2640 5385 2802 5439 omnis
2844 5386 2928 5455 qui
2962 5385 3085 5438 dicit
3113 5387 3275 5450 mihi,
3302 5384 3559 5453 Domine,

1986 5476 2204 5532 Domine
2225 5518 2241 5543 ,
2268 5477 2355 5530 sed
2383 5476 2468 5546 qui
2498 5477 2665 5531 fecerit
2693 5485 2739 5531 et
2765 5478 3021 5542 docuerit,
3052 5478 3135 5531 hic
3171 5493 3387 5548 magnus
3412 5493 3565 5533 uoca-

1988 5568 2120 5622 bitur
2148 5568 2202 5623 in
2227 5585 2381 5638 regno
2411 5569 2650 5623 cwlorum
2676 5568 2884 5639 (Matth.
2906 5571 3060 5629 7.21.
3077 5579 3131 5627 et
3157 5569 3209 5624 3.
3232 5569 3353 5639 19).

2048 5741 2063 5770 ι
2102 5745 2203 5786 Haec
2233 5748 2387 5799 usque
2407 5734 2463 5783 ad
2487 5734 2632 5783 flncm
2654 5698 2832 5782 desinit
2854 5733 2903 5782 in
2924 5729 3061 5782 savil.
