4266 6314
710 285 803 340 ill
1446 285 1504 343 S.
1542 286 1818 346 JOANNIS
1852 289 2329 348 CHRYSOSTOMI
2368 292 2683 347 ARClllEP.
2723 292 3257 352 CONSTANTINOP.

706 418 3968 444 Μ

1494 498 1775 639 AD
1875 495 3211 687 STELECHIUM,

1860 721 1965 782 ET
2005 720 2112 782 DE
2154 684 2720 782 COMPUNCTION
2738 722 2814 795 E,

1574 865 2055 974 LIBER
2135 856 2941 975 SECUNDUS
2990 869 3062 973 '.

2084 1069 2565 1150 M9...—

764 1250 816 1308 Ι.
856 1251 923 1306 Et
951 1247 1217 1320 quomodo
1241 1245 1358 1303 fieri
1390 1247 1573 1316 possit,
1604 1254 1786 1300 sancte
1816 1244 1908 1299 Dei
1936 1242 2118 1307 homo,
2146 1239 2267 1295 Ste-

692 1344 850 1407 lechi,
878 1341 1017 1412 quod
1042 1344 1295 1409 imperas,
1326 1347 1381 1393 ut
1402 1336 1469 1391 ab
1489 1335 1661 1391 anima
1685 1337 1755 1390 ita
1774 1332 1981 1388 inﬁrma
2009 1343 2064 1388 ct
2084 1332 2269 1403 frigida

691 1433 759 1488 de
786 1430 1194 1501 compunctione
1221 1425 1785 1483 sermones-edantur?
1812 1424 1946 1479 Puto
1972 1424 2113 1479 enim
2135 1438 2268 1492 opus

688 1540 809 1580 esse
822 1540 967 1591 eum,
985 1523 1076 1595 qui
1105 1523 1157 1577 in
1181 1522 1279 1576 hac
1301 1520 1522 1575 materia
1547 1519 1745 1590 aliquid
1762 1520 1887 1574 boni
1906 1518 2145 1573 dicturus
2161 1526 2263 1585 est,

687 1629 799 1683 prae
840 1599 1088 1669 omnibus
1125 1611 1243 1667 aliis
1284 1610 1387 1665 hoc
1424 1610 1600 1664 studio
1630 1612 1652 1642 ³
1683 1611 1887 1663 fervere
1921 1616 1972 1662 et
2017 1607 2264 1673 incendi,

688 1706 762 1764 ita
788 1714 844 1759 ut
866 1704 1025 1758 verba
1042 1718 1159 1773 quze
1180 1702 1454 1772 proferunt
1472 1700 1719 1755 candenti
1743 1699 1883 1755 ferro
1902 1698 2266 1754 vehementius

688 1798 740 1852 in
770 1797 1070 1851 auditorum
1110 1795 1316 1849 animos
1363 1792 1597 1847 incidere
1639 1792 1866 1846 valeant.
1894 1790 2059 1845 Nobis
2086 1800 2263 1844 autem

687 1888 823 1957 ignis
851 1884 1153 1955 hnjusmodi
1183 1899 1287 1937 non
1327 1882 1516 1945 adest,
1548 1881 1645 1937 sed
1675 1882 1851 1936 omnia
1882 1883 2135 1936 interiora
2167 1896 2264 1934 no-

685 1986 793 2030 stra
831 1982 956 2030 sunt
991 1974 1126 2029 cinis
1154 1981 1209 2029 et
1240 1973 1431 2042 pulvis.
1464 1970 1740 2027 Undeuam
1766 2012 1779 2036 ,
1811 1971 1897 2025 dic
1931 1971 2058 2024 mihi
2083 2010 2097 2034 ,
2127 1970 2265 2023 unde

689 2067 957 2121 ﬂammam
978 2065 1329 2120 accendamus
1352 2064 1516 2124 illam,
1534 2077 1655 2117 cum
1674 2077 1843 2132 neque
1865 2060 2087 2115 scintilla
2106 2060 2261 2126 adsit,

687 2174 861 2228 neque
895 2158 1035 2227 ligna
1060 2156 1368 2225 subjaceanl
1390 2195 1405 2219 ,
1438 2169 1610 2224 neque
1634 2154 1851 2222 spiritus
1875 2152 1941 2206 ad
1970 2152 2110 2206 illam
2144 2167 2265 2221 per-

685 2248 908 2301 ﬂandam
922 2245 1187 2307 adveniat,
1203 2244 1271 2299 ob
1282 2242 1557 2312 caliginem
1571 2243 1951 2312 'nempeillam
1971 2242 2261 2312 ingentem,

681 2354 841 2409 quam
882 2339 961 2391 vis
1005 2346 1346 2407 peccatorum
1386 2335 1577 2388 animte
1618 2342 1812 2388 nostra:
1845 2333 2126 2388 obtendit?
2150 2333 2264 2404 Ego

682 2429 896 2499 quidem
928 2442 1032 2481 non
1061 2427 1204 2492 novi,
1235 2424 1328 2480 sed
1361 2432 1507 2479 tuum
1536 2432 1619 2478 est
1646 2423 1845 2490 dicere,
1875 2423 1964 2493 qui
1991 2423 2220 2492 imperas
2243 2465 2258 2491 ,

681 2535 788 2591 quo
810 2528 963 2588 pacto
979 2518 1185 2588 jussum
1208 2528 1354 2571 tuum
1377 2516 1428 2569 in
1446 2529 1578 2584 opus
1599 2513 1872 2584 procedat,
1892 2521 1946 2569 et
1965 2528 2263 2585 congruen-

682 2592 787 2667 tem
821 2612 980 2664 linem
1009 2616 1341 2678 assequuntur.
1376 2606 1484 2661 Nos
1519 2617 1666 2660 certe
1691 2605 1882 2675 lingua:
1906 2604 2261 2674 praebebimus

682 2701 1075 2764 ministerium;
1109 2708 1162 2753 tu
1191 2712 1316 2753 vero
1343 2711 1563 2767 precare
1587 2711 1731 2762 enm,
1761 2695 1850 2766 qui
1879 2705 2031 2750 sanat
2058 2696 2259 2750 contri-

683 2802 767 2847 tos
806 2791 970 2846 corde
990 2832 1005 2856 ,
1031 2792 1119 2861 qui
1147 2790 1238 2844 dat
1273 2788 1624 2857 pusillanimis
1652 2787 2102 2856 longanimitatem
2124 2827 2138 2851 ,
2168 2788 2259 2856 qui

681 2884 898 2939 suscitat
917 2884 985 2937 de
1014 2893 1151 2936 terra
1180 2896 1486 2952 pauperem,
1510 2890 1567 2935 ut
1593 2880 1733 2934 hunc
1754 2880 1805 2934 in
1837 2880 1988 2934 nobis
2014 2880 2261 2935 incendat

676 2980 876 3049 ignem,
899 2977 988 3047 qui
1012 2976 1295 3030 humanam
1322 2989 1536 3029 omnem
1561 2973 1920 3028 inﬁrmitatem
1948 2972 2084 3027 solet
2102 2972 2261 3028 absu-

681 3084 851 3130 mere,
874 3083 935 3121 ac
957 3081 1228 3132 somnum,
1251 3065 1531 3134 segnitiem
1557 3064 1973 3134 gravitatemque
1992 3063 2260 3117 carnalem

682 3159 1037 3228 praescindere
1063 3198 1078 3221 ,
1104 3158 1399 3226 animmque
1424 3157 1536 3211 alas
1562 3156 1628 3210 ad
1654 3154 1841 3210 caelum
1872 3155 2123 3210 sublimes
2148 3157 2258 3210 eri-

677 3266 805 3320 gere
834 3268 846 3304 :
878 3252 945 3306 ab
982 3251 1067 3304 illa
1096 3259 1273 3304 autem
1312 3249 1494 3317 apside
1516 3292 1529 3314 ,
1558 3264 1654 3304 ceu
1683 3266 1748 3305 ex
1777 3250 2006 3319 quodam
2043 3251 2258 3307 excelso

678 3342 910 3406 vertice,
939 3355 1152 3395 onmem
1180 3338 1457 3394 ‘ostendit
1496 3340 1770 3408 prmsentis
1810 3341 1931 3395 vita:
1973 3343 2256 3397 vanitatem

678 3432 1095 3501 ementitamque
1114 3430 1367 3498 speciem.
1394 3429 1491 3496 Qui
1514 3431 1655 3485 enim
1684 3445 1854 3499 neque
1871 3430 1994 3485 illuc
2019 3433 2255 3501 avolare,

679 3540 849 3593 neque
876 3524 928 3577 in
958 3523 1041 3576 illa
1070 3521 1280 3591 specula
1305 3520 1494 3576 sedere
1520 3526 1723 3589 potnit,
1755 3525 1799 3575 is
1828 3538 1996 3592 neque
2025 3533 2253 3589 terram,

678 3629 850 3683 neque
892 3622 1101 3667 terrena
1145 3612 1353 3681 negotia
1382 3611 1424 3678 ⁵,
1475 3619 1532 3665 ut
1567 3610 1746 3665 videre
1785 3626 1881 3679 par
1919 3621 2040 3677 est,
2078 3613 2257 3667 videre

677 3714 873 3776 potest.
900 3704 1034 3771 Quia
1060 3704 1201 3758 enim
1229 3704 1391 3757 multa
1421 3713 1574 3769 sunt,
1599 3718 1719 3773 qua:
1748 3704 1882 3758 visui
1911 3703 2156 3759 tenebras
2177 3703 2259 3757 of-

681 3798 927 3864 fundunt,
959 3796 1125 3850 multa
1150 3812 1269 3865 qua:
1292 3795 1527 3848 auditum
1559 3795 1791 3858 turbant,
1823 3796 1991 3850 multa
2014 3811 2131 3865 quae
2158 3797 2258 3851 lin-

676 3903 832 3957 guam
859 3885 1208 3955 prmpediunt,
1242 3893 1454 3953 oportet
1478 3899 1622 3948 cum,
1649 3883 1718 3937 ab
1745 3885 1889 3938 omni
1917 3887 2141 3939 tumultu
2170 3895 2255 3941 at-

676 3994 782 4049 que
807 3978 952 4032 fumo
970 3976 1309 4042 subductum,
1337 3976 1404 4030 ad
1432 3976 1570 4029 illam
1613 3975 1951 4031 solitudinem
1977 3978 2252 4043 secedere,

675 4072 764 4125 ubi
793 4086 979 4140 magna
1010 4068 1385 4139 tranquillitas,
1411 4082 1537 4137 pura
1559 4069 1839 4134 serenitas,
1860 4071 2113 4125 tumultus
2136 4071 2258 4125 nul-

674 4164 793 4218 lus:
820 4163 912 4217 sed
938 4161 1077 4215 oculi
1106 4160 1159 4215 in
1183 4176 1344 4214 unum
1378 4160 1469 4214 Dei
1499 4153 1777 4220 amorem"
1799 4162 1985 4217 intenti
2017 4178 2120 4219 non
2151 4165 2257 4220 alio

676 4252 971 4318 declinant,
1003 4266 1157 4306 aures
1186 4266 1313 4306 vero
1339 4250 1687 4316 inconcussas,
1719 4253 1808 4305 nni
1838 4262 2039 4309 tantum
2065 4257 2141 4310 rei
2166 4271 2258 4311 ναι

678 4351 821 4405 eant,
845 4356 1037 4412 nempe
1056 4342 1353 4396 divinorum
1375 4341 1705 4412 eloquiorum
1726 4343 1949 4410 auditui,
1974 4355 2027 4401 et
2048 4348 2254 4404 suavisa

676 4434 826 4487 sima:
852 4432 1217 4501 spiritualique
1239 4431 1519 4486 audienda:
1544 4433 1895 4504 symphoniae,
1923 4452 2040 4506 quae
2064 4439 2251 4505 semel,

671 4520 829 4593 capto
855 4524 1037 4577 animo
1059 4563 1076 4590 ,
1105 4531 1251 4577 tanta
1286 4524 1335 4577 vi
1369 4524 1673 4580 dominatur
1694 4566 1709 4590 ,
1740 4537 1796 4580 ut
1835 4528 1920 4582 illa
1962 4540 2254 4599 pertractus

675 4614 903 4668 melodia
934 4628 1105 4683 neque
1129 4613 1305 4669 cibum
1324 4656 1338 4681 ,
1371 4631 1543 4685 neque
1571 4626 1770 4686 potum,
1806 4635 1979 4689 neque
2008 4636 2253 4679 somnum

674 4721 796 4759 cum
825 4705 1092 4775 voluptate
1116 4707 1310 4778 capiat.
1332 4707 1513 4778 Itaque
1535 4726 1632 4766 nec
1658 4714 1993 4770 smeularium
2017 4721 2255 4788 negotio-

675 4812 792 4851 rum
819 4797 1099 4862 tumultus,
1124 4813 1294 4868 neque
1317 4801 1671 4868 corporalium
1698 4802 1852 4858 turba
1878 4821 2076 4873 rerum,
2103 4790 2253 4865 teno-

676 4902 792 4940 rem
833 4888 979 4941 illum
1014 4887 1255 4943 relaxare
1289 4890 1477 4952 valeat.
1510 4892 1590 4946 Ad
1620 4901 1820 4949 tantam
1846 4898 1986 4951 enim
2013 4899 2033 4931 ⁷
2058 4900 2252 4957 anima:

671 4977 1048 5032 sublimitatem
1079 4977 1271 5035 inﬁmae
1307 4980 1463 5051 hujus
1502 4987 1827 5054 tempestatis
1858 4991 2109 5060 strepitus
2142 5009 2250 5051 non

731 5143 762 5225 ξ.
771 5143 1049 5225 limitis-hi
1058 5148 1328 5225 Acolb._s‘ic,
1353 5153 1579 5225 Eiusdem
1618 5159 1684 5225 ᾳά
1708 5159 1990 5225 staec/lium
2011 5168 2072 5217 de
2112 5177 2249 5225 Coms

662 5210 934 5323 ἔξιπῖἐὲπέ
959 5214 1009 5257 ¹¹¹
1025 5210 1187 5274 “mw
1211 5210 1532 5279 στιννεάσιοηιε
1566 5220 1632 5269 αα
1652 5210 2094 5281 semesam
2109 5210 2248 5283 25:5.-

779 5328 1372 5409 Ἢὲφξῗῖοδξλῗεῐξὲιηυεν
1410 5337 1500 5390 hoc
1521 5342 1677 5395 studio
1692 5359 1712 5409 ;
1742 5347 1829 5397 sed
1856 5349 1988 5401 Colh.
2012 5357 2066 5403 et
2083 5355 2221 5407 Savil.

665 5386 751 5457 ’θος
774 5388 1004 5457 Pulchro;
1028 5386 1492 5457 sulmudiaeniu.“
1521 5386 1672 5395 """"
1692 5386 1708 5409 ’
1742 5386 1829 5397 "‘
1858 5386 1988 5401 νυ*-
2012 5386 2242 5420 "ww:

726 5450 745 5479 ³
778 5450 1258 5563 ln(.olb.,gudorem'.

728 5508 750 5538 ⁸
783 5512 913 5563 Apud
934 5514 1013 5562 Col
1054 5552 1085 5563 ..
1110 5529 1258 5563 01mm

728 5508 750 5577 ξ
783 5512 913 5573 Apud
934 5508 1085 5575 σόη»,
1110 5529 1294 5569 omnem
1316 5520 1448 5573 nobis
1469 5527 1690 5577 ostendit.

725 5573 744 5652 ξ
778 5573 1076 5652 tireeverllia.
1100 5590 1249 5639 neque
1263 5590 1454 5650 terrena
1476 5573 1688 5649 negotio,
1704 5590 1852 5644 habet
1873 5595 2005 5648 Solus
2017 5599 2181 5652 Morel.

722 5631 744 5705 ξ
778 5639 825 5705 tu
846 5631 1229 5705 Colh._legi_mus,
1254 5643 1301 5690 in
1321 5631 1502 5696 metitur
1512 5631 1813 5705 2176;152:1552

723 5693 743 5723 ⁷
784 5701 898 5758 vox,
919 5693 1227 5763 euimfdcest'
1244 5705 1293 5755 in
1315 5707 1445 5757 Celb.

2377 1244 2625 1313 pertingit
2646 1262 2660 1310 ;
2678 1260 2860 1300 verum
2876 1247 3320 1317 quemadmodum
3338 1250 3395 1316 ii,
3410 1253 3499 1322 qui
3515 1253 3580 1307 ad
3600 1255 3890 1313 altissnnos
3902 1274 3968 1316 se

2382 1338 2657 1393 contulere
2679 1347 2907 1407 montes,
2933 1342 3062 1396 nihil
3081 1357 3263 1398 eorum
3288 1343 3467 1400 vident
3485 1346 3568 1401 vel
3584 1348 3821 1412 audiunt,
3839 1366 3965 1421 quae

2388 1425 2439 1478 in
2466 1426 2597 1481 urbe
2622 1438 2880 1497 geruntur
2903 1431 2988 1487 vel
3012 1430 3283 1502 dicuntur,
3313 1435 3406 1490 sed
3430 1435 3714 1493 obscurum
3742 1440 3962 1495 dumta-

2382 1526 2473 1570 xat
2508 1526 2564 1572 et
2598 1518 2940 1588 iniucundum
2965 1522 2980 1556 ⁸
3003 1523 3291 1588 clamorem
3324 1526 3578 1594 audiunt,
3615 1529 3965 1587 stridentibus

2386 1609 2561 1678 vespis
2589 1610 2758 1665 nihilo
2787 1614 3106 1679 suaviorem,
3124 1614 3213 1683 ,sic
3240 1616 3293 1680 ii,
3325 1617 3414 1686 qui
3444 1633 3472 1670 a
3500 1620 3839 1680 srecularihus
3869 1638 3962 1677 re-

2379 1698 2479 1753 bus
2522 1713 2641 1755 esse
2688 1701 3020 1758 abduxerunt
3065 1715 3121 1759 et
3162 1705 3230 1759 ad
3273 1709 3564 1776 Spirilualis
3612 1709 3965 1781 philosophia:

2374 1802 2629 1844 cacumen
2656 1791 3005 1857 advolarunt,
3039 1795 3167 1849 nihil
3202 1810 3386 1851 eorum
3419 1813 3538 1867 quae
3563 1800 3703 1869 apud
3733 1815 3828 1856 nos
3857 1818 3961 1871 gc-

2374 1891 2566 1936 runtur
2604 1898 2766 1938 sensu
2815 1887 3145 1955 percipiunt;
3193 1904 3390 1957 corpus
3436 1892 3577 1945 enim
3622 1900 3677 1946 et
3716 1895 3963 1961 corporis

2377 1982 2585 2036 sensus,
2608 1972 2781 2027 donec
2800 1976 2975 2030 anima
2996 1977 3135 2031 circa
3158 1987 3352 2033 terram
3377 1991 3638 2046 versatur,
3666 1976 3963 2038 innumeris

2377 2061 2520 2114 illam
2564 2062 2789 2118 vinculis
2831 2066 3240 2136 constringunt,
3284 2070 3649 2138 gravissimam
3697 2068 3959 2126 ﬂuxarnm

2380 2151 2706 2221 voluptatum
2737 2164 3107 2225 tempestatem
3134 2157 3364 2227 undique
3388 2159 3718 2228 colligentes.
3747 2160 3960 2214 Etenim

2372 2242 2602 2311 auditus,
2623 2244 2787 2310 visus,
2813 2254 3001 2312 tactus,
3025 2246 3278 2303 odoratus
3303 2258 3357 2304 et
3382 2250 3582 2319 lingua,
3612 2248 3957 2305 externorum

2374 2333 2632 2388 malorum
2653 2335 2877 2410 plurima
2896 2336 2949 2391 in
2968 2338 3109 2390 illam
3128 2337 3403 2392 inducunt.
3422 2338 3554 2392 Cum
3575 2356 3699 2393 vero
3715 2341 3961 2396 sublimis
3988 2418 3991 2419 ν

2370 2422 2620 2492 efﬁcitur,
2650 2434 2706 2479 et
2729 2427 2896 2480 otium
2924 2442 3077 2481 suum
3104 2427 3172 2482 ad
3199 2429 3495 2499 spiritualia
3521 2433 3802 2497 convertit,
3829 2440 3959 2487 tunc

2370 2513 2627 2583 malignas
2655 2516 3006 2586 cogitationes
3031 2518 3273 2586 ingressu
3301 2529 3450 2574 arcet
3473 2537 3486 2572 :
3508 2536 3615 2575 non
3645 2537 3834 2576 sensus
3856 2524 3959 2577 ob-

2371 2612 2576 2673 turaus,
2600 2604 2695 2661 sed
2718 2612 2903 2661 chrum
2926 2610 3291 2677 operationem
3322 2610 3389 2664 ad
3409 2610 3787 2667 sublimitatem
3812 2616 3952 2669 illam

2373 2694 2677 2750 traducens.
2699 2695 3158 2763 Quemadmodum
3178 2699 3321 2753 enim
3343 2700 3559 2755 domina
3582 2703 3823 2772 quaedam
3845 2704 3957 2758 i‘nr-

2372 2784 2640 2840 midabilis
2658 2796 2713 2841 et
2732 2802 2939 2854 severa,
2961 2804 3081 2859 qua:
3097 2799 3419 2859 unguentum
3437 2792 3619 2846 condit
3640 2796 3950 2862 pretiosum,

2368 2876 2678 2945 magnisque
2694 2878 2991 2946 sumptibus
3012 2895 3073 2934 ac
3095 2881 3380 2935 multormn
3404 2882 3647 2937 manibus
3680 2884 3744 2936 ad
3772 2885 3954 2938 condi-

2368 2975 2542 3021 turam
2581 2982 2717 3037 0pus
2756 2969 2947 3036 habet,
2981 2972 3200 3027 ancillas
3240 2976 3503 3028 suscitans
3538 2985 3593 3053 et
3627 2992 3908 3031 accersens
3934 3019 3951 3045 ,

2368 3056 2528 3110 aliam
2563 3057 2714 3127 jubet
2748 3069 2984 3113 aromata
3015 3062 3248 3117 nondum
3277 3064 3328 3117 in
3357 3079 3490 3133 opus
3517 3065 3747 3121 admissa
3775 3068 3953 3121 cribro

2369 3162 2680 3215 secernere,
2714 3150 2869 3204 aliam
2899 3163 3111 3221 arrepta
3154 3153 3361 3209 bilanee
3387 3163 3443 3209 ct
3470 3165 3667 3209 statera
3705 3167 3954 3213 accurate

2364 3240 2627 3311 dispicere
2651 3256 2719 3296 ue
2747 3242 2865 3311 plus
2896 3244 2976 3297 vel
3009 3245 3182 3299 minus
3207 3261 3364 3315 quam
3392 3261 3489 3316 par
3516 3258 3598 3301 est
3628 3249 3679 3301 in
3707 3249 3951 3302 conditu-

2364 3346 2477 3385 ram
2518 3331 2807 3387 admissuin
2842 3330 3040 3403 just'am
3082 3352 3383 3391 mensuram
3426 3339 3645 3406 perdat,
3674 3341 3831 3394 aliam
3860 3357 3952 3394 eo.

2362 3437 2527 3490 quere
2551 3438 2669 3492 qum
2694 3424 2968 3494 coquenda
3000 3438 3145 3495 sunt,
3174 3428 3329 3482 aliam
3362 3437 3535 3485 terere
3560 3447 3676 3500 qua:
3708 3433 3949 3498 terenda,

2362 3511 2508 3565 illam
2525 3513 2634 3566 alia
2652 3514 2771 3568 aliis
2793 3518 3164 3583 commiscere,
3186 3518 3330 3573 illam
3352 3536 3472 3575 cum
3494 3522 3762 3576 alabastro
3782 3536 3949 3590 Stare,

2360 3601 2517 3657 aliam
2544 3620 2665 3657 cum
2693 3605 2801 3659 alio
2826 3620 2954 3661 vase
2973 3647 2989 3673 ,
3015 3607 3174 3662 aliam
3204 3609 3346 3664 aliud
3373 3611 3643 3681 quidpiam
3678 3622 3908 3669 tractare
3929 3631 3945 3646 ο

2362 3694 2543 3764 sicque
2569 3710 2753 3749 earum
2782 3706 2987 3753 mentes
3014 3700 3171 3754 simul
3194 3709 3249 3755 et
3273 3717 3458 3757 manus
3478 3706 3626 3773 operi
3650 3706 3947 3775 applicans,

2363 3783 2494 3837 nihil
2523 3789 2793 3858 corrumpi
2834 3789 2999 3855 sinit,
3032 3805 3244 3860 semper
3278 3792 3528 3850 insistens
3548 3837 3562 3863 ,
3594 3812 3698 3851 non
3729 3800 3949 3867 permit-

2367 3884 2486 3929 tens
2514 3885 2662 3930 extra
2691 3880 3001 3949 vagari,aut
3027 3882 3132 3937 alio
3157 3896 3429 3953 aspectum
3459 3887 3723 3944 divertere
3751 3906 3763 3942 :
3792 3891 3869 3943 sic
3894 3899 3952 3946 et

2362 3966 2538 4020 anima
2570 3968 2857 4035 pretiosum
2886 3969 2989 4025 hoc
3027 3982 3353 4042 unguentum
3385 3991 3724 4046 pneparans,
3755 3994 3953 4049 nempe

2362 4060 2823 4128 compunctionem
2848 4103 2863 4130 ,
2904 4077 3095 4119 sensus
3131 4065 3200 4120 ad
3238 4067 3468 4138 seipsam
3499 4078 3723 4136 evocat,
3759 4086 3948 4126 eorum

2362 4150 2724 4217 prmseindens
2760 4154 3061 4224 segnitiem.
3108 4157 3165 4211 Si
3205 4158 3421 4227 quando
3457 4170 3635 4215 autem
3673 4164 3951 4233 contingat

2361 4242 2505 4296 illam
2538 4244 2590 4297 in
2620 4258 2679 4299 se
2702 4259 3016 4302 conversam
3052 4247 3323 4318 quidpiam
3347 4266 3531 4305 eorum
3561 4255 3797 4323 cogitare
3824 4273 3949 4327 qua:

2360 4330 2426 4384 ad
2455 4333 2771 4400 probitatem
2801 4344 2854 4389 et
2884 4335 2976 4390 Dei
3006 4337 3255 4407 placitum
3286 4348 3530 4409 spectant
3548 4382 3562 4406 ,
3594 4356 3784 4397 sensus
3811 4360 3945 4414 ope-

2359 4424 2566 4479 ratione
2586 4439 2681 4480 sua
2701 4422 2900 4481 vacuos
2919 4429 3226 4495 constituit;
3254 4445 3322 4485 ne
3342 4431 3466 4502 quid
3487 4448 3944 4502 supervacaneum

2358 4513 2731 4585 intempestive
2780 4518 3093 4580 inducentes
3122 4563 3138 4588 ,
3190 4523 3453 4578 internam
3506 4527 3944 4596 tranquillitatem

2356 4606 2687 4675 perturbent.
2715 4608 2893 4674 Quare
2916 4598 2969 4665 si
2988 4626 3149 4666 voces
3172 4613 3419 4680 auribus,
3448 4617 3749 4683 spectacula
3773 4620 3947 4675 oculis

2357 4695 2634 4763 accidant,
2684 4698 2813 4752 nihil
2859 4700 3259 4769 intromittitur,
3306 4703 3528 4774 singulis
3575 4707 3941 4765 membrorum

2356 4786 2754 4853 operationibus
2782 4789 2848 4844 ad
2875 4791 3107 4846 animam
3144 4794 3437 4849 conversis.
3467 4795 3673 4867 Ecquid
3704 4814 3863 4855 voces
3890 4812 3944 4857 ct

2355 4879 2652 4945 spectacula
2676 4895 2938 4948 memoro,
2957 4897 3076 4936 cum
3099 4884 3249 4937 multi
3273 4884 3324 4939 in
3345 4885 3444 4941 hoc
3468 4888 3623 4955 positi
3646 4899 3807 4957 statu,
3833 4907 3941 4947 non

2357 4968 2518 5023 modo
2547 4978 2930 5039 praetereuntes
2957 4988 3135 5028 coram
3157 5017 3171 5041 ,
3203 4978 3298 5031 sed
3327 4979 3487 5033 etiam
3520 4994 3580 5035 se
3608 4982 3940 5052 exagitantcs

2355 5070 2461 5111 non
2490 5058 2760 5138 sentiant?
2787 5060 2955 5115 Tanta
2978 5064 3173 5135 quippe
3201 5075 3283 5121 est
3310 5068 3501 5124 anima:
3529 5071 3721 5138 virtus,
3755 5084 3808 5128 ut
3839 5090 3938 5129 vo-

2356 5146 2483 5202 lenti
2511 5130 2665 5205 racile
2691 5151 2761 5205 sit
2788 5152 2841 5207 in
2872 5130 3009 5208 terra
3039 5130 3254 5226 quidem
3284 5162 3482 5215 versari
3507 5201 3523 5228 ,
3556 5164 3648 5219 sed
3672 5207 3689 5231 ,
3708 5130 3780 5220 'ac
3805 5168 3851 5221 si
3884 5168 3937 5222 in

2353 5237 2489 5291 caelo
2516 5237 2720 5307 sedeat,
2751 5242 2881 5298 nihil
2902 5257 3087 5299 eorum
3109 5262 3227 5317 quae
3253 5249 3304 5303 in
3336 5260 3473 5306 terra
3496 5264 3751 5325 geruntur
3772 5272 3934 5313 sensu

2352 5327 2650 5396 percipere.

2422 5415 2477 5469 ξ’..
2519 5418 2662 5473 Talis
2690 5428 2804 5475 erat
2831 5420 3016 5478 beatus
3042 5423 3270 5494 Paulus,
3301 5426 3391 5499 qui
3419 5432 3606 5488 mediis
3635 5435 3687 5489 in
3716 5436 3936 5494 urbibus

2351 5519 2608 5572 versans,
2647 5515 2852 5565 tantum
2886 5527 2918 5567 a
2956 5516 3309 5581 priescntibus
3352 5521 3576 5591 aberat,
3612 5536 3867 5595 quantum
3903 5544 3934 5583 a

2351 5610 2681 5655 mortuorum
2724 5602 3074 5661 cadaveribus
3116 5608 3386 5668 absumus.
3416 5613 3549 5671 Cum
3589 5618 3731 5673 enim
3762 5619 3932 5689 dicat,

2420 5734 2436 5761 ¹
2472 5737 2543 5781 sic
2564 5733 2724 5796 Savil.,
2748 5736 2836 5786 sed
2860 5737 3013 5802 colb.,
3038 5740 3260 5793 debilem.
