4266 6314
272 325 380 378 ωδ

276 435 411 490 lilii
439 436 658 493 multa
681 437 957 508 cruciﬁxus
979 448 1052 493 est
1077 438 1099 507 (
1122 438 1296 495 (ἰῆλαι.
1323 439 1380 497 6.
1406 441 1474 495 ﬂ
1494 440 1513 513 )
1532 468 1553 507 -,
1582 439 1721 496 hanc
1738 450 1861 497 me

276 534 451 585 cierat
475 528 951 595 insensibilitatem,
983 531 1094 586 imo
1121 532 1297 601 posius
1324 547 1428 586 non
1457 532 1592 588 hanc
1619 541 1823 595 tantum
1843 576 1859 601 ,

270 620 369 674 sed
391 620 546 674 aliam
573 620 753 688 talem,
781 631 840 675 ut
862 621 1057 692 duplex
1078 622 1167 679 illa
1189 621 1366 678 fuerit.
1388 623 1504 679 Non
1525 624 1667 680 enim
1686 624 1861 681 solum

271 709 430 775 dixit,
452 709 584 764 uitii
602 710 821 765 niundus
835 713 1111 783 cruciﬁxus
1131 722 1225 779 est,
1245 714 1317 768 ita
1339 722 1394 769 ut
1417 723 1601 784 postea
1615 716 1859 785 tacuerit,

269 801 368 856 sed
399 817 496 873 per
531 802 841 873 adjunctum
879 803 1037 858 aliam
1078 805 1393 876 signiﬁcavit
1425 806 1642 874 dicens,
1675 805 1744 861 Et
1771 824 1864 879 ego

269 893 489 949 mundo.
514 893 704 965 Magna
729 902 877 955 certe
903 895 1239 966 philosophia
1266 904 1366 963 est,
1394 908 1581 968 putare
1606 897 1859 952 mundum

269 998 399 1043 esse
422 991 711 1051 mortuum,
744 985 839 1041 sed
871 986 1025 1056 longe
1055 985 1247 1055 major,
1274 1001 1402 1058 erga
1428 987 1682 1044 mundum
1710 988 1861 1058 quasi

268 1083 543 1130 mortuum
573 1075 823 1132 allectum
852 1091 993 1132 esse.
1024 1076 1177 1143 Quod
1204 1077 1386 1148 itaque
1404 1077 1605 1134 Paulus
1624 1078 1864 1135 declara-

267 1165 348 1221 vit
376 1166 680 1236 huiusmodi
705 1178 788 1223 est
811 1186 826 1223 :
848 1167 976 1224 dicit
1002 1168 1145 1224 enim
1174 1184 1279 1224 non
1304 1182 1364 1224 se
1394 1178 1596 1225 tantum
1621 1170 1809 1227 abesse
1828 1185 1859 1226 a

268 1258 628 1327 prmaentibus
650 1298 666 1324 ,
694 1262 950 1328 quantum
983 1247 1220 1321 viventes
1244 1273 1273 1313 a
1299 1260 1544 1328 mortuis,
1575 1260 1668 1317 sed
1696 1277 1863 1332 quan-

270 1358 387 1404 tum
428 1348 624 1403 mortui
652 1363 682 1403 a
712 1349 961 1405 mortuis.
990 1349 1089 1418 Qui
1122 1351 1265 1406 enim
1288 1349 1452 1420 vivit,
1478 1352 1687 1407 etiamsi
1714 1368 1861 1407 mor-

267 1449 422 1495 tuum
447 1454 553 1495 non
577 1441 939 1511 concupiscat,
962 1450 1016 1495 at
1040 1442 1146 1496 alio
1171 1442 1331 1496 modo
1358 1444 1543 1510 sentit,
1569 1444 1683 1500 sive
1701 1444 1864 1499 mire-

267 1539 361 1586 tur
383 1533 633 1601 prostrati
662 1531 1136 1603 pulchritudinem,
1160 1532 1273 1589 sive
1299 1534 1472 1604 ipsum
1495 1535 1777 1591 miseretur
1797 1550 1862 1591 ac

266 1621 515 1694 deploret
546 1641 560 1677 :
591 1634 831 1679 mortuus
854 1633 1032 1679 autem
1059 1640 1184 1696 erga
1219 1633 1489 1703 mortuum
1520 1641 1586 1681 ne
1617 1627 1704 1681 tali
1736 1627 1858 1697 qui-

265 1712 395 1768 dem
418 1712 612 1772 aﬂ'ectu
627 1723 731 1770 est.
749 1714 862 1771 Hoc
883 1714 1044 1787 igitur
1062 1715 1337 1773 declarare
1356 1732 1478 1773 cum
1502 1717 1681 1784 vellet,
1708 1726 1856 1788 post-

265 1819 431 1875 quam
456 1804 684 1873 dixerat,
713 1806 846 1862 Mihi
870 1806 1088 1861 mundus
1114 1808 1387 1876 cruciﬁxus
1414 1817 1515 1875 est,
1541 1809 1762 1877 addidit,
1791 1809 1859 1864 Et

266 1911 362 1967 ego
378 1897 586 1951 mundo.
604 1896 768 1953 Vides
787 1910 945 1969 quam
962 1899 1118 1969 longe
1138 1898 1326 1954 aberat
1340 1899 1406 1953 ab
1423 1901 1575 1967 orbe,
1593 1901 1863 1971 quomodo

274 1988 332 2043 in
360 1999 502 2045 terra
524 1988 777 2059 gradiens
797 1990 865 2045 ad
892 1990 1064 2061 ipsum
1088 1991 1410 2046 transilierat
1429 1992 1544 2047 caeli
1570 1993 1861 2049 verticem?

344 2081 505 2139 Pauli
536 2100 657 2156 erga
684 2083 944 2139 Christum
972 2101 1115 2139 amor
1146 2085 1295 2139 cales
1324 2101 1493 2140 ontnes
1532 2086 1859 2141 transcendit.

266 2206 342 2221 ο-
368 2177 445 2233 Ne
489 2177 618 2233 mihi
664 2193 1060 2235 commemores
1104 2178 1368 2233 montium
1412 2180 1711 2245 cacumina,
1754 2194 1860 2234 non

266 2272 457 2338 saltus,
503 2286 611 2325 non
649 2271 837 2337 valles,
882 2286 987 2325 non
1026 2270 1367 2332 solitudinem
1414 2269 1640 2337 inviam;
1688 2286 1862 2342 neque

266 2366 413 2420 enim
446 2364 562 2420 hxec
603 2366 715 2419 sola
746 2364 878 2419 satis
910 2373 1035 2420 sunt
1071 2364 1137 2418 ad
1164 2365 1358 2419 anima:
1398 2365 1683 2419 tumultum
1711 2366 1859 2419 aufe-

275 2457 524 2523 rendum,
556 2457 651 2513 sed
690 2457 774 2511 illa
806 2471 944 2527 opus
974 2464 1055 2512 est
1089 2457 1323 2523 ﬂamma,
1354 2472 1512 2528 quam
1540 2457 1782 2512 Christus
1808 2458 1859 2513 in

275 2550 427 2605 Pauli
457 2551 631 2604 anima
656 2550 920 2613 incendit;
958 2548 1145 2603 beatus
1174 2560 1350 2604 autem
1382 2549 1470 2605 ille
1499 2564 1596 2619 per
1615 2550 1863 2620 spiritua-

271 2640 379 2697 lem
414 2640 548 2696 hanc
576 2642 952 2711 cogitationem
981 2641 1148 2710 ipsam
1171 2641 1321 2707 fovit,
1339 2650 1393 2695 et
1408 2640 1475 2695 ad
1508 2651 1705 2695 tantam
1732 2641 1861 2696 sub-

271 2732 553 2787 limitatem
599 2732 825 2797 extulit,
882 2741 941 2786 ut
980 2746 1103 2785 eum
1150 2746 1179 2785 a
1230 2740 1370 2786 terra
1423 2731 1750 2801 iucepisset,
1795 2731 1863 2786 ad

275 2824 451 2894 ipsum
475 2826 663 2880 ca’lum
693 2810 990 2895 perligerit,
1022 2824 1128 2879 imo
1169 2832 1223 2879 et
1260 2824 1325 2878 ad
1354 2826 1541 2879 caelum
1589 2825 1679 2879 illo
1706 2839 1865 2894 Supe-

270 2919 407 2982 rius,
436 2928 492 2974 et
522 2919 587 2972 ad
618 2917 760 2972 aliud
794 2918 986 2972 iterum
1019 2934 1032 2969 :
1063 2918 1175 2984 ipse
1203 2932 1432 2987 namque
1464 2932 1631 2987 usque
1657 2917 1722 2969 ad
1754 2926 1863 2970 ter-

274 3012 405 3067 tium
440 3012 630 3065 caelum
675 3019 857 3080 raptus
894 3017 977 3064 est
1013 3026 1025 3062 :
1060 3024 1213 3064 amor
1253 3017 1433 3063 autem
1474 3008 1593 3079 ejus
1638 3019 1693 3063 et
1736 3021 1863 3077 erga

272 3104 544 3160 Christum
586 3102 802 3171 dilectio
832 3116 936 3154 non
981 3107 1090 3154 tres
1127 3099 1323 3164 solum,
1357 3099 1449 3153 sed
1480 3114 1667 3153 omnes
1704 3098 1863 3153 etiam

272 3196 437 3251 caélos
464 3193 809 3250 transcendit.
831 3192 961 3247 Nam
985 3206 1211 3261 corpore
1239 3190 1449 3260 quidem
1478 3191 1700 3260 pusillus
1725 3200 1863 3258 erat,

274 3290 514 3358 nihilque
542 3288 773 3357 amplius
811 3301 970 3355 quam
1011 3300 1108 3338 nos
1138 3286 1187 3338 in
1230 3285 1328 3337 hac
1365 3300 1423 3337 re
1451 3283 1636 3337 habuit
1666 3301 1677 3335 :
1712 3284 1869 3354 spiri-

276 3381 406 3439 tuali
448 3390 627 3435 autem
677 3376 869 3433 allectu
924 3391 1111 3431 omnes
1161 3376 1251 3451 qui
1306 3376 1359 3433 in
1405 3385 1543 3432 terra
1588 3386 1869 3431 versantur

277 3474 525 3529 homines
555 3472 715 3543 longo
746 3470 1029 3527 intervallo
1060 3472 1348 3541 superavit.
1384 3471 1565 3540 Neque
1593 3472 1792 3529 errabit
1824 3471 1866 3525 si

275 3567 399 3638 quis
445 3575 688 3623 sanctmn
721 3567 867 3621 illum
898 3568 1039 3620 circa
1082 3581 1190 3619 rem
1223 3564 1358 3618 hanc
1389 3564 1617 3636 imagine
1644 3565 1731 3623 tali
1773 3579 1869 3621 ex-

277 3661 478 3731 primat
521 3679 534 3715 :
577 3658 1023 3731 quemadmodum
1072 3660 1116 3715 si
1164 3656 1377 3714 ﬂamma
1419 3660 1665 3729 quaedam
1706 3669 1870 3713 totam

281 3762 439 3812 terrae
458 3754 791 3825 superﬁciem
822 3767 1108 3824 occupans,
1132 3762 1181 3806 et
1212 3753 1261 3805 in
1286 3753 1449 3805 altum
1476 3752 1611 3805 elata
1640 3750 1873 3819 undique

284 3848 553 3903 cmlestem
586 3846 823 3916 apsidem
867 3852 1170 3915 praetereat,
1218 3853 1273 3898 et
1318 3858 1495 3898 aerem
1536 3858 1697 3912 supra
1728 3842 1872 3897 illam

288 3943 520 4012 positum
553 3938 871 4008 pervadens,
904 3938 1017 3991 sive
1046 3952 1140 3991 aer
1168 3936 1256 3989 ille
1284 3936 1381 4002 sit,
1414 3936 1527 3990 sive
1556 3934 1697 3989 aliud
1720 3934 1875 4004 Quid-

282 4033 435 4097 libet,
494 4032 867 4087 intermedium
909 4029 1134 4083 duorum
1175 4030 1427 4083 cmiorum
1469 4028 1592 4097 igne
1634 4026 1869 4095 repleat;

284 4142 457 4195 neque
483 4125 569 4179 hic
589 4139 803 4179 cursum
826 4124 999 4186 sistat,
1025 4122 1116 4177 sed
1142 4120 1207 4175 ad
1236 4121 1447 4175 tertium
1471 4121 1631 4173 etiam
1655 4128 1875 4189 repente

283 4223 594 4279 transmeet,
629 4214 913 4283 omniaque
944 4227 1106 4266 unum
1138 4227 1329 4281 rogum
1364 4210 1581 4277 efﬁciat,
1614 4217 1771 4263 tanta:
1800 4208 1874 4263 Ia-

284 4306 528 4363 titudinis
556 4313 806 4375 quantam
837 4303 998 4359 habet
1026 4303 1273 4357 universa
1306 4310 1468 4366 terra,
1499 4308 1659 4354 tanta:
1691 4300 1875 4355 altitu-

284 4400 447 4465 dinis,
479 4406 734 4468 quantum
766 4397 921 4466 spatii
948 4410 976 4449 a
1005 4395 1162 4450 tertio
1192 4394 1326 4449 caelo
1355 4393 1419 4446 ad
1452 4407 1550 4447 nos
1573 4398 1874 4474 usque’est.

285 4492 363 4548 Ne
386 4494 463 4546 sic
486 4491 704 4561 quidem
735 4500 862 4561 puto
888 4490 973 4545 vel
1013 4497 1217 4558 partem
1258 4485 1641 4556 aliquantulam
1677 4484 1877 4538 amoris

286 4565 402 4654 dius
441 4599 527 4638 me
566 4582 919 4652 expressisse.
949 4580 1100 4648 Quod
1129 4590 1306 4633 autem
1350 4578 1467 4632 haec
1506 4591 1612 4632 non
1639 4577 1749 4630 sint
1785 4590 1881 4645 per

288 4676 615 4750 hyperbolen
647 4676 809 4741 dicta,
843 4674 1027 4729 videre
1068 4674 1264 4743 poterit
1292 4672 1533 4742 quisquis
1570 4686 1630 4725 ea
1665 4670 1875 4740 legerit,

286 4786 405 4840 qure
450 4769 515 4823 ad
574 4769 901 4823 Demetrium
954 4766 1140 4821 eadem
1192 4765 1259 4820 de
1304 4781 1364 4820 re
1411 4765 1744 4835 scripsimus.
1792 4764 1881 4819 Sic

287 4871 500 4932 oportet
524 4858 795 4914 Christum
824 4872 1025 4923 amare,
1059 4858 1136 4913 sic
1165 4874 1194 4911 a
1222 4858 1381 4911 rebus
1409 4856 1760 4926 prmscntibus
1786 4856 1880 4910 ab-

287 4955 499 5021 sistere.
533 4952 689 5006 Tales
713 4959 866 5005 erant
895 4959 1200 5005 sanctorum
1232 4948 1614 5019 prepbetarum
1643 4946 1840 5001 animae
1862 4987 1877 5012 ,

289 5047 516 5115 ideoque
537 5045 669 5099 alios
690 5056 1010 5113 acceperunt
1032 5042 1238 5097 oculos.
1264 5041 1405 5095 Sane
1425 5040 1566 5111 quod
1590 5040 1662 5093 illi
1689 5054 1717 5093 a
1740 5054 1881 5109 prte-

289 5137 530 5191 sentibus
570 5150 629 5203 se
663 5143 1027 5206 segregarem,
1070 5132 1122 5186 id
1164 5133 1373 5186 illorum
1418 5132 1705 5201 diligentia:
1746 5146 1881 5200 opus

290 5237 405 5284 erat
434 5246 447 5281 :
475 5226 617 5297 quod
643 5241 774 5282 vero
801 5233 985 5295 postea
1010 5223 1100 5277 alii
1142 5223 1243 5276 sibi
1274 5222 1610 5291 aperirentur
1649 5221 1714 5275 ad
1744 5220 1885 5274 iutu-

289 5336 474 5377 rorum
518 5319 1023 5388 contemplationem
1060 5317 1227 5395 oculi,
1271 5315 1398 5369 illud
1435 5315 1649 5369 demum
1684 5313 1881 5368 divlnzc

294 5412 479 5484 gratia:
503 5417 639 5465 erat.
669 5409 813 5463 Talis
851 5415 969 5462 erat
996 5406 1242 5471 Elisaeus,
1272 5405 1360 5480 qui
1392 5413 1671 5475 postquam
1702 5402 1881 5458 omnia

292 5504 573 5560 saecularia
606 5502 871 5572 despexit,
904 5499 1055 5570 regni
1092 5498 1323 5553 cwlestis
1352 5511 1536 5552 amore
1562 5504 1747 5567 captus
1776 5502 1880 5561 est,

300 5592 690 5665 prmsentiaque
716 5591 896 5648 omnia
935 5591 1159 5660 respuit,
1192 5604 1417 5660 regnum
1443 5604 1657 5658 nempe,
1691 5596 1881 5657 poten-

297 5696 447 5752 tiam,
484 5685 709 5757 gloriam
755 5693 810 5739 et
850 5685 1109 5739 honorem
1155 5682 1221 5738 ab
1259 5681 1509 5736 omnibus
1547 5680 1878 5745 exbibitum;

295 5778 429 5835 vidit
459 5792 521 5835 ea
546 5792 664 5852 quae
694 5777 868 5833 nullus
896 5790 1148 5847 umquam
1186 5774 1425 5843 viderat,
1467 5780 1705 5830 montem
1737 5780 1881 5827 mte-

1163 327 1252 384 ΒΕ
1290 327 1837 401 COMPUNCTIONE,
1876 329 1967 387 AD
2004 328 2459 389 STELEClllUM.
2499 328 2627 386 LIB.
2666 326 2733 383 ll.

3446 327 3548 383 ιη

1968 454 2146 511 grum,
2176 453 2431 510 equorum
2463 440 2764 510 igneorum.
2794 452 3046 494 curruum
3069 478 3085 505 ,
3117 438 3447 508 militumque
3474 440 3547 494 si.

1966 530 2170 586 milium
2192 530 2428 586 exercitu
2453 538 2721 601 opertum.
2742 528 2876 585 Nam
2898 529 2987 599 qui
3013 529 3297 599 prtesentia
3316 527 3547 583 admira-

1967 622 2440 691 tur,_l’uturorum
2494 610 2951 691 contemplatione
3007 634 3298 688 numquam
3357 619 3549 690 dignus

1967 713 2248 770 habebitur
2275 730 2290 767 :
2322 712 2411 784 qui
2443 721 2619 767 autem
2650 713 2736 767 illa
2767 710 3016 783 despicit,
3047 721 3103 767 et
3129 711 3301 767 nihilo
3323 712 3547 767 meliora

1966 814 2117 874 putat
2154 803 2341 859 umbra
2383 813 2438 859 et
2476 803 2711 871 somnio,
2745 804 2856 859 cito
2894 817 3083 873 magna
3128 803 3216 857 illa
3256 802 3549 873 spiritualia

1966 905 2340 966 consequetur.
2362 896 2801 967 Quandoquidem
2828 904 2881 952 et
2907 910 3005 952 nos
3028 894 3239 951 divitias
3265 896 3393 951 viris
3418 910 3549 952 con-

1964 996 2213 1057 gruentes
2234 987 2352 1042 ﬁliis
2368 988 2565 1043 nostris
2592 986 2926 1058 exhibemus,
2948 986 3209 1043 camillos
3238 986 3383 1041 viros
3403 1001 3546 1054 esse,

1964 1085 2019 1133 et
2045 1078 2267 1147 puerilia
2296 1078 2475 1132 omnia
2506 1077 2781 1147 despicere
2805 1076 3051 1132 videmus
3078 1091 3093 1132 :
3123 1075 3375 1146 quamdiu
3404 1078 3548 1132 enim

1967 1168 2055 1223 illa
2098 1170 2380 1234 mirantur,
2425 1169 2507 1222 his
2548 1168 2668 1224 illos
2700 1168 2951 1239 indignos
2985 1166 3326 1222 arbitramur.
3356 1168 3547 1223 Anima

1965 1258 2160 1329 quippe
2189 1272 2307 1328 qua:
2336 1273 2498 1328 parva
2519 1265 2574 1313 et
2602 1257 2879 1313 saecularia
2903 1258 3181 1327 despicere
3206 1271 3311 1312 non
3338 1254 3543 1321 didicit,

1964 1349 2199 1405 celestia
2244 1349 2424 1403 mirari
2474 1364 2582 1403 non
2628 1349 2855 1419 poterit;
2905 1347 3128 1419 parique
3167 1347 3327 1402 modo
3369 1347 3414 1401 si
3456 1346 3547 1401 illa

1964 1443 2210 1508 miretur,
2241 1456 2345 1495 non
2369 1440 2561 1511 poterit
2588 1439 2704 1495 haec
2732 1455 2838 1494 non
2868 1440 3113 1495 irridere.
3145 1439 3257 1494 lloc
3283 1448 3338 1495 et
3362 1439 3547 1494 beatus

1964 1519 2413 1590 Paul'us‘dieebat
2461 1550 2475 1589 :
2511 1548 2831 1603 quamquam
2874 1533 3017 1587 enim
3062 1530 3261 1587 dictum
3308 1532 3437 1587 illud
3480 1532 3550 1588 de

1966 1623 2306 1696 dogmatibus
2350 1624 2609 1693 prolatum
2640 1633 2746 1691 est,
2784 1631 3085 1692 opportune
3121 1632 3298 1678 tamen
3334 1624 3402 1678 de
3428 1638 3549 1677 mo-

1964 1716 2114 1771 ribus
2139 1714 2281 1770 etde
2306 1715 2461 1770 donis
2482 1715 2691 1770 dicatur
2719 1733 2733 1769 :
2757 1713 3006 1769 Animalis
3035 1712 3185 1768 homo
3209 1730 3311 1768 non
3339 1714 3552 1784 perctpit

1962 1824 2024 1863 ea
2044 1823 2156 1876 quae
2182 1817 2295 1861 sunt
2317 1805 2540 1878 Spiritus
2562 1805 2660 1862 Dei
2680 1808 2755 1880 (i.
2787 1806 2906 1862 Cor.
2937 1806 2993 1860 2.
3023 1804 3135 1876 14).

2036 1900 2089 1955 5.
2121 1898 2289 1954 David
2332 1898 2586 1956 Christum
2628 1900 2861 1954 ardenter
2900 1899 3121 1953 amabat.
3148 1928 3221 1939 —
3252 1898 3321 1954 Ut
3367 1900 3545 1969 itaque

1964 1990 2228 2058 dicebam,
2274 1990 2686 2045 sollicitudinem
2728 1990 3101 2061 requiramus,
3150 2004 3257 2044 non
3307 1989 3547 2044 locorum

1966 2093 2193 2149 tantum,
2224 2082 2321 2139 sed
2357 2085 2517 2138 etiam
2548 2083 2804 2154 propositi
2838 2099 2851 2135 :
2883 2090 3041 2152 atque
3070 2089 3195 2136 ante
3219 2082 3398 2135 omnia
3428 2082 3550 2135 ani.-

1966 2189 2107 2227 mam
2134 2172 2390 2228 ducamus
2418 2174 2468 2228 in
2502 2173 2672 2244 ipsam
2705 2189 2810 2227 non
2839 2171 3130 2227 habitatam
3162 2180 3383 2227 terram.
3414 2174 3550 2229 Cum

1966 2265 2056 2321 tali
2081 2281 2309 2336 namque
2338 2265 2500 2319 animi
2530 2264 2723 2320 affectu
2750 2264 2937 2320 beatus
2964 2264 3151 2329 David,
3181 2264 3367 2319 urbem
3402 2264 3550 2319 ineo-

1966 2355 2082 2411 lens
2105 2366 2160 2410 et
2186 2372 2407 2427 regnum
2436 2355 2813 2410 administrans
2843 2354 3169 2425 inﬁnitisque
3194 2356 3553 2411 circumdatus

1966 2449 2130 2516 curis,
2156 2449 2428 2504 ardentius
2448 2466 2605 2519 quam
2630 2450 2684 2515 ii,
2715 2449 2804 2520 qui
2830 2448 3170 2505 solitudinem
3198 2458 3550 2519 occuparunt,

1968 2542 2135 2594 amori
2168 2540 2365 2595 Christi
2406 2541 2732 2597 adhmrehat.
2779 2541 3069 2615 Lacrymas
3097 2544 3241 2599 enim
3271 2542 3424 2609 illas,
3452 2558 3552 2614 ge-

1968 2632 2167 2696 mitus,
2226 2642 2277 2687 et
2330 2631 2486 2687 ﬂetus
2538 2634 2625 2689 die
2675 2642 2939 2704 nocteque
2989 2635 3207 2704 ell‘usos,
3256 2637 3345 2690 vix
3384 2650 3550 2691 unum

1969 2723 2169 2778 duosve
2196 2739 2405 2790 eorum,
2438 2724 2528 2793 qui
2548 2740 2698 2780 nunc
2722 2725 2963 2780 cruciﬁxi
2990 2735 3150 2793 sunt,
3180 2724 3439 2781 exhibere
3465 2726 3553 2781 vi-

1968 2816 2209 2879 deamus,
2240 2817 2283 2870 si
2326 2826 2502 2871 tamen
2534 2818 2795 2887 quispiam
2838 2819 3153 2888 reperiatur.
3187 2818 3369 2889 Neque
3408 2822 3550 2876 enim

1969 2908 2128 2963 ﬂetus
2156 2918 2356 2963 tantum
2389 2910 2764 2965 considerandi
2792 2921 2936 2975 sunt,
2970 2912 3063 2966 sed
3095 2912 3211 2983 quis
3242 2913 3363 2969 illos
3391 2914 3553 2983 emit-

1970 3008 2105 3055 teret
2129 2998 2413 3069 diligenter
2453 3002 2858 3069 perspiciamus.
2891 3002 3006 3057 Non
3042 3004 3180 3058 idem
3212 3014 3294 3059 est
3323 3005 3374 3059 in
3407 3015 3553 3065 tanta

1971 3088 2225 3160 dignitate
2251 3090 2503 3159 positum,
2528 3092 2595 3146 ab
2620 3092 2867 3147 omnibus
2895 3092 3082 3148 honori
3114 3094 3372 3163 habitum,
3396 3113 3555 3167 quem

1970 3197 2130 3237 nemo
2173 3183 2448 3251 increpare
2493 3192 2693 3252 posset,
2744 3183 3033 3248 humiliari,
3083 3187 3355 3241 incurvari
3394 3202 3559 3258 seque

1971 3276 2145 3348 ipsum
2176 3290 2470 3339 macerare,
2500 3284 2658 3345 atque
2696 3275 2799 3330 hoc
2841 3276 3015 3344 ipsum
3058 3276 3234 3333 facere
3274 3278 3442 3343 illum,
3470 3278 3556 3335 cui

1972 3371 2103 3426 nihil
2145 3371 2333 3423 horum
2376 3376 2663 3437 competat.
2706 3368 2981 3437 Siquidem
3030 3369 3191 3423 multa
3235 3386 3329 3429 rex
3374 3369 3556 3437 habet,

1973 3482 2090 3539 qua?
2123 3466 2294 3538 ipsum
2333 3464 2398 3521 ad
2443 3478 2560 3523 sesc
2597 3461 2976 3527 cﬁuudendum
3017 3468 3302 3534 adducant,
3333 3483 3559 3538 qumque

1974 3561 2269 3630 impediant
2299 3563 2582 3630 quominus
2625 3561 2855 3614 animam
2895 3560 3109 3629 colligat
3139 3575 3310 3613 suam.
3348 3558 3561 3612 Diurnis

1978 3668 2206 3721 namque
2234 3652 2440 3706 deliciis
2472 3660 2523 3706 et
2553 3653 2811 3706 conviviis
2835 3652 3173 3717 dissolvitur,
3197 3666 3259 3705 ac
3288 3652 3465 3704 mollis
3491 3649 3560 3704 ef-

1978 3742 2173 3805 ﬁcitur.
2210 3743 2424 3797 inﬂatur
2452 3743 2687 3813 potentia
2719 3758 2814 3797 sua
2847 3752 2903 3798 et
2932 3744 2982 3797 in
3012 3746 3373 3812 arrogantiam
3402 3742 3561 3799 effer-

1980 3841 2064 3887 tur
2094 3851 2109 3886 :
2142 3834 2287 3887 illum
2312 3834 2497 3904 gloriae
2525 3849 2675 3888 amor
2705 3836 2829 3895 urit,
2878 3849 2978 3889 nec
3026 3835 3204 3887 minus
3249 3848 3558 3904 corporum,

1978 3926 2213 3995 potentia
2260 3927 2491 3996 genitus,
2521 3935 2574 3981 et
2602 3926 2831 3979 nutritus
2868 3925 3095 3980 deliciis.
3128 3925 3211 3979 Ad
3244 3924 3358 3980 hmo
3404 3935 3559 3980 cura-

1978 4033 2094 4072 rum
2128 4018 2367 4072 turbines
2407 4018 2578 4087 ipsum
2611 4017 2842 4087 undique
2881 4017 3195 4072 invadentes
3232 4033 3336 4070 non
3367 4018 3563 4082 minus,

1980 4125 2138 4179 quam
2184 4110 2259 4164 illi
2302 4110 2391 4164 alii
2434 4109 2677 4173 aiiectus,
2724 4110 2890 4179 ipsius
2931 4096 3166 4164 animum
3210 4110 3563 4179 perturbant:

1980 4217 2145 4271 quare
2173 4217 2239 4256 ne
2269 4203 2547 4256 minimum
2575 4200 2788 4269 quidem
2818 4202 3157 4272 compunctio
3188 4202 3386 4256 aditum
3414 4202 3566 4256 inve-

1981 4294 2098 4349 nire
2126 4294 2322 4363 poterit
2351 4302 2425 4347 tot
2456 4292 2839 4348 munitionibus
2870 4291 3082 4361 repulsa
3109 4309 3122 4346 :
3156 4307 3299 4361 :rgre
3338 4307 3568 4361 namque

1981 4386 2062 4440 vel
2106 4387 2158 4440 in
2200 4386 2375 4439 anima
2412 4385 2494 4440 his
2532 4384 2774 4439 obicibus
2818 4383 2983 4438 libera
3028 4383 3131 4437 hoc
3165 4383 3362 4437 bonum
3407 4382 3569 4437 inseri

1982 4487 2180 4548 potest.
2232 4478 2475 4531 Privatus
2522 4484 2701 4530 autem
2746 4474 2907 4528 homo
2958 4472 3259 4542 hujusmodi
3310 4474 3570 4526 tumultus

1985 4582 2177 4638 expers
2217 4568 2435 4621 omnino
2484 4574 2588 4630 est,
2639 4566 2743 4621 nisi
2795 4564 2863 4619 sit
2912 4563 3198 4618 admodum
3251 4576 3565 4632 pervorsus;

1985 4660 2331 4733 quamobrem
2360 4674 2479 4713 cum
2507 4658 2699 4713 minori
2728 4655 3041 4711 difﬁcultate
3069 4656 3264 4725 poterit
3290 4657 3425 4709 hanc
3456 4669 3568 4709 rem

1986 4756 2161 4820 adire,
2198 4769 2357 4823 quant
2391 4753 2435 4806 is
2465 4753 2555 4821 qui
2588 4752 2639 4805 in
2685 4752 2942 4821 potentia,
2974 4750 3200 4817 imperio
3224 4758 3276 4803 et
3303 4748 3451 4802 cultu
3481 4747 3571 4801 tali

1983 4847 2150 4917 degit.
2183 4847 2262 4900 Ac
2288 4841 2735 4915 quemadmodum
2765 4840 3005 4907 difﬁcile,
3037 4840 3146 4893 imo
3168 4838 3347 4909 potius
3373 4838 3570 4908 impos-

1986 4941 2141 4995 sibile
2170 4948 2251 4994 est
2280 4938 2456 5008 ignem
2480 4950 2603 4991 cum
2631 4949 2766 5004 aqua
2803 4932 3052 4997 miscere,
3086 4932 3157 4985 ita
3189 4946 3293 4985 non
3324 4940 3450 4999 puto
3482 4929 3573 4985 de-

1986 5033 2136 5087 licias
2162 5038 2217 5084 et
2241 5027 2708 5099 compunctionem
2736 5025 2895 5079 simul
2922 5038 3042 5078 esxe
3072 5037 3230 5092 posse
3261 5039 3274 5076 :
3306 5034 3427 5076 nam
3458 5022 3574 5077 [nec

1990 5123 2255 5181 contraria
2297 5130 2443 5188 sunt,
2486 5129 2541 5174 et
2588 5132 2747 5173 unum
2794 5118 2862 5171 ab
2908 5115 3076 5173 altero
3118 5114 3434 5169 destruitur.
3479 5114 3573 5168 Illa

1987 5218 2129 5271 enim
2176 5225 2347 5269 mater
2396 5223 2479 5267 est
2519 5211 2872 5281 laerymarum
2927 5216 2981 5261 et
3026 5206 3418 5275 temperantiae,
3459 5204 3576 5260 haec

1987 5310 2127 5363 risus
2154 5318 2209 5362 et
2246 5305 2509 5362 insaniae:
2543 5304 2628 5358 illa
2652 5303 2823 5357 levem
2854 5311 2907 5355 et
2932 5300 3031 5354 alis
3062 5300 3375 5354 instructam
3412 5296 3579 5354 efﬁcit

1987 5402 2243 5466 animam,
2272 5399 2356 5454 ha:
2382 5412 2509 5453 vero
2545 5395 2767 5467 plumbo
2797 5393 3096 5463 graviorem
3124 5391 3475 5446 constituunt.
3508 5390 3578 5443 At

1988 5492 2227 5548 nondum
2255 5490 2305 5545 id
2333 5488 2474 5560 quod
2500 5487 2674 5556 majus
2699 5493 2786 5540 est
2813 5483 2941 5549 dixi,
2975 5481 3227 5537 Davidem
3252 5480 3456 5538 scilicet
3478 5479 3575 5534 illo

1990 5594 2232 5654 tempore
2260 5581 2478 5645 vixissm
2509 5594 2615 5650 quo
2642 5592 2749 5632 non
2774 5584 2917 5631 tanta
2946 5572 3317 5644 postulabatur
3341 5572 3462 5626 vita:
3488 5570 3575 5625 di-

1990 5674 2244 5746 ligentia;
2277 5688 2376 5728 nos
2409 5680 2585 5726 autem
2616 5684 2757 5725 nunc
2798 5668 2851 5722 in
2879 5675 3153 5723 certamen
3178 5663 3579 5727 descendimus,

1995 5785 2116 5827 eum
2156 5784 2265 5824 non
2311 5766 2414 5822 alia
2456 5762 2617 5820 modo
2644 5761 2859 5829 delicta,
2901 5758 2995 5815 sed
3039 5759 3153 5829 ipse
3195 5757 3336 5814 risus
3373 5755 3581 5824 magiis
