4266 6314
724 386 727 389 ,
756 341 857 397 ωε

752 450 1022 506 obnoxius
1068 457 1151 503 est
1191 446 1391 516 paruis,
1436 445 1529 499 sed
1572 445 1746 499 luctus
1778 449 1833 497 et
1866 438 2081 495 afﬂictio
2124 436 2321 506 ubique

752 539 1017 595 laudatur.
1056 537 1307 592 Attamen
1358 536 1543 589 beatus
1587 533 1677 587 ille
1721 532 1803 585 his
1849 527 2097 584 omnibus
2141 527 2323 581 fractis

752 627 1013 689 obicibus,
1043 626 1121 680 sic
1144 625 1288 679 illam
1316 623 1523 678 fortiter
1550 620 1802 691 suscepit,
1830 619 1982 690 quasi
2010 610 2143 672 unus
2174 625 2323 671 esset

750 733 814 771 ex
838 699 1209 779 multitudine,
1244 727 1306 767 ac
1333 727 1400 767 ne
1439 727 1534 781 per
1560 710 1824 767 somnium
1856 708 2067 779 quidem
2099 720 2321 775 regnum

752 807 1017 877 regiatnve
1073 803 1517 873 magniﬁcentiam
1571 802 1789 856 vidisset
1841 807 2217 869 stantemque
2267 796 2320 849 in

751 912 979 967 purpura
997 936 1013 962 ,
1043 896 1094 949 in
1123 893 1422 948 diademate
1450 902 1503 946 et
1540 892 1590 945 in
1620 891 1767 960 regio
1788 889 1925 944 solio
1945 887 2321 957 compunctio-

754 1002 873 1041 nem
905 985 1171 1049 exhibuit,
1200 992 1451 1053 quantam
1480 982 1524 1034 is
1553 983 1642 1050 qui
1671 981 1723 1033 in
1749 992 1925 1045 sacco,
1958 977 2012 1031 in
2039 976 2239 1043 cinere,
2269 984 2325 1030 et

754 1077 803 1128 in
836 1072 1121 1129 solitudine
1160 1071 1329 1127 sedet.
1371 1072 1435 1124 At
1459 1070 1607 1127 enim
1628 1069 1716 1138 iis,
1746 1066 1939 1137 quibus
1980 1065 2084 1120 hoc
2124 1064 2321 1118 bonum

754 1182 880 1222 vere
919 1164 1308 1236 supervenerit,
1343 1161 1755 1217 tantumrobur
1790 1158 2035 1224 exhibet,
2066 1164 2320 1226 quantum

750 1258 886 1327 ignis
932 1258 984 1310 in
1027 1256 1218 1324 spinis.
1272 1254 1384 1309 lluc
1425 1252 1667 1322 quamvis
1715 1248 1985 1305 hominem
2022 1246 2323 1323 innumeris

752 1344 1092 1415 praefocatum
1134 1345 1289 1399 malis
1318 1343 1566 1413 reperiat,
1593 1342 1835 1412 quamvis
1866 1339 2049 1398 multis
2077 1345 2321 1409 peccato-

755 1455 872 1493 rum
930 1438 1177 1493 funiculis
1228 1436 1608 1499 constrictum,
1663 1432 1906 1503 quamvis
1953 1430 2320 1486 vehementem

750 1529 985 1584 nﬂ'endat
1011 1526 1561 1596 concupiscentiarum
1588 1512 1877 1590 flammam,
1904 1524 2146 1593 quamvis
2178 1522 2323 1575 mulo

753 1634 861 1675 tum
885 1621 1313 1676 circumstantem
1335 1618 1666 1674 szccularium
1686 1631 1863 1671 rerum
1888 1615 2189 1678 tumultum,
2212 1614 2325 1668 lucc

751 1709 930 1763 omnia
957 1709 1132 1764 subito
1161 1722 1257 1763 ceu
1282 1706 1512 1777 quodam
1546 1705 1757 1775 ﬂagello
1784 1704 2020 1776 depellit,
2060 1712 2115 1758 et
2138 1702 2323 1773 procul

752 1801 915 1869 abigit
942 1800 1009 1853 ab
1035 1800 1231 1857 anima.
1259 1798 1337 1857 Ac
1365 1795 1807 1866 quemadmodum
1829 1805 2014 1849 contra
2043 1794 2148 1849 vim
2179 1777 2329 1848 venti

752 1889 1080 1944 vehementis
1108 1902 1391 1957 numquam
1416 1887 1588 1941 tenuis
1613 1880 1784 1956 pulvis
1804 1884 2031 1951 steterit,
2058 1886 2127 1939 ita
2151 1899 2324 1953 neque

752 1978 1299 2048 concupiscentiarum
1322 1976 1605 2032 multitudo
1629 1976 2052 2044 compunctionis
2074 1975 2324 2043 ingruen—

753 2080 859 2123 tem
886 2072 989 2122 vim
1016 2069 1279 2124 sustinere
1307 2068 1522 2137 poterit,
1551 2067 1645 2123 sed
1672 2068 1759 2121 illa
1789 2066 2099 2132 destruitur,
2128 2065 2324 2136 pulve-

755 2175 919 2229 rcque
954 2174 1017 2214 ac
1059 2158 1207 2213 fumo
1246 2157 1403 2213 citius
1445 2158 1752 2227 dissipatur.
1784 2157 1914 2213 Nam
1957 2158 2001 2212 si
2040 2172 2323 2227 corporum

753 2266 905 2305 amor
947 2252 1180 2303 animam
1224 2250 1294 2303 ita
1339 2251 1601 2317 captivam
1644 2248 1828 2311 efﬁcit,
1875 2258 1932 2304 ut
1970 2249 2038 2304 ab
2078 2249 2324 2305 omnibus

753 2341 894 2393 illam
924 2339 1171 2404 abducat,
1192 2339 1385 2408 unique
1413 2339 1597 2393 amica:
1617 2338 1879 2409 tyrannidi
1908 2338 2174 2407 subjiciat,
2199 2337 2325 2407 quid

754 2444 859 2482 non
891 2428 1089 2483 efﬁciat
1112 2443 1261 2483 amor
1292 2428 1511 2493 Christi,
1541 2437 1819 2499 metusque
1844 2444 1910 2483 ne
1940 2429 2030 2483 ille
2055 2430 2268 2483 secedat
2294 2444 2323 2482 a

754 2520 907 2576 uobis
927 2518 950 2571 ἱ)
970 2518 1125 2586 Quod
1153 2528 1440 2587 utrumque
1474 2519 1545 2573 ita
1578 2518 1856 2588 propheta:
1886 2520 2121 2573 animum
2154 2521 2323 2589 agita-

756 2610 862 2674 bat,
906 2618 964 2662 ut
1000 2608 1285 2679 aliquando
1323 2590 1527 2663 diceret
1554 2627 1567 2660 :
1602 2608 2036 2675 Quemadmodum
2074 2609 2326 2662 desiderat

756 2717 925 2756 ceruus
950 2700 1017 2753 ad
1054 2702 1215 2770 fontes
1240 2715 1511 2769 aquarum,
1537 2701 1608 2753 ita
1635 2699 1888 2752 desiderat
1917 2700 2088 2752 anima
2127 2716 2234 2752 mea
2258 2700 2326 2752 ad

757 2805 822 2859 te,
868 2793 1003 2848 Deus
1029 2793 1197 2863 (Psal.
1223 2794 1312 2848 41.
1358 2794 1449 2864 Ι);
1493 2808 1557 2847 ac
1598 2808 1802 2858 rursus,
1834 2794 2017 2846 Anima
2052 2809 2163 2846 mea
2197 2794 2326 2846 sicut

756 2894 886 2937 terra
910 2884 1017 2937 sine
1054 2900 1185 2954 aqua
1211 2884 1335 2948 tibi;
1363 2892 1437 2947 et,
1482 2884 1709 2937 Adluesit
1745 2866 1916 2935 anima
1942 2899 2052 2936 mea
2089 2892 2199 2952 post
2241 2893 2325 2947 te;

754 2976 1037 3045 aliquando
1060 2986 1258 3040 autem,
1289 2975 1523 3042 Domine,
1551 2990 1613 3029 ne
1642 2976 1693 3028 in
1716 2979 1887 3047 furore
1912 2985 1997 3030 tuo
2018 2992 2203 3047 arguas
2224 2991 2322 3038 me,

754 3082 911 3135 neque
950 3067 1003 3119 in
1030 3068 1108 3120 ira
1147 3076 1234 3124 tua
1268 3067 1512 3136 surripias
1538 3082 1617 3120 me
1646 3065 1813 3136 (Psat.
1848 3066 1970 3120 142.
1998 3066 2050 3120 6.
2082 3075 2127 3118 et
2151 3065 2240 3121 62.
2267 3065 2321 3120 9.

756 3169 802 3216 et
824 3159 876 3213 6.
905 3158 982 3229 2).

826 3270 879 3322 4.
923 3267 1193 3337 Inscriptio
1221 3270 1417 3339 psalmi,
1450 3270 1551 3324 Pro
1579 3279 1785 3335 octava,
1816 3270 1934 3340 quid
1957 3270 2225 3339 signiﬁcat.
2255 3298 2327 3310 ~—

756 3360 866 3413 Nec
885 3359 1011 3412 mihi
1041 3360 1299 3429 quispiam
1332 3360 1655 3429 dicatipsum
1677 3403 1691 3425 ,
1718 3370 1773 3414 ut
1800 3371 2073 3431 peccatum
2119 3361 2325 3429 lugeret

753 3464 941 3515 suum,
966 3449 1103 3503 hunc
1128 3449 1402 3518 scripsisse
1424 3451 1701 3519 psalmum:
1721 3468 1890 3521 neque
1910 3452 2051 3507 enim
2077 3453 2203 3506 illud
2232 3466 2324 3506 ve-

753 3553 868 3590 rum
888 3547 986 3601 est,
1021 3553 1189 3607 neque
1207 3539 1257 3592 id
1286 3540 1539 3608 suspicari
1571 3542 1978 3609 permittuntea,
2010 3556 2127 3610 quae
2157 3542 2207 3595 in
2236 3542 2319 3597 in-

751 3629 1035 3696 scriptione
1056 3638 1337 3697 ponuntur.
1354 3630 1463 3683 Nisi
1491 3630 1631 3685 enim
1649 3641 1827 3700 posset
1855 3644 2219 3701 argumentum
2243 3633 2323 3686 in-

752 3719 1006 3787 scriptum
1023 3720 1249 3784 ostendi,
1274 3720 1412 3774 hunc
1430 3722 1687 3790 psalmum
1708 3723 1891 3800 liceret
1918 3725 1990 3777 illi
2017 3724 2093 3777 rei
2119 3725 2319 3779 adscri-

753 3807 877 3863 bere
906 3810 1019 3862 :sin
1041 3825 1167 3863 vero
1196 3810 1243 3863 is
1259 3810 1346 3878 qui
1378 3825 1473 3878 pro
1500 3820 1719 3880 peccato
1745 3811 1918 3868 dictus
1944 3823 2046 3880 est,
2077 3816 2321 3871 omnibus

751 3908 833 3952 est
860 3899 1188 3962 manifestus,
1210 3900 1292 3954 hic
1312 3909 1485 3954 autem
1506 3902 1662 3955 aliam
1689 3901 1849 3957 habet
1866 3904 2179 3973 hypolhesin
2201 3924 2213 3958 :
2232 3923 2316 3971 ne,

749 4003 947 4056 quasso,
967 4003 1033 4042 ne
1053 3989 1225 4043 divina
1243 3988 1649 4058 confundamus,
1666 4007 1799 4047 neve
1811 3993 2177 4063 dogmatibusa
2201 3997 2322 4065 Spi-

747 4079 846 4130 ritu
867 4078 1084 4147 prolatis
1098 4081 1567 4134 accommodatiora
1589 4095 1707 4135 esse
1724 4091 1901 4136 nostra
1919 4084 2189 4139 ratiocinia
2206 4101 2323 4154 pro-

749 4171 1066 4223 nuntiemus.
1094 4171 1343 4235 Qumnam
1372 4171 1530 4241 igitur
1553 4182 1636 4227 est
1660 4174 1971 4244 inscriptio?
1993 4175 2098 4229 Pro
2144 4189 2319 4231 octava

747 4260 914 4323 (Psal.
939 4263 993 4316 6.
1016 4261 1087 4332 1).
1106 4263 1358 4327 Quarnam
1375 4280 1501 4317 vero
1523 4274 1603 4317 est
1620 4275 1824 4330 octava,
1844 4268 1942 4319 nisi
1964 4268 2076 4323 dies
2101 4270 2185 4322 illa
2216 4271 2320 4324 Do-

745 4352 872 4405 mini
892 4367 1076 4421 magna
1094 4363 1147 4407 et
1177 4356 1479 4423 conSpicua,
1512 4364 1570 4409 ut
1595 4357 1834 4411 clibanus
1850 4359 2195 4429 ardens,qna:
2226 4378 2317 4415 su-

744 4456 935 4509 pernas
955 4443 1182 4497 Virtutes
1209 4454 1433 4498 tremere
1455 4447 1575 4499 facit
1595 4446 1860 4516 (Virtutes,
1877 4448 2062 4517 inquit,
2081 4450 2317 4505 (a’lorttm

745 4537 1066 4587 movebuntur
1114 4533 1323 4605 [Matt/t.
1360 4538 1449 4590 ‘24.
1496 4537 1649 4609 29]),
1700 4554 1817 4606 qttre
1872 4542 2045 4609 ignem
2101 4543 2315 4598 exhibet

742 4626 867 4693 llr-gi
908 4634 1031 4678 tunc
1063 4626 1133 4679 illi
1156 4631 1604 4694 prmeurrentem?
1630 4628 1877 4683 Octavam
1909 4642 2081 4686 autem
2111 4637 2316 4688 vocavit

743 4715 914 4779 illam,
945 4724 1110 4769 status
1140 4718 1481 4770 mutationem
1517 4718 1833 4789 declarans,
1869 4737 2072 4775 necnon
2121 4723 2312 4777 futura:

716 4807 861 4858 'vitm
887 4808 1301 4860 renovationem.
1327 4808 1565 4861 Praesens
1591 4823 1818 4878 namque
1850 4811 1951 4864 vita
2002 4812 2128 4865 nihil
2170 4814 2311 4868 aliud

743 4906 823 4950 est
845 4938 859 4961 ,
890 4912 1045 4965 quam
1092 4897 1382 4952 hebdomas
1425 4914 1525 4951 una
1546 4941 1561 4964 ,
1590 4916 1707 4969 qua:
1738 4901 1841 4954 vita
1874 4902 2055 4970 incipit
2084 4918 2112 4955 a
2146 4905 2311 4972 prima

740 4986 860 5051 die,
889 4987 1079 5040 desinit
1125 4988 1176 5041 in
1225 4990 1540 5056 septimam:
1573 5004 1635 5042 ac
1675 5007 1881 5045 rursum
1933 4992 2117 5047 iisdem
2146 4996 2310 5048 inter-

739 5078 892 5132 vallis
941 5078 1220 5145 circumit,
1250 5090 1305 5135 et
1328 5081 1394 5135 ad
1421 5082 1560 5135 idem
1609 5082 1921 5153 principium
1963 5088 2223 5154 recurrit,
2256 5098 2311 5142 et

737 5170 787 5221 in
838 5170 995 5223 ﬁnem
1037 5171 1329 5225 descendit.
1353 5176 1529 5237 Quare
1557 5184 1795 5229 octavam
1817 5177 1960 5230 diem
1983 5194 2139 5233 nemo
2163 5179 2311 5233 dixe-

735 5265 803 5318 rit
830 5280 949 5319 esse
977 5267 1321 5331 Dominicam,
1350 5267 1445 5322 sed
1493 5270 1735 5338 primam.
1768 5271 1947 5341 Neque
1988 5272 2126 5326 enim
2177 5274 2307 5328 heb-

738 5354 980 5408 domadis
1023 5356 1249 5411 circulus
1283 5358 1334 5411 in
1379 5368 1622 5412 octavum
1662 5377 1940 5415 numerum
1983 5363 2305 5419 extenditur.

734 5444 871 5498 Cum
900 5454 1073 5499 autem
1102 5447 1215 5503 haec
1243 5451 1421 5503 omnia
1451 5450 1775 5507 cessaverint
1810 5464 1862 5506 et
1891 5455 2145 5508 dissoluta
2188 5454 2307 5511 fue-

737 5539 861 5604 rint,
911 5548 1037 5594 tunc
1077 5540 1328 5609 ogdoadis
1381 5558 1567 5597 cursus
1616 5546 1666 5598 in
1711 5547 1942 5601 medium
1992 5548 2303 5603 adducitur:

736 5644 906 5699 neque
943 5632 1083 5685 enim
1140 5648 1347 5687 rursum
1416 5635 1482 5689 ad
1537 5638 1851 5705 principium
1908 5642 2169 5707 recurrit,
2215 5642 2308 5695 sed

736 5722 1081 5789 sequentibus
1105 5723 1398 5781 intervallis
1421 5725 1605 5783 haeret.
1636 5728 1895 5799 Pr0phcta
1920 5730 2076 5803 igitur
2090 5732 2307 5790 vicem-

1485 331 1541 389 S.
1580 328 1859 388 JOANNIS
1898 320 2363 383 CIIRYSOSTOMI
2402 319 2718 379 ARCHIEP.
2757 318 3293 377 CONSTAN'I‘INOP.

3905 312 4011 368 M6

2431 436 2731 506 punctionis
2757 437 3064 506 inscriptam
3089 450 3300 504 semper
3337 432 3520 503 judicii
3565 434 3877 488 memoriam
3910 432 4009 486 ha-

2430 525 2545 579 buit
2564 566 2580 588 ,
2604 524 2851 595 diemque
2877 527 3022 580 illam
3048 527 3099 579 in
3129 534 3276 579 tanto
3302 524 3450 578 cultu
3477 565 3493 591 ,
3523 525 3574 577 in
3605 525 3765 577 tantis
3802 522 4008 577 divitiis

2428 613 2640 668 assidue
2666 615 2845 669 animo
2870 614 3115 669 versabat
3135 655 3151 682 ,
3182 628 3339 685 quam
3367 628 3465 669 nos
3512 613 3594 669 vel
3648 614 3700 667 in
3753 612 4014 667 aerumnis

2428 704 2701 759 constituti
2745 706 2831 759 vix
2863 706 2914 759 in
2962 705 3274 761 memoriam
3320 719 3632 761 revocamus
3668 722 3682 759 :
3712 720 3776 761 ac
3810 705 4011 774 judicia

2426 793 2543 863 ejus
2580 792 2886 865 frequenter
2934 795 3213 849 revolvens
3258 794 3399 849 hunc
3452 795 3668 865 scripsit
3711 795 4004 864 psalmum.

2395 883 2628 955 'Ecquid
2654 884 2822 939 dicit?
2851 884 3095 950 Domine,
3123 901 3184 939 ne
3222 885 3275 939 in
3319 885 3493 954 furore
3534 896 3620 939 tuo
3663 901 3848 956 arguas
3893 901 4008 950 me,

2427 990 2587 1046 neque
2631 976 2684 1029 in
2737 976 2816 1029 ira
2868 985 2955 1029 tua
3003 976 3249 1047 corripias
3302 992 3415 1042 me,
3474 976 3708 1033 furorem
3760 988 3816 1033 et
3868 979 4006 1033 iram

2427 1065 2698 1134 appellans
2718 1065 2959 1135 supplicii
2992 1065 3417 1146 vehementiam:
3444 1078 3663 1122 noverat
3702 1070 3843 1123 enim
3896 1085 4002 1124 nu-

2427 1171 2550 1209 men
2579 1170 2800 1224 prorsus
2819 1172 2939 1213 esse
2961 1157 3182 1213 allectus
3205 1173 3440 1228 expers;
3471 1175 3792 1233 quamquam
3829 1170 4011 1217 tamen

2428 1247 2527 1302 sibi
2553 1246 2799 1303 conscius
2830 1258 2946 1303 erat
2966 1265 2990 1316 ,‘
3008 1264 3115 1304 non
3142 1262 3355 1320 poenam
3382 1259 3437 1305 et
3461 1251 3775 1322 supplicium
3823 1252 4014 1308 deberi

2426 1338 2565 1404 sibi,
2596 1339 2693 1394 sed
2721 1338 2980 1395 honorem
3006 1350 3061 1396 et
3104 1356 3350 1397 coronas.
3375 1342 3647 1413 Siquidem
3696 1344 3828 1399 ﬁdes
3849 1386 3863 1410 ,
3916 1361 4015 1416 per

2425 1447 2586 1501 quam
2619 1432 3034 1504 alienigenarum
3056 1435 3244 1488 turrim
3286 1433 3581 1507 destruxit,
3611 1444 3665 1491 et
3708 1438 4013 1491 universam

2426 1522 2729 1579 Judzeorum
2756 1534 2970 1595 gentem
3000 1541 3064 1581 ex
3086 1527 3214 1596 ipsis
3238 1511 3615 1595 portis'mortis
3652 1530 3881 1599 eripuit,
3910 1528 4013 1584 be-

2427 1615 2674 1672 neﬁcium
2703 1618 2918 1673 inimico
2947 1634 3045 1673 suo
3074 1619 3259 1682 semel,
3291 1620 3374 1674 bis
3393 1629 3447 1675 et
3476 1621 3670 1690 pluries
3688 1622 4011 1691 przestitum,

2426 1721 2490 1762 ac
2511 1722 2619 1776 pra:
2644 1708 2893 1764 omnibus
2910 1709 3087 1764 divina
3116 1709 3183 1765 de
3207 1711 3323 1779 ipso
3360 1710 3561 1780 prolata
3613 1714 3873 1767 sententia
3890 1754 3904 1778 ,
3932 1723 4018 1768 to—

2429 1803 2535 1850 tam
2564 1797 2664 1851 viri
2685 1799 2933 1854 virtutem
2963 1801 3104 1875 satis,
3130 1800 3469 1869 declarabat,
3501 1803 3765 1874 etiamque
3806 1805 3977 1873 magis
3998 1846 4013 1867 .

2426 1903 2585 1957 quam
2612 1890 2723 1960 ipsa
2756 1891 3007 1959 przeclare
3029 1901 3198 1961 gesta.
3220 1891 3395 1962 Opera
3425 1893 3621 1964 quippe
3672 1896 4018 1964 quantumvis

2428 1995 2618 2049 magna
2649 1990 2705 2035 et
2723 1981 3033 2037 admiranda
3061 1983 3114 2037 in
3138 1984 3262 2038 mali
3291 1986 3647 2054 suSpicionem
3677 1987 3857 2041 vorari
3887 2002 4014 2056 pos-

2427 2080 2584 2137 sunt,
2609 2071 2709 2126 etsi
2736 2082 2792 2125 ut
2815 2073 3100 2142 plurimum
3123 2076 3267 2128 omni
3310 2076 3613 2144 suspicione
3632 2077 3797 2132 libera
3830 2086 4019 2131 essent

2425 2159 2555 2228 justi
2580 2161 2719 2216 illius
2748 2178 2947 2232 opera:
2979 2179 3097 2219 cum
3141 2175 3318 2220 autem
3345 2166 3488 2221 Deus
3531 2168 3646 2236 ipse
3696 2168 3844 2221 testis
3892 2177 4019 2235 est,

2429 2262 2557 2307 tunc
2601 2254 2775 2309 nullus
2823 2266 2905 2310 est
2933 2256 3220 2327 suspicioni
3263 2258 3411 2313 locus
3443 2276 3457 2313 :
3485 2260 3583 2314 nisi
3623 2260 3764 2314 enim
3795 2275 4020 2315 accura-

2424 2330 2705 2403 ‘tissimam
2743 2347 2962 2406 virtutis
3000 2352 3380 2423 probationem
3456 2349 3819 2415 exhibuisset,
3850 2367 4014 2404 mun-

2429 2448 2587 2502 quam
2638 2445 2780 2490 esset
2823 2438 3035 2491 carlcste
3074 2440 3398 2508 praeconium
3457 2453 3835 2510 consequutus.
3870 2442 4013 2509 Quid

2430 2525 2590 2593 igitur
2613 2526 2680 2580 de
2723 2527 2812 2581 illo
2848 2528 2976 2582 dicit
3003 2528 3179 2583 Deus?
3198 2528 3381 2583 Inveni
3423 2530 3589 2585 David
3632 2533 3792 2597 ﬁlium
3814 2532 3976 2586 Jesstv
3997 2573 4013 2596 ,

2428 2618 2593 2671 virum
2635 2619 2909 2672 secundant
2934 2636 3022 2673 cor
3064 2621 3319 2693 meum(l.
3342 2620 3471 2691 Reg.
3499 2623 3586 2676 i5.
3620 2624 3731 2692 14).
3764 2627 4015 2677 Attamen

2430 2718 2551 2777 post
2579 2710 2685 2763 tale
2704 2710 2957 2778 judicium
2978 2753 2992 2776 ,
3022 2721 3142 2781 post
3184 2721 3329 2765 tanta
3360 2713 3615 2782 praeclare
3643 2727 3789 2783 gesta
3810 2756 3824 2776 ,
3856 2715 4013 2768 dam-

2429 2808 2673 2854 natorum
2702 2813 2755 2855 et
2785 2803 2979 2856 nullam
3022 2818 3144 2872 erga
3192 2804 3357 2857 Deum
3405 2804 3651 2859 ﬁduciam
3702 2807 4014 2861 habentium

2428 2891 2591 2945 verba
2621 2890 2872 2959 protulit,
2899 2902 2957 2945 ut
2982 2894 3343 2962 evangelicum
3381 2894 3510 2949 illud
3557 2897 3835 2965 impleret:
3885 2897 4017 2951 Cum

2428 2982 2597 3035 omnia
2628 2981 2871 3049 feceritis,
2914 2984 3065 3037 dicite
3085 3024 3102 3051 ,
3134 2985 3281 3039 Servi
3308 2986 3511 3039 inutiles
3548 3004 3718 3041 sumus
3749 2987 4011 3059 (Luc.17.

2429 3072 2541 3143 10).
2588 3073 2724 3140 Quid
2766 3074 2993 3143 amplius
3043 3075 3178 3128 dixit
3225 3076 3539 3144 publicanus
3578 3077 3667 3131 ille
3718 3078 4014 3133 innumeris

2428 3164 2584 3217 malis
2635 3174 2879 3231 onustus,
2929 3168 3113 3234 quine
3154 3166 3208 3219 in
3252 3167 3439 3220 cmlum
3486 3166 3699 3235 quidem
3743 3169 4019 3237 respicere

2428 3255 2689 3322 audebat,
2747 3271 2919 3325 neque
2968 3256 3180 3326 longum
3227 3266 3407 3311 texere
3451 3272 3787 3323 sermonem,
3840 3275 4017 3327 neque

2428 3360 2592 3415 prope
2619 3345 2943 3400 Phariszcum
2979 3346 3155 3400 stare?
3181 3347 3272 3401 Ille
3296 3348 3554 3417 siquidem
3577 3349 3933 3418 exprobrabat
3959 3351 4013 3403 ei

2426 3440 2645 3501 dicens:
2675 3438 2795 3493 Non
2818 3456 2925 3492 sum
2956 3440 3082 3517 sicut
3110 3442 3277 3493 σαπενὶ
3316 3442 3578 3494 hominum
3604 3483 3618 3506 ,
3658 3452 3905 3510 raptores.
3934 3444 4014 3494 in-

2418 3531 2577 3599 justi,
2604 3530 2821 3583 adulleri
2844 3571 2856 3591 ,
2891 3541 2977 3581 aut
3014 3532 3140 3583 sicut
3169 3531 3250 3582 hic
3275 3532 3573 3600 publicanus
3601 3532 3752 3599 (Luc.
3781 3533 3973 3601 18.“)
3997 3551 4012 3586 :

2429 3622 2513 3674 hic
2540 3635 2665 3675 vero
2695 3635 2756 3673 ac
2781 3621 2823 3674 si
2856 3620 2985 3675 nihil
3024 3621 3213 3675 durum
3243 3623 3511 3685 audisset,
3538 3624 3735 3677 dictum
3766 3626 4009 3692 excepit,

2427 3728 2489 3765 ac
2518 3728 2623 3766 non
2658 3713 2815 3766 modo
2856 3714 3159 3783 indignatus
3194 3728 3297 3767 non
3345 3723 3461 3779 est,
3508 3715 3602 3769 sed
3652 3716 3809 3769 etiam
3861 3715 4010 3768 illum

2425 3804 2524 3858 sibi
2549 3805 2991 3859 Contumeliosum
3024 3816 3073 3859 ct
3097 3815 3432 3874 armgantem
3458 3847 3472 3872 ,
3500 3815 3649 3860 tanto
3688 3806 3865 3861 aﬁ'ecit
3913 3806 4013 3884 ho:

2426 3894 2589 3958 nore,
2622 3904 2679 3948 ut
2718 3911 2785 3949 ne
2820 3904 2958 3951 terra
3007 3896 3250 3965 quidem,
3298 3914 3455 3965 quam
3505 3898 3594 3951 ille
3645 3898 3918 3963 calcabat,
3947 3914 4011 3951 se

2425 3985 2641 4053 dignum
2675 3986 3039 4040 existimaret:
3064 4002 3125 4041 ac
3156 3986 3376 4040 verbum
3410 3986 3621 4055 quidem
3652 3989 3852 4040 nullum
3886 4003 4007 4058 pro-

2426 4075 2580 4141 tulit,
2601 4078 2699 4132 nisi
2724 4086 2781 4131 ut
2800 4078 3147 4131 conﬁteretur
3175 4086 3391 4147 peccata
3436 4092 3527 4131 sua
3554 4094 3570 4143 ;
3602 4086 3785 4146 pectus
3826 4089 4005 4132 autem

2424 4166 2733 4238 frequenter
2790 4171 3123 4238 percutiens,
3180 4171 3259 4224 sic
3306 4172 3524 4240 rogabat
3575 4172 3672 4227 sibi
3720 4171 4003 4240 propitium

2423 4275 2539 4315 esse
2564 4261 2749 4314 Deum.
2775 4260 2878 4315 Sed
2908 4262 3045 4331 quod
3074 4262 3187 4314 haec
3216 4272 3430 4331 ageret,
3462 4262 3593 4315 nihil
3624 4265 3847 4316 mirum:
3881 4279 4003 4317 nam

2421 4360 2759 4418 peccatorum
2780 4350 3063 4403 multitudo
3090 4350 3239 4403 illum
3262 4391 3277 4415 ,
3317 4352 3475 4405 vellet
3497 4352 3661 4405 nollet
3683 4395 3695 4417 ,
3728 4352 3873 4405 humi
3915 4369 4008 4405 re-

2422 4441 2631 4508 spicere
2655 4442 2876 4511 cogebat
2899 4460 2911 4494 :
2932 4441 3071 4510 quod
3089 4451 3266 4495 autem
3287 4443 3461 4510 justus
3482 4451 3534 4496 et
3559 4444 3823 4496 nullorum
3851 4444 4007 4497 simi-

2422 4532 2549 4585 lium
2594 4533 2691 4586 sibi
2718 4532 2993 4597 eonscius,
3023 4548 3142 4587 cum
3190 4532 3375 4586 eadem
3416 4546 3516 4600 qua
3566 4533 3872 4601 publicanus
3918 4530 4006 4587 sui

2420 4622 2808 4689 improbatione
2851 4623 3101 4687 accedat,
3143 4622 3270 4675 illud
3310 4637 3438 4675 sane
3492 4622 3735 4677 mirabile
3786 4632 3903 4689 est,
3950 4633 4004 4680 ct

2420 4717 2580 4769 animi
2609 4733 2731 4771 vere
2758 4717 2973 4770 contriti
2998 4717 3229 4785 signum.
3273 4716 3354 4768 Ab
3385 4715 3477 4767 illo
3528 4716 3670 4769 enim
3692 4756 3707 4778 ,
3735 4716 3999 4785 PrOpitius

2420 4817 2522 4860 csto
2558 4809 2688 4864 mihi
2740 4808 3003 4879 peccatori
3042 4809 3062 4880 (
3084 4803 3355 4878 lbid.l3),
3382 4805 3433 4857 in
3462 4821 3568 4874 quo
3609 4806 3785 4861 diﬁ‘ert
3829 4806 3993 4872 illud,

2419 4897 2653 4962 Domme,
2680 4904 3003 4967 neinlurore
3038 4909 3124 4951 tuo
3150 4914 3337 4966 arguas
3380 4914 3487 4963 me,
3534 4915 3692 4967 neque
3718 4900 3767 4951 in
3814 4900 3891 4952 ira
3915 4911 4004 4952 tua

2418 4991 2664 5058 corripias
2691 5006 2767 5042 me
2789 4989 2956 5060 (Psal.
2988 4989 3042 5044 6.
3074 4988 3170 5059 ‘2)?
3200 4988 3310 5042 lmo
3343 4990 3513 5057 potius
3542 4991 3642 5044 hoc
3671 5006 3828 5060 quam
3869 4992 4001 5046 illud

2419 5079 2572 5149 longe
2592 5081 2766 5147 majus
2790 5090 2891 5135 est.
2910 5080 3042 5134 Nam
3067 5079 3377 5149 publicanus
3394 5095 3460 5134 ne
3485 5078 3763 5135 ad'cmlum
3786 5084 4001 5151 quidem

2417 5172 2679 5239 respicere
2704 5170 2966 5233 audebat;
2992 5170 3168 5240 justus
3200 5181 3378 5226 autem
3412 5172 3586 5238 majus
3616 5173 3888 5241 quidpiam
3919 5176 4002 5227 fa-

2417 5260 2613 5315 ciebat.
2649 5261 2741 5316 llle
2762 5260 2993 5326 dicebat,
3028 5259 3292 5329 PrOpitius
3317 5270 3417 5313 esto
3442 5262 3601 5339 mihi;
3632 5262 3717 5315 hic
3760 5278 3829 5316 ne
3866 5262 4001 5321 illud

2417 5354 2628 5419 quidem
2680 5355 2861 5408 dicere
2912 5352 3158 5407 audebat.
3217 5351 3398 5421 Neque
3440 5354 3583 5407 enim
3630 5354 3870 5421 dicebat,
3917 5354 4001 5410 Νι

2415 5460 2598 5515 arguas
2646 5460 2721 5496 me
2742 5446 2782 5510 ¹,
2814 5443 2931 5508 sed,
2972 5443 3054 5496 Ne
3081 5442 3133 5495 in
3180 5447 3350 5511 furore
3380 5452 3501 5507 tuo;
3531 5460 3701 5512 neque
3722 5484 3738 5508 ,
3767 5444 3847 5497 Ne
3886 5462 4000 5497 cor-

2416 5535 2572 5605 ripias
2602 5550 2697 5599 rite,
2722 5534 2815 5588 sed
2837 5574 2851 5598 ,
2886 5531 2968 5585 Ne
2996 5534 3047 5585 in
3068 5532 3145 5584 ira
3173 5543 3259 5584 tua
3279 5548 3297 5586 :
3320 5547 3423 5585 non
3454 5548 3639 5600 pinnas
3688 5550 3791 5587 non
3849 5535 3999 5589 luere

2422 5624 2692 5694 postulans
2712 5664 2727 5687 ,
2757 5622 2851 5678 sed
2899 5638 3007 5677 non
3038 5632 3143 5677 tam
3168 5623 3541 5677 vehementes:
3574 5624 3640 5676 ita
3674 5632 3731 5677 ut
3762 5625 3999 5693 undique

2481 5738 2495 5770 ⁸
2529 5738 2601 5789 Sic
2630 5737 2760 5789 Coll).
2788 5745 2840 5790 et
2853 5734 2993 5789 Savil.
3026 5744 3073 5789 tu
3095 5735 3256 5789 stet-el.
3282 5738 3500 5799 quaedam
3523 5735 3745 5787 deerant.
