4266 6314
239 327 344 385 41⁸1

235 441 403 495 animi
429 439 549 510 ejus
570 441 839 499 humilitas
865 457 1148 516 appareat,
1180 460 1235 504 et
1264 451 1404 521 quod
1429 467 1486 508 se
1516 462 1663 510 tanto
1689 471 1817 526 snp-

235 533 400 602 plicio
453 535 672 605 dignum
727 548 971 606 putaret,
1004 549 1057 594 et
1080 543 1220 612 quod
1254 559 1360 598 non
1392 545 1620 601 auderet
1668 556 1831 603 totam

232 626 450 679 veniam
481 643 510 681 a
537 628 644 682 Deo
668 631 967 698 postulare;
1002 633 1158 704 idque
1187 650 1318 691 Sane
1339 640 1526 693 eorum
1552 649 1636 695 est
1656 642 1743 709 qui
1773 656 1833 695 se

233 714 528 770 admodum
544 718 875 776 damnandus
893 733 1135 788 censent,
1156 735 1211 781 et
1229 741 1537 795 persuasum
1558 728 1752 785 habent
1773 746 1833 787 se

227 808 470 862 omnium
526 809 803 866 hominum
855 815 1210 884 nequissimos
1265 833 1407 874 esse.
1452 820 1606 887 Quod
1651 831 1828 877 autem

227 897 404 965 majus
420 905 522 963 est,
542 899 642 953 hoc
665 901 834 962 ipsum
858 918 964 958 non
989 905 1353 963 vehementius
1373 910 1646 980 puniri,ex
1668 911 1830 966 mise-

225 983 458 1040 ricordia
477 997 531 1042 et
549 989 683 1044 clem
693 993 830 1046 entia
849 992 965 1057 Dei,
984 1002 1168 1063 utpote
1192 995 1458 1064 infirmus,
1483 998 1584 1053 sibi
1606 1001 1826 1057 concedi

223 1075 483 1145 rogabat:
516 1077 759 1134 Miserere
789 1083 909 1148 mei,
942 1083 1148 1154 inquit,
1174 1087 1415 1155 quoniam
1437 1089 1675 1158 inﬁrmus
1708 1108 1822 1146 sum

222 1163 399 1232 (Psat.
423 1167 479 1223 6.
496 1168 572 1239 3).
591 1169 728 1238 Quid
757 1173 983 1245 hociqui
1008 1177 1097 1230 tali
1120 1178 1421 1234 testimonio
1446 1180 1693 1251 dignatus
1719 1193 1823 1251 est,

218 1257 483 1326 etjndicia
505 1261 597 1316 Dei
621 1279 728 1318 non
754 1263 953 1322 oblitus
977 1268 1249 1340 erat(nam
1271 1272 1366 1338 ait,
1387 1271 1596 1328 Iudicia
1613 1285 1700 1330 tua
1722 1293 1821 1333 non

218 1364 338 1401 sum
381 1351 566 1406 oblitus
594 1352 772 1426 [PsaL
807 1357 930 1412 118.
965 1357 1103 1432 30]),
1134 1362 1224 1430 qui
1256 1361 1372 1432 ipso
1426 1364 1540 1419 sole
1584 1366 1821 1435 splendi-

216 1440 344 1495 dius
372 1443 542 1510 lueet,
568 1444 655 1500 hic
678 1447 801 1502 talia
832 1449 1032 1519 profert
1057 1452 1253 1508 verba?
1279 1453 1474 1509 Etiam.
1519 1456 1631 1511 lloc
1677 1460 1820 1514 enim

218 1533 467 1590 mirabile
491 1545 606 1602 est,
652 1539 793 1608 quod
836 1548 943 1595 tam
992 1557 1182 1614 magna
1223 1555 1502 1614 operatus,
1538 1547 1670 1602 nihil
1701 1565 1818 1604 um-

215 1639 380 1693 quam
409 1629 582 1697 magni
603 1628 672 1684 de
696 1644 756 1685 se
782 1630 863 1687 vel
883 1631 1085 1688 dixerit
1104 1634 1186 1689 vel
1215 1638 1476 1701 senserit,
1506 1639 1599 1694 sed
1620 1655 1677 1694 se
1703 1655 1817 1695 om-

215 1717 367 1771 nium
395 1719 742 1778 novissimum
774 1734 1047 1794 reputaret
1068 1768 1080 1791 ,
1114 1735 1169 1782 et
1187 1743 1253 1783 ex
1282 1729 1397 1783 sola
1421 1730 1815 1788 Deiclementia

215 1809 445 1864 salutem
477 1815 735 1884 consequi
763 1825 1010 1886 rogaret,
1040 1833 1103 1872 ac
1133 1820 1177 1873 si
1210 1819 1446 1876 diceret:
1479 1823 1676 1893 Dignus
1701 1828 1817 1895 qui-

220 1898 346 1953 dem
370 1917 487 1955 sum
503 1903 766 1973 supplicio
790 1905 1168 1978 indeprecabili
1186 1920 1266 1977 ,et
1287 1911 1672 1990 immortalibus
1699 1933 1816 1986 pm-

212 1997 328 2059 nis;
357 2003 410 2048 at
436 1996 576 2065 quod
601 1997 651 2051 id
679 2013 783 2054 non
813 2003 1044 2072 amplius
1073 2003 1214 2060 ferre
1240 2008 1473 2075 possim,
1507 2025 1636 2080 rogo
1665 2013 1816 2066 solu—

213 2086 415 2139 tionem
433 2103 462 2140 a
484 2093 836 2158 przcsentibus
855 2095 1008 2150 malis
1031 2115 1043 2149 :
1065 2100 1512 2168 quemadmodum
1542 2105 1721 2159 famuli
1741 2108 1814 2163 tui

209 2175 301 2243 qui
327 2175 604 2236 innumera
630 2182 833 2238 scelera
863 2196 1266 2256 perpetrarent,
1302 2207 1592 2263 numquam
1623 2195 1806 2253 dicere

212 2276 439 2334 possunt
463 2284 522 2323 se
550 2286 653 2325 non
677 2287 935 2342 peccasse
959 2295 973 2344 ;
1001 2280 1123 2349 quia
1151 2289 1329 2336 autem
1354 2283 1690 2353 ﬂagellorum
1721 2287 1816 2343 do-

217 2356 305 2412 lor
335 2361 681 2420 intolerabilis
718 2377 830 2433 est,
865 2381 1055 2440 rogant
1097 2371 1308 2428 demum
1351 2376 1578 2447 mitigari
1613 2380 1809 2449 plagas.

215 2449 331 2519 Ego
369 2462 545 2509 autem
591 2467 719 2527 puto
761 2459 920 2537 illum
965 2463 1122 2519 aliam
1177 2481 1388 2537 quoque
1447 2468 1810 2528 infirmitatem

210 2542 572 2602 subindicare.
605 2534 774 2617 Quam
813 2566 942 2606 vero
970 2553 1156 2608 illam?
1203 2572 1319 2612 eam
1372 2574 1492 2626 qua:
1530 2561 1598 2614 ab
1648 2563 1812 2617 animi

210 2649 446 2690 nunrore
465 2646 518 2692 et
544 2652 572 2692 a
599 2641 882 2708 gemitibus
903 2646 1243 2713 procedebat.
1269 2647 1418 2705 Solet
1440 2651 1584 2706 enim
1609 2653 1811 2709 doloris

208 2739 485 2793 excessus,
509 2744 630 2784 cum
655 2732 938 2789 violentior
959 2736 1142 2803 instat,
1174 2747 1338 2795 totam
1357 2741 1547 2797 anima:
1563 2745 1669 2798 vim
1688 2762 1810 2801 cor-

207 2819 423 2875 rodere.
449 2820 610 2892 quue
633 2833 760 2894 puto
801 2837 1046 2885 sanctum
1077 2831 1247 2886 virum
1278 2849 1396 2888 esse
1433 2851 1647 2903 passum
1669 2839 1808 2907 quod

209 2925 328 2966 sese
349 2911 633 2969 admodum
656 2917 954 2984 damnaret,
974 2923 1189 2993 etquod
1212 2941 1498 2996 numquam
1521 2944 1646 2998 spes
1672 2931 1805 2985 bona

208 3013 545 3074 suppeteret,
588 3009 681 3064 sed
708 3011 932 3067 adversa
957 3020 1539 3085 semperexspectatio.
1585 3021 1651 3074 Et
1707 3020 1809 3076 hoc

207 3111 271 3149 ex
299 3100 641 3167 sequentibus
665 3103 841 3171 palam
864 3103 987 3160 facit
1020 3124 1033 3159 :
1059 3124 1180 3162 nam
1198 3109 1438 3164 Miserere
1459 3113 1572 3177 mei,
1603 3114 1805 3182 adjicit,

206 3188 445 3255 quoniam
486 3191 721 3259 inﬁrmus
754 3212 865 3249 sum
891 3213 910 3250 :
949 3215 1076 3252 sana
1121 3217 1232 3266 me,
1285 3201 1520 3272 Domine,
1566 3209 1808 3275 quoniam

120 3287 123 3289 ’
210 3280 509 3335 conturbata
543 3293 660 3338 sunt
690 3302 806 3340 ossa
854 3305 998 3356 mea,
1030 3302 1077 3344 ct
1117 3293 1289 3346 anima
1339 3312 1449 3348 meo
1490 3297 1685 3351 turbata
1734 3309 1808 3353 est

207 3370 355 3424 valde
378 3388 397 3426 :
424 3389 544 3426 cum
576 3362 722 3443 prius
747 3377 1000 3444 dixisset,
1028 3381 1268 3449 Domine,
1300 3402 1360 3439 ne
1391 3389 1444 3440 iu
1492 3390 1665 3459 furore
1722 3399 1806 3445 tuo

206 3476 395 3530 arguas
417 3481 493 3517 me
523 3463 691 3536 (Psat.
720 3468 774 3522 6.
807 3469 883 3539 5).
915 3470 1064 3538 Quod
1088 3471 1132 3526 si
1163 3473 1254 3528 ille
1293 3477 1382 3545 qui
1421 3479 1804 3535 conscientiam

207 3551 276 3604 ita
305 3567 489 3619 puram
515 3554 776 3626 habebat,
812 3571 962 3630 rogat
991 3578 1059 3618 ne
1088 3579 1308 3635 operum
1337 3583 1561 3624 examen
1585 3585 1804 3626 accura-

207 3650 320 3697 tum
350 3645 440 3699 fiat
474 3665 487 3701 :
524 3648 650 3717 quid
697 3665 796 3706 nos
849 3651 1103 3709 faciemus
1145 3657 1236 3725 qui
1277 3665 1354 3712 tot
1383 3661 1537 3714 malis
1584 3662 1804 3718 involuti

207 3750 423 3801 sunms,
455 3747 503 3792 et
530 3747 733 3794 tantum
763 3741 832 3795 ab
859 3743 978 3812 ejus
1020 3745 1210 3800 liducia
1264 3747 1420 3819 longe
1465 3765 1686 3818 sumus,
1739 3769 1802 3809 ac

210 3845 312 3884 nec
372 3831 915 3904 quantulamcumque
955 3836 1071 3903 ejus
1100 3837 1450 3914 confessionis
1481 3852 1681 3910 partem
1711 3860 1804 3900 ex-

209 3911 519 3974 hibuimus?
543 3922 718 3989 Quare
740 3924 898 3994 igitur
927 3927 1115 3983 beatus
1145 3930 1233 3984 illc
1283 3912 1378 3986 sici
1403 3934 1800 3990 confitebatur?

209 4009 474 4064 Didicerat
503 4012 709 4067 scilicet
733 4014 998 4069 neminem
1021 4017 1303 4086 justificari
1334 4035 1518 4077 coram
1573 4024 1680 4080 Deo
1702 4068 1716 4091 ,
1745 4037 1802 4082 ct

201 4101 399 4170 justum
421 4104 504 4157 vix
523 4103 744 4160 salutem
767 4110 1409 4179 consequi.Quamobrem
1433 4131 1570 4170 nunc
1589 4118 1798 4187 quidem

204 4195 577 4264 rogatdicens,
617 4196 737 4251 Non
763 4199 916 4254 intres
956 4201 1008 4254 iu
1037 4202 1290 4271 judicium
1337 4221 1453 4258 cum
1483 4223 1625 4261 servo
1669 4219 1754 4263 tuo
1783 4212 1798 4242 ¹

204 4285 375 4354 (Psat.
410 4287 530 4342 “‘3.
557 4289 639 4354 ‘1);
666 4305 808 4344 nunc
829 4306 979 4358 vero,
1011 4293 1250 4350 Miserere
1269 4298 1384 4363 mei,
1418 4297 1652 4366 Domine,
1674 4320 1800 4372 quo-

203 4378 340 4429 niam
373 4379 422 4429 in
430 4379 540 4434 firm
549 4396 605 4432 us
625 4397 753 4434 sum.
1027 4387 1029 4389 ’

276 4469 330 4523 5.
362 4469 472 4524 [loc
503 4473 642 4524 enim
676 4487 770 4541 par
800 4483 885 4527 est
911 4474 1105 4546 ubique
1131 4477 1497 4540 eonsitlerara.
1527 4485 1798 4552 quomodo

204 4577 465 4631 nusquam
511 4565 763 4631 prarelara
814 4579 962 4635 gesta
1008 4584 1104 4622 sua
1147 4583 1432 4637 memoret,
1478 4574 1570 4628 sed
1621 4577 1672 4629 in
1707 4579 1798 4633 Dei

205 4653 638 4708 miscricordiam
689 4657 916 4710 salutem
963 4675 1112 4713 suam
1158 4663 1428 4731 conjiciat.
1477 4664 1607 4720 Illud
1653 4671 1795 4724 enim

202 4745 420 4798 contriti
450 4753 533 4800 est
585 4747 784 4812 animi,
816 4747 944 4802 illud
995 4750 1254 4806 humiliati
1301 4757 1548 4824 spiritus,
1583 4759 1711 4828 illud
1745 4761 1797 4814 in

201 4853 362 4891 causa
414 4847 526 4892 erat
553 4839 694 4909 quod
741 4856 929 4911 magna
962 4853 1212 4911 operatus
1261 4847 1378 4914 plus
1409 4865 1566 4918 quam
1611 4867 1798 4919 pecca-

199 4936 348 4982 tores
374 4929 585 4982 timeret
624 4943 687 4984 ac
722 4939 998 4989 tremeret.
1029 4934 1179 5001 Quod
1209 4943 1386 4990 autem
1433 4947 1688 4996 tremeret
1731 4959 1794 4998 ac

201 5028 466 5073 metueret
495 5019 617 5073 audi
647 5021 1118 5090 ipsumldicentcm
1153 5045 1165 5078 :
1212 5027 1271 5081 Si
1296 5027 1586 5095 iniquitates
1627 5031 1796 5086 obser-

199 5111 414 5171 vaveris,
429 5108 919 5178 Domine;Domine,
935 5116 1047 5181 quis
1067 5118 1329 5172 sustinebit
1351 5118 1524 5190 (Psal.
1553 5121 1676 5178 129.
1697 5125 1750 5194 '5)
1771 5126 1794 5179 ?

199 5203 434 5258 Noverat
462 5205 626 5269 enim,
657 5214 712 5259 et
737 5206 882 5261 clare
913 5220 1151 5275 noverat,
1182 5225 1280 5265 nos
1302 5225 1425 5267 esse
1465 5213 1580 5268 Deo
1611 5215 1792 5271 multis

197 5293 396 5346 debitis
415 5293 676 5350 obnoxios
698 5337 712 5360 ,
744 5305 800 5352 et
832 5297 1050 5352 minima
1075 5310 1286 5368 peccata
1321 5317 1567 5372 magnam
1597 5308 1790 5360 mereri

201 5399 436 5454 penam.
469 5385 700 5440 Noverat
747 5387 836 5440 diu
865 5398 990 5443 ante
1035 5390 1312 5458 praescius,
1347 5407 1478 5461 quas
1523 5392 1669 5464 leges
1696 5411 1792 5466 po-

195 5475 395 5530 siturus
421 5485 564 5531 esset
585 5476 834 5532 Christus
861 5489 1118 5535 venturus
1144 5498 1158 5534 :
1203 5498 1309 5536 non
1351 5483 1576 5540 cmdium
1607 5488 1788 5554 modo,

194 5568 288 5621 sed
319 5567 481 5622 etiam
506 5570 973 5636 contumeliarum,
992 5575 1378 5641 conviciorum,
1408 5578 1669 5632 malarum
1699 5595 1791 5634 co-

192 5661 543 5730 gitationum,
573 5661 733 5728 risus,
783 5663 939 5716 otiosi
985 5667 1250 5719 sermonis
1269 5708 1283 5731 ,
1311 5669 1657 5724 scurrilitatis
1679 5713 1691 5734 ,
1724 5688 1786 5728 ac

257 5751 270 5824 ς
310 5751 380 5798 sic
413 5753 575 5813 pergit
595 5751 744 5824 Colla,
779 5767 999 5824 (stipante
1021 5755 1197 5824 sciebat
1236 5759 1365 5824 quod
1377 5759 1541 5820 justus
1580 5759 1682 5824 ipse
1706 5760 1789 5813 vix

191 5812 401 5865 salvetur
417 5812 443 5862 7:
468 5822 756 5874 qtruprortcr
782 5812 985 5876 diccbat,
1009 5818 1234 5868 .ttivercre
1250 5812 1368 5871 'mci.

542 5904 810 5968 Parnm.
861 5906 977 5968 (in.
1027 5909 1080 5969 Χ
1097 5908 1275 5973 ῐΝΙι.

1134 335 1218 393 DE
1247 336 1797 410 COMPUNCTIONE,
1840 344 1929 401 AD
1967 345 2422 412 STELECHIUM.
2463 357 2590 416 LIB.
2634 361 2698 418 ll.

3431 377 3533 434 418

1943 463 2208 519 minorum
2255 469 2414 525 etiam
2467 487 2642 529 rerum
2693 492 2909 548 gravem
2954 481 3068 540 fore
3109 488 3364 547 ultionem
3417 506 3535 547 ero-

1937 550 2120 607 debat.
2149 555 2486 631 Quapropter
2513 565 2742 636 Paulus,
2775 573 2876 628 etsi
2905 575 3101 632 nullius
3128 562 3228 635 sibi
3256 585 3531 650 COIISCith‘,
3573 574 3575 576 ’

1936 641 2152 699 diccbat
2175 688 2188 710 ,
2221 646 2373 705 Nihil
2401 655 2526 708 mihi
2553 661 2783 714 conscius
2819 681 2930 718 sum
2951 709 2963 726 .
2999 670 3087 722 sed
3113 687 3211 726 nou
3240 675 3291 728 in
3319 676 3415 729 hoc
3442 675 3533 741 ju-

1937 735 2313 833 stiﬁcatussum
2336 743 2411 816 (1.
2443 745 2562 802 Cor.
2581 751 2635 805 4.
2657 753 2736 822 4).
2763 754 2871 811 Cur
2898 765 3114 817 autem?
3135 765 3290 833 Quia,
3319 735 3528 826 etiamsi

1936 826 2065 882 nihil
2094 832 2216 886 mali
2244 832 2493 906 fecisset,
2530 856 2703 914 neque
2731 848 2876 904 enim
2920 852 3140 923 fecerat,
3171 859 3385 915 modum
3431 861 3527 916 ho-

1936 920 2083 974 noris
2140 922 2250 977 Deo
2299 927 2564 987 referendi
2636 935 2943 1006 implevisse
2993 960 3052 999 se
3123 964 3230 1004 non
3283 953 3524 1020 putabat.

1935 1008 2158 1068 Etiamsi
2189 1017 2332 1072 enim
2371 1026 2673 1081 sexcenties
2703 1032 3028 1100 moriamur,
3059 1039 3265 1095 etiamsi
3309 1058 3524 1100 omnem

1932 1102 2281 1193 exhibeamus
2310 1110 2562 1170 virtutem
2583 1158 2597 1182 ,
2629 1118 2760 1176 nihil
2803 1122 3020 1193 dignum
3048 1130 3323 1188 reddimus
3351 1133 3524 1190 bono-

1932 1192 2102 1258 ribus,
2128 1198 2322 1267 quibus
2347 1218 2380 1257 a
2406 1205 2516 1262 Deo
2537 1208 2714 1266 affecti
2738 1192 2944 1271 sumus.

2001 1287 2100 1343 Dei
2136 1295 2452 1360 providentia
2475 1318 2593 1373 ergo
2626 1304 2897 1366 hominem.
2922 1341 2994 1353 —-
3014 1313 3148 1369 Vide
3191 1319 3334 1372 enim
3383 1335 3520 1391 quo-

1928 1379 2110 1448 modo,
2144 1398 2264 1439 cum
2297 1390 2444 1444 nullo
2470 1408 2534 1446 ex
2562 1398 2760 1454 nostris
2780 1411 2985 1472 egeret,
3017 1405 3112 1460 scd
3141 1407 3239 1462 sibi
3270 1409 3383 1480 ipse
3412 1413 3521 1465 suf-

1928 1470 2133 1540 ﬁceret,
2172 1493 2278 1532 non
2322 1483 2613 1548 existentes
2661 1478 2759 1545 nos
2803 1495 3032 1551 existere
3083 1497 3239 1564 fecit,
3286 1503 3518 1557 animam

1928 1561 2206 1633 inspiravit
2231 1571 2443 1639 qualem
2475 1577 2608 1632 nulli
2637 1596 2702 1634 ex
2733 1587 2962 1640 terrenis
2988 1589 3327 1658 animalibus,
3362 1609 3520 1663 para-

1925 1653 2099 1712 dismn
2128 1660 2407 1732 plantavit,
2437 1671 2628 1726 (uelum
2668 1677 2924 1744 extendit,
2958 1689 3152 1736 terram
3199 1687 3515 1754 substravit,

1927 1745 2208 1806 luminaria
2238 1758 2483 1813 accendzt
2526 1763 2827 1833 Splendida,
2859 1777 3056 1825 terram
3103 1776 3324 1844 stagnis,
3352 1778 3514 1833 fonti-

1925 1838 2044 1901 bus,
2093 1841 2422 1914 llunﬁnibus,
2469 1851 2693 1910 floribus
2733 1868 2786 1912 et
2835 1861 3027 1928 plantis
3065 1869 3294 1934 ornavit,
3324 1872 3515 1926 etelum

1923 1932 2069 1986 vario
2110 1945 2376 1994 astrorum
2432 1943 2598 1999 choro
2629 1946 2908 2020 distinxit,
2944 1965 3154 2012 noctem
3202 1977 3308 2016 non
3339 1963 3517 2018 minus

1922 2037 2079 2092 quam
2111 2025 2251 2081 diem
2301 2031 2486 2086 utilem
2537 2035 2661 2090 fecit
2707 2051 2924 2111 propter
2949 2046 3184 2114 quietem
3231 2059 3287 2105 et
3312 2054 3454 2108 vires
3486 2071 3513 2108 a

1921 2126 2112 2168 Somno
2141 2131 2432 2187 reparatas.
2467 2125 2595 2180 Nam
2625 2143 2845 2186 somnus
2875 2149 2979 2190 non
3013 2139 3188 2194 minus
3213 2157 3370 2212 quam
3403 2144 3509 2198 cibi

1920 2218 2146 2274 corpora
2176 2221 2356 2266 nostra
2381 2216 2494 2282 alit,
2523 2221 2678 2274 utvel
2711 2222 2833 2278 inde
2863 2225 3034 2294 palam
3062 2241 3163 2296 est,
3190 2233 3330 2302 quod
3362 2234 3516 2288 fatuis

1920 2300 2135 2368 quidem
2190 2306 2384 2360 multas
2409 2323 2552 2378 szrpe
2582 2311 2699 2366 dies
2726 2314 2939 2371 tolerari
2991 2321 3268 2377 videamus
3313 2327 3515 2396 absque

1921 2403 2109 2444 Somno
2134 2403 2308 2449 autem
2348 2399 2432 2452 vix
2477 2415 2692 2469 paucas.
2727 2405 2820 2462 Ille
2849 2411 3040 2481 estqui
3067 2413 3169 2467 diei
3200 2414 3468 2472 flairimant
3495 2461 3511 2482 ,

1920 2483 2031 2538 sive
2060 2501 2124 2539 ex
2181 2488 2330 2542 radio
2375 2492 2557 2560 solari,
2591 2498 2703 2552 sive
2730 2515 2798 2554 ex
2830 2500 3036 2558 diurnis
3074 2506 3346 2562 laboribus
3386 2526 3511 2580 pro-

1920 2579 2117 2638 veniat.
2145 2581 2427 2652 refrigerat
2452 2599 2505 2640 et
2533 2589 2810 2658 dissolvit,
2840 2595 3024 2666 sicque
3053 2613 3150 2653 nos
3181 2613 3396 2671 vegetos
3427 2621 3514 2659 re-

1920 2669 2094 2723 stituit
2123 2684 2174 2726 et
2199 2674 2460 2732 adeundis
2502 2681 2693 2736 iterum
2738 2685 3011 2743 laboribus
3041 2706 3198 2758 pares
3227 2711 3239 2744 :
3271 2693 3507 2765 hyberua

1918 2778 2047 2818 vero
2075 2775 2391 2837 tempestate
2418 2789 2519 2827 nox
2546 2775 2785 2846 longiore
2805 2795 2964 2836 cursu
2989 2784 3107 2852 plus
3133 2786 3287 2841 nobis
3307 2791 3514 2844 confert

1918 2853 2120 2922 requiei
2150 2866 2202 2910 et
2229 2859 2428 2927 Solatii,
2477 2863 2606 2919 dum
2639 2881 2736 2921 l'OS
2781 2869 2881 2923 sub
2909 2880 3048 2926 tecto
3087 2891 3304 2930 manere
3345 2881 3509 2949 cogit.

1916 2943 2176 3000 Tenebrzc
2204 2959 2378 3005 autem
2422 2969 2525 3008 non
2557 2956 2749 3011 frustra
2778 2976 2877 3014 nec
2901 2971 3101 3018 temere
3131 2965 3256 3022 huic
3287 2973 3509 3038 tempori

1915 3031 2183 3102 deputata:
2205 3043 2467 3110 snnt_,sed
2492 3060 2586 3113 pro
2611 3049 2799 3117 majori
2823 3052 3023 3120 quiete.
3047 3031 3507 3120 Quemadmodum

1916 3125 2060 3179 cnim
2091 3138 2287 3184 matres
2314 3133 2478 3200 prolis
2507 3148 2749 3194 amantes
2769 3181 2784 3206 ,
2821 3158 2943 3197 cum
2980 3149 3255 3216 vagientes
3283 3151 3510 3208 infantes

1915 3215 1980 3268 ad
2022 3217 2255 3286 quietem
2307 3237 2618 3291 provocant,
2656 3231 2796 3286 ulnis
2844 3237 3173 3306 complexos,
3225 3243 3510 3312 tunicaque

1914 3308 2100 3362 oculos
2154 3326 2340 3366 eorum
2388 3319 2693 3386 Operientes
2749 3321 2989 3380 dormire
3043 3328 3294 3384 faciunt:
3351 3336 3428 3388 sic
3452 3345 3508 3388 ct

1917 3400 2058 3456 Deus
2097 3413 2365 3474 tamquam
2407 3411 2649 3467 velamen
2679 3415 2946 3484 quoddam
2997 3415 3246 3477 tenebras
3296 3439 3391 3492 per
3420 3441 3508 3480 or-

1916 3491 2037 3546 bem
2066 3497 2398 3565 expandeus,
2431 3500 2674 3559 homines
2697 3521 2727 3560 a
2757 3507 3032 3566 laboribus
3057 3515 3333 3582 quiescere
3359 3516 3504 3573 facit.

1912 3584 2022 3639 Nisi
2052 3588 2196 3642 enim
2229 3589 2301 3644 ita
2328 3602 2506 3658 esset,
2539 3596 2719 3652 nimiis
2747 3602 2975 3670 negetiis
3014 3605 3100 3658 vel
3148 3608 3384 3673 pecunia:
3414 3625 3505 3663 co-

1912 3677 2099 3745 genda:
2121 3681 2415 3749 cupiditate
2445 3701 2633 3742 omnes
2659 3688 3119 3748 distraheremur:
3154 3714 3295 3753 nunc
3325 3711 3502 3755 autem

1913 3784 2010 3823 nos
2059 3771 2143 3825 vel
2177 3774 2372 3830 invitos
2411 3779 2687 3836 remittere
2730 3782 2955 3839 sudores
3000 3785 3161 3853 facit;
3195 3805 3294 3844 nec
3337 3793 3500 3846 modo

1909 3864 2226 3931 corporibus
2246 3906 2260 3932 ,
2292 3868 2386 3923 sed
2417 3869 2577 3924 etiam
2606 3873 2821 3939 animis,
2850 3892 2956 3932 non
2998 3880 3174 3936 minus
3195 3898 3354 3952 quam
3383 3899 3505 3939 cor-

1910 3954 2155 4023 poribus,
2205 3960 2450 4030 quietem
2494 3964 2580 4019 hic
2626 3981 2807 4021 rerum
2859 3969 2994 4025 ordo
3043 3985 3316 4042 procurat.
3364 3977 3500 4043 Quid

1910 4049 2052 4102 enim
2074 4049 2288 4106 dicatur
2302 4052 2369 4108 de
2395 4057 2649 4125 temporis
2673 4058 2830 4129 hujus
2847 4063 3024 4130 quiete
3040 4074 3092 4118 et
3116 4067 3502 4137 tranquillitate

1909 4150 1964 4195 ct
2009 4145 2280 4212 quomodo
2310 4150 2488 4202 omnia
2534 4150 2748 4206 silentio
2797 4153 2951 4223 plena
2979 4165 3034 4210 et
3077 4160 3304 4212 tumultu
3337 4176 3500 4215 vacua

1909 4234 2034 4300 sint,
2067 4236 2375 4308 nulliusque
2401 4257 2503 4296 vox
2531 4244 2779 4299 audiatur
2802 4247 2946 4302 velut
2975 4249 3027 4303 in
3060 4250 3166 4315 die,
3198 4253 3284 4306 ubi
3313 4254 3399 4307 alii
3433 4256 3501 4310 de

1908 4336 2220 4395 paupertate
2233 4344 2653 4401 conqueruntur,
2679 4338 2770 4391 alii
2798 4338 3050 4395 damnum
3082 4342 3182 4397 sibi
3221 4346 3497 4414 importari

1908 4419 2161 4485 clamant,
2193 4423 2281 4477 alii
2315 4425 2533 4481 morbos
2559 4430 2857 4500 mutilaque
2881 4447 3108 4501 corpora
3137 4436 3340 4505 lugent,
3374 4453 3500 4507 pars

1909 4511 2328 4580 propinquorum
2361 4526 2620 4584 mortem,
2653 4535 2778 4589 pars
2819 4520 3080 4590 iacturam
3125 4528 3494 4594 pecuniarum,

1907 4601 1996 4654 alii
2021 4602 2282 4678 lnnnanas
2303 4606 2433 4662 alias
2459 4625 2745 4673 mrumuas,
2775 4628 2891 4682 qua:
2916 4628 3044 4668 sane
3069 4615 3312 4684 plurima:
3338 4631 3496 4674 sunt:

1906 4709 1973 4746 ex
1995 4695 2187 4762 quibus
2214 4698 2463 4751 omnibus
2481 4701 2640 4753 velini
2666 4703 2911 4770 procellis
2928 4706 3182 4775 eripiens,
3209 4709 3498 4766 humanum

1905 4798 2070 4852 genus
2095 4784 2160 4839 ad
2186 4798 2397 4854 portum
2427 4804 2578 4843 suum
2601 4805 2702 4846 nox
2734 4795 2942 4864 recipit.
2970 4796 3094 4853 Haec
3117 4801 3272 4855 nobis
3291 4817 3318 4854 a
3344 4814 3501 4858 nocte

1905 4875 2041 4928 bona
2096 4878 2476 4947 conferuntur,
2525 4899 2554 4936 a
2605 4883 2696 4938 die
2750 4895 2929 4940 autem
2982 4889 3104 4956 illa,
3134 4907 3255 4962 quae
3299 4895 3500 4950 scimus

1904 4968 2160 5022 universi.
2193 4970 2328 5037 Quid
2357 4989 2484 5028 vero
2511 4974 2724 5029 dicatur
2760 4977 2828 5032 de
2854 4983 3164 5036 commercii
3211 4982 3500 5042 facultate?

1903 5058 2112 5113 Etenim
2145 5077 2210 5115 ne
2235 5063 2481 5118 itinerum
2513 5067 2792 5136 longitudo
2820 5083 2918 5123 nos
2947 5087 2976 5123 a
3009 5084 3194 5127 mutuo
3219 5079 3499 5133 consortio

1899 5159 2188 5216 averteret,
2222 5154 2520 5212 breviorem
2545 5159 2698 5214 nobis
2720 5161 2860 5216 viam
2893 5180 3039 5242 mare
3067 5167 3270 5223 scilicet
3301 5171 3498 5241 unique

1899 5258 1997 5312 per
2025 5243 2210 5300 orbem
2232 5247 2371 5302 Deus
2391 5247 2619 5316 difiudit,
2647 5261 2706 5306 ut
2730 5253 2782 5307 in
2805 5256 2936 5310 orbe
2958 5265 3071 5311 toto
3087 5261 3238 5330 quasi
3265 5262 3316 5315 in
3333 5262 3496 5317 domo

1898 5351 2004 5390 una
2049 5335 2383 5406 habitantes,
2431 5341 2508 5395 sic
2551 5340 2862 5413 frequenter
2905 5349 3170 5416 possimus
3225 5353 3312 5406 alii
3362 5355 3492 5410 alios

1898 5428 2070 5493 adire,
2105 5441 2166 5485 ut
2193 5447 2286 5486 sua
2317 5435 2516 5504 quique
2543 5421 2822 5493 commoda
2865 5442 3125 5510 proximis
3155 5448 3268 5501 suis
3299 5448 3490 5519 singuli

1900 5521 2192 5588 tradentes,
2215 5524 2386 5578 aliena
2434 5535 2622 5582 mutuo
2666 5530 2946 5598 recipiant,
2977 5542 3031 5587 et
3076 5535 3303 5603 parvam‘
3337 5548 3492 5593 terra:

1898 5614 2198 5682 portionem
2229 5629 2580 5687 occupantes,
2612 5622 2863 5677 omnibus
2890 5625 3087 5696 ubique
3115 5629 3307 5697 positis
3338 5632 3491 5685 bonis

1896 5707 2047 5776 quasi
2091 5708 2292 5764 domini
2351 5713 2626 5782 potiantur
2671 5735 2687 5772 :
2741 5720 3191 5786 quemadmodum
3244 5725 3296 5779 in
3353 5726 3487 5780 lauta

1897 5814 2080 5855 mensa
2108 5801 2326 5873 sirgulis
2357 5809 2614 5876 convivis,
2640 5825 2758 5880 qno‘,
2784 5823 2904 5866 ante
2936 5829 2993 5866 se.
3026 5818 3192 5882 posita
3222 5827 3344 5873 sunt
3377 5820 3488 5874 aliis

3072 5919 3150 5980 2's
