4266 6314
849 292 945 345 -i’.fi
1000 292 1054 347 Ξ.
1101 296 1283 351 Jti.\.\'.
1322 299 1705 351 (illit‘mt‘iré'f.
1752 297 1928 349 .\Rt‘.ll
1965 297 2063 350 lii’.
2100 296 2641 351 (IUNSTANTINOP.
2677 297 2760 351 Illi
2785 294 3174 351 tilliiPllNCT.
3220 294 3305 349 AD
3343 291 3666 349 STELEC".
3700 292 3826 348 LIB.
3870 294 3931 346 ll:
3987 292 4092 346 υἰΞο

856 422 1005 486 longe
1036 420 1247 472 remotis
1270 420 1415 483 dare,
1448 430 1492 471 et
1528 420 1592 471 ah
1624 419 1746 481 illis,
1778 435 1894 486 qutc
1923 433 2083 488 penes
2112 434 2167 471 se
2197 418 2411 476 habent,

856 524 1067 561 extensa
1096 512 1261 561 Solum
1294 526 1448 561 manu
1478 510 1717 576 :tt‘t'iprl't:
1744 509 1881 560 licet.
1919 508 2067 571 Quod
2097 508 2138 559 si
2170 506 2286 575 quis
2315 506 2416 558 alia

856 616 1099 650 sermone
1124 600 1363 667 persequi
1390 600 1687 657 tentaverit,
1722 599 1772 649 in
1791 598 2167 666 longitudinem
2197 596 2419 648 immen-

856 705 963 738 sam
1015 689 1225 747 incidet,
1264 703 1355 739 nec
1386 688 1465 743 vel
1516 688 1757 756 exiguam
1801 698 2001 754 partem
2033 687 2287 753 attingere
2328 699 2416 753 po-

857 780 976 829 terit
1004 798 1014 830 :
1046 778 1305 844 quomodo
1344 778 1485 829 enim
1510 819 1521 839 ,
1557 780 1713 829 homo
1741 793 1857 830 cum
1910 778 2011 842 sit,
2042 776 2296 829 infinitam
2327 774 2418 830 [lci

856 868 1162 932 sapientiam
1192 869 1361 918 un-tiri
1403 867 1773 933 aggrediatur?
1798 868 1976 934 Cogita
2021 867 2228 919 interim
2275 867 2420 934 plan-

860 967 1026 1007 tarum
1079 958 1419 1018 varietatem,
1469 957 1881 1019 t'rucliferarutu,
1938 956 2416 1019 infructuosarum,

857 1063 1035 1096 earnm
1064 1062 1179 1114 qnze
1212 1048 1261 1099 in
1293 1048 1520 1099 desertis
1541 1090 1553 1112 ,
1586 1064 1702 1116 qua:
1734 1049 1783 1100 iu
1810 1049 1950 1115 agris
1980 1048 2153 1110 cultis,
2193 1049 2243 1100 iu
2272 1062 2421 1101 mon-

866 1136 1022 1195 libus,
1060 1137 1107 1187 in
1131 1137 1344 1201 planitie
1377 1155 1386 1187 :
1422 1138 1694 1189 considera
1728 1138 2087 1191 diversitatem
2124 1139 2176 1191 in
2205 1138 2419 1190 semiui-

862 1227 976 1283 ilil‘,
1014 1227 1060 1276 in
1094 1227 1340 1287 Metilium
1376 1227 1424 1277 in
1455 1228 1669 1278 lloribus
1690 1269 1704 1290 ,
1732 1228 1780 1278 iu
1817 1228 2132 1280 animalibus
2161 1230 2421 1282 terrestri-

862 1319 986 1379 lius,
1022 1318 1068 1366 in
1094 1317 1408 1383 :nnpbihiis.
1446 1320 1494 1369 in
1524 1320 1828 1371 ualatilibus
1858 1337 1869 1370 :
1899 1320 2162 1387 perpende
2190 1321 2411 1373 visibilia

859 1410 1031 1457 oiuiiia
1067 1419 1275 1474 propter
1322 1425 1413 1459 tios
1445 1408 1576 1460 facta
1602 1451 1614 1473 ,
1642 1412 1848 1473 uelum,
1882 1421 2111 1476 terram,
2153 1427 2317 1475 mare,
2369 1422 2421 1465 et

861 1500 1033 1549 munia
1068 1516 1182 1565 quas
1231 1501 1279 1551 in
1307 1502 1382 1552 eis
1410 1512 1549 1552 sunt.
1578 1503 2026 1567 Qucmzulutodum
2055 1503 2194 1555 cuitu
2226 1504 2267 1554 si
2304 1504 2421 1572 quis

862 1590 1053 1651 regiam
1102 1590 1426 1656 splendidam
1482 1593 1869 1653 construxerit,
1918 1593 2082 1645 multo
2137 1592 2417 1662 fulgentem

858 1695 986 1729 :IIIIU
1009 1720 1020 1739 ,
1053 1684 1214 1731 multo
1241 1697 1562 1747 gemmarum
1609 1683 1778 1735 nitore
1810 1702 1821 1733 :
1859 1684 1924 1735 ita
1968 1684 2218 1736 mundum
2260 1684 2417 1736 labri-

857 1778 1003 1819 ratus
1040 1769 1192 1825 licus,
1238 1771 1501 1822 hominem
1550 1772 1853 1832 introduxit,
1883 1782 1939 1824 ut
1986 1774 2034 1825 iu
2086 1773 2198 1825 Iree
2243 1774 2417 1825 omnia

860 1875 1072 1926 regnum
1101 1862 1378 1913 obtineret.
1413 1864 1665 1931 Quodque
1707 1865 1860 1931 longe
1898 1866 2186 1918 mirabilius
2224 1870 2275 1917 in
2324 1866 2417 1920 hac

858 1949 1015 1999 titttlttt
1043 1961 1140 2012 est,
1168 1968 1267 2002 non
1297 1968 1360 2003 ex
1404 1953 1665 2020 lapidibus
1706 1964 1897 2007 tectum
1931 1957 2289 2019 concinnavit,
2326 1956 2419 2023 sed

859 2058 869 2085 ι
898 2053 922 2087 x
960 2039 1059 2089 alia
1095 2042 1404 2105 pretiosiore
1435 2045 1650 2097 materia
1690 2045 1942 2109 condidit,
1973 2062 2142 2114 neque
2167 2048 2418 2099 candela-

861 2126 938 2176 bri
980 2129 1121 2181 aurei
1151 2130 1413 2184 thunmam
1451 2134 1689 2187 accendit
1713 2176 1727 2199 ,
1756 2135 1847 2188 scd
1894 2151 2119 2204 superne
2151 2137 2421 2206 lampadas

861 2230 1080 2280 polletis,
1113 2232 1199 2268 eas
1230 2236 1318 2286 per
1362 2220 1549 2273 domus
1577 2232 1769 2275 tectum
1798 2225 2096 2278 discurrere
2120 2226 2296 2294 jussit,
2350 2228 2418 2280 ita

860 2316 909 2356 ut
941 2307 985 2357 id
1022 2325 1121 2359 non
1155 2311 1278 2361 utile
1308 2311 1462 2363 modo
1493 2323 1652 2376 esset,
1683 2314 1773 2367 sed
1808 2331 2046 2383 magnam
2077 2320 2235 2369 etiam
2270 2318 2420 2371 nobis

863 2409 1069 2461 pareret
1100 2400 1439 2467 voluptatem,
1494 2404 1845 2468 pavimentum
1889 2414 2063 2458 autem
2111 2409 2275 2459 instar
2306 2408 2418 2476 Opi-

861 2499 999 2551 par.e
1032 2503 1226 2537 ineusa:
1256 2488 1529 2551 adornavit
1561 2510 1570 2541 :
1604 2501 1654 2543 et
1682 2491 1792 2544 hare
1820 2494 2041 2559 praebuit
2072 2496 2141 2559 ci,
2170 2496 2256 2563 qui
2290 2496 2417 2549 nihil

857 2574 1025 2623 adhuc
1051 2576 1169 2626 boui
1198 2576 1524 2631 exhibuerat.
1550 2578 1919 2635 Verumtamen
1949 2593 2066 2651 post
2092 2594 2235 2638 tanta
2258 2586 2415 2651 dona,

857 2679 974 2712 t'tllll
1004 2681 1123 2729 erga
1168 2666 1455 2719 heneticum
1484 2668 1640 2721 homo
1683 2685 1739 2723 se
1769 2672 2029 2740 ingratum
2076 2677 2415 2742 pra:bui5set,

859 2769 960 2802 non
993 2753 1108 2805 ideo
1149 2755 1291 2808 illum
1337 2756 1538 2811 honore
1581 2760 1833 2826 privavit,
1866 2763 1957 2815 sed
1988 2766 2185 2832 expulit
2214 2776 2414 2820 tantum

856 2860 915 2894 ex
947 2846 1205 2911 paradiso,
1235 2858 1389 2915 atque
1413 2850 1487 2901 sic
1515 2852 1805 2918 castigavit.
1829 2864 1881 2906 ut
1906 2854 2162 2923 ingratum
2183 2858 2416 2910 animum

858 2938 989 2988 ultra
1019 2939 1300 3005 procedere
1328 2941 1617 3003 cohiberet,
1648 2954 1699 2997 ct
1726 2945 1789 2997 ad
1821 2947 1998 3015 pejora
2027 2948 2292 3002 declinare
2317 2952 2415 3002 iiu-

857 3026 1078 3089 pediict.
1115 3028 1233 3080 lluec
1276 3046 1429 3095 porro
1457 3032 1669 3095 omnia,
1703 3034 1885 3101 hisque
1917 3036 2095 3103 ph‘u'a,
2126 3053 2302 3090 secum
2334 3055 2414 3091 re-

857 3124 1044 3179 putans
1082 3118 1367 3184 apostolus,
1401 3129 1581 3189 utpote
1611 3123 1791 3175 divino
1835 3136 2009 3178 motus
2039 3126 2267 3193 Spiritu,
2299 3144 2416 3198 qua:

852 3204 917 3253 ah
968 3204 1137 3267 initio,
1191 3222 1307 3274 qua:
1352 3211 1610 3276 quotidie,
1642 3227 1759 3280 qua:
1805 3214 1853 3265 in
1899 3216 2153 3283 singulos,
2201 3232 2318 3285 qure
2364 3219 2414 3271 iu

852 3308 1037 3345 manes
1080 3294 1253 3357 sintut,
1299 3314 1415 3365 quze
1464 3299 1657 3366 palam,
1706 3318 1822 3369 qum
1870 3303 2198 3369 clanculum,
2252 3308 2416 3361 multo

854 3383 1000 3448 plura
1035 3384 1113 3442 iis.
1148 3402 1261 3453 qua:
1304 3389 1575 3442 nuutifcsta
1609 3402 1762 3455 sunt;
1794 3394 1917 3446 item
1966 3412 2081 3463 qua:
2120 3398 2413 3452 secundum

857 3476 1205 3528 oa-iiuomiam
1239 3478 1487 3547 unigeniti
1518 3481 1631 3535 Filii
1664 3485 1777 3549 Dei,
1810 3484 1981 3539 futura
2013 3504 2222 3559 quoque
2252 3491 2411 3555 bona.

849 3574 899 3614 et
927 3566 1099 3617 oiiiiiia
1128 3566 1335 3619 denunu
1360 3571 1811 3641 circumspiciens,
1835 3586 1993 3645 atque
2013 3579 2414 3635 incnarrabilcm

854 3654 943 3707 ltei
971 3671 1207 3711 amorem
1256 3661 1484 3729 undique
1511 3665 1765 3734 colligens
1795 3678 1847 3721 et
1890 3670 2155 3738 cogitans,
2184 3675 2331 3740 quasi
2364 3675 2411 3726 in

852 3747 1169 3802 immensum
1214 3752 1427 3820 pelagus
1475 3754 1755 3825 delapsus,
1809 3751 1885 3813 sic
1930 3761 2145 3816 edidicit
2196 3774 2323 3833 quot
2363 3776 2417 3820 et

851 3839 1061 3905 quantis
1090 3852 1227 3894 esset
1259 3845 1547 3899 rationibus
1575 3848 1855 3904 reddendis
1882 3852 2160 3915 obnoxius,
2190 3872 2412 3923 quarum

849 3944 917 3981 ne
962 3930 1231 3983 minimam
1284 3944 1483 4000 partem
1534 3938 1784 3994 exhibere
1814 3951 2039 4008 poterat.
2081 3945 2416 4015 Quapropter

852 4021 973 4072 talia
999 4022 1327 4090 loquebatur,
1363 4036 1415 4081 ct
1442 4028 1657 4083 minima
1704 4032 1915 4100 quidem
1962 4046 2175 4103 peccata
2226 4054 2415 4107 magna

848 4127 967 4165 cum
1011 4114 1283 4183 diligentia
1310 4120 1663 4187 scrutabatur,
1698 4137 1841 4181 recte
1884 4126 2017 4181 facta
2061 4139 2234 4183 autem
2282 4133 2416 4187 obli-

847 4203 987 4257 vioni
1020 4206 1333 4277 mandabat,
1351 4210 1454 4263 Sed
1485 4227 1588 4264 non
1615 4215 1830 4280 perinde
1848 4233 1964 4280 nos,
1985 4221 2072 4288 qui
2100 4220 2415 4278 delictorum

848 4291 1083 4360 quidem,
1133 4295 1253 4351 licet
1297 4301 1458 4353 multa
1509 4318 1803 4374 magnaque
1843 4310 1963 4373 sint,
2010 4326 2108 4364 nec
2152 4314 2411 4370 rationem

850 4382 1129 4452 habemus,
1163 4402 1258 4441 nec
1275 4392 1598 4447 mentionem
1627 4394 1846 4451 faciams
1872 4416 1885 4452 :
1912 4400 1953 4453 si
1979 4401 2103 4470 quid
2130 4413 2305 4459 autem
2330 4408 2412 4461 vcl

847 4476 1123 4530 minimum
1152 4478 1273 4547 boni
1297 4479 1598 4550 fecerimus,
1623 4486 1673 4540 id
1702 4487 1838 4542 ultro
1868 4491 2105 4562 citroque
2125 4496 2409 4563 iactamus,

845 4584 940 4623 nec
979 4570 1122 4639 prius
1148 4572 1379 4641 jactandi
1410 4584 1464 4630 et
1492 4578 1752 4647 gloriandi
1796 4582 1951 4636 linem
1982 4584 2221 4654 facimus,
2255 4604 2414 4657 quam

844 4678 1064 4729 parvum
1113 4664 1236 4719 illud
1268 4682 1360 4736 per
1406 4675 1760 4740 arrogantiam
1802 4675 2090 4732 deleamus.
2124 4679 2247 4735 [hec
2288 4684 2412 4736 item

852 4754 1184 4823 perpendens
1223 4757 1431 4811 David‘
1476 4758 1724 4817 dicebat:
1771 4763 1907 4830 Quid
1947 4778 2018 4820 est
2066 4769 2234 4836 homo,
2279 4775 2413 4842 quod

846 4858 1035 4894 memor
1060 4861 1110 4897 es
1134 4847 1242 4914 ejus
1275 4846 1439 4921 (Psqf.
1467 4851 1519 4906 8.
1540 4852 1615 4919 5).
1644 4852 1825 4923 Neque
1852 4855 1900 4909 id
1934 4860 2128 4926 solum,
2158 4864 2249 4916 sed
2279 4866 2298 4896 ³
2327 4866 2410 4919 in-

842 4943 1048 4997 gratum
1100 4936 1332 4992 animum
1376 4943 1492 5009 ejus
1532 4942 1779 4999 incusans
1823 4946 2076 5004 dicebat:
2113 4953 2279 5008 Ilomo
2302 4974 2413 5011 cum

843 5024 894 5073 in
918 5023 1110 5078 honore
1137 5037 1278 5095 esset,
1307 5047 1404 5084 non
1427 5034 1668 5089 intellexit
1694 5052 1713 5089 :
1740 5052 2055 5109 comparatus
2077 5054 2150 5097 est
2167 5047 2413 5114 jumenlis

841 5114 1190 5211 insipientium
1208 5159 1226 5183 ,
1253 5130 1297 5211 et
1324 5122 1500 5211 similis
1528 5128 1689 5195 factus
1718 5139 1787 5183 est
1812 5132 1883 5185 eis
1906 5131 2074 5205 (Psat.
2106 5138 2194 5191 48.
2230 5140 2340 5211 15).

913 5204 965 5255 6.
996 5204 1124 5259 Illud
1154 5210 1283 5276 grati
1325 5210 1507 5267 famuli
1535 5225 1616 5269 est
1638 5258 1653 5282 ,
1676 5218 1925 5275 beneficia
1974 5227 2218 5281 omnibus
2258 5204 2415 5284 simul

840 5293 1031 5346 collata
1053 5337 1068 5361 ,
1100 5297 1198 5350 sibi
1232 5303 1437 5370 propria
1467 5305 1771 5363 existimare
1795 5349 1807 5372 ,
1838 5320 1995 5381 atque
2024 5314 2089 5367 ita
2133 5317 2411 5372 sollicitum

839 5398 957 5438 esse
983 5400 1045 5439 ac
1074 5387 1118 5440 si
1152 5392 1385 5446 omnium
1415 5394 1623 5452 debitor
1644 5408 1803 5454 esset.
1844 5402 1993 5470 Quod
2022 5407 2178 5460 etiam
2221 5407 2415 5465 Paulus

902 5608 921 5690 ξ
954 5610 1461 5690 ξίιξιδιοξςξτμοιηςονὶι.,
1487 5618 1573 5667 sed
1605 5618 1755 5681 Colb.,
1782 5618 1885 5671 hac
1903 5625 2199 5686 perpendens
2214 5628 2390 5690 justus.

902 5677 923 5709 ³
957 5674 1082 5726 mlh.
1108 5676 1251 5734 addit,
1276 5674 1465 5727 iterum.

2525 414 2744 469 faciebat
2772 419 2789 485 (
2818 433 2847 471 c
2877 434 2931 470 re
2960 433 3185 487 namque
3207 416 3360 471 fucrit
3389 417 3533 471 illum
3560 416 3733 470 denuo
3758 430 4088 469 commemo-

2519 508 2678 573 rare),
2704 523 2822 559 eum
2842 507 3259 561 dieitDoininum
3283 524 3375 576 pro
3396 522 3452 561 se
3475 516 3734 560 mortuum
3757 520 3876 559 esse
3903 524 3914 557 :
3947 506 4092 569 Quod

2519 607 2703 655 autem,
2731 598 2916 665 inquit,
2940 614 3069 649 more
3093 598 3199 648 vivo
3220 597 3269 648 in
3296 613 3462 661 carne,
3493 597 3544 648 in
3572 596 3673 663 ﬁde
3697 596 3803 647 vivo
3829 594 3953 646 Filii
3979 594 4091 653 Dei,

2520 690 2605 753 qui
2621 690 2792 741 dilexit
2810 705 2904 748 me.
2927 699 2971 739 et
2986 687 3191 740 tradidit
3206 688 3516 754 semetipsum
3534 703 3622 755 pro
3639 703 3715 739 me
3733 684 3874 755 (Gut.
3900 686 3957 737 2.
3975 684 4090 752 20).

2523 777 2645 832 llwc
2685 792 2841 844 porro
2872 778 3078 831 dicebat
3107 792 3211 829 non
3243 787 3298 829 ut
3325 774 3522 830 Christi
3560 776 3756 829 donum
3796 775 4091 829 coatrabe-

2523 878 2620 931 ret,
2650 868 2739 920 scd
2770 878 2825 919 ut
2848 868 3020 935 quoad
3046 876 3231 931 totum,
3260 881 3317 920 se
3339 866 3624 920 obnoxium
3646 868 4017 925 constitueret,
4042 875 4094 917 et

2522 959 2744 1026 singulis
2774 968 2827 1011 ut
2853 959 2928 1011 sic
2956 956 3128 1012 affecti
3168 966 3347 1010 essent
3376 956 3735 1024 persuaderet.
3763 956 3896 1009 Nam
3923 956 3968 1009 si
4002 970 4095 1023 pro

2523 1065 2627 1101 uno
2658 1058 2856 1101 tantum
2888 1048 3099 1103 homine
3130 1048 3357 1100 venisset
3394 1045 3633 1100 Christus
3656 1084 3670 1109 ,
3704 1059 3807 1097 nou
3851 1044 3971 1097 ideo
4000 1044 4094 1095 uti-

2524 1148 2771 1191 nucretur
2794 1137 3012 1201 donum,
3036 1138 3127 1191 sed
3154 1137 3321 1205 majus
3342 1150 3456 1190 esse
3476 1134 3931 1204 comprobaretur.
3955 1134 4095 1198 Quo-

2524 1229 2713 1281 modo?
2732 1228 2863 1293 Quia
2901 1244 2995 1295 pro
3030 1242 3133 1280 uno
3161 1235 3361 1279 tantam
3389 1224 3799 1279 sollicitudinem
3845 1224 4097 1276 habuisse

2522 1317 2803 1377 videretur,
2826 1324 3072 1384 quantam
3102 1315 3210 1381 ille,
3231 1314 3318 1383 qui
3342 1330 3496 1367 uuam
3518 1328 3668 1367 ovem
3691 1326 3954 1380 quzrrens,
3980 1310 4031 1363 id
4067 1326 4100 1364 ο

2525 1407 2830 1459 turbabatur
2864 1416 2917 1460 et
2958 1406 3135 1459 flebat.
3168 1406 3221 1458 Si
3251 1404 3391 1457 enim
3418 1405 3480 1469 ii,
3510 1404 3596 1471 qui
3632 1403 3881 1471 pecunias
3913 1412 4099 1454 mutuo

2521 1506 2873 1565 acceperunt,
2906 1511 3003 1549 nec
3031 1496 3283 1548 solvendo
3305 1509 3459 1563 pares
3499 1503 3622 1546 sunt
3650 1535 3665 1558 ,
3693 1493 3784 1546 sed
3820 1494 3871 1545 in
3905 1507 4099 1559 magno

2521 1591 2640 1643 a'ris
2688 1590 2847 1644 alicui
2895 1587 3156 1657 profundo
3198 1587 3460 1649 demersi,
3507 1601 3605 1640 nec
3638 1586 3964 1647 comedunt,
4000 1601 4101 1640 nec

2521 1680 2808 1745 dormiunt,
2839 1680 3189 1734 sollicitudine
3216 1678 3497 1732 excruciati
3529 1679 3734 1746 :justus
3757 1679 3843 1746 qui
3872 1676 4021 1731 videt
4043 1694 4100 1731 se

2523 1787 2625 1824 non
2656 1786 2749 1840 pro
2772 1771 3027 1839 p‘ecnniis,
3051 1770 3143 1823 sed
3174 1785 3268 1837 pro
3293 1768 3614 1822 facinoribus
3634 1784 3750 1821 esse
3771 1768 4098 1831 debitorem,

2520 1862 2644 1931 quid
2673 1878 2774 1915 non
2800 1861 3058 1930 patiatur?
3084 1860 3309 1925 Sedrnos
3328 1875 3431 1914 nou
3452 1860 3541 1925 ita;
3566 1875 3683 1913 nam
3712 1860 3753 1912 si
3777 1875 3965 1927 parum
3994 1862 4101 1913 sol-

2522 1968 2706 2007 vamus
2734 1994 2747 2017 ,
2781 1954 2849 2005 ita
2879 1952 3051 2006 allecti
3095 1966 3279 2005 sumus
3303 1990 3321 2016 ,
3350 1966 3411 2004 ac
3437 1951 3478 2004 si
3512 1960 3675 2003 totum
3705 1951 4055 2004 solvisscmus
4082 1969 4099 2014 ;

2523 2046 2629 2099 imo
2648 2042 2829 2114 ,‘quod
2859 2046 3013 2114 longe
3038 2043 3271 2098 deterius
3292 2054 3403 2105 est,
3433 2058 3500 2098 ne
3536 2059 3753 2113 parvum
3784 2043 4003 2111 quidem
4033 2045 4099 2095 il-

2522 2137 2607 2189 Iud
2638 2152 2756 2191 cum
2782 2152 2841 2189 ea
2871 2136 3163 2201 alacritate,
3184 2151 3300 2205 qua:
3329 2136 3522 2189 liberos
3542 2136 3710 2198 decet,
3736 2135 3977 2195 facimus,
4003 2136 4101 2188 sed

2522 2229 2664 2299 prius
2713 2228 3056 2297 inquirimus,
3085 2229 3128 2281 si
3180 2227 3479 2282 mercedem
3525 2226 3742 2288 habeat,
3787 2227 3833 2278 si
3874 2228 4101 2279 multam

2522 2324 2742 2389 haheat,
2766 2325 2808 2376 si
2835 2323 2883 2376 id
2913 2324 3064 2377 nobis
3092 2331 3363 2391 reputctur
3383 2363 3397 2385 ,
3428 2336 3489 2374 ac
3520 2321 3858 2375 illiberaliqu
3887 2335 4099 2373 merce-

2523 2414 2893 2481 nariorumque
2920 2412 3075 2465 verba
3110 2411 3443 2479 proferimus.
3471 2410 3605 2475 Quid
3634 2411 3731 2474 ais,
3755 2426 3787 2463 ο
3810 2411 3971 2461 homo
4005 2425 4100 2477 pu-

2522 2504 2798 2557 sillanituis
2846 2513 2899 2556 et
2948 2503 3163 2557 infelix?
3206 2517 3291 2556 res
3352 2502 3457 2555 Deo
3505 2501 3691 2569 placita
3749 2500 3950 2570 agenda
4004 2501 4102 2552 tihi

2523 2594 2830 2661 pr0pouitur
2850 2634 2863 2656 ,
2894 2604 2947 2646 ct
2994 2604 3045 2647 tu
3086 2593 3152 2647 de
3193 2593 3438 2653 mercede
3468 2593 3723 2645 sollicitus
3750 2593 3845 2646 es?
3873 2592 3928 2645 Si
3976 2600 4102 2660 post

2523 2693 2786 2751 peractam
2836 2700 2945 2736 rem
2976 2684 3026 2736 in
3069 2683 3363 2751 gehennam
3411 2682 3775 2751 conjiciendus
3800 2697 3947 2735 esses
3972 2722 3988 2746 ,
4029 2698 4105 2734 an

2521 2775 2919 2829 detrectandqu
2964 2774 3143 2828 cs5et?
3173 2789 3346 2827 nonne
3376 2783 3497 2826 ltltlc
3524 2774 3682 2826 etiam
3733 2787 3919 2841 magna
3967 2788 4099 2826 eum

2518 2865 2788 2919 alacritate
2811 2880 3023 2917 manum
3053 2866 3204 2918 bonis
3226 2864 3474 2932 operibus
3496 2863 3779 2916 admovere
3806 2878 3897 2930 par
3919 2862 4101 2915 cs‘set?

2522 2954 2654 3009 Rem
2687 2955 2792 3007 Deo
2822 2966 3088 3022 acceptam
3118 2955 3245 3007 facis
3269 2997 3283 3020 ,
3311 2963 3363 3007 et
3392 2956 3546 3007 aliam
3584 2954 3881 3009 mercedem
3916 2954 4101 3023 requi-

2520 3047 2631 3100 ris?
2658 3047 2793 3101 Vere
2824 3047 3033 3115 ignoras
3055 3057 3305 3115 quantum
3338 3046 3761 3114 bonisitplacere
3792 3046 3897 3096 Iteo
3928 3046 4011 3099 :si
4048 3046 4099 3099 id

2519 3154 2745 3209 namque
2775 3141 2958 3203 scires,
2992 3139 3193 3191 nullum
3227 3137 3365 3190 aliud
3397 3138 3515 3190 huic
3544 3153 3637 3207 par
3668 3138 3939 3205 prsemium
3973 3151 4100 3191 esse

2520 3242 2753 3301 putares.
2788 3231 2969 3285 Nescis
2998 3232 3086 3283 tibi
3128 3229 3424 3283 mercedem
3452 3271 3465 3292 ,
3496 3230 3673 3297 augeri
3696 3268 3711 3293 ,
3739 3228 3951 3296 quando
3985 3244 4098 3281 non

2518 3336 2612 3390 spe
2662 3322 2924 3374 mercedis
2953 3338 3068 3390 quin
3097 3320 3287 3373 decent
3325 3320 3596 3387 Operaris?
3623 3318 3906 3385 lgnorasue
3950 3320 4100 3387 apud

2519 3412 2761 3466 homines
2791 3428 2883 3465 eos
2924 3411 3151 3464 maxime
3179 3413 3227 3463 in
3261 3411 3460 3463 honore
3487 3412 3552 3463 ab
3581 3410 3825 3462 ouinitius
3864 3406 4054 3460 haberi
4083 3449 4101 3471 ,

2517 3503 2603 3571 qui
2632 3513 2754 3556 ante
2782 3501 3081 3555 mercedem
3107 3501 3170 3553 ad
3203 3502 3282 3553 sui
3316 3499 3561 3568 placitum
3596 3499 3918 3567 respiciunt,
3948 3509 4004 3551 et
4030 3500 4104 3553 de

2516 3595 2704 3649 eodem
2737 3594 2929 3663 placito
2959 3594 3125 3661 magis
3150 3592 3357 3646 solliciti
3386 3601 3529 3652 sunt,
3553 3606 3710 3659 quam
3735 3590 3800 3644 de
3828 3590 4056 3659 prminio
4078 3592 4104 3642 ἲ

2518 3684 2660 3739 Itane
2689 3684 2930 3737 homines
2962 3700 3085 3752 erga
3114 3696 3403 3737 conservos
3433 3696 3558 3735 suos
3589 3689 3695 3734 tam
3726 3695 3984 3749 generose
4018 3681 4102 3734 af-

2517 3777 2638 3831 fecti
2670 3787 2822 3841 sunt;
2849 3787 2901 3829 tu
2935 3791 3059 3830 vero
3091 3784 3165 3829 tot
3193 3775 3465 3829 beneficiis
3499 3789 3530 3827 a
3576 3774 3796 3827 Domino
3830 3782 4057 3827 ornatus
4082 3816 4097 3837 ,

2517 3876 2699 3936 totque
2722 3875 3035 3935 exspectans
3065 3865 3131 3918 ab
3162 3866 3248 3917 illo
3277 3863 3412 3917 bona
3432 3904 3447 3929 ,
3469 3878 3589 3917 cum
3614 3862 3813 3933 aliquid
3854 3863 3919 3915 ad
3949 3864 4103 3917 salu-

2520 3967 2623 4009 tem
2656 3956 2929 4025 pertinens
2956 3964 3098 4008 tuam
3129 3954 3389 4023 agendum
3416 3961 3517 4017 est,
3550 3963 3829 4022 antequam
3858 3967 3991 4021 opus
4013 3962 4102 4007 at-

2519 4036 2706 4117 tingas,
2730 4047 2795 4101 de
2824 4046 3066 4101 mercede
3091 4048 3297 4101 curiose
3320 4045 3577 4115 inquiris?
3596 4045 3721 4100 Ideo
3744 4059 3927 4098 sumus
3944 4058 4098 4098 sem—

2518 4156 2612 4209 per
2655 4140 2869 4209 frigidi,
2896 4139 3226 4194 miserabiles
3249 4179 3264 4202 ,
3297 4153 3393 4193 nec
3421 4137 3485 4191 ad
3530 4137 3801 4207 quidpiam
3844 4139 4100 4207 generosi

2516 4230 2776 4299 agendum
2830 4230 2997 4298 parati
3034 4248 3046 4283 :
3079 4229 3195 4283 ideo
3244 4230 3294 4281 in
3347 4228 3755 4295 compunctione
3800 4241 4097 4296 numquam

2517 4320 2708 4390 degere
2731 4362 2743 4385 ,
2776 4335 2946 4389 neque
2982 4319 3212 4372 animam
3242 4329 3475 4373 nostram
3504 4319 3584 4372 vel
3625 4318 3899 4372 ntinimum
3939 4317 4099 4373 colli-

2516 4427 2641 4481 gere
2671 4427 2971 4481 possumus.
3001 4410 3212 4465 Etenim
3240 4419 3450 4480 peccata
3479 4418 3657 4463 nostra
3685 4424 3791 4463 non
3812 4408 4098 4477 diligenter

2455 4537 2463 4546 -
2517 4502 2916 4557 consideramus
2939 4544 2952 4566 ,
2982 4502 3072 4555 Dei
3102 4501 3355 4561 beneﬁcia
3386 4516 3488 4553 non
3520 4508 3837 4561 scrutamur.
3860 4497 3926 4551 ad
3949 4499 4099 4554 viros

2520 4594 2768 4663 praeclara
2815 4608 2976 4661 opera
3008 4593 3225 4647 edentes
3254 4608 3357 4645 non
3402 4591 3734 4659 respicimus.
3762 4588 3965 4644 Idcirco
4008 4590 4099 4645 bo-

2518 4700 2703 4739 norum
2736 4700 2957 4752 Operuin
2983 4684 3373 4749 obliviscimur,
3396 4684 3517 4752 quia
3548 4696 3829 4751 prosperos
3866 4691 4098 4735 eventus

2516 4788 2620 4828 non
2665 4774 2933 4829 moderate
2970 4772 3189 4829 ferimus
3212 4811 3229 4838 ,
3252 4786 3423 4841 neque
3446 4812 3461 4838 ,
3488 4781 3545 4824 ut
3598 4770 3902 4839 frequenter
3937 4769 4054 4823 dixi
4079 4811 4097 4835 ,

2515 4865 2726 4931 quando
2750 4882 2844 4919 nos
2877 4845 3186 4936 peccatores
3217 4878 3493 4929 vocamus,
3522 4878 3643 4917 cum
3670 4862 3892 4917 veritate
3921 4861 4099 4932 loqui—

2516 4974 2651 5011 mur.
2683 4958 2737 5011 ld
2761 4956 2883 5016 inde
2914 4956 3116 5026 liquet,
3140 4954 3279 5025 quod
3305 4970 3424 5009 cum
3455 4954 3678 5024 idipsum
3706 4954 3773 5008 ab
3798 4953 3914 5005 aliis
3941 4953 4101 5006 audi-

2516 5065 2655 5111 mus,
2678 5046 3139 5113 excaudes‘cimus,
3165 5045 3469 5111 efferamur,
3493 5044 3867 5100 contumeliam
3900 5042 3949 5096 id
3972 5057 4101 5099 esse

2516 5141 2760 5195 dicimus.
2787 5140 2861 5193 Ita
2881 5140 3018 5209 apud
3042 5154 3138 5194 nos
3160 5140 3335 5193 omnia
3358 5137 3621 5210 hypocrisi
3655 5136 3806 5206 plena
3830 5144 3976 5201 sunt,
3996 5151 4102 5203 nec

2518 5238 2784 5291 imitamur
2824 5237 3160 5306 publicanum
3186 5276 3200 5301 ,
3229 5236 3316 5305 qui
3347 5233 3569 5288 alterius
3607 5233 3706 5287 sibi
3752 5238 4099 5300 peccatorum

2518 5328 2906 5382 nudtitudincm
2931 5327 3303 5396 exprobrantis
3331 5324 3706 5380 contumeliam
3729 5322 3959 5376 libenter
3985 5334 4102 5377 Sus.

2518 5420 2719 5489 cipieus
2745 5461 2761 5485 ,
2796 5435 2888 5488 per
2926 5434 3088 5488 Opera
3138 5419 3340 5471 lucrum
3388 5411 3899 5471 retulitzdesceudit
3949 5412 4098 5466 enim

2514 5512 2832 5581 justiticatus
2880 5511 3055 5579 potius
3095 5524 3252 5577 quam
3297 5508 3610 5562 l‘harismus.
3655 5504 3764 5561 Nos
3804 5513 3983 5558 autem
4030 5518 4101 5556 ne

2522 5602 2715 5657 scimus
2735 5600 2946 5672 quidem
2963 5600 3086 5671 quid
3107 5600 3176 5654 sit
3195 5599 3453 5654 confessio
3470 5597 3620 5669 (Luc.
3644 5598 3730 5653 18.
3753 5598 3859 5665 ﬂ),
3884 5596 4098 5652 etiamsi

2525 5692 2740 5749 infinitis
2766 5694 2917 5748 malis
2944 5692 3130 5762 repleti
3148 5692 3311 5747 simus
3332 5710 3342 5745 :
3362 5706 3481 5746 cum
3509 5698 3779 5761 oporteret
3796 5703 3901 5744 non
3921 5689 4101 5742 solum
