4266 6314
261 424 360 481 ιει

270 531 554 585 persuasus
582 532 702 572 esse
741 519 1018 574 innumera
1057 534 1155 575 nos
1191 521 1328 575 mala
1360 531 1728 591 perpetrasse,
1757 520 1851 587 sed

268 609 427 662 etiam
453 618 664 677 peccata
684 621 861 665 nostra
879 611 1054 665 omnia
1083 620 1191 664 tum
1215 626 1395 682 parva,
1421 621 1529 664 tum
1557 626 1764 680 magna,
1797 610 1850 664 in

270 699 431 753 corde
455 713 549 754 ceu
568 700 620 753 in
640 699 776 754 libro
803 701 1069 769 descripta
1090 701 1306 764 habere,
1325 711 1398 764 et,
1419 717 1480 756 ac
1505 702 1550 755 si
1578 718 1747 771 nuper
1760 701 1855 755 ad-

270 787 430 841 missa
454 796 654 853 essent,
684 789 880 858 lugere.
900 789 971 843 ita
995 790 1137 844 enim
1153 790 1315 844 animi
1335 791 1688 860 arrogantiam
1709 789 1855 844 cohi-

267 882 540 947 heremus,
560 881 604 934 si
624 881 925 952 frequenter
939 883 1012 936 illi
1032 883 1241 952 propria
1261 882 1398 936 mala
1410 896 1858 936 commemorare-

268 986 409 1025 mus.
438 970 665 1026 Tantum
696 980 781 1026 est
823 972 1016 1025 bonum
1058 982 1398 1042 peccatorum
1430 971 1730 1026 recordatio
1751 1011 1769 1038 ,
1801 981 1858 1026 ut

268 1061 457 1115 beatus
485 1062 679 1116 Paulus
701 1061 809 1132 jam
842 1061 1012 1117 deleta
1044 1062 1266 1116 crimina
1301 1061 1608 1131 frequenter
1646 1061 1697 1115 in
1740 1077 1856 1115 me-

269 1152 418 1205 dium
449 1151 756 1208 adduceret.
783 1153 916 1220 Quia
942 1153 1083 1208 enim
1123 1154 1300 1222 priora
1341 1153 1521 1207 omnia
1548 1169 1642 1223 per
1683 1152 1854 1221 bapti-

267 1258 448 1297 smum
474 1244 735 1310 abluerat,
767 1253 821 1298 et
851 1254 1034 1314 postea
1070 1259 1201 1315 pure
1231 1244 1457 1311 vixerat,
1482 1245 1552 1298 ita
1580 1253 1634 1298 ut
1661 1244 1859 1298 nullius

268 1334 372 1386 sibi
413 1335 658 1388 conscius
684 1344 857 1400 esset,
887 1349 985 1390 nec
1016 1334 1246 1404 peccatis
1270 1344 1415 1390 esset
1447 1335 1733 1390 obstrictus
1763 1351 1859 1404 pro

265 1427 464 1495 quibus
494 1426 865 1496 ingemisceret
886 1468 900 1494 ,
933 1443 992 1482 ea
1021 1443 1139 1496 qua:
1170 1435 1294 1482 ante
1321 1426 1639 1496 baptismum
1685 1426 1860 1481 admi-

269 1526 450 1583 serat,
487 1517 596 1586 jam
643 1518 817 1573 deleta
863 1518 1318 1574 commemorabat
1367 1520 1554 1574 dicens
1587 1536 1600 1572 :
1630 1517 1860 1573 Christus

268 1609 420 1664 Iesus
446 1612 575 1664 venit
605 1612 657 1664 in
686 1611 927 1664 niundum
952 1621 1236 1683 peccatores
1263 1612 1489 1677 saluare,
1514 1627 1728 1678 quorum
1754 1611 1860 1682 pri-

269 1716 384 1752 mus
412 1716 500 1770 ego
530 1716 639 1753 sum
665 1701 743 1771 (1.
770 1699 905 1754 Tim.
935 1702 988 1756 1.
1014 1700 1124 1771 15);
1157 1715 1219 1755 ac
1246 1716 1480 1768 rursum,
1515 1699 1745 1754 Fidelem
1783 1716 1862 1753 me

268 1792 591 1856 existimavit,
623 1809 812 1863 ponens
839 1794 891 1846 in
921 1792 1196 1845 ministerio
1221 1792 1341 1864 :qui
1371 1793 1512 1862 prius
1539 1791 1862 1860 blasphemus

272 1884 369 1952 fui,
401 1893 446 1936 et
476 1895 760 1952 persecutor
787 1883 1172 1937 contumeliosus
1205 1885 1280 1956 (1.
1313 1883 1450 1938 Tim.
1500 1885 1551 1938 1.
1601 1883 1692 1939 12.
1728 1883 1812 1950 15)
1844 1899 1857 1934 :

268 1990 426 2041 supra
454 1974 656 2028 modum
685 1975 814 2026 enim
842 1973 1172 2044 persequebar
1198 1973 1481 2028 Ecclesium
1512 1973 1621 2038 Dei,
1654 1984 1698 2027 et
1719 1974 1865 2026 deva-

267 2064 462 2116 stabam
491 2080 600 2117 cum
621 2065 638 2124 (
659 2062 772 2117 Gal.
807 2065 857 2119 1.
892 2063 989 2135 15)
1016 2081 1028 2128 ;
1059 2074 1113 2118 et
1139 2065 1359 2132 iterum,
1393 2063 1512 2118 Non
1539 2080 1646 2118 sum
1681 2064 1863 2134 dignus

269 2154 438 2207 vocari
465 2154 724 2222 apostolus
750 2156 828 2224 (l.
857 2153 973 2209 Cor.
1000 2156 1086 2209 l5.
1109 2154 1186 2226 9).
1215 2155 1362 2210 Licet
1383 2157 1525 2210 enim
1557 2170 1653 2210 nos
1680 2173 1707 2207 a
1739 2170 1864 2224 pec-

267 2245 402 2299 catis
432 2245 533 2299 illis
561 2245 835 2300 absolutos
858 2245 1127 2312 dimittat,
1160 2255 1383 2316 possunt
1415 2255 1593 2300 tamen
1625 2247 1711 2299 illa
1743 2250 1860 2299 ani—

269 2353 412 2392 mam
456 2337 522 2392 ad
566 2337 938 2391 verecundiam
971 2350 1262 2407 provocare
1290 2346 1344 2392 et
1381 2337 1448 2392 ad
1479 2338 1570 2391 Dei
1619 2351 1858 2391 amorem

267 2428 614 2482 vehementer
642 2428 912 2484 inducere.
942 2429 1151 2483 Etenim
1201 2429 1555 2498 interrogatus
1597 2428 1782 2483 Simon
1830 2444 1862 2482 a

268 2521 531 2587 Domino,
572 2523 690 2591 quis
733 2536 799 2576 ex
847 2522 1052 2576 duobus
1105 2521 1432 2577 debitoribus
1481 2520 1859 2576 fmneratoretn

267 2612 389 2682 plus
416 2612 678 2682 diligeret,
706 2627 827 2666 cum
857 2613 1238 2681 respondisset,
1265 2611 1517 2666 Existimo
1562 2613 1578 2643 ι
1609 2615 1730 2681 quia
1777 2611 1819 2664 is
1839 2651 1855 2678 ,

265 2705 349 2757 cui
393 2704 507 2774 plus
552 2704 756 2758 donavit
784 2745 799 2771 ,
829 2703 1064 2769 audivit,
1106 2703 1257 2758 Recte
1288 2704 1540 2773 judicasti
1600 2703 1751 2774 (Luc.
1803 2703 1856 2757 7.

267 2797 339 2851 43
362 2796 403 2866 ).

345 2886 397 2939 7.
426 2886 556 2940 Cum
587 2885 729 2940 enim
761 2885 1172 2957 recogitabimus
1201 2885 1423 2956 pristina
1453 2894 1706 2957 peccata,
1731 2892 1861 2946 tunc

266 2991 653 3047 cognoscemus
681 2976 871 3038 divina:
900 2978 1084 3047 gratiae
1114 2978 1473 3047 praestantiam
1496 3017 1512 3043 ,
1543 2986 1670 3031 tunc
1707 2976 1857 3031 humi

267 3068 614 3136 respiciemus
637 3108 654 3135 ,
682 3077 807 3123 tunc
853 3084 951 3123 nos
988 3068 1052 3123 ad
1092 3068 1366 3122 meliorem
1406 3068 1609 3138 frugem
1637 3068 1863 3135 recipie-

267 3171 408 3213 mus.
435 3160 643 3224 Quanto
667 3159 807 3212 enim
836 3158 1125 3228 majoribus
1149 3157 1363 3213 obnoxii
1392 3159 1594 3213 erimus
1621 3158 1860 3212 crimini.

267 3249 369 3303 bus
390 3289 406 3314 ,
439 3258 585 3304 tanto
620 3250 809 3319 majori
858 3250 1060 3320 pudore
1105 3249 1420 3306 afﬁciemur.
1443 3250 1640 3306 Paulus
1679 3251 1857 3322 itaque

265 3347 427 3398 etiam
457 3342 800 3411 pristinorum
829 3343 1038 3397 illorum
1065 3341 1477 3407 recordabatur;
1510 3357 1608 3397 nos
1639 3357 1706 3398 ne
1733 3342 1858 3398 illo-

266 3450 388 3491 rum
415 3434 628 3505 quidem
649 3475 664 3503 ,
691 3450 810 3504 qua
854 3444 973 3505 post
1021 3435 1342 3505 baptismum
1390 3435 1735 3502 admisimus,
1767 3450 1856 3489 re-

265 3527 472 3583 cordari
492 3527 754 3593 volumus,
777 3542 896 3596 quae
916 3527 1069 3582 nobis
1085 3525 1375 3595 periculum
1391 3534 1592 3590 creant,
1616 3541 1735 3596 qua:
1758 3540 1855 3580 nos

265 3620 497 3676 examini
526 3619 784 3674 obnoxios
812 3620 1178 3684 constituunt;
1205 3617 1300 3672 sed
1328 3618 1535 3673 etiamsi
1561 3617 1856 3688 cuiuspiam

267 3711 501 3783 ipsorum
528 3710 778 3781 cogitatio
803 3710 956 3764 nobis
978 3709 1240 3775 inciderit,
1257 3709 1536 3763 confestim
1564 3708 1852 3774 resilimus,

267 3819 334 3858 ne
381 3802 528 3858 brevi
574 3799 787 3871 quidem
828 3809 1069 3868 tempore
1108 3799 1340 3853 animam
1385 3813 1446 3854 ea
1491 3798 1859 3854 recordatione

266 3909 501 3950 mmrore
548 3894 763 3948 allicere
811 3891 1077 3947 volentes.
1121 3892 1280 3961 Atqui
1320 3891 1599 3947 innumera
1642 3907 1706 3947 ex
1758 3893 1860 3946 bac

266 3987 440 4043 inutili
471 3986 636 4056 gratia
669 3986 819 4041 nobis
847 3985 985 4039 mala
1025 3984 1318 4054 pariuntur.
1348 3983 1459 4038 liae
1483 3984 1626 4039 enim
1654 3983 1860 4039 doloris

267 4079 538 4133 vacuitate
573 4091 634 4132 ac
681 4076 901 4130 mollitie
945 4075 1221 4140 instructi,
1255 4075 1476 4144 pristina
1525 4084 1740 4144 peccata
1789 4090 1858 4129 nc

263 4169 505 4224 conﬁteri
536 4168 746 4238 quidem
778 4165 1378 4237 possumuszquomodo
1408 4181 1706 4235 possemus,
1738 4181 1856 4219 cum

264 4275 332 4315 ne
382 4260 693 4315 memoriam
741 4258 956 4328 quidem
1001 4271 1187 4312 eorum
1229 4256 1510 4310 admittere
1553 4256 1859 4310 soleamus?

265 4350 461 4419 Sicque
493 4356 671 4418 postea
701 4348 751 4401 in
780 4355 994 4417 peccata
1023 4345 1226 4401 facilius
1247 4346 1491 4400 labimur.
1517 4345 1648 4399 Nam
1676 4346 1718 4399 si
1744 4345 1859 4400 illo-

265 4456 384 4497 rum
416 4439 668 4495 memoria
692 4438 828 4508 apnd
858 4452 956 4491 nos
985 4452 1197 4507 semper
1222 4437 1414 4506 vigeat,
1449 4445 1595 4490 metu
1623 4435 1857 4489 animam

267 4532 567 4602 exagitante
590 4571 606 4596 ,
636 4530 686 4583 in
736 4538 983 4598 promptu
1011 4537 1091 4583 est
1142 4527 1257 4597 ejus
1284 4527 1560 4581 mollitiem
1611 4536 1666 4581 et
1707 4528 1857 4580 incu—

265 4623 399 4678 riam
427 4628 694 4677 excutere.
716 4617 867 4686 Quod
895 4619 938 4673 si
964 4617 1065 4675 hoc
1083 4617 1302 4672 frtenum
1326 4616 1690 4686 auleras,quis
1713 4617 1859 4671 illam

269 4725 452 4785 postea
481 4711 786 4778 cohibebit,
811 4726 934 4765 cum
977 4711 1131 4779 pulso
1171 4719 1314 4764 metu
1358 4723 1417 4764 se
1464 4709 1516 4763 in
1565 4708 1859 4778 praecipitia

266 4806 533 4876 conjiciet,
565 4814 620 4858 et
645 4804 697 4858 in
728 4803 979 4873 perniciei
1009 4800 1260 4856 baratbra
1287 4800 1586 4856 delabatur.
1620 4800 1742 4855 ldeo
1766 4801 1857 4869 ju-

266 4903 384 4953 stus
423 4897 510 4950 ille
544 4896 775 4950 futurum
818 4894 918 4949 sibi
966 4893 1284 4962 supplicium
1330 4892 1650 4962 depingebat
1679 4931 1695 4957 ,
1738 4892 1857 4946 ideo

269 4987 431 5043 ﬁebat
459 4994 514 5040 et
540 4985 785 5055 gemebat
810 5001 822 5038 :
851 4992 1009 5054 atque
1037 4985 1113 5039 sic
1133 4998 1199 5040 ex
1218 4983 1503 5039 abundanti
1530 4999 1589 5040 se
1616 4984 1852 5055 gerebat.

275 5075 438 5133 Vobis
484 5090 614 5131 sane
653 5075 858 5146 magnis
899 5075 1028 5130 viris
1056 5074 1123 5130 ad
1162 5075 1626 5145 compunctionem
1663 5073 1858 5131 sufﬁcit

336 5208 360 5243 ι
389 5206 564 5268 verba,
587 5204 808 5259 existim
828 5219 959 5270 quia,
981 5206 1106 5270 apud
1127 5206 1258 5259 colb.
1281 5205 1479 5259 dcunt.

613 416 996 476 ADMONITIO
1035 416 1103 474 IN
1141 415 1389 473 LIBROS
1428 415 1518 471 AD
1561 417 1944 474 STAGIRIUM
1983 418 2204 475 ASCET
2220 419 2307 475 ΚΜ
2342 421 2383 474 Α
2428 420 2737 478 ΠίΕΜΟΝΕ
2771 421 3160 480 OBSESSUM.

1957 525 2228 580 recordari
2269 527 2643 584 beneﬁciorum
2674 530 2787 599 Dei,
2811 543 2954 591 recte
2981 537 3237 592 factorum
3263 535 3499 592 oblivisci
3524 577 3541 602 ,

1960 627 2205 670 accurate
2234 621 2456 674 scrutari
2487 637 2554 676 ne
2582 623 2706 690 quid
2739 626 2819 678 vel
2847 626 3123 681 minimum
3150 626 3328 682 delicti
3369 626 3544 682 admi-

1961 706 2136 762 seritis
2158 749 2174 773 ,
2205 725 2423 779 magnos
2452 714 2595 767 viros
2621 715 2709 782 qui
2749 716 3035 772 admodum
3069 719 3179 773 Deo
3205 720 3450 790 placuere
3476 721 3550 776 ob

1960 798 2144 851 oculos
2173 799 2368 873 habere
2398 820 2410 853 :
2441 813 2560 872 post
2585 803 2704 861 hare
2725 807 2902 862 omnia
2927 809 3267 865 considerare
3292 812 3551 867 incertam

1961 886 2123 943 futuri
2153 891 2515 948 conditionem
2539 935 2552 958 ,
2586 897 2820 952 animum
2847 898 2913 954 ad
2949 900 3154 970 lapsum
3183 911 3236 956 et
3263 903 3326 956 ad
3363 917 3552 972 pecca-

1962 987 2072 1032 tum
2092 983 2408 1050 proclivem:
2429 987 2568 1056 quod
2586 997 2638 1042 et
2655 989 2848 1045 Paulus
2871 993 3160 1058 metuebat,
3177 1009 3296 1048 cum
3315 994 3548 1051 diceret:

1965 1069 2132 1124 Timeo
2158 1090 2220 1126 ne
2245 1075 2357 1128 aliis
2381 1077 2682 1147 prcedicans,
2714 1081 2820 1147 ipse
2844 1082 3084 1154 reprobus
3113 1085 3296 1155 eﬁ'tciar
3322 1083 3368 1156 (Ι
3385 1125 3398 1138 .
3428 1085 3549 1140 Cor.

1961 1162 2015 1216 9.
2045 1162 2169 1230 27);
2193 1173 2245 1218 et
2264 1206 2279 1230 ,
2310 1166 2411 1232 Qui
2447 1169 2642 1223 videtur
2679 1180 2830 1236 stare,
2853 1173 3016 1230 uideat
3046 1191 3108 1227 ne
3140 1175 3290 1228 cadat
3328 1175 3403 1248 (1.
3432 1176 3550 1230 Cor.

1962 1252 2049 1306 10.
2077 1251 2184 1326 12).
2200 1255 2286 1310 Sic
2311 1265 2364 1311 et
2385 1258 2547 1313 David
2569 1259 2683 1316 hmc
2698 1262 2875 1316 omnia
2893 1279 3071 1318 secum
3095 1265 3366 1320 volvebat:
3387 1267 3554 1340 bene-

1962 1346 2079 1401 ficia
2109 1347 2302 1417 quippe
2324 1349 2414 1404 Dei
2431 1351 2686 1420 cogitans,
2711 1353 2951 1408 dicebat:
2975 1353 3112 1419 Quid
3134 1365 3205 1410 est
3226 1356 3395 1420 homo,
3420 1357 3554 1428 quod

1963 1456 2153 1493 memor
2173 1457 2224 1494 es
2242 1445 2369 1511 ejus,
2393 1452 2479 1496 aut
2508 1444 2644 1512 ﬁlius
2674 1446 2911 1514 hominis,
2941 1448 3180 1517 quoniam
3206 1449 3375 1502 uisitas
3401 1450 3555 1503 eum?

1966 1529 2197 1584 Minuisti
2224 1548 2338 1584 eum
2371 1535 2524 1603 paulo
2560 1536 2724 1589 minus
2752 1537 2813 1591 ab
2847 1536 3041 1608 angelis
3065 1555 3083 1592 :
3105 1537 3339 1609 gloriawet
3367 1541 3556 1594 honore

1964 1626 2215 1676 coronasti
2266 1641 2380 1677 eum
2432 1625 2624 1696 (Psal.
2665 1627 2717 1683 8.
2766 1629 2820 1684 5.
2849 1629 2944 1701 6).
2977 1629 3050 1684 Ita
3106 1645 3234 1685 vero
3279 1642 3423 1686 recte
3469 1632 3549 1686 la-

1964 1729 2168 1784 etorum
2199 1720 2394 1774 oblitus
2421 1729 2562 1785 erat,
2592 1731 2652 1776 ut
2683 1732 2959 1792 postquam
2997 1724 3280 1778 innumera
3320 1723 3556 1794 philoso-

1965 1811 2104 1881 phim
2127 1814 2368 1881 exempla
2395 1813 2635 1880 dederat,
2658 1814 2860 1869 diceret
2888 1830 2900 1868 :
2928 1814 3054 1880 Quis
3073 1832 3186 1870 sum
3201 1833 3313 1887 ego,
3341 1815 3556 1870 Domine

1966 1907 2054 1970 mi,
2081 1903 2315 1972 Domine,
2345 1915 2390 1960 et
2414 1923 2526 1977 qua:
2553 1908 2730 1962 domus
2757 1908 2913 1977 patris
2938 1909 3055 1975 mei,
3082 1908 3199 1978 quia
3229 1908 3451 1963 dilexisti
3477 1925 3557 1962 ms

1965 2016 2022 2054 eo
2052 2017 2204 2070 usque
2221 2001 2246 2053 ?
2274 2011 2319 2054 et
2347 2006 2500 2070 parua
2529 2002 2635 2054 visa
2654 2010 2772 2056 sunt
2799 2003 2906 2056 haec
2933 2002 2985 2055 in
3011 2012 3278 2070 conspectu
3310 2011 3412 2066 tuo,
3443 2000 3554 2055 Do--

1965 2091 2097 2144 mine
2118 2092 2222 2145 mi:
2242 2100 2285 2144 et
2308 2091 2502 2145 locutus
2522 2109 2571 2146 es
2595 2109 2684 2162 pro
2705 2092 2854 2146 domo
2878 2093 3006 2146 servi
3027 2094 3101 2146 tui
3124 2093 3178 2145 in
3203 2093 3552 2163 longinquum.

1965 2179 2094 2234 Han:
2122 2191 2194 2234 est
2222 2182 2354 2234 enim
2380 2183 2461 2235 lea:
2489 2183 2724 2248 hominis,
2754 2182 2971 2237 Domine
2991 2183 3078 2250 mi,
3104 2183 3319 2236 Domine
3344 2225 3357 2248 ,
3390 2183 3458 2235 ad
3485 2193 3551 2236 te.

1969 2270 2033 2323 Et
2052 2271 2175 2341 quid
2193 2273 2340 2325 addet
2362 2271 2526 2326 David
2540 2274 2706 2327 adhuc
2723 2272 2858 2344 loqui
2887 2275 2953 2327 ad
2969 2283 3014 2327 te
3123 2273 3249 2342 Reg.
3270 2275 3322 2327 7.
3345 2274 3554 2341 18-20)?

1967 2362 2035 2417 Et
2059 2379 2178 2418 cum
2204 2365 2462 2434 majorum
2481 2379 2698 2420 suOrum
2722 2366 2969 2421 virtutem
2997 2366 3279 2431 recoleret,
3304 2381 3422 2421 sese
3450 2365 3555 2419 illis

1964 2472 2301 2527 comparans,
2321 2458 2448 2512 nihil
2478 2456 2754 2529 reputabat
2778 2473 2917 2514 esse.
2941 2457 3074 2512 Nam
3103 2467 3377 2528 postquam
3400 2458 3551 2512 dixe.-

1964 2558 2085 2616 rat,
2115 2548 2182 2604 In
2209 2562 2256 2604 te
2283 2560 2608 2621 speraverant
2646 2560 2813 2620 patres
2853 2551 3012 2604 nostri
3039 2548 3213 2620 (Psal.
3245 2548 3334 2603 2|.
3365 2550 3456 2620 6),
3485 2549 3553 2604 de

1964 2644 2141 2714 seipso
2171 2644 2393 2714 loquens
2431 2644 2608 2697 intulit
2636 2661 2649 2696 :
2683 2642 2795 2715 Ego
2822 2652 2988 2696 autem
3014 2659 3126 2696 sum
3166 2643 3345 2696 vermis
3375 2651 3421 2694 et
3450 2659 3552 2693 non

1965 2737 2132 2788 homo.
2163 2734 2424 2790 Incertam
2453 2751 2580 2790 vero
2609 2735 2769 2790 futuri
2799 2733 3158 2790 conditionem
3189 2735 3257 2788 ita
3285 2750 3395 2805 prae
3420 2749 3553 2786 ocu-

1963 2827 2028 2881 lis
2054 2827 2235 2882 habuit
2262 2869 2275 2891 ,
2308 2836 2369 2882 ut
2405 2827 2603 2881 diceret
2637 2844 2650 2880 :
2683 2825 2928 2880 Illumina
2957 2825 3132 2880 oculos
3158 2841 3316 2890 meos,
3344 2841 3406 2878 ne
3444 2841 3528 2876 um

1963 2934 2114 2986 quam
2152 2916 2467 2971 obdormiam
2509 2917 2562 2970 in
2604 2925 2762 2970 morte
2791 2915 2962 2987 (Psal.
3014 2916 3099 2972 19.
3143 2915 3222 2986 4).
3252 2916 3427 2986 Seque
3478 2923 3552 2970 tot

1962 3018 2300 3080 peccatoran
2343 3026 2495 3065 reum
2540 3009 2935 3076 arbitrabatur,
2979 3016 3039 3064 ut
3080 3009 3158 3064 sic
3196 3007 3550 3077 loqueretur:

1960 3100 2222 3170 Propitius
2249 3110 2351 3154 esto
2383 3111 2584 3166 peccato
2616 3117 2744 3168 mea,
2770 3101 2986 3154 multum
3006 3109 3079 3154 est
3097 3102 3225 3154 enim
3251 3098 3426 3170 (Psal.
3459 3097 3551 3153 ει.

1965 3191 2024 3246 11
2052 3190 2094 3261 ).
2127 3190 2291 3246 Vobis
2331 3192 2506 3261 itaque
2547 3191 2754 3262 magnis
2783 3191 2898 3245 haec
2924 3192 3054 3245 satis
3083 3201 3205 3246 sunt
3233 3207 3246 3243 :
3279 3192 3429 3244 nobis
3456 3205 3552 3241 au-

1963 3290 2069 3336 tem
2099 3297 2218 3336 cum
2252 3290 2327 3335 tot
2356 3281 2604 3336 remediis
2630 3283 2919 3335 necessitas
2947 3290 3194 3350 superest
3217 3279 3412 3344 valida,
3434 3295 3553 3348 quas

1963 3375 2130 3446 possit
2167 3374 2470 3444 superbiam
2514 3383 2568 3428 et
2609 3373 2966 3443 arrogantiam
3007 3387 3220 3428 omnem
3264 3371 3330 3425 de
3377 3369 3553 3424 medio

1964 3466 2169 3521 tollere.
2203 3466 2379 3535 Ecqua
2424 3464 2514 3520 illa
2553 3464 2672 3519 est?
2699 3463 3047 3518 Peccatorum
3075 3461 3358 3516 multitudo
3377 3503 3392 3527 ,
3421 3476 3553 3514 con-

1963 3560 2181 3613 scientia
2231 3559 2407 3622 mala,
2433 3573 2550 3628 qua:
2586 3565 2864 3626 postquam
2895 3570 2992 3611 nos
3031 3555 3341 3623 occupavit,
3368 3569 3436 3608 ne
3463 3569 3556 3606 vo-

1964 3652 2134 3706 lentes
2158 3651 2370 3720 quidem
2398 3649 2520 3705 sinit
2559 3648 2624 3702 ad
2650 3647 2898 3702 sublimia
2933 3645 3083 3717 erigi.
3115 3646 3291 3713 Quare
3329 3645 3552 3699 obsecro

1963 3750 2019 3797 et
2045 3757 2172 3812 rogo
2199 3756 2292 3810 per
2324 3740 2570 3794 ﬁduciam
2601 3738 2743 3793 illam
2769 3777 2785 3802 ,
2812 3752 2972 3807 quam
3002 3751 3068 3791 ex
3106 3737 3260 3791 bonis
3299 3735 3551 3805 operibus

1963 3833 2104 3903 apud
2135 3834 2297 3888 Deum
2329 3831 2676 3902 acquisivisti,
2700 3830 2854 3885 nobis
2882 3828 3188 3899 frequenter
3211 3825 3552 3896 precantibus

1963 3941 2177 3980 manum
2222 3924 2466 3996 porrigas
2487 3965 2502 3990 ,
2532 3938 2638 3993 quo
2676 3921 2944 3992 possimus
2974 3926 3239 3973 tantorum
3289 3917 3550 3971 malorum

1963 4018 2224 4073 sarcinam
2267 4031 2364 4084 pro
2393 4015 2583 4069 merito
2607 4013 2890 4082 deplorare
2911 4051 2930 4076 ,
2958 4017 3012 4064 et
3038 4017 3158 4079 post
3187 4009 3384 4062 luctum
3411 4006 3551 4061 viam

1963 4108 2248 4179 quamdam
2292 4107 2515 4160 amicam
2543 4115 2597 4159 et
2626 4103 2691 4158 ad
2719 4103 2906 4157 caelum
2948 4115 3045 4156 nos
3079 4099 3360 4154 ducentem
3406 4109 3552 4150 assc-

1964 4199 2050 4268 qui
2078 4240 2092 4264 ,
2117 4213 2184 4251 ne
2223 4198 2273 4250 in
2314 4197 2577 4251 infernum
2618 4193 2852 4258 deducti,
2881 4191 2970 4246 ubi
2998 4205 3155 4246 nemo
3183 4188 3425 4244 conﬁteri
3455 4201 3550 4257 po-

1966 4296 2087 4352 test,
2118 4301 2179 4342 ea
2209 4286 2490 4355 patiamur,
2516 4299 2633 4354 qua:
2666 4284 2933 4353 patiuntur
2958 4279 3192 4350 reprobi,
3217 4279 3428 4333 nemine
3450 4291 3547 4331 nos

1963 4379 2217 4447 deinceps
2242 4377 2499 4446 eripiente
2524 4373 2695 4445 (l’sal.
2720 4369 2808 4425 49.
2829 4368 2941 4438 22.)
2965 4366 3144 4422 Donec
3168 4370 3310 4424 enim
3337 4369 3424 4424 hic
3445 4368 3550 4421 eri-

1964 4485 2081 4524 mus
2104 4511 2119 4537 ,
2149 4479 2200 4524 et
2227 4484 2324 4522 nos
2354 4483 2386 4522 a
2413 4465 2564 4521 vobis
2607 4478 2853 4533 magnum
2893 4461 3167 4533 percipere
3195 4459 3420 4513 fructum
3451 4471 3549 4525 po-

1964 4561 2185 4614 terimus
2213 4600 2231 4626 ,
2261 4568 2315 4613 et
2363 4573 2460 4612 vos
2499 4555 2652 4610 nobis
2697 4551 2955 4608 beneﬁcia
3011 4550 3260 4606 conferre
3317 4548 3547 4602 maxima

1962 4650 2228 4705 valebitis.
2281 4649 2413 4702 Cum
2466 4655 2644 4701 autem
2690 4645 2782 4700 illo
2831 4643 3204 4697 advenerimns
3234 4681 3250 4705 ,
3306 4639 3394 4692 ubi
3451 4651 3551 4691 nec

1961 4745 2187 4809 amicus,
2216 4756 2313 4795 nec
2341 4739 2524 4805 frater;
2551 4752 2648 4793 nec
2677 4735 3034 4806 paterjuvarc
3059 4739 3344 4802 poterunt,
3376 4744 3551 4799 neque

1963 4837 2114 4892 nobis
2142 4849 2328 4905 ptenas
2374 4832 2619 4887 dantibus
2669 4828 2878 4891 adesse,
2925 4839 3147 4881 necesse
3198 4823 3410 4877 demum
3447 4822 3552 4874 erit

1963 4928 2015 4983 in
2060 4927 2324 4981 anxietate
2364 4933 2415 4978 et
2456 4922 2638 4977 densis
2662 4918 2930 4983 tenebris,
2957 4915 3132 4971 omnis
3173 4912 3553 4969 consolatoriis

1962 5027 2215 5086 expertes
2255 5013 2555 5069 immortale
2594 5008 2911 5080 supplicium
2958 5009 3105 5063 luere
3128 5045 3144 5071 ,
3177 5003 3350 5058 omnia
3383 5002 3551 5056 devo-

1962 5110 2128 5164 rantis
2157 5106 2383 5161 ﬂamma:
2419 5118 2593 5160 escam
2638 5114 2921 5172 numquam
2966 5094 3380 5152 consumendam
3421 5091 3551 5147 cﬁ’e—

1967 5211 2102 5256 ctus.
