4266 6314
700 351 805 408 423

1422 345 1481 404 S.
1518 342 1801 404 JOANNIS
1840 339 2324 399 CllllYSOSTOMl
2367 337 2689 397 ARCHIEP.
2730 337 3284 397 CONSTANTINOP.

3858 341 3968 399 4Ξᾶ

1101 665 3966 692 MM

1333 1063 1416 1123 IN
1449 1060 1734 1122 LIBROS
1768 1061 1878 1121 ΑΙ)
1921 1058 2363 1121 STAGIRIUM
2395 1061 2444 1121 Α
2491 1057 2857 1122 ΒΕΜΟΝΕ
2894 1057 3018 1122 νΕἶ

1614 1060 1734 1122 ὶΟΒ
1768 1061 1878 1121 ΑΙ)
1921 1058 2363 1121 STAGIRIUM
2395 1061 2444 1121 Α
2491 1057 2857 1122 DJEMONE
2894 1057 3299 1122 VEXATUM

764 1423 943 1480 nosce
963 1422 1132 1478 libros
1161 1420 1636 1493 Cltrysostomum,
1667 1432 1794 1473 cum
1823 1417 2090 1474 diaconus
2110 1425 2278 1480 esset,

692 1531 933 1590 edidisse
983 1529 1239 1583 Socrates
1281 1526 1378 1590 ait,
1411 1525 1507 1580 lib.
1540 1543 1618 1591 vr,
1657 1543 1708 1583 c.
1736 1525 1807 1592 '5,
1838 1522 2088 1578 videlicet
2132 1529 2282 1591 post-

692 1652 858 1709 quam
881 1635 1111 1691 adversa
1143 1632 1453 1689 valetudine
1475 1632 1752 1698 laborans,
1784 1649 1849 1688 ex
1883 1645 2101 1687 secessu
2125 1644 2283 1682 mon-

695 1746 836 1800 tium
890 1729 947 1798 in
1005 1741 1194 1796 urbem
1242 1739 1419 1794 redire
1462 1749 1686 1794 coactus
1725 1748 1827 1805 est,
1882 1736 2026 1807 quod
2085 1733 2284 1788 accidit

697 1866 846 1907 anno
874 1848 998 1912 580,
1039 1857 1096 1902 ut
1130 1846 1382 1917 pluribus
1416 1845 1471 1899 in
1514 1843 1634 1899 Vita
1663 1846 1837 1900 sancti
1879 1843 2122 1898 doctoris
2151 1855 2280 1894 nar.

695 1967 871 2010 ratur.
907 1951 1007 2008 Hic
1057 1960 1239 2005 autent
1283 1951 1459 2005 obiter
1509 1965 1818 2013 monemus,
1864 1949 2105 2010 titulum,
2139 1947 2282 2018 Πρὸς

693 2054 1032 2124 Σταγείρων,
1066 2069 1349 2121 perperam
1395 2052 1529 2107 verti
1557 2053 1625 2105 ab
1667 2052 1728 2105 ll.
1766 2051 2000 2118 Vale-sio,
2040 2049 2282 2104 Socratis

696 2163 1011 2229 interprete,
1044 2157 1306 2212 Adversus
1355 2157 1672 2226 Stagirium.
1710 2155 1821 2210 Etsi
1863 2171 1990 2209 vero
2031 2154 2283 2209 Socrates

695 2266 752 2318 in
807 2265 874 2318 iis
923 2263 1160 2318 maxime
1210 2277 1334 2331 quae
1379 2263 1445 2315 ad
1495 2260 1944 2330 Chrysostomum
1987 2261 2279 2330 pertinent,

695 2369 1013 2439 frequenter
1058 2369 1328 2423 calculum
1386 2368 1525 2421 male
1582 2377 1770 2436 ponat,
1836 2366 1921 2420 hic
1961 2376 2166 2430 tamen,
2223 2365 2279 2419 in

694 2480 816 2546 ipso
855 2475 977 2529 libri
1015 2475 1223 2540 limine,
1275 2474 1490 2528 videtur
1533 2473 1609 2526 illi
1653 2472 2082 2543 Cltrysnstomus
2147 2470 2275 2525 asti-

694 2584 871 2652 pulari
901 2601 914 2637 :
950 2582 1293 2651 Oportuerat,
1325 2581 1522 2649 inquit,
1553 2596 1645 2632 nos
1672 2579 1766 2632 tibi
1799 2594 1937 2631 nunc
1974 2577 2176 2640 adesse,
2205 2585 2283 2629 at-

689 2703 791 2755 que
821 2690 874 2739 in
914 2701 1274 2740 atrunmarunt
1314 2662 1897 2737 uterumsconsortium
1935 2681 2182 2745 transire,
2217 2696 2279 2733 ac

691 2792 858 2846 verbis
891 2791 1243 2853 exhortando,
1283 2805 1434 2858 opere.
1459 2787 1717 2857 juvando,
1755 2798 2044 2849 cunctaque
2075 2785 2280 2854 reliqua

690 2916 787 2969 pro
828 2898 972 2952 virili
1020 2906 1201 2950 nostra
1248 2905 1397 2964 parte
1435 2894 1706 2963 inferendo
1732 2893 2023 2965 _obsequia,
2071 2901 2275 2958 partem

693 3005 930 3074 aliquant
981 3003 1144 3056 lenire
1183 3000 1420 3053 maeroris
1448 3018 1464 3052 .'
1490 3001 1738 3069 quoniam
1790 3014 1906 3051 vero
1946 3005 1996 3049 et
2035 2997 2277 3066 corporis

692 3111 832 3163 mala
863 3107 1125 3171 ualetudo,
1171 3116 1220 3160 et
1265 3108 1495 3159 invectus
1542 3107 1597 3157 in
1647 3117 1801 3171 caput
1842 3115 2082 3156 nostrum
2105 3097 2276 3168 dolor,

689 3213 834 3267 danti
874 3230 966 3266 nos
991 3228 1199 3264 manere
1230 3212 1771 3279 compuleruntmixm
1799 3210 1978 3279 μένειν
2008 3208 2280 3279 κατηνάγ-

691 3334 890 3382 καπαν,
924 3316 1175 3386 nobisque
1202 3315 1338 3367 tanti
1364 3315 1501 3365 lucri
1530 3313 1880 3366 ministerium
1910 3311 2278 3375 abstulerunt;

684 3426 802 3494 jam
841 3423 980 3494 quod
1013 3421 1269 3492 reliquum
1304 3429 1381 3473 est
1423 3436 1516 3487 pro
1543 3417 1904 3470 consolatione
1945 3426 2059 3475 tua,
2095 3425 2145 3469 et
2180 3430 2276 3484 pro

691 3528 924 3581 utilitate
956 3537 1159 3587 nostra,
1194 3526 1309 3588 hoc,
1354 3533 1410 3576 ut
1444 3523 1672 3591 facultas
1709 3533 1889 3575 nostra
1936 3521 2084 3589 feret,
2111 3521 2271 3574 indu-

691 3648 806 3685 cere
835 3647 936 3684 non
965 3630 1305 3700 negligemus.
1355 3627 1450 3682 llis
1497 3628 1794 3696 alloquitur
1837 3627 2132 3695 Stagirium
2162 3627 2275 3678 An-

692 3734 910 3788 tiocltim
945 3743 1075 3787 tunc
1119 3733 1402 3802 degentem
1436 3749 1450 3784 :
1478 3731 1717 3800 dumque
1744 3732 1837 3814 .ait
1881 3746 1939 3784 se
1981 3729 2126 3782 domi
2159 3744 2274 3782 ma-

689 3853 820 3892 nere
868 3846 1115 3890 coactum
1163 3837 1230 3890 ab
1277 3834 1592 3889 infirmitate
1651 3834 1912 3904 corporis,
1973 3849 2073 3887 nec
2113 3848 2274 3903 posse

694 3941 994 4008 Stagirium
1029 3940 1200 4006 adire,
1227 3940 1538 3994 subindicat
1580 3956 1637 3994 se
1667 3941 1852 3993 eadem
1881 3939 1933 3991 in
1960 3937 2094 3992 urbe
2115 3954 2264 3992 com-

691 4048 931 4113 morari;
969 4061 1094 4099 nam
1125 4046 1170 4101 si
1209 4056 1337 4100 tunc
1367 4047 1419 4098 in
1464 4047 1679 4100 deserto
1722 4055 1774 4098 et
1811 4045 1860 4096 in
1888 4044 2154 4100 montium
2187 4059 2272 4097 re-

693 4153 944 4209 cessibus
968 4153 1228 4224 degisset,
1272 4154 1373 4208 hoc
1412 4154 1609 4222 ipsum,
1662 4161 1717 4204 ut
1758 4151 1992 4216 videtur,
2021 4150 2269 4204 dicturus

2385 1432 2493 1472 non
2518 1425 2655 1472 erat.
2684 1418 2741 1474 Si
2767 1419 2908 1474 banc
2936 1420 3199 1490 temporis
3230 1430 3417 1478 notam
3444 1439 3765 1496 sequamur,
3795 1430 3974 1491 libros

2383 1523 2454 1576 ad
2503 1521 2802 1592 Stagirium
2850 1526 3132 1598 scripserit
3183 1544 3327 1586 anno
3365 1531 3470 1586 580
3515 1512 3600 1589 vel
3641 1535 3768 1601 58l,
3820 1551 3975 1607 post-

2382 1641 2548 1696 quam
2577 1642 2643 1681 ex
2676 1629 2941 1698 asperiori
2982 1631 3108 1687 vita:
3147 1648 3362 1704 genere,
3391 1637 3538 1706 quod
3568 1638 3782 1696 duobus
3807 1645 3976 1700 annis

2384 1734 2437 1788 in
2471 1736 2728 1805 spelunca
2756 1747 3018 1807 gesserat,
3054 1739 3107 1792 in
3140 1743 3388 1810 corporis
3415 1743 3786 1802 inlirmitatem
3823 1750 3976 1804 dela-

2383 1855 2536 1910 psus,
2565 1841 2617 1893 in
2635 1843 2821 1895 urbem
2847 1842 3023 1897 redire
3041 1855 3264 1899 coactus
3280 1854 3365 1900 est
3389 1846 3493 1901 sub
3508 1849 3667 1903 linem
3691 1853 3819 1905 anni
3840 1853 3974 1917 580,

2385 1943 2476 1995 ubi
2535 1942 2749 2000 tantillo
2793 1947 2981 2017 elapso
3014 1958 3258 2019 tempore
3303 1951 3572 2010 diaconus
3613 1956 3900 2014 ordinatur
3943 1977 3975 2015 a

2383 2048 2614 2116 Melelio.

2454 2154 2734 2207 Ubuititur
2769 2153 3172 2222 Tillemontius,
3204 2169 3255 2213 et
3291 2175 3356 2215 ex
3380 2160 3757 2233 Chrysostomi
3792 2166 3975 2221 verbis

2383 2254 2548 2310 infert
2601 2258 2800 2326 ipsum,
2871 2259 3188 2331 priusquam
3234 2278 3301 2318 ex
3347 2267 3624 2322 montibus
3675 2268 3729 2321 in
3775 2270 3972 2324 urbem

2383 2361 2602 2425 rediret,
2665 2363 2763 2416 lios
2810 2365 3096 2434 scripsisse
3143 2367 3333 2422 libros.
3391 2368 3548 2439 Nam,
3607 2371 3803 2442 inquit,
3856 2376 3974 2430 lia-r

2381 2466 2753 2539 Cln')sostomi
2808 2473 3007 2525 verba:
3043 2471 3212 2526 Tanta
3247 2475 3386 2526 enim
3435 2477 3598 2529 audio
3653 2479 3747 2531 tibi
3790 2496 3972 2534 acces-

2381 2574 2513 2628 sisse
2543 2576 2757 2643 pietatis
2787 2577 3145 2643 incrementa;
3186 2577 3340 2651 [154]
3375 2581 3502 2636 item
3532 2583 3663 2638 illud
3693 2601 3709 2638 ;
3744 2585 3975 2657 καὶγὰρ

2385 2678 2493 2731 τῶν
2537 2680 2743 2733 ἐκεῖθεν
2771 2683 3082 2751 ἐρχομένων
3133 2686 3318 2738 ἀκούω
3359 2686 3727 2758 διηγουμένων
3757 2691 3839 2744 ὅτι
3887 2709 3972 2746 σοι

2385 2785 2493 2847 πᾶς
2515 2784 2545 2837 ὅ
2571 2788 2760 2856 καιρὸς
2786 2789 2865 2850 εἰς
2893 2789 3059 2859 εὐχὰς
3093 2791 3188 2842 καὶ
3212 2791 3424 2862 δάκρυα
3453 2793 3803 2849 ἀναλίσκεται
3829 2812 3844 2848 :
3880 2816 3954 2850 tm

2381 2888 2472 2941 dio
2499 2905 2564 2942 ea:
2590 2891 2656 2943 iis
2681 2893 2772 2961 qui
2800 2893 2993 2947 ist/tim:
3029 2895 3334 2958 adveniunt,
3377 2897 3472 2950 tibi
3501 2914 3652 2952 omne
3679 2908 3886 2969 tempus
3913 2905 3972 2957 in

2383 2993 2634 3062 lacrymis
2660 3000 3024 3068 perpetuisque
3048 3001 3376 3054 orationibus
3408 3005 3687 3070 consumi;
3737 3007 3972 3060 iterum-

2380 3099 2890 3171 que,plurimosqttc
2933 3103 3037 3167 hic,
3075 3105 3202 3157 dum
3250 3116 3344 3159 tua
3386 3093 3664 3161 narrarent
3695 3110 3972 3174 instituta,

2380 3206 2998 3272 compunxeruntﬂiatc.
3032 3209 3211 3282 inquit
3254 3208 3364 3287 ille,
3400 3227 3508 3265 non
3533 3222 3662 3266 sunt
3688 3213 3833 3268 dicta
3871 3215 3970 3268 lio-

2379 3308 2544 3362 minis
2597 3309 2787 3364 eadcm
2834 3310 2889 3365 in
2933 3311 3066 3366 urbe
3114 3315 3527 3370 commerentis.
3583 3314 3737 3371 Unde
3803 3317 3970 3377 infert

2380 3411 2678 3482 Stagirium
2708 3414 2928 3484 quidem
2960 3417 3262 3471 Antiochia:
3284 3417 3477 3481 fuisse,
3513 3418 3972 3490 Chrysostomum

2377 3533 2506 3572 vero
2531 3520 2583 3572 in
2616 3521 2884 3573 montium
2916 3523 3308 3585 secessu,unde
3335 3525 3497 3591 paulo
3526 3535 3670 3594 post,
3708 3542 3969 3594 premen-

2381 3624 2524 3678 tibus
2552 3626 2832 3694 corporeis
2856 3627 3288 3697 infirmitatibus,
3325 3630 3381 3683 in
3405 3631 3593 3685 urbem
3619 3633 3798 3688 redire
3820 3650 3970 3689 cont-

2375 3728 2568 3798 pulsus
2603 3739 2706 3783 est.

2449 3833 2573 3889 "me
2601 3850 2764 3903 porro
2789 3846 3108 3905 argumenta
3133 3852 3242 3890 non
3278 3838 3411 3890 tanti
3441 3841 3701 3894 momenti
3724 3857 3848 3896 esse
3876 3846 3948 3897 vi-

2375 3939 2594 4004 dentur,
2634 3949 2691 3992 ut
2729 3955 2827 3993 nos
2865 3957 2896 3993 a
2939 3941 3120 4010 priore
3158 3943 3429 3996 sententia
3478 3944 3788 4000 abducant:
3835 3964 3964 4003 nam

2375 4057 2496 4110 qure
2532 4041 2784 4109 superius
2824 4057 2886 4095 ex
2934 4043 3329 4113 Clirysostomo
3373 4048 3698 4113 atfertmtur,
3757 4052 3966 4118 optime

2374 4158 2607 4217 possunt
2629 4150 2899 4218 quadrare
2931 4151 2998 4205 ad
3047 4153 3325 4208 hominem
3371 4154 3425 4206 in
3451 4154 3640 4210 eadem
3673 4155 3963 4226 degentem

683 4501 3937 4535 ww

1040 4819 1675 4939 EJUSDEM
1793 4821 2338 4936 ORATIO
2443 4794 3580 4940 ADHORTATORIA

1446 5067 1534 5120 AD
1573 5067 1950 5124 STAGIRIUM
1992 5067 2316 5125 ASCETAM
2360 5069 2404 5123 Α
2446 5069 2781 5127 ΒίΕΜΟΝΙΟ
2817 5072 3182 5130 νΕΧΑΤυΜ.

1820 5248 2177 5334 LIBER
2271 5250 2718 5339 PRIMUS
2752 5235 2811 5336 ¹.

758 5416 809 5468 Ι.
826 5412 1155 5485 Oportuerat
1169 5419 1406 5489 quidem,
1426 5436 1459 5473 ο
1473 5420 1756 5474 rarissime
1772 5420 2015 5474 omnium
2038 5419 2262 5490 Stagiri,

687 5519 786 5561 nos
817 5506 910 5557 tibi
943 5522 1087 5560 nunc
1121 5509 1334 5573 adesse,
1368 5519 1528 5576 atque
1564 5510 1616 5562 in
1647 5525 2018 5562 aerumnarum
2044 5520 2258 5565 tuarum

747 5633 761 5660 ¹
789 5632 986 5680 Titulus
1003 5633 1073 5682 sic
1095 5635 1241 5684 habet
1268 5634 1315 5684 in
1347 5639 1518 5703 Saril,
1547 5640 1873 5703 Qhrysostomi
1897 5642 1961 5689 ad
1987 5642 2255 5703 Stagiriunt

684 5703 714 5740 τι
755 5706 971 5744 aa'tnane
1007 5703 1249 5759 t'ca'utum,
1294 5698 1861 5762 consolatorins’Scrmo
1903 5705 1940 5752 l.
1985 5706 2033 5754 In
2061 5698 2254 5766 Morel.,

2372 5426 2708 5477 consortium
2730 5426 2984 5490 transire,
3010 5435 3063 5480 ct
3082 5427 3521 5498 uperejuvattdo,
3539 5429 3720 5483 verbis
3751 5429 3950 5482 mlior-

2374 5514 2554 5576 tando,
2587 5524 2894 5583 CUllt_‘lut|UC
2929 5517 3137 5584 reliqua
3166 5532 3263 5585 pro
3297 5516 3436 5571 virili
3474 5526 3658 5573 nostra
3684 5528 3835 5586 parte
3871 5519 3946 5568 iu—

2371 5645 2599 5755 l5j’l5tllrtn
2627 5646 2989 5758 gtlhth‘ltlllOl'lllS
3019 5651 3082 5699 ad
3121 5649 3388 5717 Stagirittm
3415 5659 3622 5705 asretam
3660 5664 3688 5698 a
3717 5651 3944 5702 dav-tene

2371 5720 2490 5756 rem
2514 5722 2592 5758 nm
2625 5743 2636 5756 ι
2661 5722 2796 5758 crtno
2850 5750 2855 5757 .

2369 5720 2592 5758 I't‘J'tllllm
2625 5720 2796 5758 δι’νηιο
2824 5720 2838 5758 Ι
2850 5750 2855 5757 .
