4266 6314
245 392 352 448 895

242 505 470 574 ferendo
497 506 752 578 obsequia
778 547 793 574 ,
822 513 1030 578 partem
1056 506 1288 578 aliquam
1328 506 1498 562 lenire
1541 505 1790 562 maeroris
1821 523 1834 561 :

241 597 502 666 quoniam
522 613 652 652 vero
675 606 730 653 et
754 597 998 666 corporis
1023 596 1163 651 mala
1191 596 1442 652 valetudo
1468 637 1482 661 ,
1515 605 1568 651 et
1595 595 1842 651 invectus

241 688 298 742 in
329 697 486 758 caput
517 699 756 744 nostrum
784 688 939 743 dolor
962 728 977 754 ,
1026 688 1170 743 domi
1197 703 1297 743 nos
1321 703 1538 743 manere
1563 687 1840 756 compule-

241 790 412 844 runt,
439 779 702 849 nobisque
727 779 856 836 tanti
901 779 1035 836 lucri
1075 779 1432 834 ministerium
1464 778 1839 846 abstulerunt,

235 871 351 940 jam
379 870 522 941 quod
552 871 814 940 reliquum
857 879 939 925 est
967 883 1066 939 pro
1095 869 1464 925 consolatione
1496 878 1584 923 tua
1608 910 1623 934 ,
1656 877 1708 923 et
1745 881 1841 936 pro

239 961 477 1016 utilitate
508 971 689 1016 n03tra
715 1002 730 1026 ,
765 962 865 1016 hoc
893 969 950 1015 ut
985 959 1210 1015 facultas
1246 959 1420 1026 feret,
1452 960 1702 1014 inducere
1733 973 1839 1014 non

237 1052 595 1122 negligemus.
629 1050 896 1106 Profuerit
923 1051 1065 1106 enim
1094 1051 1148 1106 id
1179 1051 1274 1106 tibi
1318 1049 1550 1106 fortasse
1576 1051 1744 1120 magis
1772 1048 1840 1105 ad

239 1135 542 1214 praesentes
579 1142 836 1198 adversos
875 1157 1033 1198 casus
1082 1141 1373 1198 fortissime
1421 1142 1688 1197 ferendos.
1743 1141 1840 1196 Sin

235 1249 371 1288 vero
401 1233 529 1288 nihil
564 1235 669 1288 tale
697 1233 1080 1304 perfecerimus
1108 1275 1123 1300 ,
1154 1244 1302 1288 certe
1335 1233 1418 1289 vel
1451 1233 1506 1288 in
1547 1232 1698 1286 nullo
1740 1246 1839 1287 nos

233 1327 476 1382 oflicium
535 1325 884 1393 deseruisse,
937 1325 1178 1396 nihilque
1239 1323 1492 1380 omisisse
1546 1323 1852 1394 diligentiae

234 1434 340 1474 nos
367 1419 735 1474 consolabitur
760 1461 775 1486 ,
806 1419 1126 1489 meliorique
1150 1418 1335 1472 animo
1357 1431 1476 1472 esse
1499 1418 1551 1471 in
1575 1417 1836 1485 reliquum

232 1509 418 1564 faciet.
449 1509 498 1564 ls
525 1510 669 1564 enim
697 1552 712 1575 ,
737 1510 825 1580 qui
852 1517 1043 1564 cuncta
1067 1508 1404 1579 impleverit,
1428 1524 1547 1579 qua:
1567 1507 1636 1562 ad
1659 1508 1839 1562 levan-

231 1601 336 1657 dos
356 1601 573 1655 dolores
593 1601 822 1657 maxime
837 1600 1086 1657 conferre
1102 1601 1392 1655 arbitratus
1411 1600 1603 1666 fuerit,
1625 1601 1836 1655 etiamsi

232 1693 370 1747 nihil
421 1691 562 1746 aliud
609 1701 869 1764 peragat,
917 1692 1004 1747 vel
1047 1692 1388 1762 cogitationis
1437 1692 1627 1747 saltem
1677 1701 1838 1762 atque

230 1783 581 1838 conscientia!
656 1784 998 1839 accusatione
1072 1783 1371 1850 liberatur,
1444 1784 1837 1854 criminumque

229 1890 402 1930 onere
431 1874 675 1945 deposito
699 1915 715 1942 ,
763 1875 933 1929 solam
973 1874 1244 1930 mmstitim
1283 1874 1551 1929 sarcinam
1594 1871 1836 1936 perferre

227 1967 459 2036 cogitur.
492 1966 548 2022 Si
576 1967 736 2036 igitur
763 1983 828 2022 ex
857 1966 1070 2021 illorum
1099 1981 1276 2023 essem
1303 1981 1530 2022 numero
1556 2008 1572 2033 ,
1603 1967 1690 2037 qui
1720 1966 1836 2023 Deo

229 2059 552 2114 familiarius
581 2059 852 2128 conjuncti
887 2059 1173 2129 plurimum
1203 2058 1344 2130 apud
1375 2057 1538 2114 illum
1567 2067 1832 2129 possunt,

192 2194 195 2196 .
227 2166 526 2222 numquam
557 2149 800 2222 profecto
830 2165 986 2207 orare
1006 2159 1061 2206 et
1081 2150 1367 2207 obsecrare
1395 2165 1492 2221 pro
1515 2150 1646 2205 mihi
1667 2151 1835 2206 caris-

226 2244 370 2298 simo
395 2246 567 2314 capite
609 2244 927 2300 desisterem
959 2262 973 2298 :
1015 2245 1268 2315 quoniam
1306 2255 1487 2301 autem
1525 2245 1835 2316 hujusmodi

225 2337 375 2392 vires
401 2346 559 2408 atque
579 2338 960 2393 conlidentiam
983 2337 1114 2392 mihi
1135 2337 1400 2393 scelerum
1429 2353 1669 2393 meorum
1696 2339 1837 2393 mul-

227 2427 405 2483 titudo
430 2429 686 2495 abstulit,
717 2430 1004 2484 verborum
1031 2429 1456 2484 consolationem
1500 2429 1598 2485 tibi
1641 2428 1834 2486 aﬂerre

227 2519 490 2574 conabor.
519 2519 651 2574 Nam
687 2529 742 2576 et
771 2521 821 2574 in
855 2521 918 2574 iis
947 2521 1039 2591 qui
1069 2536 1327 2591 corporea
1355 2521 1493 2575 mala
1523 2520 1834 2577 valetudine

225 2613 479 2666 laborant
505 2655 520 2679 ,
550 2629 672 2668 cum
704 2612 1034 2669 medicorum
1075 2614 1143 2669 sit
1180 2613 1364 2684 fugare
1392 2613 1606 2669 dolores
1630 2655 1646 2681 ,
1680 2613 1830 2668 infir-

225 2705 580 2773 mitatemque
619 2719 1004 2776 compescere,
1053 2721 1157 2760 non
1203 2714 1380 2760 tamen
1427 2704 1641 2759 famulis
1669 2744 1685 2770 ,
1741 2704 1830 2774 qui

224 2803 354 2849 sunt
385 2795 438 2848 in
462 2795 757 2849 ministerio
778 2835 792 2860 ,
821 2795 1160 2850 interdicitur
1182 2796 1467 2851 verborum
1491 2794 1829 2861 consolatio;

225 2886 342 2939 imo
369 2900 498 2939 vero
520 2884 572 2938 hi
596 2888 829 2941 maxime
858 2893 985 2941 sunt
1009 2927 1025 2953 ,
1049 2887 1136 2956 qui
1162 2886 1406 2956 plurimis
1427 2886 1478 2940 in
1502 2884 1833 2940 consolando

224 2976 408 3031 verbis
435 2986 655 3031 utuntur
678 3017 693 3044 ,
723 2993 844 3031 cum
876 2992 1003 3047 erga
1033 2978 1281 3031 dominos
1308 2977 1446 3031 bene
1475 2975 1650 3030 allecti
1678 2984 1827 3029 sunt.

226 3069 286 3123 Si
320 3070 446 3139 quid
479 3071 655 3138 itaque
683 3069 884 3124 dictum
910 3069 1071 3124 fuerit
1098 3085 1128 3124 a
1159 3070 1317 3125 nobis
1340 3110 1354 3134 ,
1386 3067 1528 3140 quod
1558 3067 1704 3122 hunc
1733 3067 1832 3122 im-

225 3178 476 3217 mensum
517 3162 758 3218 dolorem
805 3171 953 3217 tuum
996 3163 1168 3233 possit
1208 3164 1550 3233 exstinguere
1574 3203 1589 3229 ,
1631 3161 1830 3217 factum

223 3257 332 3310 erit
358 3267 414 3309 ut
442 3267 691 3325 optamus
717 3273 732 3309 :
761 3255 844 3310 sin
885 3269 1016 3310 vero
1055 3254 1364 3324 hujusmodi
1407 3253 1539 3308 nihil
1587 3253 1831 3310 invenire

225 3355 322 3399 aut
352 3345 495 3415 loqui
524 3345 863 3415 potuerimus
887 3385 902 3411 ,
935 3345 1267 3400 voluntatem
1317 3354 1496 3399 tamen
1539 3353 1780 3399 nostram
1810 3386 1826 3413 ,

225 3452 291 3491 ac
323 3437 652 3506 propositum
684 3437 772 3490 ille
801 3436 1120 3506 approbabit
1142 3474 1158 3501 ,
1202 3436 1291 3505 qui
1322 3451 1420 3506 per
1449 3436 1664 3490 beatum
1695 3436 1832 3490 Pau-

228 3527 340 3580 lum
389 3527 522 3582 ﬂere
570 3543 691 3582 cum
744 3527 1033 3593 flentibus,
1086 3527 1485 3599 humilibusque
1539 3527 1831 3585 condolere

221 3619 428 3688 juSsit(
460 3616 612 3671 Rom.
648 3619 736 3672 12.
768 3615 898 3691 15).

304 3709 561 3780 Stagirius
587 3727 617 3762 a
648 3711 876 3764 daemone
907 3719 1136 3764 vexatur.
1172 3740 1238 3751 —-
1262 3709 1485 3766 Videtur
1517 3711 1831 3782 itaqueuna

229 3815 353 3855 esse
405 3815 565 3855 causa
610 3801 868 3856 ιιιωτοτίε·
907 3801 1026 3868 tui,
1067 3801 1383 3872 nequissimi
1422 3801 1632 3858 scilicet
1672 3802 1831 3873 hujus

228 3891 492 3947 daemonis
515 3893 720 3946 insania
747 3909 760 3958 ;
791 3908 974 3948 verum
1000 3894 1068 3947 ab
1092 3894 1192 3947 hac
1217 3893 1377 3947 veluti
1399 3894 1579 3948 radice
1600 3894 1831 3963 plurima

230 3983 403 4038 tristia
429 3983 556 4038 oriri
581 4025 596 4049 ,
622 3984 665 4038 si
690 3984 810 4053 quis
835 3993 980 4039 recte
1005 3986 1378 4054 perspexerit,
1403 3985 1828 4040 animadvertet:

226 4074 372 4143 quod
406 4090 510 4128 non
538 4090 601 4129 ex
631 4077 838 4144 meipso
860 4075 1019 4130 modo
1045 4077 1267 4145 colligo,
1291 4076 1386 4132 sed
1410 4092 1478 4132 ex
1510 4077 1616 4132 illis
1636 4119 1648 4142 ,
1673 4094 1792 4150 quae
1811 4120 1827 4146 ,

227 4164 357 4218 dum
384 4165 605 4220 adesses
630 4180 811 4219 coram
837 4207 852 4229 ,
885 4175 936 4220 te
964 4166 1160 4236 saepius
1184 4177 1602 4237 conquerentem
1625 4168 1825 4224 audivi.

230 4257 413 4311 Primo
439 4265 492 4313 te
515 4273 687 4327 nuper
706 4273 826 4312 cum
853 4257 1097 4312 saeculari
1122 4273 1270 4313 more
1291 4260 1502 4332 viveres
1525 4301 1540 4324 ,
1569 4259 1701 4313 nihil
1729 4260 1834 4316 tale

230 4364 450 4419 passum
475 4365 635 4416 esse;
668 4349 762 4405 sed
797 4366 918 4405 cum
960 4351 1188 4420 teipsum
1235 4351 1436 4406 mundo
1480 4351 1788 4406 crucifixisti
1815 4392 1832 4417 ,

234 4454 362 4496 tunc
389 4442 441 4497 in
470 4443 641 4496 morbi
672 4458 890 4497 sensum
918 4443 1132 4498 venisse
1154 4484 1172 4510 ,
1201 4458 1320 4513 quae
1363 4459 1493 4499 sane
1539 4459 1625 4499 res
1665 4445 1835 4513 possit

234 4534 288 4587 in
343 4533 800 4602 perturbationem
854 4534 1014 4604 inque
1063 4533 1494 4605 desperationem
1541 4536 1832 4605 conjicere.

229 4623 480 4677 Secundo
500 4664 517 4689 ,
538 4623 680 4692 quod
703 4637 861 4694 quam
887 4623 1147 4694 plurimos
1174 4625 1388 4680 noveris
1412 4668 1428 4693 ,
1455 4627 1583 4681 dum
1608 4627 1836 4684 delicate

229 4716 513 4780 viverent,
544 4713 644 4770 hac
674 4725 823 4787 peste
851 4726 1127 4787 correptos
1151 4761 1166 4784 ,
1193 4735 1288 4775 eos
1313 4730 1488 4775 tamen
1517 4736 1679 4790 parvo
1706 4729 1828 4791 post

232 4820 476 4878 tempore
503 4808 573 4862 ita
598 4823 660 4863 ea
693 4809 1001 4866 inﬁrmitate
1029 4812 1304 4880 liberatos,
1331 4821 1389 4866 ut
1416 4813 1665 4883 perfecta:
1693 4813 1835 4868 inte-

233 4899 410 4971 gritati
442 4899 672 4954 restituti
701 4909 756 4955 et
781 4915 976 4957 uxores
1005 4901 1304 4969 ducerent,
1341 4912 1398 4958 et
1429 4904 1683 4974 plurimos
1714 4921 1838 4975 pro-

233 4998 488 5045 crearent
515 4989 712 5045 liberos
737 5033 750 5056 ,
779 4992 1138 5062 omnibusque
1157 4993 1279 5048 vitae
1300 4996 1578 5063 prwsentis
1598 5010 1838 5050 commo-

233 5081 318 5136 dis
347 5082 656 5138 fruerentur
675 5125 690 5148 ,
716 5083 956 5154 nihilque
982 5085 1322 5154 postmodum
1351 5088 1452 5142 tale
1480 5097 1789 5156 paterentur
1820 5106 1833 5144 :

231 5183 419 5227 contra
446 5217 468 5240 ,_
508 5184 560 5228 tu
589 5190 713 5230 cum
747 5185 949 5230 tantum
984 5186 1196 5248 tempus
1226 5178 1279 5232 in
1307 5178 1526 5248 jejuniis
1553 5195 1616 5234 ac
1645 5197 1838 5249 perno-

232 5267 557 5320 ctationihus
582 5307 596 5331 ,
626 5276 681 5322 et
721 5269 926 5338 reliqua
958 5270 1081 5323 vita:
1119 5271 1433 5324 austeritate
1475 5272 1793 5327 contriveris
1819 5313 1834 5336 ,

236 5355 441 5410 nullam
484 5372 846 5413 :erumnarum
896 5368 1107 5415 tuarum
1161 5360 1531 5415 liberationem
1580 5361 1838 5417 hactenus

240 5449 532 5504 inveneris.
565 5449 752 5505 Tertio
773 5493 789 5517 ,
817 5450 959 5521 quod
1001 5464 1123 5507 cum
1164 5461 1382 5507 sanctus
1412 5452 1501 5508 ille
1531 5453 1612 5508 vir
1638 5462 1836 5509 tantam

239 5541 295 5598 in
327 5542 548 5612 reliquis
574 5543 702 5598 viris
729 5545 1020 5613 potentiam
1048 5544 1381 5611 ostenderit,
1416 5545 1543 5599 nihil
1573 5545 1836 5615 ejusmodi

238 5635 474 5704 potuerit
501 5635 553 5688 in
583 5644 668 5688 tua
700 5635 986 5689 dilectione
1017 5635 1278 5705 perficere
1299 5651 1518 5705 ,.neque
1547 5635 1660 5705 ipse
1687 5677 1700 5700 ,
1740 5651 1836 5691 nc-

237 5745 341 5796 qne
369 5728 402 5782 ii
434 5745 673 5798 quicum
701 5730 794 5783 illo
818 5739 971 5785 erant
994 5771 1010 5797 ,
1057 5731 1146 5786 illo
1191 5731 1354 5787 etiam
1404 5732 1453 5786 in
1501 5731 1602 5785 hoc
1639 5745 1837 5801 genere

237 5822 606 5894 potentiores,
670 5839 854 5880 verum
899 5839 1083 5880 omnes
1129 5841 1188 5882 re
1234 5825 1428 5883 infecta
1477 5823 1570 5882 abs
1615 5833 1664 5881 tc
1708 5837 1828 5879 cum

1101 389 1194 447 AD
1231 390 1604 450 STAGIRIUM
1643 391 1690 447 Α
1731 388 2036 448 ῺΕΜΟΝΕ
2075 390 2435 450 VEXATUM.
2476 392 2604 450 LIB.
2647 394 2691 450 1.

3445 396 3554 455 ιω

1951 504 2148 560 rubore
2175 504 2540 562 discesserint.
2570 507 2651 562 Ad
2687 503 2804 563 haec
2833 507 2934 562 alia
2961 522 3026 564 ex
3065 515 3218 581 parte
3247 507 3470 567 nimium
3496 521 3552 568 te

1949 595 2070 664 angi
2109 594 2366 664 dicebas,
2413 598 2557 668 quod
2597 599 2670 654 ita
2711 599 2949 654 animum
2991 609 3140 655 tuum
3178 600 3260 656 vis
3301 605 3552 658 moraris

1951 687 2329 757 occupaverit,
2354 699 2409 743 ut
2436 690 2630 759 sacpius
2655 705 2840 760 parum
2864 691 3006 746 absit
3031 691 3159 761 quin
3184 691 3250 746 ad
3275 691 3552 762 laqueum,

1950 777 2170 834 ﬂuvium
2224 790 2279 836 et
2324 783 2679 852 pnecipitium
2729 799 3001 840 accurras.
3052 785 3252 853 Quinto
3296 785 3555 856 deinceps

1951 870 2069 924 loco
2095 909 2111 934 ,
2142 869 2285 940 quod
2315 871 2550 941 mquales
2573 881 2692 927 tuos
2712 881 2767 927 et
2786 873 3198 929 contubernales
3221 915 3238 938 ,
3259 873 3352 945 qui
3373 887 3551 932 tecum

1949 959 2113 1012 vitam
2145 958 2283 1014 hanc
2309 961 2584 1030 inierunt,
2631 963 2918 1033 tranquille
2961 974 3182 1035 agentes
3226 963 3466 1034 aspicis:
3499 971 3555 1020 te

1951 1065 2080 1106 vero
2101 1051 2409 1108 sarvissima:
2434 1054 2684 1124 procella:
2697 1055 2871 1110 adhuc
2891 1057 3194 1126 expositum
3216 1095 3232 1122 ,
3246 1062 3303 1112 et
3319 1056 3551 1122 carceri,

1949 1141 2041 1210 qui
2086 1138 2339 1197 omnium
2393 1146 2635 1209 profecto
2681 1139 3022 1203 miserrimus
3071 1153 3198 1213 est,
3255 1146 3552 1202 addictum.

1949 1229 2133 1302 Neque
2161 1232 2304 1287 enim
2335 1233 2418 1290 his
2449 1235 2538 1308 qui
2566 1236 2711 1292 ferro
2739 1237 2900 1292 vincti
2920 1235 3065 1306 ,sun't
3087 1278 3103 1304 ,
3144 1236 3216 1293 ita
3250 1237 3557 1309 lacryman-

1948 1322 2076 1379 dum
2105 1325 2387 1381 asserebas
2414 1369 2428 1394 ,
2459 1335 2518 1382 ut
2544 1328 2610 1383 iis
2637 1370 2653 1395 ,
2687 1328 2778 1404 qui
2816 1327 3127 1398 hujusmodi
3165 1336 3354 1385 catena
3393 1327 3554 1384 colli-

1949 1417 2055 1488 gati
2100 1419 2319 1474 fuerint.
2368 1420 2566 1476 Aiebas
2611 1429 2665 1477 et
2710 1420 2854 1476 aliud
2897 1436 3018 1476 esse
3058 1428 3320 1490 przeterea
3349 1461 3364 1488 ,
3407 1419 3552 1492 quod

1949 1516 2187 1571 maxime
2215 1522 2267 1570 te
2292 1514 2536 1569 turbaret.
2561 1530 2576 1567 :
2610 1512 2784 1568 vereri
2814 1511 2958 1566 enim
2988 1526 3053 1567 ac
3081 1520 3317 1567 tremere
3340 1522 3363 1577 ,‘
3397 1525 3466 1567 ne
3505 1511 3552 1567 ei

1948 1608 2048 1663 ista
2075 1615 2229 1678 pater
2257 1606 2454 1661 sentiat
2478 1646 2493 1669 ,
2521 1603 2770 1662 maximis
2799 1603 3007 1674 injuriis
3043 1611 3205 1674 atque
3241 1603 3544 1658 incommoo

1947 1699 2030 1754 dis
2055 1697 2253 1753 alliciat
2277 1705 2490 1751 sanctos
2523 1694 2643 1750 illos
2666 1735 2682 1761 ,
2713 1710 2803 1766 qut
2835 1705 2886 1750 te
2928 1708 2959 1748 a
2997 1693 3257 1765 principio
3299 1707 3553 1764 suscepe-

1946 1800 2068 1848 runt
2100 1811 2113 1847 :
2148 1795 2342 1862 quippe
2371 1788 2596 1844 summis
2643 1787 2844 1844 viribus
2883 1796 3042 1859 atque
3068 1786 3276 1858 .opibus
3318 1785 3510 1841 fretum
3532 1827 3549 1855 ,

1945 1895 2106 1955 atque
2135 1883 2498 1954 indignatione
2526 1881 2850 1936 concitatum
2875 1921 2907 1947 ,p
2935 1886 3126 1934 cuncta
3162 1880 3422 1933 adversus
3455 1891 3551 1932 eos

1944 1992 2222 2046 ausurum,
2252 1987 2307 2032 et
2354 1975 2485 2032 nulli
2538 1974 2865 2046 parciturum
2907 1969 3176 2039 vindiCiis,
3207 1987 3286 2045 ex.
3324 1969 3430 2026 illis
3458 1969 3550 2040 qui

1945 2068 2048 2124 sibi
2092 2067 2413 2123 occurrerit.
2455 2065 2523 2121 Et
2569 2065 2827 2120 hactenus
2880 2063 3096 2134 quidem
3149 2062 3386 2133 potuisse
3439 2077 3554 2116 ma-

1946 2169 2082 2216 trem
2127 2176 2242 2216 rem
2287 2169 2489 2230 gestam
2535 2157 2738 2213 notitia:
2779 2157 2946 2226 patris
3000 2155 3299 2210 subducere
3325 2194 3340 2220 ,
3388 2168 3551 2224 repu-

1944 2253 2180 2322 lisseque
2218 2250 2370 2305 illum
2407 2263 2552 2319 stepe
2578 2291 2592 2316 ,
2621 2264 2742 2303 cum
2773 2248 2839 2303 de
2866 2257 2918 2303 te
2949 2247 3241 2321 inquireret
3271 2261 3285 2299 :
3319 2236 3433 2300 fere
3454 2260 3552 2299 ειυς

1946 2353 2054 2400 tem
2094 2352 2153 2398 ut
2199 2357 2454 2415 processu
2499 2342 2759 2412 temporis
2789 2338 3219 2409 deprehendatur
3247 2325 3549 2393 cauta'htec

1945 2434 2134 2490 matris
2177 2433 2448 2489 simulatio
2472 2473 2488 2499 ,
2522 2432 2740 2503 jamque
2787 2431 2877 2487 ille
2917 2439 2972 2485 et
3014 2429 3132 2500 ipsi-
3166 2439 3220 2483 et
3271 2425 3550 2484 monachis

1944 2524 2209 2581 acerrime
2257 2523 2553 2578 immineat.
2607 2523 2887 2577 Postremo
2931 2520 3074 2592 quod
3139 2520 3378 2576 omnium
3437 2533 3551 2572 ma.

1947 2617 2123 2673 lorum
2185 2633 2496 2688 supremum
2538 2615 2748 2670 culmen
2795 2624 2914 2681 est,
2968 2613 3164 2669 nullam
3211 2612 3301 2667 tibi
3347 2620 3550 2667 certam

1945 2724 2068 2764 esse
2119 2707 2420 2764 futurorum
2465 2706 2845 2762 confidentiam
2889 2705 3143 2769 dicebas,
3175 2718 3347 2773 neque
3392 2717 3549 2773 aper-

1944 2800 2049 2855 tius
2097 2799 2278 2866 scire,
2323 2798 2367 2852 si
2411 2796 2626 2867 quando
2670 2795 2847 2850 futura
2890 2795 2959 2849 sit
3013 2792 3185 2849 morbi
3246 2793 3405 2862 hujus
3451 2792 3546 2846 ab-

1943 2889 2140 2944 solutio
2165 2897 2325 2958 atque
2354 2889 2599 2943 liberatio
2625 2929 2639 2954 ,
2668 2903 2788 2942 cum
2814 2928 2830 2953 ,
2879 2887 3075 2957 smpius
3125 2886 3224 2940 hac
3266 2892 3547 2954 exspecta-

1945 2981 2089 3035 tione
2117 2979 2297 3034 hahita
2322 3020 2337 3045 ,
2369 2994 2553 3034 rursus
2584 2980 2637 3034 in
2668 2980 2917 3035 eamdem
2959 2963 3242 3033 miseriam.
3271 2972 3546 3032 incideris.

1945 3069 2092 3123 Talia
2123 3079 2248 3125 sunt
2281 3069 2521 3139 profecto
2551 3070 2649 3124 ista
2677 3111 2693 3136 ,
2726 3087 2843 3139 qua:
2868 3070 3109 3123 animum
3152 3068 3385 3126 maxime
3425 3083 3546 3139 per-

1944 3162 2162 3217 turbare
2216 3163 2461 3232 possint,
2507 3161 2815 3233 ingentique
2855 3152 3076 3230 implere
3135 3153 3399 3225 tumultu,
3449 3157 3544 3214 sed

1941 3251 2180 3306 animum
2213 3266 2496 3308 remissum
2522 3293 2538 3319 ,
2571 3252 2878 3322 imperitum
2919 3265 2982 3306 ac
3021 3246 3281 3306 desidem.
3311 3249 3380 3310 At
3418 3259 3545 3305 vere

1943 3358 2043 3399 nos
2071 3344 2116 3399 si
2144 3345 2448 3416 perspicere
2477 3345 2752 3416 paululum
2783 3345 3140 3408 voluerimus,
3166 3343 3545 3414 cogitationeso

1941 3451 2046 3508 que
2075 3437 2189 3507 pias
2217 3436 2528 3502 admovere,
2573 3434 2670 3492 has
2715 3450 2903 3490 omnes
2936 3435 3183 3491 mmroris
3211 3449 3401 3489 causas
3431 3431 3544 3487 vel-

1942 3528 2019 3582 uti
2067 3528 2436 3584 tenuissimum
2465 3527 2740 3598 pulverem
2780 3527 3134 3582 excutiemus.
3183 3524 3326 3581 Cave
3365 3533 3545 3579 autem

1940 3628 2097 3692 putes
2127 3634 2216 3674 me
2257 3619 2418 3674 modo
2449 3620 2550 3673 ista
2581 3619 2782 3674 idcirco
2814 3628 2954 3674 tanta
2983 3616 3236 3672 facilitate
3261 3615 3543 3687 polliceri,

1942 3709 2086 3781 quod
2113 3721 2262 3765 extra
2295 3710 2538 3765 dolorem
2574 3713 2715 3764 hunc
2758 3710 3154 3780 procellamqne
3195 3722 3398 3787 verser.
3435 3706 3548 3762 Etsi

1943 3803 2086 3858 enim
2113 3803 2430 3874 quibusdam
2463 3802 2706 3858 fortaSSis
2736 3799 3063 3856 incredibilia
3092 3799 3272 3855 dicere
3297 3798 3543 3864 videbor,

1942 3895 2118 3950 dicam
2153 3903 2330 3948 tamen
2362 3910 2374 3945 :
2410 3907 2584 3964 neque
2609 3892 2750 3947 enim
2773 3907 2894 3946 cum
2923 3890 3141 3961 reliquis
3173 3899 3228 3944 tu
3255 3889 3383 3944 mihi
3412 3903 3547 3959 quo-

1944 4002 2048 4058 que
2077 3986 2237 4040 tidem
2269 4000 2375 4040 non
2410 3986 2648 4041 habebis.

2016 4076 2230 4131 Demon
2260 4078 2364 4131 suis
2389 4082 2610 4148 formam
2649 4076 2852 4146 accipit.
2880 4104 2952 4117 -
2975 4072 3108 4129 Cum
3135 4073 3204 4129 ab
3235 4073 3388 4128 initio
3415 4087 3540 4128 sce-

1943 4168 2112 4223 lestus
2149 4168 2238 4222 ille
2269 4167 2480 4222 daemon
2508 4168 2746 4221 animum
2780 4167 2978 4220 invasit
3010 4175 3177 4231 tuam,
3224 4165 3386 4242 atque
3423 4179 3546 4219 cum

1945 4260 2156 4315 caneris
2184 4259 2473 4330 prostravit
2498 4268 2766 4325 orantem,
2814 4274 2920 4313 non
2952 4256 3202 4329 equidem
3234 4258 3360 4311 tunc
3403 4271 3545 4325 pra:-

1946 4366 2074 4407 sens
2125 4351 2366 4417 aderam,
2419 4351 2728 4421 gratiasque
2774 4365 2875 4419 ago
2918 4349 3342 4404 clementissimo
3387 4346 3544 4408 Deo;

1946 4440 2108 4496 didici
2154 4451 2330 4496 tamen
2358 4442 2538 4496 omnia
2570 4441 2998 4511 diligentissime,
3047 4438 3461 4496 non'secus'ac
3499 4436 3546 4492 si

1946 4533 2061 4602 ipse
2105 4532 2397 4587 aﬂ‘uissem.
2427 4530 2562 4586 Nam
2593 4530 2924 4600 TheOphiIus
2951 4529 3236 4599 Ephesius.
3270 4528 3548 4597 utriusque

1947 4634 2191 4678 nostrum
2236 4623 2466 4691 amicus,
2499 4622 2772 4694 profectus
2799 4621 2866 4677 ad
2909 4638 3017 4688 me,
3059 4631 3250 4676 cuncta
3288 4620 3418 4677 mihi
3452 4635 3547 4690 per

1946 4718 2194 4773 ordinem
2223 4717 2430 4782 retulit,
2455 4717 2710 4772 distortas
2737 4732 2948 4782 manus,
2984 4714 3403 4781 torvosoculos,
3435 4715 3548 4768 oris

1945 4825 2215 4881 epumam,
2244 4810 2573 4866 horrendam
2605 4811 2747 4864 illam
2779 4820 2832 4864 et
2854 4808 3134 4865 confusam
3171 4823 3378 4874 vocem,
3417 4820 3542 4862 cor-

1946 4905 2096 4974 poris
2135 4913 2446 4969 tremorem,
2479 4903 2786 4957 diuturnam
2828 4916 3018 4957 sensus
3045 4901 3420 4972 privationem,
3461 4899 3545 4954 vi-

1947 5007 2175 5063 sumque
2205 4991 2441 5065 terribile
2468 4993 2610 5063 quod
2654 5009 2716 5047 ea
2745 5003 2900 5048 nocte
2928 5002 3204 5047 ostensum
3240 5001 3342 5046 est.
3377 4989 3541 5043 Suom

1934 5083 2092 5156 enim
2123 5083 2405 5152 quemdam
2449 5083 2836 5139 ferocissimum
2879 5081 3108 5136 maxima
3153 5080 3202 5134 vi
3234 5080 3330 5135 luti
3361 5079 3542 5150 inqui-

1948 5187 2132 5230 natum
2175 5177 2225 5230 in
2261 5186 2312 5231 te
2342 5176 2546 5231 insilire
2568 5176 2785 5246 jngitcr,
2819 5185 2978 5244 atque
3025 5185 3200 5229 tecum
3227 5183 3542 5228 concertare

1947 5269 2160 5323 aiebat:
2189 5284 2418 5338 cumque
2445 5270 2489 5324 is
2511 5270 2599 5339 qui
2626 5269 2774 5337 juxta
2807 5267 3200 5334 obdoriniebat,
3241 5281 3306 5323 ca
3337 5265 3543 5320 visione

1947 5363 2212 5428 turbatus,
2258 5371 2610 5432 experrectus
2649 5369 2814 5427 esset,
2857 5361 3128 5416 invenisse
3174 5367 3225 5415 te
3256 5372 3468 5414 rursum
3512 5373 3544 5413 a

1946 5455 2192 5510 daemone
2225 5456 2424 5510 vexari.

2017 5548 2073 5601 2.
2115 5547 2246 5602 Cum
2272 5549 2429 5618 igitur
2455 5546 2569 5602 hzec
2590 5547 2677 5603 ille
2705 5547 3065 5611 denuntiaret,
3091 5554 3312 5610 tantam,
3345 5550 3541 5612 lateor,

1948 5640 2195 5696 mceroris
2225 5640 2470 5695 nebulam
2508 5639 2637 5694 mihi
2663 5639 2870 5704 offudit,
2895 5647 3146 5709 quantam
3188 5636 3276 5690 hic
3302 5635 3416 5706 ipse
3436 5634 3540 5689 du-

1945 5730 2194 5785 rissimus
2221 5731 2432 5787 daemon
2459 5734 2668 5787 caritati
2712 5741 2834 5787 tute.
2878 5731 3068 5786 Postea
3110 5743 3422 5798 veroquam
3449 5742 3539 5784 me

1947 5837 2014 5879 cx
2043 5821 2237 5882 acerbo
2267 5837 2328 5880 ac
2373 5822 2580 5880 diutino
2624 5823 2808 5880 dolore
2852 5820 3064 5892 collegi,
3097 5819 3227 5876 nihil
3259 5817 3388 5874 tnihi
3425 5817 3541 5889 jam
