4266 6314
737 334 835 389 627

733 454 788 506 in
819 447 1018 506 mundo
1035 462 1218 520 grave,
1243 447 1376 504 nihil
1404 448 1557 504 dulce
1583 448 1894 503 videbatur:
1918 447 2011 502 sed
2036 463 2157 503 cum
2179 446 2304 500 olim

732 543 1024 603 vanitatem
1049 541 1230 599 seaculi
1257 540 1579 609 contemptui
1607 538 1971 602 habuerim,ac
1995 537 2290 607 reprehen-

729 631 861 685 dere
894 630 1084 685 solitus
1112 630 1231 694 sim,
1265 637 1388 683 tunc
1419 630 1646 682 maxime
1673 627 1724 682 id
1756 643 1942 696 passus
1983 642 2123 692 sum,
2167 641 2284 681 ma-

726 721 927 789 jorque
948 719 1172 775 affectus
1199 717 1264 772 ad
1303 717 1625 774 desiderium
1655 716 1817 775 subiit
1839 716 2138 771 dilectionis
2168 723 2304 780 tute;

728 810 928 879 quippe
951 824 1011 862 ea
1039 817 1123 864 est
1150 824 1365 864 casuum
1391 808 1617 863 tristium
1645 818 1854 872 natura,
1880 822 1998 877 quae
2018 808 2306 861 amicitiam

729 915 1022 971 peraugere
1045 901 1349 954 consuevit:
1377 900 1537 970 idque
1559 915 1622 955 ex
1649 914 1715 955 eo
1740 899 1926 968 liquet,
1957 897 2098 967 quod
2129 897 2306 951 inimi-

727 990 884 1046 citias
904 1005 1114 1059 quoque
1139 989 1293 1046 facile
1321 1005 1575 1046 revocare
1605 991 1657 1045 in
1682 989 1907 1060 gratiam
1955 989 2144 1060 possit.
2172 988 2305 1042 Nul-

728 1079 814 1135 lus
837 1083 982 1135 enim
1017 1080 1125 1135 fere
1155 1090 1262 1135 tam
1293 1079 1560 1148 immanis,
1585 1090 1800 1150 tamque
1827 1080 2046 1136 insanus
2074 1086 2177 1146 est,
2217 1079 2306 1147 qui

726 1170 776 1224 si
805 1169 979 1224 videat
1018 1171 1163 1240 gravi
1206 1171 1382 1240 aliquo
1406 1185 1533 1225 casu
1557 1171 1678 1240 angi
1721 1169 2015 1235 inimicum,
2049 1168 2307 1225 adversus

710 1252 876 1313 illum
896 1273 1113 1323 scrvare
1132 1259 1308 1315 odium
1337 1260 1526 1329 possit.
1549 1259 1699 1326 Quod
1727 1259 1775 1314 si
1807 1259 2139 1314 inimicorum
2167 1274 2304 1328 quo-

724 1349 1211 1418 quegmiseremur,
1254 1363 1457 1419 eosque
1503 1349 1799 1403 amicorum
1846 1348 2108 1404 habemus
2158 1349 2299 1415 loco,

723 1451 850 1494 cum
874 1452 1035 1507 grave
1061 1437 1258 1509 aliquid
1285 1446 1446 1508 atque
1470 1438 1798 1507 insperatum
1837 1438 1957 1493 illos
1983 1439 2189 1509 perpeti
2219 1438 2300 1491 vi-

724 1524 948 1581 demus:
978 1527 1280 1594 considera,
1318 1542 1522 1598 quaso,
1571 1528 1852 1598 diligenter
1879 1528 2004 1599 quid
2050 1543 2137 1584 me
2167 1529 2297 1598 pati,

723 1629 899 1686 quove
925 1631 1046 1672 esse
1070 1618 1248 1672 animo
1273 1632 1496 1674 necesse
1522 1617 1700 1685 fuerit,
1732 1618 1858 1674 dum
1884 1634 2028 1687 eum,
2054 1633 2211 1690 quem
2233 1634 2300 1675 ex

725 1706 976 1762 omnibus
1016 1709 1246 1765 maxime
1285 1709 1464 1779 diligo,
1499 1724 1761 1780 quemque
1801 1725 1906 1766 non
1937 1711 2114 1766 minus
2141 1725 2298 1781 quam

724 1809 814 1849 me
840 1810 1022 1851 carum
1066 1796 1254 1865 habeo,
1284 1798 1465 1853 vexari
1506 1800 1784 1868 acerrime,
1815 1814 1879 1855 ac
1911 1815 2139 1855 maerore
2167 1799 2301 1856 deli-

721 1899 850 1940 ccre
876 1886 1136 1942 audirem.
1166 1886 1286 1942 Noli
1324 1888 1500 1960 itaque
1529 1900 1714 1958 putare
1750 1904 1849 1945 nos
1873 1890 2169 1946 vexationis
2197 1898 2300 1946 tuae

724 1973 1013 2042 immunes,
1055 1971 1285 2032 fomenta
1314 1977 1407 2033 tibi
1443 1976 1825 2035 censolationis
1851 1980 2155 2036 admovere.
2187 1980 2296 2035 Etsi

721 2066 867 2120 enim
885 2081 914 2120 a
934 2067 1326 2135 perturbatione
1347 2069 1524 2135 illa,ac
1541 2068 1838 2140 dejectione
1854 2069 2047 2124 diaboli
2065 2086 2181 2124 sum
2204 2070 2300 2125 Dei

720 2155 892 2225 gratia
921 2155 1074 2222 liber,
1114 2157 1271 2226 hujus
1299 2168 1474 2215 tamen
1501 2162 1765 2216 maestitia:
1793 2177 1854 2216 ac
1883 2160 2082 2216 doloris
2119 2176 2298 2231 mquas

724 2255 901 2313 partes
922 2243 1048 2300 mihi
1069 2256 1241 2301 tecum
1265 2248 1474 2304 vindico
1505 2267 1518 2303 :
1545 2261 1703 2321 atque
1725 2252 1775 2305 in
1799 2251 1900 2305 hoc
1922 2247 2048 2305 mihi
2076 2252 2298 2306 credent

722 2336 812 2404 qui
842 2333 910 2389 ita
931 2345 985 2390 ut
1002 2348 1212 2407 oportet
1240 2339 1458 2410 diligere
1481 2348 1761 2396 noverunt.
1784 2343 1893 2413 Age
1912 2355 2037 2412 ergo
2053 2342 2294 2396 excutia-

722 2441 840 2479 mus
863 2423 1006 2481 hunc
1031 2430 1302 2497 pulverem
1329 2449 1340 2482 :
1367 2432 1436 2485 ita
1465 2433 1606 2486 enim
1635 2435 1735 2488 erlt
1761 2432 2053 2488 tolerabilis
2074 2449 2135 2487 ac
2163 2432 2297 2486 levis

724 2511 943 2582 hujusce
985 2515 1065 2569 vis
1097 2520 1359 2583 maeroris,
1391 2520 1435 2573 si
1460 2522 1784 2576 uoluerimus
1814 2521 2052 2577 cedendo
2083 2523 2298 2592 aegritu-

719 2601 827 2656 dini
856 2603 989 2656 trahi
1017 2602 1083 2658 ad
1110 2607 1418 2676 praecipitia,
1451 2610 1544 2664 sed
1577 2611 1790 2681 vigilare
1833 2613 2028 2681 potius,
2085 2618 2139 2666 et
2167 2612 2294 2681 quid

718 2690 858 2750 facto
885 2711 1017 2768 opus
1046 2700 1115 2752 sit
1142 2701 1398 2768 cogitare.
1428 2701 1662 2757 Plurima
1688 2704 1828 2759 enim
1873 2720 1939 2759 ex
1970 2705 2034 2758 iis
2064 2721 2183 2774 qua:
2211 2708 2294 2759 vi-

719 2785 912 2840 dentur
937 2789 1304 2855 acerbissima,
1338 2792 1641 2862 priusquam
1663 2797 2040 2850 examinentur
2068 2795 2292 2866 diligen-

716 2877 846 2941 tius,
877 2879 1052 2947 gravia
1082 2888 1339 2948 putantur
1362 2889 1416 2936 et
1458 2883 1844 2944 intolerabilia:
1873 2885 1922 2940 si
1963 2885 2082 2954 quis
2111 2895 2288 2941 tamen

712 2980 775 3020 ea
807 2965 1010 3023 ratione
1035 2967 1303 3037 discutiat,
1336 2967 1568 3028 inveniet
1603 2988 1723 3029 esse
1752 2975 1908 3044 longe
1936 2977 2184 3046 opinione
2210 2979 2289 3032 le-

712 3057 882 3122 viora,
911 3060 1052 3129 quod
1099 3062 1260 3116 modo
1288 3078 1498 3133 quoque
1523 3064 1756 3120 futurum
1802 3083 1904 3120 non
1927 3068 2174 3137 despero.
2208 3067 2288 3124 Tu

713 3158 914 3204 tantum
943 3153 1169 3222 teipsum
1190 3157 1529 3227 erige,neqne
1559 3173 1707 3214 vana:
1725 3173 1787 3213 ac
1807 3159 1980 3214 stulta:
1999 3160 2139 3230 Vulgi
2168 3163 2288 3230 opi-

714 3242 860 3295 nioni
904 3246 1278 3316 acquiescens,
1325 3248 1602 3305 fortiorem
1645 3260 1828 3306 contra
1877 3267 1975 3308 nos
2016 3254 2287 3309 inimicum

712 3341 932 3388 statuas.
974 3334 1135 3405 Igitur
1156 3339 1198 3392 si
1224 3339 1436 3408 quidem
1478 3339 1542 3395 ad
1570 3341 1801 3411 aliquem
1829 3343 2122 3398 infidelium
2152 3344 2288 3399 mihi

711 3442 888 3481 sermo
930 3439 1094 3495 esset,
1119 3431 1204 3487 vel
1233 3445 1416 3486 eorum
1442 3428 1532 3499 qui
1562 3443 1686 3483 casu
1728 3426 1853 3484 ferri
1878 3429 2058 3482 omnia
2110 3431 2295 3484 existi-

712 3526 881 3581 mant,
910 3517 995 3572 vel
1041 3534 1227 3574 eorum
1271 3521 1361 3589 qui
1404 3518 1744 3588 nequissimis
1784 3515 2065 3573 daemoniis
2110 3517 2295 3572 mundi

713 3607 1099 3675 providentiam
1144 3607 1435 3680 assignant,
1463 3609 1584 3678 plus
1612 3608 1742 3663 mihi
1787 3611 1989 3681 negotii
2021 3609 2296 3665 incumbe-

715 3705 817 3763 ret,
841 3698 1248 3769 repellendaque
1271 3701 1418 3769 prius
1444 3714 1667 3754 erronea
1696 3699 1880 3769 opinio
1910 3700 2114 3766 fuisset,
2137 3710 2294 3770 atque

713 3786 934 3841 veritate
961 3789 1302 3857 providentia:
1331 3799 1564 3854 ostensa,
1599 3787 1709 3843 tdm
1753 3794 1968 3846 demum
2000 3790 2292 3845 consolatio

714 3875 1087 3940 subinferenda
1117 3887 1258 3932 esset
1290 3896 1303 3931 :
1343 3881 1590 3948 quoniam
1619 3895 1751 3937 vero
1778 3882 1973 3936 Christi
2007 3883 2174 3951 gratia
2209 3881 2294 3934 in-

712 3983 946 4028 structus
976 3969 1040 4029 ab
1070 3969 1288 4028 infantia
1309 3985 1486 4027 sacras
1507 3970 1739 4029 didicisti
1767 3973 1964 4037 literas,
1986 3987 2219 4041 veraque
2239 3981 2294 4026 et

713 4062 964 4117 salutaria
978 4063 1222 4132 dogmata
1239 4081 1306 4119 ex
1323 4063 1582 4133 majorum
1603 4071 1812 4115 tuorum
1832 4062 2169 4116 successione
2186 4073 2295 4115 sus-

711 4153 922 4222 cepisti,
974 4154 1147 4208 credis
1175 4154 1373 4223 absque
1418 4154 1522 4207 ulla
1568 4151 1903 4206 haesitatione
1956 4153 2070 4207 Deo
2111 4165 2292 4206 curam

714 4260 835 4298 esse
864 4243 931 4297 de
974 4243 1243 4307 omnibus,
1291 4253 1344 4297 et
1392 4243 1459 4296 de
1501 4242 1581 4296 his
1621 4242 1854 4297 maxime
1902 4241 1994 4311 qui
2037 4242 2138 4296 sibi
2187 4241 2290 4297 fide

715 4335 882 4403 juncti
910 4344 1065 4399 sunt;
1099 4335 1293 4389 omissa
1322 4333 1422 4388 hac
1451 4343 1621 4402 parte,
1653 4332 1868 4387 aliunde
1898 4347 2171 4389 sumamus
2213 4333 2292 4387 in-

717 4425 888 4479 itium.
914 4424 1182 4495 Principio
1209 4441 1328 4480 cum
1353 4425 1569 4495 angelos
1595 4433 1802 4481 crearet
1824 4425 1966 4479 Deus
1992 4442 2007 4492 ;
2033 4425 2139 4478 imo
2167 4438 2292 4480 vero

716 4524 776 4574 ut
798 4518 958 4574 altius
984 4516 1206 4572 ducatur
1235 4518 1406 4572 oratio
1430 4536 1442 4571 :
1474 4525 1759 4587 antequam
1789 4518 2008 4587 angelos
2035 4518 2292 4572 conderet

713 4602 1065 4677 cilestesque
1107 4608 1338 4676 reliquas
1363 4607 1622 4671 Virtutes,
1675 4604 1815 4662 Deus
1860 4614 1975 4662 erat
2023 4607 2139 4661 sine
2185 4608 2293 4660 ullo

717 4715 969 4770 umquam
1015 4698 1303 4754 exsistendi
1334 4699 1613 4768 principio.
1646 4697 1777 4752 Cum
1818 4713 1947 4754 vero
1976 4700 2174 4753 nullius
2216 4700 2294 4754 rei

719 4805 884 4861 egens
926 4805 1138 4860 semper
1179 4799 1339 4856 esset,
1371 4790 1423 4844 id
1465 4791 1664 4860 quippe
1690 4791 1961 4859 proprium
2002 4791 2292 4846 divinitatis

719 4889 821 4946 est,
850 4881 1051 4935 creavit
1078 4878 1318 4949 angelos,
1348 4878 1717 4949 archangelos,
1742 4895 2030 4949 omnesque
2061 4881 2292 4950 reliquas

721 4971 1062 5039 incorporeas
1091 4968 1431 5024 substantias.
1475 4968 1689 5024 Creavit
1715 4985 1842 5025 vero
1871 4971 1939 5024 ob
1963 4972 2104 5025 aliud
2139 4972 2288 5039 nihil,

721 5062 823 5117 nisi
848 5061 958 5115 sola
984 5061 1234 5115 bonitatis
1257 5077 1367 5116 sum
1393 5077 1570 5117 causa.
1596 5062 1832 5130 Quorum
1864 5064 2007 5118 enim
2038 5064 2293 5133 obsequio

721 5168 830 5208 non
855 5151 1142 5225 indigebat,
1172 5170 1453 5226 numquam
1481 5170 1573 5211 eos
1597 5154 1834 5224 profecto
1855 5156 2162 5222 creavisset,
2187 5157 2289 5211 nisi

719 5260 970 5314 supreme
996 5246 1168 5301 bonus
1197 5256 1362 5302 esset.
1405 5245 1532 5303 Post
1559 5247 1771 5304 illorum
1807 5261 1935 5302 vero
1962 5249 2289 5303 creationem

721 5334 850 5388 fecit
874 5334 1146 5391 hominem
1173 5337 1288 5406 ipsa
1316 5337 1516 5392 scilicet
1537 5349 1695 5407 atque
1721 5335 1906 5392 eadem
1929 5352 2110 5402 causa,
2140 5353 2292 5390 mun-

721 5425 956 5495 dumque
985 5425 1124 5481 hunc
1151 5440 1387 5484 omnem.
1428 5442 1584 5496 quem
1627 5442 1746 5481 cum
1794 5427 2089 5480 innumeris
2136 5427 2290 5482 bonis

721 5514 1068 5584 insigniisset,
1097 5530 1316 5584 parvum
1345 5516 1491 5570 illum
1522 5525 1576 5570 et
1599 5516 1908 5570 vilissimum
1937 5515 2019 5570 his
2046 5516 2293 5570 omnibus

717 5606 976 5678 pra:fecit,
1020 5607 1121 5661 hoc
1168 5607 1314 5680 illum
1355 5607 1406 5661 in
1447 5615 1585 5661 terra
1617 5606 1961 5670 mstituens,
2007 5605 2147 5676 quod
2179 5606 2292 5676 ipse

718 5707 863 5755 esset
891 5695 942 5753 in
971 5697 1121 5754 cwlo.
1149 5694 1300 5764 Quod
1330 5697 1475 5753 enim
1501 5698 1602 5753 ait:
1638 5695 1905 5757 Faciamus
1936 5697 2183 5753 hominem
2224 5698 2292 5751 ad

1472 334 1529 391 .
1879 326 2353 389 CHRYSOSTOMI
2397 333 2719 389 ARClllEP.
2761 335 3293 395 CONSTANTINOP.

3897 343 4001 399 $28

2421 446 2690 516 imaginem
2718 457 2762 502 et
2790 450 3169 505 similitudinem
3194 462 3416 504 nostram
3442 450 3594 521 (Gen.
3631 453 3684 507 1.
3712 453 3830 524 26),
3868 458 4001 512 nihil

2420 534 2562 588 aliud
2603 535 2862 605 profecto,
2899 553 3057 606 quam
3086 540 3186 594 sub
3211 540 3412 594 ditione
3445 540 3560 609 ejus
3587 543 3757 609 posita
3785 553 4000 599 terrena

2419 635 2607 680 cuncta
2628 627 2906 696 signicat.
2927 628 3058 682 Cum
3081 630 3239 698 igitur
3265 630 3333 683 ita
3357 630 3502 684 illum
3524 632 3795 686 conditum
3819 635 3874 687 in
3893 644 4001 688 tau-

2418 722 2473 768 to
2511 714 2714 770 honore
2738 716 2988 784 locasset,
3015 718 3177 773 veluti
3203 719 3315 788 regi
3345 720 3540 789 regiam
3570 721 3872 789 paradisum
3898 724 3998 793 ipsi

2417 811 2753 880 terrenorum
2774 807 3010 861 omnium
3041 808 3452 877 pulcherrimam
3477 811 3660 866 sedem
3683 814 3996 882 assignavit.

2416 892 2615 948 Volens
2643 905 2899 966 praeterea
2931 897 3032 965 ipsi
3061 898 3164 951 alia
3186 913 3396 969 quoque
3415 914 3481 954 ex
3507 911 3661 970 parte
3687 904 3996 968 ostendere,

2416 992 2672 1051 quantum
2701 986 3002 1041 animantes
3041 988 3274 1057 reliquas
3319 989 3524 1046 honore
3571 994 3996 1060 transcenderet,

2411 1071 2630 1127 adducit
2656 1074 2725 1129 ad
2751 1075 2899 1129 illum
2949 1091 3156 1142 omnes,
3188 1093 3253 1133 ac
3292 1082 3508 1135 nomina
3551 1083 3774 1152 singulis
3820 1085 3997 1155 impo-

2411 1175 2540 1216 nere
2561 1162 2740 1231 jubet;
2773 1165 3087 1236 nullumque
3115 1182 3186 1222 ex
3215 1168 3298 1222 his
3337 1169 3390 1223 in
3423 1170 3744 1240 adjutorium
3770 1174 3862 1228 dat
3896 1176 3996 1241 illi,

2410 1267 2731 1324 causamque
2770 1257 3012 1324 protinus
3041 1258 3331 1328 adjiciens:
3370 1260 3492 1316 Non
3516 1266 3668 1326 enim,
3698 1266 3886 1335 inquit,
3915 1269 3998 1321 in-

2409 1352 2585 1397 senlus
2603 1354 2677 1397 est
2694 1345 2900 1415 adjutor
2924 1347 3103 1403 similis
3121 1350 3170 1402 ei
3191 1349 3343 1420 (Gen.
3365 1351 3422 1405 .
3447 1351 3562 1422 20).
3585 1353 3718 1408 Cum
3745 1372 3873 1410 vero
3901 1373 3999 1426 per

2409 1433 2524 1489 haec
2550 1435 2728 1491 omnia
2753 1436 2989 1493 medium
3016 1441 3294 1512 utriusque
3335 1452 3540 1499 natura:
3569 1461 3693 1500 eum
3740 1463 3860 1502 esse
3896 1449 3998 1504 do-

2406 1527 2623 1593 cuisset,
2663 1527 2912 1598 quodque
2941 1532 3189 1587 omnibus
3217 1543 3360 1590 esset
3402 1536 3514 1607 ipse
3559 1539 3870 1594 honoratior
3909 1543 3994 1594 ni-

2389 1611 2589 1685 hilque
2613 1627 2759 1673 esset
2783 1619 2860 1673 illi
2887 1621 3083 1687 simile,
3115 1630 3242 1678 tunc
3267 1634 3322 1679 et
3353 1627 3631 1681 mulierem
3661 1637 3834 1695 creat,
3857 1640 3912 1684 et
3939 1633 3995 1686 in

2407 1705 2509 1761 hoc
2552 1708 2700 1764 illum
2729 1725 2914 1766 rursus
2963 1712 3236 1770 honoraris
3279 1717 3727 1789 manifestumque
3769 1722 3995 1789 faciens,

2405 1796 2546 1864 quod
2591 1798 2732 1854 illam
2780 1815 2991 1873 quoque
3036 1805 3204 1873 ipsius
3247 1809 3415 1876 gratia
3452 1819 3706 1874 creasset,
3752 1813 3887 1864 sicut
3937 1824 3999 1868 et

2407 1884 2603 1941 Paulus
2629 1889 2703 1943 ait
2735 1907 2750 1943 :
2782 1889 2926 1960 Non,
2959 1893 3148 1964 inquit,
3181 1906 3376 1950 aream
3413 1907 3485 1952 est
3527 1899 3602 1951 vir
3643 1911 3849 1968 prapter
3874 1920 3996 1954 mu-

2404 1976 2592 2044 lierem,
2624 1971 2712 2034 sed
2736 1982 2918 2035 mulier
2941 1993 3148 2054 propter
3182 1986 3345 2038 virum
3374 1985 3448 2059 (.
3475 1987 3592 2041 Cor.
3636 1989 3722 2044 ll.
3759 1988 3836 2061 9).
3872 1989 3995 2046 Non

2403 2081 2581 2128 autem
2610 2073 2693 2130 his
2723 2083 2928 2132 tantum
2957 2077 3105 2133 illum
3144 2078 3452 2156 honoravit,
3482 2097 3667 2137 verum
3700 2093 3754 2138 et
3780 2079 3996 2138 sermo-

2404 2177 2526 2217 nem
2550 2165 2623 2218 illi
2649 2166 2738 2219 uni
2770 2181 2836 2221 ex
2863 2169 3110 2223 omnibus
3132 2169 3351 2238 largitus
3379 2180 3480 2233 est,
3509 2173 3695 2242 suique
3726 2173 3873 2227 illum
3897 2190 3997 2227 no-

2403 2254 2548 2309 tione
2579 2255 2821 2325 dignatus
2849 2267 2950 2327 est,
2979 2274 3040 2314 ac
3068 2275 3165 2315 suo
3194 2261 3339 2316 dedit
3371 2261 3472 2315 frui
3494 2265 3786 2329 consortio,
3823 2279 3996 2333 quau-

2402 2353 2518 2398 tum
2556 2345 2658 2401 frui
2688 2347 2846 2402 homo
2887 2358 3113 2418 poterat.
3148 2350 3550 2407 lmmortalitate
3590 2363 3848 2422 prreterea
3889 2353 3995 2407 do-

2401 2434 2633 2488 nandum
2665 2438 2929 2505 promisit,
2959 2455 3271 2510 summaque
3295 2442 3536 2509 implevit
3561 2444 3841 2512 sapientia,
3880 2447 3995 2513 Spi-

2399 2524 2643 2580 ritualem
2671 2527 2743 2580 illi
2761 2529 2985 2598 gratiam
3011 2531 3289 2598 adjiciens,
3311 2534 3447 2587 adeo
3469 2545 3525 2588 ut
3548 2535 3800 2589 nonnulla
3827 2538 3991 2593 etiam

2399 2612 2731 2681 prmdiceret.
2773 2617 3003 2688 Hrecque
3033 2621 3109 2673 illi
3152 2623 3328 2674 omnia
3360 2621 3576 2693 largitus
3605 2635 3707 2690 est,
3755 2642 3874 2680 cum
3905 2639 3990 2681 ta-

2399 2719 2519 2757 men
2548 2705 2614 2759 ab
2651 2721 2714 2761 eo
2742 2708 2884 2763 nulla
2924 2720 3047 2764 ante
3084 2720 3229 2767 recte
3267 2712 3404 2767 facta
3444 2717 3822 2771 manavissent.
3848 2719 3989 2784 Quid

2397 2791 2558 2859 igitur
2601 2795 2689 2849 ille
2764 2807 2885 2866 post
2931 2808 3073 2852 tanta
3123 2810 3337 2869 tamque
3372 2804 3658 2873 singularia
3685 2806 3991 2862 beneficia?

2395 2879 2642 2937 Benefico
2667 2899 2762 2939 suo
2790 2887 2892 2942 fide
2921 2888 3217 2958 digniorem
3254 2893 3525 2947 inimicum
3557 2897 3845 2952 arbitratus
3873 2914 3982 2965 ,

2395 2981 2679 3043 spretoque
2706 2976 2952 3030 mandato
2969 2978 3261 3035 conditoris
3288 2980 3546 3036 fallaciam
3567 2985 3704 3039 illius
3729 2989 3982 3056 praetulit,

2394 3060 2483 3127 qui
2501 3074 2558 3114 se
2575 3063 2796 3130 perdere
2817 3066 3034 3120 omnino
3052 3068 3311 3140 bonisque
3331 3072 3577 3127 omnibus
3593 3075 3786 3142 ejicere
3804 3079 3987 3147 cupie-

2393 3148 2744 3209 bat.Pr:etulit
2767 3166 3095 3224 autem,cum
3117 3170 3293 3216 tamen
3317 3161 3520 3217 nullum
3540 3181 3708 3234 neque
3732 3184 3982 3238 magnum

2392 3254 2564 3313 neque
2579 3254 2796 3314 parvum
2815 3251 3130 3307 beneficium
3146 3255 3213 3308 ab
3229 3269 3294 3308 eo
3311 3265 3450 3311 esset
3468 3268 3828 3328 consequutus
3846 3263 3985 3316 sola-

2390 3336 2727 3401 queverbum
2750 3340 2866 3408 ejus
2904 3357 3030 3396 aure
3060 3345 3405 3412 percepisset.
3427 3345 3563 3400 Num
3590 3364 3718 3402 vero
3738 3350 3934 3405 delevit

2402 3420 2546 3477 illum
2577 3424 2737 3488 Deus,
2768 3433 2912 3478 tanta
2941 3426 3132 3494 ingrati
3163 3427 3326 3481 animi
3353 3427 3505 3497 signa
3532 3427 3599 3481 ab
3630 3427 3784 3482 initio
3807 3429 3982 3484 statim

2398 3522 2556 3580 atque
2582 3514 2647 3567 ab
2674 3516 2818 3582 ipsis,
2853 3524 2910 3570 ut
2950 3517 3302 3582 itadixerim,
3351 3518 3507 3572 stadii
3535 3510 3835 3575 carceribus
3877 3535 3988 3589 prae

2399 3618 2458 3656 se
2485 3603 2779 3658 ferentem?
2809 3605 2921 3658 Hoc
2949 3607 3092 3660 enim
3119 3608 3340 3675 justitia.
3382 3609 3520 3662 ratio
3562 3611 3880 3678 postulabat,
3930 3622 3986 3663 ut

2400 3692 2465 3758 is,
2495 3693 2585 3762 qui
2621 3695 2914 3748 innumeris
2952 3707 3108 3751 antea
3131 3697 3353 3752 allectus
3380 3698 3650 3754 beneciis
3681 3700 3748 3754 ab
3797 3701 3985 3754 inobe-

2399 3782 2596 3836 dientia
2619 3785 2796 3838 statim
2823 3794 2981 3854 atque
3011 3787 3393 3856 ingratitudine
3418 3790 3538 3843 vitae
3561 3791 3707 3844 initia
3733 3793 3984 3860 cepisset,

2399 3873 2668 3930 deleretur
2696 3886 2856 3946 atque
2881 3877 2946 3931 de
2975 3879 3153 3932 medio
3193 3880 3516 3935 auferretur.
3545 3882 3686 3936 Deus
3715 3898 3843 3936 vero
3881 3899 3986 3937 non

2399 3964 2574 4016 minus
2596 3979 2751 4033 quam
2773 3974 2928 4019 antea
2950 3967 3085 4020 bene
3113 3968 3186 4021 illi
3214 3969 3388 4023 facere
3413 3971 3663 4038 perstitit,
3689 3971 3982 4026 ostendens

2399 4066 2495 4120 per
2544 4053 2664 4120 hoc,
2709 4055 2850 4124 quod
2879 4071 2977 4110 nos
3016 4058 3116 4111 etsi
3165 4059 3360 4112 millies
3400 4075 3686 4128 peccemus
3732 4061 3988 4130 illumque

2398 4157 2726 4211 aversemur,
2758 4145 2870 4214 ipse
2893 4156 3067 4201 tamen
3091 4148 3246 4202 saluti
3274 4157 3469 4203 nostra:
3495 4151 3807 4219 prospicere
3837 4167 3984 4205 num-

2397 4247 2555 4302 quam
2579 4235 2806 4303 desistit,
2853 4240 2981 4294 utsi
3022 4240 3238 4309 quidem
3270 4244 3516 4297 conversi
3546 4243 3824 4309 fuerimus,
3872 4259 3989 4299 ser-

2397 4341 2618 4381 vemur:
2650 4329 2732 4382 sin
2772 4339 2947 4384 autem
2998 4332 3049 4384 in
3099 4333 3243 4386 vitiis
3285 4337 3825 4403 perseveraverimus,
3871 4335 3992 4404 ipse

2397 4425 2578 4471 tamen
2608 4418 2750 4486 quod
2777 4433 2930 4473 suum
2958 4430 3072 4475 erat
3111 4422 3302 4478 fecisse
3330 4424 3658 4479 advertatur.
3700 4425 3881 4496 itaque
3905 4429 3992 4480 vi-

2399 4507 2593 4562 dentur
2619 4509 2832 4577 quidem
2854 4509 3048 4578 ejectio
3068 4512 3155 4565 illa
3187 4527 3217 4566 e
3246 4514 3514 4582 paradiso,
3548 4515 3781 4586 ligniqne
3813 4517 3991 4583 vitalis

2400 4598 2662 4665 inhibitio,
2688 4601 2980 4670 mortisque
3007 4603 3301 4669 mulctatio,
3347 4607 3635 4661 cruciantis
3666 4623 3786 4662 esse
3828 4619 3991 4678 atque

2403 4687 2713 4757 punientis:
2763 4700 2886 4745 sunt
2929 4700 3106 4746 autem
3159 4695 3548 4762 providentiam
3595 4699 3829 4766 gerentis
3877 4713 3987 4752 non

2400 4780 2575 4833 minus
2597 4794 2753 4850 quam
2779 4782 2978 4850 priora.
3008 4783 3124 4837 Etsi
3155 4785 3297 4839 enim
3321 4787 3565 4842 mirabile
3594 4788 3646 4841 id
3687 4787 3827 4857 quod
3849 4789 3988 4843 diei-

2399 4885 2518 4924 mus
2546 4873 2775 4938 videtur,
2803 4875 3141 4929 verissimum
3180 4885 3464 4938 esttamen
3501 4896 3515 4933 :
3547 4894 3610 4933 ea
3645 4880 3840 4949 quippe
3866 4897 3988 4950 quae

2402 4961 2617 5026 fiebant,
2647 4978 2766 5017 cum
2796 4967 3062 5020 contraria
3111 4966 3440 5035 viderentur,
3488 4983 3596 5023 uno
3637 4979 3811 5023 tamen
3854 4987 3988 5024 eon-

2396 5054 2654 5124 cordique
2697 5056 2802 5110 fine
2846 5058 2945 5111 sibi
2992 5059 3221 5114 invicem
3268 5062 3696 5116 consentiebant.
3739 5061 3986 5131 Exempli

2397 5157 2557 5199 causa
2599 5163 2611 5198 :
2643 5147 2784 5215 quod
2824 5149 2970 5202 illum
3006 5151 3231 5205 exclusit
3260 5165 3291 5205 a
3322 5152 3588 5220 paradiso,
3620 5153 3762 5222 quod
3797 5163 3984 5208 contra

2399 5237 2703 5306 paradisum
2748 5241 3046 5308 collocavit,
3099 5252 3152 5296 et
3202 5244 3370 5297 vetuit
3415 5244 3615 5315 lignum
3648 5245 3793 5309 vitze,
3843 5246 3986 5314 quod

2400 5328 2683 5382 mortalem
2703 5329 2868 5397 "fecit,
2910 5331 3052 5400 quod
3096 5332 3311 5386 interim
3341 5347 3403 5387 ea
3444 5335 3709 5390 sententia
3739 5347 3988 5401 superior

2399 5419 2545 5473 visus
2575 5428 2654 5474 est
2683 5438 2696 5473 :
2737 5421 2871 5488 haec,
2904 5421 3139 5491 inquam,
3174 5425 3374 5491 omnia,
3405 5439 3612 5478 necnon
3655 5440 3774 5498 qua:
3801 5441 3868 5478 ex
3899 5424 3986 5479 his

2400 5521 2818 5580 consequuntur,
2845 5528 2968 5582 pro-
2993 5515 3107 5583 ejus
3134 5515 3305 5570 salute
3351 5526 3404 5571 et
3431 5516 3634 5572 henore
3663 5526 3810 5587 gesta
3837 5528 3978 5571 sunt.

2468 5649 2479 5677 '
2593 5646 2755 5701 Morel.
2785 5646 2942 5702 deest,
2968 5646 3064 5702 illc.

2519 5707 2654 5756 savil.
2683 5707 2828 5770 addit,
2852 5707 2930 5759 dic
2954 5707 3086 5760 mtht'.
