4266 6314
259 357 363 416 ιεθ

254 486 334 538 Ac
360 482 428 537 de
460 484 728 556 prioribus
746 484 964 554 quidem
996 481 1126 538 nihil
1156 479 1405 543 dixerim,
1436 492 1556 533 eum
1588 474 1638 531 id
1667 476 1837 530 cuivis

254 573 434 645 palam
462 574 565 627 sit:
590 574 658 629 de
681 572 1065 641 posterioribus
1090 569 1262 624 solum
1290 570 1425 622 ratio
1446 564 1716 621 reddenda
1732 570 1834 619 est.

326 665 377 719 3.
408 664 574 719 Homo
593 664 754 717 labori
780 662 1348 727 addictum—Quonam
1366 672 1494 729 ergo
1516 657 1675 711 modo
1698 656 1837 711 scire

250 754 547 820 poterimus
569 762 858 822 posteriora
879 765 1091 822 quoque
1113 750 1210 819 ipsi
1229 748 1371 803 utilia
1391 747 1578 803 fuisse?
1594 747 1651 801 Si
1661 746 1837 801 consi-

245 841 501 897 deremus
522 842 645 908 quid
677 857 864 911 passus
892 844 1058 907 esset,
1085 839 1186 894 nisi
1213 839 1327 895 huic
1350 840 1420 893 ita
1442 835 1788 907 contigissent
1818 850 1833 888 :

246 950 375 987 nam
404 934 445 987 si
465 934 748 1003 pollicente
769 930 981 986 diabolo
1002 930 1233 1000 aequales
1248 929 1365 982 illos
1396 927 1505 982 Deo
1521 933 1836 981 seostensu-

245 1041 367 1078 rum
387 1035 504 1093 post
522 1022 974 1093 praevaricationis
990 1030 1191 1076 reatum
1213 1021 1265 1075 in
1283 1018 1471 1075 eodem
1496 1021 1695 1073 honore
1718 1034 1837 1087 per-

244 1117 531 1181 stitissent,
554 1116 605 1169 in
628 1116 725 1169 tria
750 1114 987 1183 profecto
1021 1128 1268 1183 suprema
1306 1112 1446 1166 mala
1493 1112 1832 1165 incurrisset.

244 1206 431 1261 Primo
462 1206 604 1260 enim
633 1206 791 1259 Deum
811 1203 1129 1258 malevolum
1151 1202 1593 1269 seductoremque
1607 1209 1659 1253 et
1682 1215 1834 1254 men-

241 1297 435 1352 dacem
484 1294 1127 1351 cxistimassetzsecundo
1169 1292 1313 1347 illum
1337 1307 1463 1347 vere
1498 1291 1832 1346 seductorem

246 1387 753 1457 malevolentimque
772 1397 819 1440 et
842 1384 1102 1440 mendacii
1120 1394 1173 1439 et
1190 1383 1400 1437 invidia:
1424 1391 1717 1452 parentem,
1740 1380 1833 1435 be-

241 1477 475 1532 neficum
494 1485 653 1545 atque
675 1478 902 1530 amicum
924 1475 1213 1542 putavisset
1242 1490 1254 1526 :
1287 1482 1558 1542 postremo
1580 1470 1832 1541 peccandi
1855 1507 1859 1513 ν

239 1568 498 1637 deinceps
520 1583 804 1637 numquam
830 1567 988 1619 linem
1016 1566 1245 1620 fecisset.
1270 1564 1362 1618 liis
1386 1573 1561 1618 autem
1585 1562 1833 1617 omnibus

241 1670 373 1716 tunc
400 1659 666 1717 hominem
704 1657 968 1721 liberavit,
1003 1671 1125 1711 cum
1170 1672 1239 1710 ex
1269 1655 1517 1725 paradiso
1551 1653 1726 1724 ejecit.
1758 1652 1831 1708 Ita

240 1751 357 1806 fere
386 1762 440 1807 et
465 1752 721 1819 medicus,
754 1752 797 1807 si
829 1752 1015 1806 vulnus
1056 1749 1282 1819 negligat
1312 1763 1374 1804 ac
1408 1749 1644 1813 deserat,
1673 1761 1834 1817 puru-

239 1844 445 1899 lentum
490 1846 718 1913 amplius
761 1843 936 1899 reddit
982 1859 997 1897 ς
1048 1842 1128 1897 sin
1159 1855 1286 1895 vero
1327 1839 1583 1896 incisione
1628 1846 1829 1903 utatur,

240 1934 468 1988 ulterius
497 1934 745 2005 progredi
782 1934 983 1989 saniem
1018 1948 1080 1989 ac
1121 1932 1293 1988 morbi
1333 1932 1479 1987 virus
1508 1939 1671 1987 vetat.
1694 1928 1831 1998 Quid

238 2024 437 2091 igitur?
466 2023 577 2077 Non
620 2024 701 2079 his
736 2032 1019 2079 contentus
1060 2024 1184 2087 fuit;
1231 2022 1340 2077 imo
1384 2032 1439 2077 et
1485 2021 1709 2076 sudores
1757 2020 1832 2075 illi

238 2113 439 2182 adjecit
464 2122 518 2168 et
545 2113 752 2167 labores
782 2131 793 2165 :
821 2113 954 2168 nihil
974 2113 1117 2167 enim
1140 2112 1315 2165 minus
1342 2111 1452 2165 otio
1474 2120 1526 2165 et
1547 2109 1709 2180 quieti
1740 2124 1831 2163 na-

241 2212 357 2257 tum
398 2211 664 2272 estquam
706 2203 935 2256 hominis
980 2210 1186 2255 natura.
1229 2200 1283 2255 Si
1312 2199 1454 2255 enim
1500 2200 1583 2254 his
1612 2198 1829 2266 addicti,

240 2309 314 2350 ne
338 2294 415 2349 sic
439 2295 653 2365 quidem
699 2309 921 2365 peccare
949 2278 1272 2359 desistimus,
1300 2306 1407 2363 quo
1433 2292 1693 2347 scelerum
1718 2306 1834 2362 pro-

240 2402 428 2459 gressa
473 2402 578 2442 non
626 2396 770 2442 esset
807 2386 1027 2440 audacia
1058 2395 1259 2449 nostra,
1306 2384 1349 2440 si
1395 2392 1589 2454 praitcr
1616 2383 1833 2438 delicias

238 2479 413 2531 otium
441 2477 594 2532 nobis
618 2477 970 2532 concessisset
1016 2475 1191 2529 Deus?
1238 2473 1423 2529 Omnia
1453 2473 1616 2539 enim,
1642 2473 1837 2543 inquit,

240 2568 381 2622 mala
419 2568 647 2621 otiositas
684 2568 853 2621 docuit
877 2565 1062 2637 (Eccli.
1092 2564 1178 2621 53.
1205 2565 1320 2635 29).
1372 2564 1703 2618 Attestautur
1740 2576 1835 2615 au-

240 2671 353 2715 tem
382 2667 579 2713 nostra:
608 2659 731 2713 huic
755 2658 946 2713 rationi
972 2667 1022 2713 et
1048 2673 1167 2727 quae
1194 2656 1431 2727 quotidie
1459 2655 1613 2718 ﬁunt,
1640 2663 1693 2708 et
1712 2667 1833 2724 quae

239 2749 537 2818 majoribus
563 2750 760 2804 nostris
797 2750 1157 2821 contigerunt.
1191 2746 1357 2810 Sedit,
1396 2745 1587 2815 inquit,
1616 2745 1834 2815 populus

240 2842 554 2895 manducare
579 2851 623 2895 et
662 2842 845 2906 bibere,
878 2851 923 2895 et
965 2848 1293 2894 surrexerunt
1320 2840 1492 2893 ludere
1517 2836 1711 2911 (Exod.
1740 2834 1827 2891 52.

236 2934 323 3003 6).
353 2936 426 2988 Ac
455 2949 664 2989 rursum
699 2952 711 2988 :
740 2933 1058 2987 Incrassatus
1085 2940 1159 2985 est
1202 2939 1251 2984 et
1288 2929 1652 2998 impinguatus,
1681 2937 1729 2981 et
1753 2944 1834 2981 re-

238 3025 519 3078 (ειεξιτ-αυξτ
544 3024 754 3076 dilectus
786 3021 960 3091 (Deut.
993 3020 1082 3075 52.
1109 3021 1219 3088 15).
1239 3018 1486 3073 Consona
1516 3017 1600 3071 his
1622 3010 1834 3085 quoque

241 3117 431 3171 beatus
481 3114 642 3169 David
687 3115 941 3184 loquitur,
986 3112 1171 3166 dicens
1208 3127 1222 3165 :
1270 3108 1395 3163 Cum
1438 3107 1682 3161 occideret
1728 3120 1832 3167 eos,

240 3219 365 3263 tunc
396 3209 717 3278 anquirebant
748 3222 881 3271 eum,
918 3213 965 3257 et
990 3201 1382 3267 revertebantur,
1409 3208 1455 3253 et
1485 3198 1711 3253 diluculo
1748 3214 1835 3251 ue-

238 3303 443 3355 niebant
473 3300 539 3353 ad
564 3316 673 3353 eum
696 3297 868 3367 (Paul.
907 3298 996 3351 77.
1028 3295 1144 3366 54).
1180 3292 1258 3349 Ad
1286 3291 1583 3347 Jerusalem
1622 3304 1835 3362 quoque

240 3409 342 3464 per
370 3393 655 3447 Jeremiam
686 3392 919 3461 loquitur
945 3391 1084 3443 Deus
1114 3405 1128 3444 :
1170 3386 1274 3440 Per
1302 3384 1471 3438 omnia
1497 3384 1716 3451 erudire,
1743 3381 1837 3436 Je-

238 3486 483 3550 rusalem,
512 3502 574 3536 ne
598 3483 796 3537 recedat
832 3483 1003 3534 anima
1032 3496 1142 3532 mea
1170 3496 1201 3531 a
1227 3486 1272 3531 te
1302 3474 1436 3544 (Jer.
1470 3474 1524 3529 6.
1564 3473 1643 3543 8).
1682 3472 1837 3541 Quod

240 3584 424 3630 autem
468 3590 571 3628 non
611 3574 780 3628 solum
827 3572 999 3635 malis,
1041 3584 1227 3623 verum
1276 3575 1331 3622 et
1369 3564 1525 3620 bonis
1569 3564 1837 3618 humiliari

240 3677 405 3737 atque
447 3665 711 3719 incurvari
751 3664 983 3718 salutare
1015 3663 1104 3727 sit,
1148 3673 1361 3714 rursum
1407 3655 1670 3727 signiﬁcat
1708 3669 1836 3725 pro-

244 3762 432 3831 pheta,
464 3775 582 3813 cum
608 3758 735 3812 dicit
766 3776 780 3813 :
814 3755 1009 3809 Bonum
1053 3753 1197 3819 mihi,
1239 3750 1475 3815 Domine,
1520 3749 1638 3819 quia
1666 3748 1836 3800 humi-

245 3852 383 3905 liusti
411 3867 507 3916 me,
534 3860 585 3903 ut
612 3844 1210 3916 discamjusti/icationcs
1234 3851 1344 3895 tuas
1368 3839 1538 3911 (Psal.
1572 3838 1694 3893 118.
1722 3836 1835 3907 71).

246 3945 377 4000 Post
405 3944 542 3995 hunc
568 3950 623 3995 et
660 3938 923 3994 Jeremias
954 3935 1069 3990 lucc
1098 3933 1306 3997 eadem,
1349 3931 1443 3986 sed
1487 3946 1592 3985 non
1634 3928 1840 3984 eisdem

245 4036 427 4089 verbis
447 4032 745 4088 exclamat:
781 4028 1000 4092 Bonum,
1044 4025 1310 4094 inquiens,
1350 4029 1477 4087 utro,
1524 4036 1639 4074 cum
1670 4029 1841 4089 porta-

246 4129 370 4181 verit
390 4128 575 4197 jugtmt
602 4138 751 4195 graue
776 4139 806 4175 a
825 4123 1085 4189 juventute
1105 4134 1197 4171 sua
1226 4132 1243 4169 :
1275 4115 1458 4168 sedebit
1482 4113 1763 4179 solitarius,
1794 4119 1842 4165 et

248 4219 428 4273 tacebit
457 4215 669 4288 (Thren.
699 4215 750 4269 ὅ.
797 4212 923 4281 27);
955 4218 1010 4264 et
1042 4210 1109 4263 de
1152 4223 1212 4263 se
1254 4206 1370 4275 ipso
1400 4206 1564 4259 Deum
1595 4203 1843 4258 obsecrat

248 4312 437 4367 dicens
471 4327 484 4362 :
510 4305 631 4361 Non
664 4307 730 4360 sis
754 4315 807 4358 tu
832 4303 957 4357 mihi
987 4316 1199 4372 parcens
1224 4301 1275 4353 in
1301 4297 1655 4351 alienationem
1683 4294 1736 4348 in
1760 4294 1843 4348 die

248 4402 389 4456 uiola
419 4398 553 4469 (λεν.
580 4398 664 4453 17.
692 4396 800 4465 17).
826 4394 1018 4449 Beatus
1044 4392 1169 4448 item
1195 4390 1408 4451 Paulus,
1439 4389 1529 4458 qui
1555 4395 1701 4442 tanto
1721 4401 1844 4440 mu-

248 4508 383 4549 nere
410 4492 593 4561 gratia)
631 4488 827 4543 cliulsit
855 4494 1163 4552 tantumque
1204 4491 1448 4536 naturam
1479 4480 1715 4534 excessit
1740 4478 1843 4531 hu-

250 4599 490 4646 manam,
522 4580 645 4635 boni
676 4588 850 4633 tamen
897 4575 1053 4644 lmjns
1091 4573 1317 4627 utilitate
1356 4569 1665 4640 indigebat:
1706 4582 1844 4639 quo-

249 4684 395 4731 circa
424 4673 634 4728 dicebat
669 4688 683 4725 :
731 4669 897 4723 Datus
939 4678 1013 4722 est
1054 4665 1178 4719 mihi
1219 4662 1454 4717 stimulus
1490 4662 1657 4715 carnis
1699 4675 1842 4726 uteie,

252 4769 464 4840 angelus
506 4777 737 4829 solante,
782 4762 869 4831 qui
902 4776 980 4814 me
1014 4758 1325 4829 colaphizet,
1370 4764 1420 4809 ut
1468 4771 1569 4808 non
1609 4753 1843 4808 extollar.

254 4862 479 4929 Propter
504 4858 639 4927 quod
672 4867 743 4909 ter
770 4854 1043 4907 Dominum
1064 4852 1257 4920 rogavi,
1291 4857 1337 4901 et
1366 4848 1491 4901 dixit
1518 4846 1639 4898 mihi
1672 4860 1690 4897 :
1718 4843 1847 4911 Suf-

255 4956 361 5023 ﬁcit
390 4952 474 5005 tibi
499 4950 662 5021 gratia
688 4964 800 5001 mea
823 4962 841 5009 ;
866 4961 985 4999 naut
1020 4945 1174 4997 virtus
1201 4958 1311 4994 mea
1339 4941 1391 4992 in
1416 4938 1708 5007 inﬁrmitate
1738 4952 1849 5004 per-

257 5047 428 5110 ]iritur
454 5040 531 5110 (2.
560 5039 676 5093 Cor.
704 5037 789 5092 12.
818 5035 962 5105 7-9).
984 5034 1199 5089 Poterat
1220 5038 1368 5086 certe
1408 5030 1524 5083 sine
1555 5040 1851 5096 persequu-

260 5138 496 5195 tionibus
547 5143 602 5189 et
656 5135 920 5203 pressaris
952 5170 969 5195 ,
1016 5125 1394 5192 laboribusque
1453 5130 1508 5175 ct
1569 5117 1853 5173 sudoribus

261 5226 572 5301 prmdicatio
590 5222 795 5295 perlici,
819 5219 913 5276 sed
936 5229 1111 5274 tamen
1156 5216 1206 5269 id
1231 5214 1399 5269 noluit
1422 5210 1687 5273 Christus,
1714 5222 1853 5276 pne-

261 5299 565 5377 dicautibus
594 5329 836 5387 parcens.
867 5310 1125 5379 Quocirca
1153 5306 1363 5361 dicebat
1392 5303 1494 5357 illis
1523 5318 1535 5353 :
1564 5299 1631 5353 lu
1667 5302 1855 5352 mundo

267 5426 557 5483 pressuram
608 5405 849 5477 habebitis
879 5400 1060 5474 (Joan.
1104 5399 1191 5454 16.
1242 5396 1355 5463 55).
1400 5390 1856 5483 Cupientihusque

266 5481 484 5562 cteleste
508 5515 731 5570 regnum
770 5494 996 5566 ingredi,
1028 5501 1305 5561 angustam
1333 5487 1471 5541 viam
1500 5481 1855 5553 arripiendam

270 5598 438 5664 iubet,
470 5596 618 5666 quasi
645 5607 751 5648 non
792 5589 947 5644 aliter
988 5587 1187 5641 intrare
1216 5583 1372 5637 liccat
1396 5577 1607 5648 (Matth.
1656 5576 1709 5629 7.
1744 5574 1855 5644 15).

272 5689 397 5745 ldeo
424 5699 686 5758 pressura:
708 5693 760 5739 et
788 5680 1102 5737 tentationes
1130 5686 1182 5731 et
1212 5684 1558 5745 quarcumque
1582 5667 1735 5722 nobis
1764 5666 1859 5719 tri-

276 5782 372 5840 Stia
397 5779 730 5851 contingunt,
750 5791 853 5831 non
878 5774 1050 5829 minus
1078 5769 1167 5826 Dei
1188 5763 1575 5842 providentiam
1598 5760 1857 5828 iudicant,

1102 361 1196 418 AD
1234 358 1604 417 STAGIRIUM
1643 358 1685 413 Α
1729 355 2034 416 DEMONE
2074 350 2405 418 VEXATUH
2455 361 2585 418 LIB.
2627 362 2669 417 I.

3423 363 3530 420 ‘30

1944 491 2101 545 quam
2131 476 2247 531 laeta
2279 486 2333 532 et
2368 476 2621 545 jucunda.
2666 478 2802 546 Quid
2846 488 3021 536 autem
3050 481 3223 537 dicam
3249 496 3528 553 pressuras

1944 566 2102 635 hujus
2130 567 2402 636 temporis,
2424 582 2545 623 cum
2576 584 2679 624 non
2708 571 2882 625 minus
2907 571 3018 641 ipsa
3040 588 3249 643 quoque
3266 572 3525 645 geheuna

1941 658 2286 713 comminatio
2313 674 2469 728 quam
2515 662 2797 729 promissio
2826 663 2973 733 regni
3004 664 3323 720 ineﬂ'abilem
3359 669 3524 737 ipsius

1941 748 2275 803 clementiam
2306 750 2322 782 ι
2348 751 2719 807 commendet?
2767 752 2875 807 Nisi
2905 754 3047 810 enim
3091 756 3182 811 ille
3224 758 3522 827 gehennam

1941 839 2171 894 minatus
2196 848 2358 905 esset,
2400 855 2506 895 non
2547 840 2702 897 facile
2744 842 3003 914 quispiam
3028 846 3330 902 caalestibus
3369 847 3524 904 bonis

1941 929 2219 998 potiretur.
2244 928 2426 999 Neque
2451 930 2593 986 enim
2632 931 2826 987 sufﬁcit
2850 934 2961 988 sola
2988 936 3300 1005 gaudiorum
3340 954 3527 1008 repro-

1942 1019 2125 1073 missio
2150 1020 2217 1073 ad
2247 1020 2559 1075 excitandos
2583 1021 2649 1076 ad
2676 1022 2922 1078 virtutem
2962 1026 3199 1092 animos,
3232 1025 3335 1081 nisi
3364 1028 3523 1083 etiam

1940 1123 2033 1163 eos
2061 1120 2338 1178 poenarum
2363 1111 2519 1164 timor
2554 1112 2812 1183 impellat,
2845 1114 2932 1184 qui
2978 1114 3328 1186 negligentius
3350 1118 3523 1172 allecti

1938 1197 2004 1252 ad
2040 1196 2180 1251 illam
2218 1209 2361 1254 sunt.
2389 1199 2643 1266 Quocirca
2692 1197 2917 1271 primum
2952 1188 3219 1261 hominem
3250 1210 3472 1280 quoque
3494 1224 3524 1263 a

1939 1290 2198 1358 principio
2223 1306 2251 1345 e
2284 1300 2527 1360 paradiso
2552 1293 2772 1362 expulit,
2795 1294 2917 1365 quia
2942 1311 3007 1351 ex
3040 1296 3240 1353 honore
3260 1299 3359 1353 sibi
3388 1315 3523 1368 prm-

1939 1380 2064 1433 stito
2090 1380 2323 1434 deterior
2370 1381 2588 1437 eﬂ'ectus
2613 1392 2776 1449 esset,
2823 1385 2866 1439 si
2914 1395 3035 1456 post
3083 1396 3317 1457 spretum
3353 1389 3521 1442 viola-

1939 1478 2155 1544 tumque
2181 1472 2486 1527 mandatum
2525 1474 2774 1530 immotus
2801 1476 2886 1531 ille
2923 1480 3229 1548 stabilisque
3256 1480 3518 1536 durasset.

1937 1558 2054 1613 Jam
2082 1576 2210 1614 vero
2239 1571 2293 1615 ut
2326 1563 2491 1617 Adam
2518 1564 2842 1630 omittamus,
2874 1568 2998 1637 quid
3027 1584 3129 1623 non
3154 1570 3367 1625 fecisset
3388 1572 3519 1627 Cain

1938 1649 1991 1704 in
2023 1652 2267 1720 paradiso
2296 1651 2516 1722 degens,
2548 1655 2813 1725 tantisque
2840 1656 3045 1713 deliciis
3079 1659 3279 1723 fruens,
3310 1665 3523 1731 quando

1938 1740 2021 1795 his
2042 1742 2286 1797 omnibus
2317 1745 2571 1814 privatus,
2601 1747 2871 1818 patrisque
2891 1750 3208 1819 supplicium
3236 1761 3361 1807 ante
3386 1768 3520 1807 ocu-

1938 1833 2021 1888 los
2046 1833 2266 1901 habens,
2307 1851 2375 1891 ne
2413 1837 2491 1891 sic
2517 1838 2728 1907 quidem
2758 1840 3070 1897 emendatus
3107 1851 3205 1908 est,
3255 1844 3307 1898 in
3355 1846 3523 1914 majo-

1936 1942 2156 1998 rcmque
2185 1929 2474 1999 nequitiam
2502 1932 2762 2001 prorupit,
2796 1941 2852 1986 ut
2877 1932 3217 1988 homicidium
3261 1936 3375 2004 ipse
3412 1938 3521 2006 pri-

1936 2034 2058 2074 mus
2102 2019 2382 2086 invenerit,
2422 2035 2658 2091 ausoque
2696 2024 2897 2077 nefario
2941 2026 3259 2095 impleverit,
3292 2025 3520 2081 homici-

1937 2107 2104 2171 dium,
2134 2110 2368 2181 inquam,
2388 2111 2624 2166 omnium
2650 2114 3157 2169 sceleratissimum?
3178 2116 3358 2186 Neque
3378 2116 3520 2171 enim

1936 2200 2209 2268 paulatim,
2243 2202 2325 2256 vel
2352 2212 2468 2282 post
2494 2202 2801 2259 diuturnum
2830 2214 3057 2274 tempus,
3090 2223 3283 2262 novum
3316 2207 3417 2264 hoc
3441 2208 3521 2263 fa-

1936 2294 2088 2348 cinus
2118 2280 2537 2364 aggressus'est,
2576 2298 2670 2351 sed
2710 2307 2930 2366 repente
2973 2313 3035 2352 ac
3062 2299 3238 2353 subito
3264 2280 3520 2355 verticem

1936 2393 1991 2439 et
2016 2383 2224 2440 culmen
2251 2386 2539 2455 iniquitatis
2559 2387 2859 2456 occupavit,
2888 2403 3114 2458 eumque
3135 2388 3223 2458 qui
3242 2405 3306 2444 ex
3328 2389 3521 2445 eodem

1937 2486 2090 2532 utero
2115 2487 2468 2553 processerat,
2499 2480 2588 2548 qui
2638 2479 2690 2534 in
2744 2480 2898 2535 nullo
2933 2480 3103 2550 ipsum
3145 2480 3374 2546 laeserat,
3420 2482 3522 2537 nisi

1936 2566 2203 2622 honorare
2239 2569 2402 2624 Deum
2434 2568 2484 2623 id
2516 2570 2585 2623 sit
2613 2568 2829 2637 laedere,
2858 2572 3080 2640 appetiit
3108 2570 3311 2627 insidiis
3336 2587 3398 2627 ac
3423 2588 3521 2627 ne-

1937 2661 2101 2715 cavit.
2133 2659 2305 2715 Velim
2355 2660 2441 2716 hic
2482 2675 2668 2718 rursus
2695 2662 3001 2718 consideres
3025 2663 3364 2719 clementiam
3405 2664 3522 2719 Dei.

1900 2749 2068 2826 ~Cum
2097 2753 2238 2806 enim
2276 2752 2375 2807 sibi
2419 2752 2662 2821 injuriam
2708 2753 2992 2819 intulisset,
3025 2754 3200 2810 verbis
3244 2754 3389 2809 illum
3426 2756 3521 2808 ad-

1938 2852 2141 2909 monet,
2170 2844 2481 2913 tristemque
2509 2843 2815 2899 consolatur
2844 2862 2857 2899 :
2894 2853 2948 2898 at
2975 2844 3061 2899 ubi
3110 2845 3311 2899 insania
3359 2845 3528 2900 fertur

1938 2934 1991 2989 in
2030 2935 2268 3000 fratrem,
2312 2944 2437 2989 tunc
2479 2936 2587 3004 jam
2632 2937 2871 2991 severius
2905 2936 3196 3003 ulciscitur,
3238 2951 3527 3006 pinnasque

1937 3026 2118 3081 infert.
2152 3026 2219 3081 Et
2243 3037 2389 3082 certe
2437 3029 2615 3097 priora
2662 3028 2749 3081 illa
2791 3027 2980 3083 eodem
3020 3028 3177 3098 digna
3215 3038 3365 3083 erant
3403 3047 3528 3083 ern-

1940 3117 2102 3183 ciatu,
2132 3116 2239 3171 imo
2268 3131 2396 3173 vero
2424 3118 2580 3187 longe
2603 3116 2868 3187 graviore.
2897 3117 2954 3173 Si
2981 3119 3122 3172 enim
3149 3118 3201 3173 iu
3222 3118 3526 3177 hominibus

1939 3222 2230 3265 conservus
2258 3206 2449 3277 aliquis
2476 3207 2696 3262 meliora
2724 3222 2950 3278 quaeque
2986 3208 3086 3263 sibi
3130 3218 3323 3274 servet,
3349 3225 3409 3265 ac
3430 3211 3530 3264 do-

1940 3301 2085 3355 mino
2112 3314 2211 3354 suo
2249 3299 2513 3355 deteriora
2550 3298 2757 3361 offerat,
2804 3314 2915 3355 rem
2966 3298 3382 3369 indignissimam
3414 3302 3527 3371 plc-

1941 3408 2170 3463 namque
2194 3391 2533 3446 contumelia:
2578 3389 2754 3445 facere
2801 3391 3039 3460 arguitur
3070 3400 3307 3462 :quanto
3336 3392 3385 3446 id
3418 3410 3530 3447 ma-

1941 3484 2021 3554 gis
2049 3484 2102 3538 in
2134 3482 2282 3537 Deo?
2310 3481 2439 3537 Cain
2468 3497 2597 3537 vero
2636 3497 2740 3536 non
2785 3482 2836 3536 in
2879 3482 2980 3538 hoc
3024 3483 3218 3548 solum,
3257 3499 3440 3539 verum
3476 3487 3527 3538 in

1942 3574 2047 3629 alio
2072 3589 2281 3643 quoque
2300 3588 2403 3627 non
2423 3573 2598 3627 minus
2623 3572 2863 3643 deliquit,
2893 3573 3032 3642 quod
3065 3572 3241 3629 fratris
3272 3573 3527 3629 honorent

1943 3681 2084 3736 aegre
2114 3673 2168 3719 et
2198 3666 2414 3734 indigne
2444 3665 2642 3719 tulerit.
2670 3663 2801 3718 Nam
2832 3666 2875 3718 si
2906 3672 3089 3734 utpote
3116 3665 3206 3735 qui
3234 3678 3528 3734 peccasset,

1944 3756 2309 3827 paenitentiam
2336 3756 2549 3825 egisset,
2580 3765 2799 3823 accepta
2843 3753 3078 3823 profecto
3117 3755 3303 3809 fuisset
3328 3755 3442 3810 hmo
3466 3759 3530 3809 il-

1947 3848 2048 3903 lius
2077 3847 2276 3915 eptima
2304 3845 2565 3903 mutatio:
2598 3860 2737 3900 nunc
2764 3859 2892 3900 vero
2919 3860 3023 3899 non
3054 3845 3381 3915 pmnitentia:
3415 3856 3531 3901 erat

1945 3938 2033 3993 illa
2054 3937 2314 4001 confusio,
2365 3935 2458 3991 sed
2502 3934 2711 3991 invidiae
2746 3949 2807 3989 ac
2834 3933 3036 4001 livoris,
3074 3934 3215 4005 quod
3258 3937 3336 3991 rei
3362 3937 3534 3991 exitus

1950 4030 2121 4084 docet.
2152 4027 2286 4082 Nam
2332 4026 2445 4083 Deo
2482 4026 2877 4097 quodammodo
2916 4025 3259 4091 irascebatur,
3286 4027 3425 4097 quod
3456 4030 3535 4081 iu-

1941 4118 2099 4189 juriis
2138 4117 2360 4173 allectus
2389 4131 2495 4171 non
2539 4132 2599 4172 se
2642 4115 2952 4178 honoraret,
2983 4115 3123 4183 quod
3154 4116 3429 4171 moderato
3456 4118 3537 4171 in-

1949 4219 2332 4280 temperantem
2371 4223 2478 4263 non
2521 4206 2817 4278 praeferret.
2854 4206 3051 4259 Verum
3096 4218 3216 4259 cum
3255 4205 3369 4261 hmo
3397 4207 3538 4261 illius

1948 4303 2152 4360 scelera
2211 4300 2684 4357 vehementissima
2746 4298 3209 4356 animadversione
3271 4299 3537 4370 punienda

1947 4403 2147 4460 essent,
2183 4394 2338 4464 longe
2365 4392 2680 4449 clementius
2706 4406 2864 4461 quam
2895 4392 3199 4446 merebatur
3222 4390 3538 4461 delinquen-

1950 4494 2058 4541 tem
2103 4493 2314 4548 tractat,
2362 4491 2736 4552 tumentesque
2764 4482 2971 4536 animos
3016 4481 3157 4535 illius
3188 4476 3542 4549 comprimere

1951 4578 2157 4633 nititur.
2193 4576 2319 4631 Erat
2347 4573 2713 4643 indignatione
2743 4571 2895 4641 plena
2931 4571 3019 4625 illa
3041 4571 3309 4641 dejectio:
3343 4571 3544 4626 idcirco

1952 4669 2187 4738 loquitur
2214 4666 2279 4720 ad
2321 4664 2471 4719 illum
2507 4680 2522 4719 :
2562 4662 2772 4729 Quiesce
2816 4661 2968 4731 (Gen.
2999 4662 3053 4716 4.
3093 4661 3171 4732 7).
3216 4661 3329 4716 Hoc
3364 4672 3542 4714 autem

1953 4774 2076 4814 cum
2102 4757 2322 4823 diceret,
2361 4754 2562 4810 sciebat
2602 4752 2817 4824 quidem
2843 4766 2949 4823 quo
2975 4766 3378 4823 progressurum
3403 4759 3548 4805 esset

1954 4852 2178 4915 malum,
2210 4858 2461 4905 cartorum
2506 4846 2728 4916 ingratis
2750 4845 3087 4900 occasionem
3113 4859 3326 4897 omnem
3356 4858 3547 4913 ampu-

1960 4953 2072 4998 tare
2099 4941 2311 4997 volebat
2340 4959 2353 4995 :
2384 4940 2427 4994 si
2458 4938 2597 4993 enim
2630 4936 2698 4992 ab
2720 4937 2868 4991 initio
2896 4937 2986 4991 ille
3014 4937 3226 5003 punitus
3254 4946 3417 5002 esset,
3450 4938 3549 4989 huc

1953 5034 2187 5106 jusmodi
2238 5032 2390 5088 multi
2432 5028 2659 5100 plurima
2700 5027 3003 5083 dixissent:
3052 5025 3165 5081 Non
3206 5034 3417 5095 poterat
3457 5025 3553 5079 ad-

1958 5144 2184 5187 monere
2223 5126 2401 5181 verbis
2440 5133 2494 5177 et
2526 5122 2818 5191 corripere,
2849 5135 2913 5175 ac
2955 5130 3157 5176 terrere
3195 5120 3361 5189 prius,
3392 5127 3552 5187 atque

1961 5231 2089 5276 tunc
2124 5219 2360 5281 demum,
2404 5215 2447 5269 si
2480 5220 2882 5285 perseverasset
2927 5211 2979 5265 in
3024 5211 3201 5273 malis,
3234 5208 3553 5280 supplicium

1963 5314 2161 5370 inferre
2177 5312 2199 5366 ?
2223 5309 2453 5381 Ingentis
2472 5305 2806 5361 crudelitatis
2824 5312 2905 5360 est
2924 5304 3023 5360 iste
3042 5303 3330 5358 cruciatus.
3351 5300 3558 5356 Idcirco

1963 5422 2087 5461 suas
2113 5402 2485 5474 aequanimiter
2527 5397 2749 5469 injurias
2776 5396 2987 5461 tolerat,
3019 5402 3078 5448 ut
3103 5408 3207 5448 una
3249 5400 3304 5448 et
3344 5392 3557 5448 illorum

1964 5500 2207 5555 obstruat
2233 5510 2315 5560 os,
2336 5505 2391 5550 et
2417 5494 2582 5562 ipsius
2596 5492 2724 5545 Cain
2741 5497 3014 5559 parentem
3036 5500 3251 5558 quoque
3276 5485 3391 5540 sola
3406 5483 3560 5539 boni-

1967 5599 2075 5646 tate
2100 5604 2158 5645 se
2182 5585 2505 5656 corripuisse
2526 5580 2794 5647 ostendat,
2822 5588 3185 5651 prmtercaque
3214 5585 3271 5632 ut
3295 5574 3557 5646 ejustmdi

2036 5762 2052 5791 ι
2087 5762 2213 5813 sam,
2241 5747 2329 5801 Dei
2345 5741 2663 5798 clemautiant.
