4266 6314
794 321 890 376 ιδι

795 433 1134 503 benignitatis
1177 433 1424 504 exemplo
1462 442 1705 504 posteros
1729 435 1795 490 ad
1838 437 2204 507 ptenltentiam
2250 455 2375 510 pro-

789 535 966 578 vocet.
1000 524 1191 578 Postea
1218 538 1348 578 vero
1376 538 1534 593 quam
1561 526 1853 581 secundum
1880 528 2126 583 duritiam
2155 545 2304 585 suam
2326 541 2380 586 et

790 628 887 668 cor
933 613 1277 684 impteuitens
1325 615 1700 671 tbesaurizavit
1741 618 1842 672 sibi
1889 620 2042 685 iram,
2073 621 2218 674 illum
2256 631 2381 678 tunc

792 704 1109 758 ulciscitur:
1138 705 1221 760 sin
1265 719 1394 759 vero
1431 715 1552 775 post
1579 707 1755 762 scelus
1787 710 2055 764 homicidii
2096 713 2380 768 mansisset

793 795 1107 862 impunitus,
1151 795 1313 849 etiam
1353 794 1422 851 ad
1465 796 1607 851 aliud
1639 799 1915 870 majusque
1954 800 2207 870 ﬂagitium
2251 818 2377 871 pro‘

789 900 1008 955 gressus
1032 895 1193 943 esset.
1222 886 1406 959 Neque
1429 888 1572 942 enim
1600 889 1781 945 dicere
1805 905 2083 960 possumus
2112 907 2204 962 per
2232 894 2379 963 igno-

793 976 1018 1029 rantiam
1047 977 1193 1031 illum
1224 976 1542 1048 deliquisse;
1575 995 1696 1034 nam
1735 981 1877 1051 quod
1912 983 2091 1051 junior
2116 985 2378 1056 intellige-

791 1065 904 1132 bat,
929 1067 1046 1136 ipse
1081 1068 1251 1138 major
1295 1078 1421 1124 natu
1449 1071 1536 1140 qui
1567 1072 1809 1141 ignorare
1842 1076 2086 1143 poterat?
2113 1075 2242 1130 Esto
2284 1092 2377 1130 au-

792 1167 921 1220 tem,
974 1173 1068 1227 per
1120 1159 1470 1230 ignorantiam
1523 1164 1821 1230 peccaverit
1864 1166 2053 1234 prius:
2097 1178 2374 1238 postquam

789 1246 1013 1311 audivit,
1046 1248 1276 1315 Quiesce,
1309 1259 1587 1320 postquam
1613 1254 1806 1323 prioris
1843 1255 2012 1325 culpte
2042 1259 2196 1312 venia
2237 1261 2375 1328 poti-

790 1348 876 1391 tus
902 1348 1006 1406 est,
1049 1355 1116 1394 ex
1156 1355 1259 1408 qua
1290 1340 1586 1410 ignorantia
1629 1344 1696 1397 ad
1741 1346 2079 1414 parricidium
2113 1353 2372 1421 prorupit,

790 1437 1094 1500 terramque
1114 1430 1314 1498 infecit,
1339 1448 1401 1487 ac
1427 1433 1570 1504 leges
1599 1444 1801 1490 naturae
1822 1437 2118 1516 subvertit?
2145 1441 2376 1499 Videsne

790 1529 848 1573 ut
870 1521 1016 1589 prior
1032 1523 1192 1576 etiam
1219 1523 1373 1592 culpa
1417 1540 1521 1580 non
1551 1528 1618 1583 de
1648 1527 1962 1598 ignorantia,
1991 1532 2087 1587 sed
2113 1533 2180 1588 de
2218 1536 2374 1590 mall-

787 1613 988 1681 guitate
1013 1623 1064 1667 et
1104 1616 1356 1684 nequitia,
1389 1633 1743 1690 supremaque
1784 1624 2001 1678 sceleris
2034 1612 2248 1681 audacia
2276 1643 2372 1683 ve-

789 1703 961 1757 nerit?
995 1705 1248 1770 Quaenam
1289 1722 1417 1762 vero
1454 1708 1554 1762 fuit
1593 1710 1750 1782 hujus
1790 1715 1980 1781 poma?
2019 1715 2136 1771 Eris
2174 1735 2374 1788 gemens

786 1801 1084 1848 actremens
1116 1811 1267 1865 super
1295 1805 1480 1851 terram
1521 1798 1672 1869 (Gen.
1705 1801 1757 1856 4.
1800 1803 1913 1874 12).
1950 1803 2171 1861 Videtur
2195 1817 2371 1863 tamen

784 1895 905 1937 esse
927 1896 1088 1952 grave
1119 1885 1469 1954 supplicium;
1497 1888 1590 1944 sed
1628 1906 1736 1945 non
1769 1892 1879 1962 jam
1917 1896 1987 1948 ita
2015 1896 2298 1965 videbitur,
2326 1899 2372 1953 si

783 1981 1062 2039 peccatum
1093 1975 1510 2044 consideremus,
1547 1989 1601 2035 et
1627 1981 1792 2050 ipsam
1833 1999 2042 2053 poenam
2068 1985 2371 2058 d-ligcntius

784 2059 1105 2116 intueamur.
1136 2062 1266 2118 Cum
1297 2067 1438 2120 enim
1466 2069 1555 2124 ille
1584 2072 1722 2126 male
1747 2073 2045 2143 obtulisset,
2071 2093 2209 2145 aegre
2231 2081 2367 2149 tulit,

781 2150 924 2219 quod
945 2160 1066 2220 post
1089 2153 1333 2222 injuriam
1363 2157 1474 2212 Deo
1501 2159 1702 2215 illatam
1740 2162 2030 2221 honoratus
2055 2169 2121 2222 ab
2148 2169 2239 2223 illo
2261 2187 2367 2226 non

780 2248 882 2304 est,
911 2242 1286 2311 oorripientem
1316 2248 1536 2315 respuit,
1569 2251 2015 2324 parricidiumque
2035 2257 2240 2328 primus
2269 2275 2366 2329 pa-

781 2331 958 2396 travit,
989 2332 1100 2387 imo
1123 2349 1255 2389 vero
1295 2335 1496 2393 facinus
1524 2340 1806 2408 parricidio
1831 2343 1987 2414 longe
2020 2347 2326 2404 sceleratius
2351 2368 2363 2403 :

782 2430 1032 2489 parentes
1074 2426 1216 2481 enim
1269 2427 1562 2485 incredibili
1613 2432 1798 2488 dolore
1835 2436 2106 2506 confodit,
2152 2455 2214 2496 ac
2257 2443 2367 2498 Deo

779 2511 943 2566 etiam
985 2515 1236 2571 mentitus
1271 2527 1374 2572 est.
1409 2519 1676 2591 Numquid
1718 2526 1872 2590 enim,
1915 2527 2010 2593 ait,
2051 2539 2215 2584 custos
2252 2549 2365 2586 sum

783 2602 956 2671 fratris
980 2606 1076 2660 utsi
1107 2605 1258 2677 (Gen.
1293 2609 1346 2663 4.
1385 2609 1485 2679 9)?
1525 2612 1594 2666 Et
1630 2629 1728 2682 pro
1761 2614 1843 2671 his
1883 2621 2128 2675 omnibus
2159 2624 2274 2678 solo
2298 2625 2363 2678 ti-

778 2705 930 2746 more
947 2707 1011 2748 ac
1032 2703 1264 2751 tremore
1285 2702 1567 2754 cruciatur.
1593 2705 1839 2759 Attamen
1863 2704 1958 2762 Dei
1982 2707 2361 2794 benignitatem

779 2799 887 2839 non
912 2800 979 2841 ex
1008 2801 1074 2842 eo
1100 2787 1272 2842 solum
1300 2793 1622 2848 manifestari
1653 2795 1899 2863 dixerim,
1929 2801 2067 2868 quod
2093 2787 2360 2860 mitiorem

777 2888 989 2939 penam
1013 2884 1160 2931 tanto
1192 2879 1379 2933 sceleri
1404 2881 1662 2947 adhibuit,
1694 2885 1786 2939 sed
1811 2887 1947 2955 quod
1984 2890 2037 2942 in
2058 2890 2178 2970 ipsa
2204 2907 2359 2960 pmna

774 2964 980 3020 lucrum
1002 2966 1143 3022 haud
1172 2971 1528 3039 spernendum
1550 2973 1725 3030 inesse
1756 2977 2010 3033 videatur.
2041 2980 2096 3035 Id
2114 2964 2248 3039 vero
2276 2984 2359 3039 iu-

772 3071 927 3110 erum
957 3066 1090 3122 erat,
1114 3061 1254 3130 quod
1277 3076 1340 3116 ex
1363 3077 1426 3116 ea
1452 3064 1617 3133 ipsius
1641 3069 1985 3137 castigatione
2007 3076 2180 3129 cuncti
2209 3087 2359 3145 post-

775 3147 992 3202 modum
1027 3149 1285 3205 admoniti
1322 3163 1446 3207 sunt
1485 3155 1802 3224 resipiscere
1846 3174 1874 3212 a
1914 3162 2096 3229 malis,
2139 3164 2360 3238 fierique

773 3236 1044 3292 meliores.
1091 3238 1294 3295 Idcirco
1335 3256 1463 3312 ergo
1507 3259 1612 3299 non
1655 3249 1849 3303 occidit
1889 3250 2058 3319 illum,
2102 3256 2224 3324 quia
2261 3236 2358 3327 par

773 3326 972 3381 utilitas
1001 3329 1239 3396 proiecto
1277 3346 1382 3385 non
1410 3331 1616 3398 fuisset,
1644 3337 1810 3392 audiri
1838 3340 1977 3409 quod
2005 3341 2158 3412 Cain,
2192 3326 2354 3404 fratre

773 3417 1113 3488 interempto,
1146 3433 1316 3478 morte
1345 3425 1630 3480 mulctatus
1654 3437 1814 3494 esset,
1837 3439 1888 3484 et
1920 3432 2099 3488 videre
2132 3439 2352 3504 parrici-

769 3509 892 3562 dam
940 3511 1110 3580 ipsum
1155 3527 1341 3580 ptnuas
1389 3516 1775 3572 exsolventem.
1826 3519 2074 3577 Fortasse
2121 3528 2261 3581 enim
2299 3529 2350 3583 id

765 3601 1003 3655 auditum
1049 3603 1119 3657 ob
1157 3602 1539 3661 immanitatem
1580 3610 1798 3665 sceleris
1828 3613 2086 3669 creditum
2131 3619 2349 3677 minime

765 3691 954 3747 fuisset
985 3710 1000 3745 :
1033 3708 1174 3748 nunc
1199 3711 1328 3748 vero
1369 3696 1495 3751 dum
1536 3699 1764 3767 videtur,
1806 3703 1931 3757 dum
1962 3719 2142 3761 coram
2172 3709 2343 3777 adest,

765 3785 1023 3853 plurimos
1066 3786 1329 3856 longoque
1375 3791 1691 3857 superstites
1736 3786 1972 3865 iempore
2018 3811 2190 3867 paena:
2234 3816 2345 3856 sua:

763 3884 927 3930 testes
951 3877 1232 3947 relinquit;
1257 3880 1594 3935 maniibstum
1623 3892 1768 3939 certe
1792 3900 1854 3940 ac
1881 3887 2134 3954 credibile
2161 3901 2213 3945 et
2234 3907 2344 3947 suie

760 3965 932 4020 aetatis
956 3963 1278 4035 hominibus,
1306 3978 1361 4024 et
1385 3980 1567 4040 postea
1590 3971 1780 4030 futuris
1800 3978 2046 4033 omnibus
2067 3979 2116 4033 id
2139 3979 2344 4040 facinus

756 4055 1052 4111 constituit.
1084 4055 1222 4125 Quid
1257 4074 1409 4130 ergo,
1443 4061 1671 4131 inquies,
1703 4064 1805 4120 hoc
1839 4066 1912 4122 illi
1946 4071 2203 4125 contulit?
2228 4072 2340 4128 Ma-

757 4147 902 4202 xime
927 4146 1142 4218 quidem
1187 4148 1327 4204 illius
1356 4150 1514 4206 saluti
1538 4154 1914 4224 prospiciebat,
1956 4173 2076 4213 cum
2105 4160 2220 4230 ejus
2247 4179 2338 4218 ra-

757 4235 921 4302 bietn,
967 4249 1222 4305 quantum
1265 4240 1319 4294 in
1356 4255 1418 4296 se
1457 4240 1637 4309 fuerit,
1678 4258 1954 4304 coerceret
1994 4253 2338 4322 castigatione

757 4325 1063 4382 verborum.
1085 4327 1286 4384 Verum
1315 4345 1382 4386 ne
1411 4335 1522 4402 ipsa
1547 4333 1764 4404 quidem
1798 4336 1942 4394 illata
1983 4340 2056 4396 illi
2083 4358 2258 4411 pceua,
2290 4347 2335 4401 si

756 4418 877 4486 quis
900 4418 1206 4489 diligentius
1236 4421 1500 4496 inspiciat,
1534 4425 1765 4480 maxima
1792 4427 1958 4497 ipsius
1993 4432 2218 4488 utilitate
2239 4451 2334 4489 va-

752 4517 859 4563 cat.
887 4508 943 4564 Si
969 4509 1110 4564 enim
1137 4511 1315 4565 statim
1344 4512 1489 4566 illum
1531 4515 1830 4580 occidisset,
1860 4519 2062 4574 nullum
2092 4523 2190 4592 ipsi
2224 4539 2334 4593 pte-

753 4600 990 4655 nitentiie
1016 4610 1247 4672 tempus,
1278 4618 1371 4671 per
1388 4620 1544 4674 quam
1563 4608 1753 4662 melior
1772 4610 2038 4676 evaderet,
2062 4613 2295 4672 dedisset
2317 4636 2331 4674 :

751 4707 894 4746 nunc
922 4707 1049 4747 vero
1073 4707 1191 4748 eum
1231 4703 1375 4750 metu
1403 4711 1465 4750 ac
1491 4707 1725 4754 tremore
1771 4702 1931 4756 vitam
1975 4704 2196 4775 ducens,
2229 4711 2330 4765 nisi

755 4781 912 4836 nimis
938 4783 1259 4850 insensatus,
1291 4800 1353 4840 ac
1381 4787 1558 4842 bellua
1583 4792 1759 4864 potius
1788 4808 1944 4862 quam
1985 4795 2143 4854 homo
2163 4813 2326 4871 esset,

752 4885 816 4925 cx
853 4871 1154 4940 huiusmodi
1183 4875 1287 4928 vita
1316 4876 1466 4944 plura
1501 4893 1692 4948 capere
1733 4884 1903 4951 potuit
1947 4888 2325 4950 emolumenta.

749 4961 1012 5017 Praeterea
1051 4963 1284 5021 futurum
1322 4970 1638 5038 supplicium
1684 4973 1848 5030 levius
1891 4985 2168 5048 pnesentis
2194 4994 2329 5040 tem-

750 5052 896 5118 poris
941 5067 1097 5122 ptena
1138 5057 1453 5115 constituit:
1493 5076 1553 5115 ea
1599 5066 1738 5118 enim
1780 5083 1898 5136 qute
1947 5071 2098 5128 nobis
2142 5076 2193 5129 in
2226 5077 2327 5133 hac

751 5140 856 5195 vita
879 5141 1179 5200 inferuntur
1205 5149 1491 5218 supplicia,
1517 5152 1768 5211 divinitus
1797 5159 2089 5217 futurorum
2115 5170 2324 5222 crucia-

751 5235 894 5279 tuum
926 5235 1129 5295 partem
1159 5229 1300 5287 haud
1325 5235 1566 5305 exiguam
1602 5242 1897 5298 succidunt.
1933 5247 2106 5318 Atque
2135 5251 2320 5308 harum

748 5332 924 5372 rerum
948 5321 1248 5378 testimonia
1287 5326 1354 5380 de
1391 5327 1677 5397 Scripturis
1715 5334 1906 5391 divinis
1948 5341 2138 5397 aii'erre
2169 5345 2324 5403 facile

747 5424 1046 5476 "assumus.
1071 5411 1201 5469 Nam
1228 5415 1469 5472 Christus
1513 5421 1765 5480 Dominus
1791 5443 1909 5482 cum
1940 5431 2228 5503 discipulos
2253 5442 2321 5493 al-

746 5499 969 5568 iuquens
995 5501 1062 5556 de
1095 5502 1298 5559 Lazaro
1324 5508 1629 5576 dissereret,
1677 5516 1940 5574 Abraham
1968 5527 2162 5585 retulit.
2195 5539 2331 5584 cum

745 5604 1022 5658 rugarctur
1049 5608 1078 5647 a
1106 5595 1289 5659 divite,
1320 5608 1377 5652 ut
1408 5603 1640 5659 mitteret
1671 5606 1944 5675 Lazarum,
1968 5617 2053 5683 qui
2073 5630 2314 5676 extrema

739 5681 886 5753 digiti
914 5695 1063 5753 parte
1087 5688 1354 5756 paululum
1381 5707 1532 5763 aqua:
1561 5698 1766 5753 ardenti
1795 5681 2308 5780 linguieinstillarct,

1544 306 1600 377 ε.
1640 317 1917 378 ιοΑΝΝιε
1935 322 2021 379 Cii
2034 323 2420 382 RYSOSTOMI
2441 327 2760 388 ARCHIEP.
2790 335 3323 398 CONSTANTINOP.

3969 357 4076 414 432

2489 443 2687 501 dixisse
2715 448 2780 501 ad
2810 451 2958 506 illum
2981 473 2994 508 :
3026 454 3150 521 Fili,
3179 459 3442 514 recordare
3467 462 3584 532 quia
3609 467 3837 534 recepisti
3866 477 3920 523 tu
3944 472 4074 526 bona

2483 533 2536 586 in
2562 537 2662 589 vita
2695 546 2802 603 tua,
2834 552 2880 594 et
2907 541 3137 600 Lazarus
3172 550 3305 601 mala
3329 567 3347 600 :
3373 566 3504 604 nunc
3533 544 3699 608 autem
3726 557 3804 611 hic
3833 563 4072 615 consoia-

2484 635 2586 693 tur,
2634 639 2688 681 tu
2726 646 2839 685 vero
2883 637 3122 691 cruciaris
3147 637 3297 707 (Luc.
3342 640 3429 695 i6.
3469 641 3586 712 25).
3621 645 3815 702 Paulus
3856 665 4072 721 quoque

2482 718 2728 787 (Paulum
2759 739 2884 779 vero
2927 731 3137 797 quoties
3180 730 3321 798 dico,
3363 749 3548 790 rursus
3580 736 3778 793 Christi
3807 718 4070 812 praecepta

2481 809 2682 876 replico
2711 829 2725 864 :
2754 814 2998 872 Christus
3040 819 3182 875 enim
3231 821 3492 890 profecto,
3535 842 3652 881 mea
3695 829 3910 900 quidem
3951 809 4075 887 sen-

2482 901 2667 967 tentia,
2705 903 2916 960 beatam
2949 909 3087 964 illius
3115 913 3362 968 movebat
3405 913 3699 986 animam);
3720 920 3844 976 dum
3881 923 4073 979 Corin-

2482 990 2609 1045 tbiis
2637 995 2894 1051 scriberet
2922 999 2995 1067 (i.
3019 1000 3134 1054 Cor.
3162 1003 3215 1057 5.
3244 1003 3790 1079 5),aiiquandojubet
3814 1028 3958 1076 eum,
3979 1016 4073 1085 qui

2480 1083 2799 1149 gravissime
2832 1086 3120 1145 fornicatus
3145 1092 3335 1158 fuerat,
3378 1097 3511 1152 tradi
3551 1109 3750 1155 satana:
3803 1103 3854 1156 in
3899 1083 4072 1159 inter-

2481 1171 2611 1226 itum
2632 1177 2830 1242 earnis,
2853 1189 2906 1232 ut
2933 1183 3148 1250 spiritus
3172 1187 3350 1242 salvus
3370 1189 3439 1242 sit
3469 1191 3520 1243 in
3547 1191 3633 1247 die
3660 1193 3866 1248 Domini
3900 1198 4074 1252 nostri

2479 1258 2605 1315 Jesu
2638 1263 2852 1320 Christi.
2897 1267 3209 1340 Rursusque
3246 1289 3366 1329 cum
3406 1277 3622 1333 eosdem
3647 1281 3714 1335 de
3757 1282 3821 1337 iis
3858 1285 3949 1354 qui
3985 1286 4074 1341 in-

2480 1350 2638 1422 digne
2665 1369 2814 1410 sacra
2849 1362 3103 1430 mysteria
3147 1367 3508 1436 percipiebant
3548 1372 3860 1430 admoneret
3894 1395 3909 1432 :
3945 1377 4074 1431 Pro-

2479 1453 2667 1513 pterea,
2697 1449 2886 1520 inquit,
2928 1453 3060 1508 inter
3097 1474 3184 1512 vos
3211 1462 3355 1515 multi
3394 1463 3587 1532 inﬁrmi
3612 1478 3662 1522 et
3696 1469 3983 1536 imbecilles,
4024 1482 4076 1526 et

2480 1537 2734 1594 dormiunt
2758 1545 2921 1598 multi.
2949 1544 3086 1601 Nam
3107 1551 3153 1604 st'
3179 1569 3271 1606 nos
3296 1555 3433 1621 ipsos
3451 1558 3821 1629 judicaremus,
3846 1581 3947 1617 non
3972 1567 4076 1618 uti?

2478 1643 2572 1692 que
2605 1632 2954 1698 judicaremur
2990 1654 3008 1691 :
3049 1655 3161 1692 cum
3196 1644 3494 1711 judicamur
3536 1661 3701 1704 autent
3743 1671 3777 1706 a
3825 1653 4070 1723 Domino,

2478 1722 2797 1790 corripimur,
2831 1739 2887 1778 ut
2915 1745 3014 1782 non
3040 1748 3153 1784 cum
3181 1733 3274 1787 hoc
3303 1739 3492 1791 mundo
3522 1741 3818 1797 damnemur
3843 1746 3920 1814 (Ι.
3943 1746 4068 1802 Cor.

2488 1810 2514 1864 ι
2528 1811 2575 1863 ι.
2608 1813 2824 1883 50-32);
2844 1817 3104 1877 Vidistine
3127 1824 3443 1884 ineffabilem
3461 1833 3816 1901 clementiam,
3836 1810 4071 1896 immen-

2484 1915 2676 1970 sasque
2701 1904 2912 1962 divitias
2937 1909 3309 1982 benignitatis?
3342 1920 3515 1976 vidisti
3549 1932 3606 1977 ut
3629 1927 3803 1980 omnia
3832 1940 3955 1999 agat
3980 1943 4068 1986 at-

2475 2005 2577 2059 que
2601 1995 2845 2050 moliatur
2868 1998 3029 2067 Deus,
3062 2012 3120 2056 ut
3161 2015 3280 2074 post
3307 2021 3581 2077 peceatum
3609 2030 3820 2086 quoque
3847 1995 4070 2077 mitiore

2475 2095 2634 2149 quam
2675 2084 2974 2158 debuimus,
3007 2092 3299 2163 plectamur
3327 2114 3506 2170 pt‘ena,
3539 2113 3629 2158 aut
3656 2084 3814 2161 etiam
3843 2111 4071 2167 omnino

2475 2170 2799 2230 liberemur?

2542 2263 2597 2318 4.
2629 2263 2832 2322 Diaboli
2857 2270 2910 2324 in
2942 2289 3034 2328 nos
3057 2275 3288 2356 incursus
3314 2293 3431 2336 sunt
3459 2287 3624 2340 meriti
3665 2303 4019 2360 argumentum
4043 2339 4061 2363 ,

2471 2368 2772 2411 coronarum
2797 2363 3027 2416 materia.
3062 2395 3132 2406 -—
3167 2367 3335 2424 Porro
3371 2373 3415 2425 si
3455 2376 3575 2444 quis
3604 2376 3654 2431 id
3682 2380 3944 2436 curiosius
3975 2384 4067 2437 iu-

2471 2445 2667 2512 quirat,
2693 2449 2846 2519 cujus
2871 2454 2949 2507 rei
2970 2458 3137 2525 gratia
3160 2469 3391 2517 veterem
3415 2465 3561 2525 illum
3589 2471 3922 2527 seductorem
3952 2493 4064 2531 non

2469 2536 2724 2593 continuo
2749 2539 3028 2611 deleverit,
3052 2547 3103 2601 id
3127 2565 3336 2623 quoque
3362 2569 3458 2623 pro
3487 2572 3694 2616 summa
3722 2562 3773 2615 in
3806 2579 3903 2618 nos
3930 2581 4064 2622 cura

2469 2623 2664 2682 factum
2692 2635 3005 2703 comperiet.
3038 2638 3093 2694 Si
3123 2642 3264 2696 enim
3292 2647 3581 2706 sceleratus
3613 2651 3700 2707 ille
3732 2653 3780 2707 vi
3809 2654 4066 2713 domina-

2467 2729 2636 2789 retur,
2677 2735 2820 2780 esset
2861 2727 3088 2786 fortasse
3128 2735 3456 2814 rationabilis
3485 2741 3582 2798 ista
3621 2743 3893 2814 inquisitio
3928 2767 3941 2801 :
3974 2752 4062 2805 sin

2466 2821 2641 2865 autem
2674 2813 2772 2869 hac
2797 2821 3029 2885 potentia
3060 2824 3294 2891 privatus
3319 2813 3521 2898 tantum
3550 2813 3874 2902 persuadere
3894 2849 4062 2910 atque

2465 2898 2680 2956 allicere
2705 2913 2901 2974 potest,
2927 2909 3067 2964 illius
3089 2927 3216 2968 vero
3241 2917 3503 2974 suasionis
3527 2923 3804 2980 illecebras
3828 2943 4060 2986 renuere

2465 2989 2518 3044 in
2551 2993 2703 3046 nobis
2728 3004 2846 3049 est:
2877 3013 2973 3052 cur
3002 3009 3054 3055 tu
3084 3005 3257 3059 meriti
3285 3023 3655 3081 argumentum
3688 3017 3828 3074 tollis
3849 3060 3864 3083 ,
3893 3036 4058 3077 coro-

2465 3095 2757 3153 uarumque
2803 3091 3080 3146 materiam
3131 3097 3480 3164 prtcseindis?
3519 3103 3598 3157 Ad
3647 3107 3761 3162 haec
3810 3109 3854 3163 si
3903 3110 4055 3167 illum

2463 3171 2640 3226 sciens
2680 3172 2793 3230 fore
2843 3179 3287 3250 insuperabilem,
3330 3200 3653 3262 cunctosque
3677 3196 4052 3268 devictnruru,

2462 3259 2532 3325 ita
2564 3261 2707 3316 illum
2743 3265 3033 3325 dimisisset
3075 3272 3246 3337 Deus,
3277 3292 3343 3332 ne
3373 3279 3449 3334 sie
3474 3283 3687 3350 quidem
3723 3286 3789 3342 de
3819 3278 3903 3344 his
3929 3307 4053 3345 mo.

2459 3352 2630 3406 venda
2672 3358 3081 3427 quaestio/esset.
3111 3363 3244 3417 Nam
3290 3377 3399 3421 tum
3427 3387 3635 3442 quoque
3659 3377 3798 3444 quod
3829 3379 3920 3434 ille
3947 3382 4051 3436 ob-

2461 3441 2688 3506 tineret,
2737 3447 2879 3512 quod
2909 3449 3145 3507 vinceret
3189 3471 3292 3509 non
3336 3458 3694 3530 reluctantes,
3732 3467 3824 3522 sed
3855 3483 4052 3540 sponte

2457 3533 2557 3588 sibi
2585 3535 2836 3592 cedentes
2874 3551 3033 3609 atque
3061 3548 3470 3605 suecumbentcs
3490 3596 3504 3619 ,
3548 3571 3576 3607 a
3625 3559 3776 3613 nobis
3805 3563 4049 3630 profecto

2456 3638 2764 3683 manasset:
2797 3644 3160 3691 verumtamen
3191 3640 3272 3693 bis
3300 3643 3389 3711 qui
3434 3645 3637 3715 ingrate
3678 3668 3834 3721 agere
3861 3658 4046 3713 volunt

2451 3731 2520 3770 ne
2549 3718 2601 3771 id
2627 3721 2840 3788 quidem
2873 3725 3002 3780 satis
3031 3739 3190 3783 esset.
3224 3731 3374 3797 Quod
3405 3737 3448 3788 si
3491 3718 3942 3812 plurimi'qttidcm
3976 3749 4042 3803 ii-

2451 3807 2554 3862 lius
2601 3814 2889 3879 potentiam
2938 3833 3001 3872 ae
3052 3818 3193 3876 vires
3241 3825 3513 3894 frangunt,
3561 3836 3857 3902 complures
3911 3840 4041 3897 item

2452 3899 2670 3966 posthac
2703 3901 2847 3956 illum
2877 3912 3174 3974 superaturi
3199 3923 3354 3979 sunt,
3383 3918 3509 3987 quid
3535 3931 3586 3974 tu
3613 3899 3816 3981 futuros
3841 3931 4042 3998 proba-

2449 3988 2684 4046 tissimos
2714 3993 3116 4070 ciarissimaque
3146 4003 3363 4062 victoria
3406 4010 3638 4080 insignes
3669 4026 3815 4073 tanto
3860 4023 4040 4088 privas

2447 4076 2690 4136 honore?
2715 4073 2917 4142 Idcirco
2943 4092 3084 4144 enim
3114 4093 3260 4149 illum
3284 4097 3518 4165 dimisit,
3551 4115 3610 4158 ut
3639 4121 3758 4162 eum
3783 4109 4038 4180 dejiciaut

2443 4171 2533 4242 qui
2564 4171 2771 4228 fuerant
2797 4177 2866 4231 ab
2891 4193 2956 4234 eo
2983 4182 3129 4250 prius
3152 4191 3412 4255 superati,
3446 4195 3586 4261 quod
3629 4197 3703 4252 illi
3729 4171 3872 4256 omni
3901 4219 4035 4275 sup-

2443 4260 2603 4329 plicio
2631 4265 2841 4334 gravius
2868 4277 2969 4335 est,
2999 4270 3279 4344 ipsumque
3300 4279 3364 4332 ad
3386 4260 3679 4341 extremam
3701 4260 4034 4350 condemna-

2442 4353 2642 4409 tioncm
2671 4356 2916 4414 deducet.
2946 4363 3015 4417 At
3034 4379 3139 4419 non
3162 4381 3367 4436 omnes,
3394 4373 3619 4446 inquies,
3643 4381 3787 4437 illum
3810 4391 4035 4456 supera-

2441 4447 2541 4498 tttri
2569 4456 2709 4502 sunt.

2511 4535 2613 4589 Cur
2643 4537 2780 4594 Deus
2807 4558 2835 4595 e
2862 4544 3026 4600 medio
3063 4549 3321 4606 diabolum
3347 4573 3447 4610 non
3474 4564 3747 4618 sustulerit.
3783 4599 3850 4609 —-
3889 4571 4028 4639 Quid

2439 4622 2541 4680 hoc
2568 4627 2634 4681 ad
2664 4632 2818 4686 rem?
2843 4633 3089 4691 Profecto
3117 4641 3259 4696 enim
3301 4647 3468 4701 multo
3507 4657 3907 4714 convenientius
3941 4676 4029 4719 est

2431 4712 2591 4784 justis
2655 4723 2967 4781 occasiones
3018 4733 3382 4802 suppeditari,
3450 4743 3640 4808 quibus
3696 4749 4024 4808 voluntatem

2436 4811 2722 4866 ostendant
2747 4829 2919 4883 suam,
2947 4834 3041 4874 eos
3065 4837 3191 4878 vero
3217 4827 3303 4895 qui
3336 4845 3441 4884 non
3472 4845 3597 4888 sunt
3624 4837 3924 4907 hujusmodi
3957 4863 4023 4903 cx

2436 4903 2646 4971 propria
2678 4907 2852 4973 puniri
2900 4911 3213 4983 negligentia
3235 4959 3250 4982 ,
3282 4934 3440 4987 quam
3473 4903 3876 4987 istorum'causa
3920 4938 4024 4993 illis

2430 5188 2559 5243 pore
2589 5191 2869 5246 superatur
2911 5201 2924 5236 :
2973 5188 3113 5255 quod
3164 5190 3359 5245 indicat
3405 5196 3662 5254 victorum
3713 5208 4019 5265 multitudo.

2429 5263 2579 5320 Tunc
2609 5283 2735 5322 vero
2766 5274 2916 5339 probi
2960 5277 3157 5348 quique
3203 5282 3561 5350 improborum
3603 5306 3760 5346 causa
3811 5303 4019 5357 meritis

2429 5353 2719 5412 honoribus
2754 5357 2983 5417 fraudati
3026 5365 3276 5436 fuissent,
3326 5388 3430 5427 non
3473 5371 3755 5448 habentes,
3801 5387 4015 5445 illorum

2426 5447 2601 5515 culpa,
2632 5449 2719 5503 tibi
2751 5453 2891 5508 vircs
2912 5470 3224 5514 exercerent
3249 5477 3407 5529 suas;
3436 5469 3596 5523 veluti
3619 5473 3662 5527 si
3691 5479 4012 5545 agoucthcta

2424 5538 2542 5605 quis
2571 5541 2796 5594 athletas
2825 5544 2960 5597 duos
2987 5559 3192 5616 nactus,
3215 5553 3441 5611 alterum
3471 5562 3682 5628 quidem
3705 5567 4017 5629 adversario

2424 5631 2671 5698 ceugredi
2699 5643 2958 5700 paratum,
2986 5653 3306 5712 omnemque
3334 5648 3672 5708 tolerantiam
3700 5663 4010 5724 ostendere.

2425 5733 2781 5794 coronamque
2809 5743 2873 5782 ex
2901 5734 3190 5791 certamine
3213 5738 3412 5798 referre
3430 5784 3444 5812 ,
3475 5745 3702 5804 alterum
3735 5751 3904 5812 labori
3939 5761 4012 5816 illi
