4266 6314
226 351 333 408 433

219 476 277 521 et
304 477 558 521 erumna
581 464 751 522 otium
776 462 1099 533 deliciasque
1126 461 1521 533 prazfenentem,
1555 459 1810 514 adversa-

219 559 302 614 rio
327 559 398 614 de
415 559 604 616 medio
643 559 884 625 sublato,
907 558 1098 614 ambos
1126 572 1186 613 re
1221 556 1413 612 infecta
1441 554 1695 611 dimittat.
1721 553 1812 610 Sic

216 649 363 704 enim
408 659 664 704 strenuus
705 649 796 704 ille
837 657 1053 718 propter
1093 647 1316 703 alterius
1357 646 1621 716 ignaviam
1662 643 1810 715 gravi

214 742 418 797 danino
453 741 678 798 enectus
702 751 879 809 esset;
922 743 1143 813 ignavus
1184 749 1362 796 autem
1392 754 1499 795 non
1537 735 1809 794 fortissimi

211 834 349 890 socii
379 835 743 890 causa-malus
771 843 944 901 esset,
986 848 1170 890 verum
1207 835 1278 889 ob
1305 833 1603 889 socordiam
1632 843 1806 888 suam.

211 926 320 982 Sed
357 927 501 985 enim
541 927 655 984 hac
680 915 899 984 istorum
937 928 1181 999 quaestio,
1208 941 1332 982 cum
1358 925 1425 981 de
1451 924 1660 981 diabolo
1691 923 1806 995 agi-

214 1019 318 1074 tari
349 1019 615 1085 videatur,
644 1020 687 1074 si
717 1033 816 1075 suo
843 1019 1032 1075 ordine
1059 1017 1313 1089 procedat
1333 1059 1347 1084 ,
1377 1017 1618 1088 plurimis
1643 1016 1695 1070 in
1723 1029 1809 1071 re-

213 1111 314 1167 bus
345 1110 440 1167 Dei
479 1109 864 1182 providentiam
909 1108 1216 1176 insimulat,
1259 1117 1612 1178 cunctamque
1650 1107 1806 1161 simul

211 1211 518 1260 creaturam
573 1202 822 1259 traducit.
872 1201 1114 1274 Namque
1162 1202 1273 1258 oris
1320 1213 1481 1273 atque
1530 1202 1805 1256 oculorum

210 1297 542 1351 creationem
569 1295 879 1351 incusabit:
912 1296 1109 1366 quippe
1132 1309 1276 1350 cum‘
1297 1310 1394 1365 per
1431 1293 1543 1350 haec
1583 1296 1808 1364 quaeque

212 1386 400 1442 illicita
430 1386 840 1457 concupiscant,
890 1396 1049 1457 atque
1089 1385 1143 1441 in
1190 1385 1513 1441 adulterium
1556 1391 1810 1440 corruant

211 1478 463 1548 plurimi;
493 1493 587 1548 per
607 1479 716 1534 'hoc
742 1488 917 1534 autem
945 1479 1317 1550 blasphement
1343 1478 1466 1544 alii,
1495 1487 1655 1550 atque
1682 1491 1806 1548 per-

212 1573 415 1627 niciosa
435 1572 692 1644 dogmata
725 1571 1017 1644 proferant.
1063 1571 1198 1627 Num
1228 1587 1358 1643 ergo
1402 1573 1517 1627 sine
1556 1571 1809 1627 oculis-et

214 1666 390 1739 lingua
418 1667 540 1724 ideo
580 1664 876 1722 debuerunt
917 1666 1164 1722 homines
1209 1665 1363 1722 fieri?
1391 1665 1559 1721 Pedes
1596 1680 1807 1737 quoque

213 1759 550 1826 abscindere,
574 1765 630 1815 et
649 1768 920 1829 amputare
944 1774 1131 1815 manus
1156 1773 1376 1814 necesse
1400 1759 1524 1824 erit,
1549 1773 1667 1812 cum
1691 1758 1806 1812 ista:

214 1854 386 1924 pleme
411 1855 518 1909 sint
546 1853 823 1924 sanguine,
857 1851 930 1906 illi
958 1865 1084 1907 vero
1109 1850 1174 1907 ad
1206 1851 1402 1905 malum
1432 1857 1667 1906 currant.
1693 1848 1806 1904 Nec

212 1945 342 2015 ipsa:
373 1944 587 2016 quidem
616 1955 773 1999 aures
809 1942 1191 1998 immanitatem
1224 1941 1364 1997 hanc
1390 1941 1624 2012 effugere
1651 1948 1803 2011 pote-

212 2045 374 2090 runt:
404 2050 524 2090 nam
554 2035 724 2090 inania
751 2035 1067 2107 percipiunt,
1091 2043 1145 2089 et
1170 2034 1565 2105 corruptionem
1588 2032 1805 2104 dogma-

212 2139 320 2183 tnm
362 2129 429 2184 ad
474 2129 706 2184 animam
744 2130 958 2184 mittunt
989 2146 1012 2190 ε,
1037 2128 1215 2199 itaque
1253 2133 1311 2184 et
1355 2129 1472 2184 ista:
1501 2127 1804 2183 auferenda;

208 2229 389 2277 erunt.
421 2220 572 2289 Quod
599 2221 644 2275 si
679 2218 954 2287 dabimus,
982 2220 1130 2276 cibos
1159 2235 1372 2292 quoque
1397 2235 1460 2274 ac
1485 2229 1643 2293 potus
1662 2261 1675 2286 ,
1700 2232 1803 2274 cm-

207 2313 318 2368 lum
340 2355 355 2379 ,
391 2307 619 2377 terram,
664 2326 840 2376 mare,
888 2311 1086 2378 solem,
1119 2311 1290 2367 lucem
1313 2351 1329 2377 ,
1374 2310 1588 2377 lunam,
1623 2310 1804 2366 stella-

209 2420 438 2475 rumque
475 2409 697 2460 eborum
717 2446 731 2471 ,
763 2414 920 2473 atque
949 2403 1188 2458 omnium
1229 2401 1578 2458 animantium
1606 2413 1800 2472 genera

208 2497 460 2553 tollamus
491 2512 712 2553 necesse
737 2497 858 2551 erit.
890 2496 972 2551 Ad
1001 2496 1127 2567 quid
1150 2497 1248 2552 ista
1277 2495 1418 2551 enim
1444 2494 1618 2549 omnia
1643 2503 1802 2549 erunt

207 2591 510 2646 necessaria
531 2631 544 2656 ,
573 2605 694 2644 cum
727 2589 772 2643 is
798 2588 950 2658 cujus
974 2603 1135 2642 causa
1163 2587 1298 2643 facta
1325 2595 1453 2642 sunt
1480 2585 1615 2641 adeo
1641 2586 1804 2640 misc-

205 2682 449 2738 rabiliter
479 2691 698 2736 truncus
719 2681 928 2750 jaceat?
956 2679 1187 2735 Videsne
1212 2679 1302 2750 qui
1335 2680 1493 2745 risus,
1524 2692 1643 2748 qua:
1665 2676 1803 2732 deli-

203 2782 446 2829 ramenta
489 2773 749 2828 rationem
784 2772 938 2835 istam
986 2772 1289 2826 necessario
1317 2769 1647 2842 sequ-mutor?
1672 2769 1796 2824 Dia-

203 2866 357 2921 holus
385 2881 578 2936 nempe
605 2865 704 2919 sibi
733 2865 852 2934 ipsi,
885 2880 990 2920 non
1019 2864 1173 2919 nobis
1201 2873 1284 2918 est
1308 2865 1499 2917 malus.
1527 2861 1634 2916 Nos
1654 2861 1797 2915 enim

202 2958 246 3011 si
271 2957 519 3022 velimus,
550 2956 699 3025 plura
725 2956 884 3009 etiam
906 2953 1186 3011 commoda
1210 2969 1307 3025 per
1330 2954 1476 3008 illum
1505 2965 1799 3022 conseque-

202 3065 341 3112 mur,
370 3049 462 3104 illo
493 3047 651 3104 etiam
680 3047 844 3102 invito
868 3062 931 3102 ac
955 3054 1214 3102 renuente
1239 3061 1252 3098 :
1282 3043 1422 3116 quod
1449 3052 1532 3099 est
1556 3042 1797 3114 profecto

200 3142 447 3197 mirabile
468 3183 482 3208 ,
516 3148 570 3195 et
599 3141 648 3194 in
690 3141 791 3194 hoc
817 3138 1011 3194 divinae
1040 3137 1296 3193 bonitatis
1326 3135 1634 3208 magnitudo
1662 3149 1795 3190 con-

199 3233 443 3303 spicitnr.
481 3230 612 3285 Nam
642 3233 684 3286 si
730 3246 850 3286 cum
900 3231 1150 3286 meliores
1179 3229 1460 3291 efﬁcimur,
1492 3228 1700 3284 mordet
1741 3228 1794 3284 id

200 3325 417 3403 quidem
443 3339 504 3379 ac
531 3339 625 3394 per
655 3339 714 3379 se
741 3324 915 3379 solum
944 3324 1215 3379 excruciat
1240 3322 1509 3377 diabolum
1536 3341 1547 3376 :
1580 3323 1794 3393 quando

202 3416 304 3471 hoc
345 3417 518 3486 ipsum
553 3431 648 3486 per
686 3430 810 3471 eum
856 3415 1009 3470 nobis
1054 3414 1443 3484 suppeditatur,
1487 3413 1588 3469 hoc
1625 3414 1794 3469 detri-

201 3517 441 3563 mentum
482 3507 623 3562 ferre
663 3522 768 3562 non
808 3515 1003 3577 potest.
1047 3505 1327 3572 Quomodo
1371 3516 1549 3561 autem
1593 3522 1658 3561 ex
1703 3506 1794 3561 illo

201 3599 552 3669 proficimus?
595 3599 725 3654 Dum
778 3597 917 3653 illius
969 3598 1356 3653 immanitatem
1407 3609 1794 3669 perpetuasque

200 3692 422 3748 insidias
447 3707 510 3747 ac
538 3691 750 3747 fraudes
772 3692 947 3746 varias
968 3691 1180 3745 solliciti
1212 3692 1519 3758 metuimus,
1545 3707 1792 3746 somnum

201 3785 547 3841 immodicum
591 3785 955 3853 excludimus,
981 3783 1293 3855 vigilamus,
1337 3798 1655 3855 semperque
1686 3785 1792 3840 Do-

200 3879 331 3933 mini
359 3879 774 3933 reminiscimur.
814 3875 964 3944 Quod
996 3884 1174 3931 autem
1205 3875 1318 3930 hmc
1357 3892 1473 3930 mea
1506 3891 1608 3930 non
1652 3875 1788 3941 sint,

197 3973 295 4028 sed
327 3973 466 4027 beati
498 3971 678 4036 Pauli,
711 3972 882 4040 ipsum
910 3970 1054 4033 audi,
1087 3969 1288 4026 eisdem
1321 3970 1432 4025 fere
1454 3971 1630 4026 verbis
1657 3971 1787 4028 lide-

198 4067 279 4122 les
294 4066 627 4123 dormientes
643 4066 983 4120 exeilantem.
1002 4064 1132 4119 Nam
1165 4063 1412 4134 Ephesiis
1438 4081 1558 4120 cum
1585 4065 1789 4120 scribe-

197 4168 302 4225 ret,
335 4159 410 4213 sic
438 4159 546 4212 ait:
581 4153 702 4210 Non
733 4166 803 4211 est
832 4158 973 4211 nobis
1001 4156 1292 4211 colluctatio
1321 4158 1558 4212 adversus
1589 4174 1791 4211 carnem

198 4260 244 4304 et
285 4252 615 4322 sanguinem,
662 4251 750 4304 sed
794 4251 1034 4304 adversus
1078 4251 1391 4321 principatus
1415 4259 1463 4304 et
1490 4259 1787 4320 potestates,

199 4343 440 4397 adversus
467 4343 643 4396 mundi
668 4354 883 4397 rectores
914 4343 1225 4396 tenebrarum
1257 4342 1411 4412 hujus
1449 4343 1619 4396 seaculi
1640 4384 1653 4406 ,
1697 4342 1792 4395 ad-

199 4452 373 4491 versus
401 4437 690 4504 spiritualia
718 4436 949 4506 nequitia:
974 4435 1026 4488 in
1054 4435 1330 4489 celestibus
1357 4433 1572 4504 (Ep/tes.
1598 4435 1649 4488 6.
1675 4434 1786 4505 12).

201 4530 328 4586 llaec
352 4539 529 4585 autem
559 4545 678 4584 cum
711 4529 946 4594 diceret,
981 4545 1084 4582 non
1106 4528 1338 4599 dejicere
1368 4529 1614 4583 studebat
1637 4529 1790 4583 audi-

202 4635 379 4678 torum
419 4623 658 4687 animos,
689 4623 782 4677 sed
810 4624 984 4692 potius
1013 4622 1239 4692 erigere.
1275 4621 1459 4676 Petrus
1482 4622 1606 4677 item
1637 4640 1648 4674 :
1685 4621 1790 4675 Sos

199 4716 299 4769 brii
341 4723 493 4770 estote
520 4724 567 4768 et
593 4714 822 4786 vigilate,
868 4715 988 4785 quia
1017 4715 1333 4767 adversarius
1375 4722 1532 4767 vester
1559 4712 1791 4767 diabolus

199 4822 458 4881 tamquam
500 4809 576 4864 leo
606 4809 808 4880 rugiens
854 4809 1030 4862 circuit
1074 4824 1302 4879 quarens
1349 4825 1496 4880 quem
1545 4808 1790 4863 devoret:

199 4904 283 4956 cui
319 4903 532 4957 resistite
572 4906 726 4972 fortes
754 4902 807 4955 in
846 4901 946 4963 ﬁde
989 4901 1062 4970 (‘L
1093 4899 1237 4954 Petr.
1279 4901 1331 4955 5.
1363 4901 1442 4971 8).
1473 4901 1584 4955 Hoc
1611 4908 1791 4955 autem

199 4995 336 5050 dixit
363 5003 419 5049 ut
459 5010 558 5049 nos
597 4993 845 5048 fortiores
872 4992 1143 5059 efficeret,
1191 5001 1244 5048 et
1284 4992 1350 5047 ad
1381 4993 1638 5062 majorem
1670 5007 1790 5046 cum

204 5091 313 5145 Deo
339 5087 754 5143 familiaritatem
785 5087 1078 5142 induceret.
1101 5087 1200 5154 Qui
1226 5087 1367 5140 enim
1391 5085 1668 5141 imminere
1689 5085 1791 5140 sibi

200 5184 376 5238 cernit
405 5181 710 5247 inimicum,
743 5180 933 5249 majori
978 5179 1041 5233 ad
1075 5179 1223 5233 illum
1252 5180 1418 5234 currit
1446 5179 1733 5246 desiderio,
1762 5194 1792 5233 a

202 5290 310 5345 quo
336 5273 550 5330 defendi
579 5272 765 5343 possit.
799 5272 873 5327 Ita
907 5270 1018 5327 fere
1047 5271 1275 5327 infantes
1303 5272 1488 5342 pueri,
1520 5287 1638 5327 cum
1665 5269 1793 5342 quid

205 5368 536 5426 horrendum
562 5367 826 5435 viderint,
871 5367 939 5425 ad
983 5378 1210 5424 matrum
1255 5369 1401 5424 sinus
1442 5369 1683 5439 protinus
1714 5370 1796 5423 fu-

204 5464 392 5534 giunt,
439 5463 758 5532 illarumque
788 5463 1080 5531 pendentes
1115 5463 1350 5520 vestibus
1376 5461 1454 5516 eis
1480 5476 1540 5516 se
1583 5471 1797 5515 tuentur

206 5572 268 5613 ac
295 5564 598 5629 protegunt,
626 5565 787 5629 atque
813 5557 882 5612 ita
909 5565 968 5612 ut
992 5556 1187 5625 saepius
1214 5557 1605 5611 retrahenlibus
1632 5554 1798 5624 pluri-

206 5648 313 5710 mis
354 5650 478 5709 inde
523 5652 678 5707 avelli
724 5668 829 5706 non
872 5649 1100 5720 possint.
1143 5649 1212 5703 At
1255 5664 1382 5703 vero
1409 5645 1619 5718 quando
1663 5645 1795 5702 nihil

208 5745 474 5820 ejusmodi
513 5743 819 5818 perturbat,
849 5759 914 5797 ne
937 5749 1191 5796 vocantes
1219 5740 1432 5812 quidem
1475 5740 1590 5795 illas
1627 5754 1797 5795 exau-

209 5841 397 5909 diunt,
443 5851 615 5908 neque
658 5835 793 5889 trahi
820 5833 1091 5903 patiuntur
1130 5850 1144 5886 :
1191 5833 1301 5889 imo
1343 5834 1671 5905 appellantes
1709 5849 1796 5891 re-

546 5945 810 6006 Pnnos.
857 5941 973 6003 Gn.
1018 5939 1063 6000 Χ
1080 5940 1261 6001 LVII.

1115 346 1205 404 AD
1240 342 1614 403 STAGIRIUM
1652 345 1693 400 Λ
1737 339 2040 400 ῧιΕΜΟΝΕ
2079 341 2435 403 VEXATUM.
2476 342 2606 402 LIB.
2639 346 2681 403 Ι.

3401 350 3507 407 ιῖιῦ

1917 465 2136 528 spuunt,
2168 467 2224 517 et
2247 474 2372 524 cum
2413 459 2643 532 plurima
2666 460 2776 516 illa:
2802 461 3108 529 moliantur,
3141 471 3200 518 ut
3239 464 3307 522 ad
3330 478 3390 519 se
3413 478 3508 519 eos

1918 549 2262 623 pertrabant,
2319 567 2536 624 semper
2584 568 2676 634 eas
2723 562 3060 623 aversantur,
3105 556 3512 628 appositamqm:

1920 658 2162 700 mensam
2188 644 2511 717 despiciunt.
2539 631 2800 713 Quocirca
2829 657 3061 703 matrum
3091 648 3357 718 plurimae,
3386 665 3511 706 cum

1916 734 2048 790 nihil
2068 734 2401 794 obsecrando
2422 738 2682 809 prolicere
2702 753 2762 795 se
2783 739 3033 808 viderint,
3058 740 3229 796 larvas
3250 744 3508 814 quasdam

1917 827 2262 901 horrorisque
2285 831 2538 902 ﬁgmenta
2570 841 2788 903 parant,
2831 841 2992 906 atque
3019 833 3138 891 illos
3178 835 3397 891 deimim
3441 838 3509 895 ad

1917 921 2146 978 reditum
2191 923 2505 994 impellunt,
2545 925 2974 999 persuadeutque
2996 927 3063 983 ad
3102 944 3162 984 se
3206 929 3397 985 iterum
3427 947 3487 986 re

1916 1026 2154 1068 currere.
2185 1013 2298 1074 Hoc
2317 1024 2498 1071 autem
2525 1032 2632 1073 non
2663 1017 2717 1072 in
2741 1018 2871 1074 solis
2901 1019 3080 1090 pueris
3107 1021 3388 1093 contingit,
3415 1021 3510 1076 sed

1913 1100 2076 1157 etiam
2116 1102 2170 1157 in
2196 1104 2369 1160 nobis.
2398 1104 2626 1172 Quando
2661 1107 2803 1162 enim
2843 1109 3111 1180 malignus
3133 1110 3220 1166 ille
3246 1119 3519 1180 perterret

1916 1206 2015 1248 nos
2025 1201 2185 1260 atque
2201 1194 2497 1264 perturbat,
2517 1205 2641 1252 tunc
2658 1196 2791 1269 frugi
2811 1198 3090 1267 efficimur,
3111 1209 3236 1256 tunc
3252 1216 3352 1257 nos
3366 1203 3512 1273 ipsos

1917 1287 2255 1356 agnoscimus
2278 1329 2293 1354 ,
2329 1299 2453 1344 tunc
2483 1289 2551 1344 ad
2583 1290 2751 1347 Deum
2775 1292 2923 1347 omni
2951 1293 3128 1349 studio
3158 1293 3508 1351 recurrimus.

1913 1376 2065 1445 Quod
2078 1378 2121 1434 si
2138 1378 2350 1436 deletus
2362 1379 2431 1437 ab
2453 1381 2602 1438 initio
2618 1399 2845 1454 nequam
2863 1383 2949 1439 ille
2962 1383 3150 1440 fuisset
3166 1393 3326 1457 atque
3340 1387 3510 1442 subla-

1916 1480 2041 1527 tuse
2054 1471 2248 1539 medio,
2267 1472 2493 1530 fortasse
2505 1491 2604 1532 nec
2617 1476 2884 1546 prmterita
2895 1476 3246 1533 credidissent
3261 1478 3473 1548 plurimi
3491 1497 3507 1545 ε,

1916 1572 2040 1632 puta
2071 1565 2214 1635 quod
2244 1564 2514 1622 hominem
2543 1565 2844 1636 fefellisset,
2873 1568 3015 1639 quod
3044 1570 3196 1624 bouis
3223 1569 3327 1625 illis
3352 1570 3511 1624 inuu-

1915 1658 2079 1712 meris
2111 1673 2232 1713 eum
2261 1658 2507 1729 ejecissct
2529 1703 2544 1728 ,
2593 1660 2866 1732 Deumque
2896 1663 2997 1718 hoc
3037 1663 3229 1718 invidia
3263 1673 3317 1719 et
3341 1664 3508 1719 livore

1913 1757 2240 1805 commotum
2292 1751 2481 1808 fecisse
2524 1748 2935 1809 arbitrarentdr.
2987 1753 3211 1820 Quando
3254 1755 3397 1810 enim
3440 1770 3509 1808 ne

1914 1842 2076 1898 modo
2103 1843 2320 1914 quidem
2347 1842 2560 1910 desunt,
2588 1845 2676 1916 qui
2699 1852 2819 1916 post
2849 1855 2989 1902 tanta
3016 1845 3156 1902 illius
3181 1845 3508 1902 seductionis

1915 1933 2108 1989 indicia
2157 1934 2210 1989 id
2256 1935 2462 1991 audent
2503 1936 2721 1993 dicere:
2756 1938 2799 1991 si
2833 1954 2938 1992 non
2987 1937 3128 1993 illius
3159 1938 3411 2009 nequitiae
3451 1947 3507 1992 et

1911 2039 2059 2083 astus
2103 2029 2474 2098 experimenta
2531 2031 2833 2100 cepissent,
2883 2031 3010 2102 quid
3064 2047 3168 2089 non
3207 2032 3504 2096 dixissent,

1912 2119 2040 2189 quid
2071 2135 2177 2175 non
2218 2121 2494 2194 obloquuti
2542 2122 2806 2179 fuissent?
2843 2123 2997 2193 Quod
3025 2123 3070 2180 si
3111 2124 3394 2196 diligenter
3423 2123 3508 2180 bis

1910 2228 2031 2282 quae
2052 2213 2440 2270 tiunt'animum
2470 2216 2749 2273 intendere
2772 2218 3020 2282 velimus,
3050 2217 3382 2273 inveniemus
3403 2219 3505 2272 mi-

1911 2305 2058 2360 nime
2098 2305 2164 2362 ad
2194 2307 2371 2362 omnia
2421 2323 2521 2363 nos
2559 2309 2830 2366 diabolum
2879 2309 3192 2380 impellere,
3242 2310 3338 2366 sed
3382 2325 3503 2365 cum

1909 2401 2261 2470 plurimorum
2310 2403 2399 2459 ille
2437 2405 2594 2459 nobis
2633 2405 2875 2475 lapsuum
2921 2405 2992 2461 sit
3034 2415 3239 2469 auctor,
3274 2406 3503 2476 plurima

1911 2493 2036 2549 item
2079 2497 2437 2566 nosmetipsos
2485 2512 2580 2567 per
2618 2510 2856 2553 nostram
2888 2498 3056 2553 solam
3101 2498 3400 2554 socordiam
3441 2513 3505 2553 ac

1909 2586 2285 2657 negligentiam
2332 2589 2459 2656 path
2491 2588 2590 2644 Ubi
2636 2590 2779 2644 enim
2802 2630 2818 2654 ,
2863 2596 2921 2644 ut
2963 2588 3028 2644 ad
3062 2589 3236 2658 priora
3267 2599 3503 2645 reverta-

1907 2690 2049 2742 mur,
2077 2677 2142 2732 ad
2171 2678 2297 2733 Cain
2325 2678 2596 2734 diabolum
2623 2681 2940 2747 accessisse,
2968 2681 3367 2753 fraternamque
3391 2695 3497 2736 cae-

1905 2767 2029 2823 dem
2069 2770 2400 2840 suggessisse
2449 2770 2710 2841 legimus?
2739 2771 2872 2826 Nam
2913 2770 3069 2827 matri
3100 2771 3315 2843 quidem
3360 2771 3505 2827 illius

1907 2862 2054 2915 visus
2080 2869 2164 2915 est
2186 2861 2411 2930 loquens
2434 2861 2781 2933 fraudemque
2802 2863 3153 2930 concinnatis,
3182 2863 3306 2918 huic
3325 2875 3500 2918 autem

1907 2954 2146 3017 minime,
2177 2953 2278 3007 nisi
2309 2955 2442 3009 forte
2467 2955 2730 3025 quiSpiam
2777 2955 2946 3009 malas
2976 2955 3122 3009 illum
3152 2957 3502 3026 cogitationes

1905 3047 2051 3102 dicat
2077 3048 2398 3112 immisisse;
2429 3048 2481 3102 id
2509 3057 2686 3103 tamen
2708 3057 2877 3103 totum
2907 3048 3052 3104 illius
3072 3050 3228 3120 culpa
3253 3048 3495 3122 contigit,

1902 3138 1993 3208 qui
2027 3149 2398 3209 suggerentcm
2428 3139 2679 3205 admisit,
2721 3140 2903 3210 illique
2929 3140 3134 3210 paruit,
3165 3150 3324 3212 atque
3353 3143 3495 3212 prin-

1904 3231 2100 3299 Cipilml
2155 3232 2237 3284 sui
2295 3230 2581 3285 invadendi
2652 3232 2916 3302 praestitit.
2971 3232 3221 3288 Attamen
3277 3250 3374 3289 nec
3421 3234 3497 3289 sic

1904 3322 2051 3376 illum
2092 3322 2295 3376 dimisit
2333 3323 2505 3389 Deus,
2546 3340 2731 3378 verum
2773 3323 2973 3392 exiis,
3017 3341 3111 3396 per
3143 3342 3263 3397 qua:
3309 3327 3499 3397 punire.

1903 3413 2199 3481 videbatur,
2219 3414 2510 3470 admonere
2538 3415 2711 3485 potius
2728 3424 2886 3488 atque
2908 3418 3180 3488 corripere
3197 3434 3299 3473 non
3315 3419 3493 3474 desiit.

1972 3507 2060 3560 Ex
2078 3507 2289 3561 historia
2309 3502 2486 3560 diluvii
2509 3508 2874 3578 providentiam
2901 3507 3000 3564 Dei
3020 3512 3257 3568 ostendit.
3276 3542 3346 3553 -—
3361 3512 3494 3581 Quid

1901 3609 2076 3654 autem
2101 3599 2230 3653 Cain
2259 3599 2353 3653 viri
2377 3601 2532 3654 unius
2559 3599 2876 3670 supplicium
2897 3601 3038 3669 dico,
3064 3602 3491 3673 quandoquidem

1901 3693 2061 3746 etiam
2086 3692 2365 3757 diluvium,
2392 3693 2442 3745 in
2468 3707 2570 3762 quo
2596 3700 2672 3746 tot
2699 3693 2911 3762 periere
2933 3695 3053 3758 viri,
3085 3695 3174 3749 Dei
3199 3695 3352 3750 nobis
3375 3713 3497 3766 pro-

1904 3785 2190 3839 videntiam
2220 3786 2560 3855 apertissime
2585 3795 2760 3856 potest
2781 3787 3065 3842 asserere?
3086 3786 3320 3841 Primum
3352 3791 3493 3844 enim

1903 3893 2007 3933 non
2041 3886 2241 3933 temere
2273 3893 2443 3948 neque
2467 3878 2734 3946 insperate
2760 3877 3063 3948 hujusmodi
3090 3879 3226 3933 mala
3258 3879 3488 3944 induxit,

1903 3971 1996 4026 sed
2025 3973 2137 4026 fore
2163 3969 2442 4040 prmdixit:
2479 3970 2637 4038 idque
2666 3985 2769 4024 non
2793 3981 2917 4024 anle
2944 3969 3105 4025 breve
3135 3981 3364 4039 tempus,
3399 3973 3491 4025 sed

1899 4074 2025 4118 ante
2051 4073 2270 4118 centum
2301 4071 2355 4117 et
2384 4062 2564 4132 viginti
2597 4077 2784 4117 annos.
2833 4062 2966 4117 Tum
2995 4077 3142 4127 vero,
3186 4079 3254 4117 ne
3277 4079 3341 4116 ex
3375 4063 3487 4117 lon-

1898 4156 2135 4229 gitudine
2168 4155 2527 4226 praedictionis
2568 4155 2620 4210 in
2649 4155 2972 4211 oblivionem
3005 4170 3067 4212 ac
3114 4157 3488 4227 negligentiam

1899 4250 2240 4314 inciderent,
2284 4248 2535 4303 aediﬁcari
2565 4263 2745 4303 arcam
2779 4248 2831 4302 in
2860 4248 3029 4303 oculis
3068 4251 3306 4303 omnium
3353 4266 3488 4318 pra--

1897 4342 2072 4412 cepit,
2116 4355 2248 4396 voce
2279 4341 2422 4394 omni
2449 4339 2649 4396 clarius
2686 4340 3040 4408 clamantem,
3078 4340 3281 4411 Deique
3311 4341 3485 4396 minas

1898 4434 2148 4489 omnibus
2178 4433 2582 4487 annuntiantem
2639 4432 2769 4488 Cain
2797 4433 2995 4503 quippe
3023 4432 3298 4488 hominum
3331 4450 3485 4489 men-

1901 4528 2039 4583 tibus
2067 4526 2381 4592 exciderat;
2413 4526 2500 4581 illa
2534 4541 2658 4581 vero
2679 4536 2802 4580 ante
2829 4527 3069 4581 omnium
3095 4527 3283 4584 oculos
3313 4529 3486 4598 posita

1895 4624 2093 4694 jugiter
2133 4622 2526 4677 imminentium
2555 4620 2654 4676 sibi
2686 4620 2946 4676 malorum
2972 4619 3094 4676 illos
3120 4620 3477 4678 admonebat:

1899 4733 1997 4773 nec
2026 4717 2102 4772 sic
2142 4725 2317 4771 tamen
2344 4715 2421 4771 illi
2451 4715 2718 4770 emendati
2758 4723 2900 4779 sunt,
2929 4714 3021 4769 sed
3049 4714 3100 4769 in
3126 4716 3269 4771 vitiis
3297 4731 3481 4786 perse-

1898 4821 2240 4875 veraverunt,
2277 4807 2536 4880 supplicia
2559 4807 2793 4877 sibiipsis
2814 4806 3211 4864 consciscentes
3231 4815 3390 4880 atque
3412 4819 3491 4864 at-

1901 4904 2195 4958 trahentes.
2228 4902 2368 4957 Deus
2403 4900 2545 4954 enim
2575 4899 2828 4954 diluvium
2857 4899 3028 4968 ipsum
3066 4914 3240 4969 neque
3267 4901 3492 4955 commi-

1900 4983 2014 5050 nari
2045 5036 2060 5060 ,
2091 5008 2263 5064 neque
2309 4990 2508 5047 inferre
2551 4991 2828 5058 voluisset,
2867 4990 3022 5045 sicuti
3065 5005 3164 5046 nec
3190 4992 3490 5062 gehennam

1899 5089 2094 5161 ipsam.
2127 5085 2322 5143 Verum
2353 5085 2592 5141 omnium
2642 5099 2740 5140 nos
2766 5085 2866 5154 ipsi
2907 5084 3063 5140 nobis
3088 5101 3247 5141 causa
3279 5102 3491 5143 sumus:

1900 5179 2042 5252 quod
2082 5193 2202 5233 cum
2241 5176 2669 5249 sapientissimus
2711 5174 2927 5246 quidam
2969 5174 3210 5242 videret,
3243 5175 3492 5233 dicebat:

1901 5270 2040 5325 Deus
2069 5279 2278 5324 mortem
2305 5286 2404 5323 non
2435 5267 2573 5339 fecit,
2601 5283 2689 5322 nec
2716 5267 2916 5321 laetatur
2936 5267 2987 5320 in
3019 5268 3298 5338 perditione
3325 5270 3495 5324 viven-

1902 5366 2028 5416 tium
2068 5360 2239 5431 (ευρ.
2270 5361 2322 5415 l.
2356 5359 2479 5430 15).
2514 5360 2589 5413 Ac
2616 5360 2756 5413 Deus
2787 5358 2902 5427 ipse
2927 5373 3023 5429 per
3054 5359 3364 5430 prepbetam
3397 5362 3490 5414 ait:

1903 5455 2044 5510 Nolo
2083 5464 2294 5508 mortem
2340 5451 2617 5522 peccatoris
2642 5490 2656 5514 ,
2690 5449 2779 5505 sed
2819 5459 2876 5503 ut
2923 5459 3246 5504 convertatur
3271 5461 3317 5504 et
3364 5455 3492 5508 vivat

1903 5548 2144 5622 (Ezech.
2207 5546 2295 5603 l8.
2343 5545 2471 5616 23).
2509 5546 2580 5599 At
2618 5559 2748 5598 vero
2796 5558 2894 5598 nos
2935 5543 3037 5597 nisi
3084 5556 3492 5610 convertamur,

1905 5641 2300 5699 damnationem
2347 5638 2505 5693 nobis
2547 5637 2678 5708 ipsis
2703 5636 2844 5691 ultro
2877 5645 3214 5707 mortemque
3249 5638 3497 5707 congeri-

1905 5751 2045 5802 mus,
2080 5749 2183 5788 non
2215 5733 2357 5788 Deus
2377 5731 2471 5803 qui
2505 5746 2601 5784 nos
2627 5730 2805 5800 perire
2831 5729 3094 5794 noluerat,
3129 5728 3324 5800 quippe
3356 5729 3496 5787 viam

1908 5825 2194 5900 effugiendi
2224 5825 2377 5880 nobis
2417 5821 2748 5880 ostenderat.
2791 5820 3004 5892 Ergone
3033 5821 3081 5876 id
3121 5820 3295 5878 solum
3330 5819 3495 5876 habe.

3089 5917 3167 5978 23
