4266 6314
784 304 813 357 ἱ
821 302 888 354 ῗιό

786 447 925 497 nuta,
953 428 1090 499 quod
1130 428 1195 482 de
1224 423 1425 481 diluvio
1464 422 1641 477 dicere
1673 420 1961 489 possimus,
2007 412 2255 485 nullaque
2281 429 2345 469 ex

783 539 851 576 eo
880 520 1136 591 prodiisse
1156 517 1508 573 emolumenta
1539 512 1815 567 dicemus!
1844 509 1953 565 Dici
1982 506 2217 580 profecto
2246 520 2350 559 non

785 622 960 683 potest
998 622 1249 680 quantum
1283 605 1516 660 utilitatis
1559 611 1614 659 et
1658 604 1722 657 iis
1748 603 1836 671 qui
1876 601 1965 655 illa
2011 599 2353 654 inundatione

778 684 990 771 periere
1009 742 1023 767 ,
1050 714 1103 754 et
1130 698 1333 753 eteteris
1360 698 1446 767 qui
1475 704 1653 765 postea
1676 696 1821 748 fuere
1841 734 1853 755 ,
1885 692 2005 746 inde
2030 688 2349 761 provenerit.

787 794 864 848 illi
913 794 1052 847 enim
1100 790 1317 843 ulterius
1356 789 1405 841 in
1430 788 1568 840 vitiis
1608 800 1670 839 ac
1704 784 1914 853 ﬂagitiis
1954 780 2194 851 progredi
2235 793 2354 847 per-

791 887 933 940 missi
965 899 1067 937 nou
1095 884 1336 946 fuerunt;
1367 883 1453 950 qui
1484 893 1654 934 autem
1685 888 1801 948 post
1827 878 1944 931 illos
1974 876 2180 945 sequuti
2208 882 2349 936 sunt,

786 976 985 1045 majora
1013 990 1171 1044 quam
1221 974 1291 1026 illi
1325 974 1465 1025 lucra
1495 970 1787 1026 retulerunt
1808 1010 1824 1035 ,
1875 967 2171 1031 fermento,
2204 974 2259 1019 ut
2283 966 2354 1018 ita

786 1066 1031 1128 dixerim,
1061 1066 1391 1131 materiaque
1423 1062 1680 1115 malorum
1711 1075 1741 1113 e
1797 1058 1973 1113 medio
2013 1058 2231 1111 sublatis
2255 1070 2351 1109 ex-

789 1158 1101 1223 stiuctisque
1129 1153 1510 1223 peccatoribus.
1537 1151 1667 1204 Nam
1699 1150 1743 1203 si
1784 1150 1940 1203 etiam
1964 1148 2079 1201 sine
2102 1146 2355 1214 exemplis

790 1247 922 1299 mala
957 1246 1201 1299 homines
1240 1259 1335 1312 per
1377 1256 1433 1296 se
1470 1242 1622 1295 facile
1655 1241 1948 1302 inveniunt,
1986 1238 2107 1306 quid
2140 1253 2241 1289 non
2273 1236 2353 1289 fa-

787 1338 922 1389 ctttri
967 1344 1152 1399 erant,
1200 1336 1243 1388 si
1277 1334 1619 1402 plurimorum
1651 1330 1893 1399 exemplo
1918 1329 1983 1382 ad
2032 1328 2355 1397 perniciosos

784 1437 933 1481 actus
960 1426 1160 1480 invitati
1192 1424 1445 1478 fuissent?
1469 1421 1618 1489 Quod
1655 1422 1832 1490 utique
1860 1437 1925 1473 ne
1963 1423 2115 1473 lieret
2139 1460 2151 1484 ,
2186 1433 2250 1471 ne
2281 1426 2356 1470 tot

784 1519 1043 1571 scelerum
1073 1517 1350 1583 magistros
1378 1513 1450 1577 hi,
1479 1513 1566 1582 qui
1595 1520 1773 1580 p0stea
1797 1510 1956 1565 futuri
1987 1518 2158 1573 erant,
2190 1506 2354 1560 habe-

789 1617 925 1675 rent,
959 1623 1052 1662 eos
1078 1620 1263 1661 omnes
1292 1621 1392 1659 una
1420 1604 1663 1676 perdidit.
2112 1592 2117 1597 ’

853 1702 905 1755 5.
952 1701 1139 1754 Verum
1170 1699 1464 1760 enimvero,
1495 1712 1734 1765 quasnam
1763 1707 1845 1750 est
1876 1696 2082 1750 illorum
2112 1696 2349 1765 sapiens.

784 1790 891 1843 imo
913 1792 1061 1858 plena
1085 1790 1313 1844 stultitim
1334 1788 1486 1849 ratio,
1518 1789 1604 1856 qui
1632 1802 1748 1841 cum
1782 1786 1910 1840 nihil
1938 1787 2057 1840 boni
2087 1802 2243 1855 agere
2265 1800 2356 1838 ve-

786 1882 899 1945 lint,
929 1883 1103 1934 onmia
1136 1880 1441 1949 perquirunt
1471 1889 1520 1932 ct
1551 1879 1766 1943 dicunt,
1804 1888 1857 1931 ut
1886 1894 2099 1931 suorum
2128 1878 2353 1931 delicto-

786 1988 901 2024 rum
924 1986 1137 2025 causam
1161 1972 1224 2024 ad
1243 1974 1401 2025 Deum
1433 1971 1693 2023 referant?
1717 1970 1824 2023 Nisi
1847 1971 2173 2039 permisisset
2193 1970 2350 2035 Deus,

784 2064 957 2126 aiunt,
1006 2078 1329 2131 nequaquam
1370 2062 1680 2115 accessisset
1736 2060 1979 2112 diabolus
2008 2101 2023 2125 ,
2069 2075 2351 2127 numquam

785 2156 1081 2223 decepisset
1128 2155 1191 2207 ab
1238 2154 1406 2207 initio.
1453 2153 1553 2204 Sed
1600 2168 1769 2219 neque
1812 2152 2142 2220 cognovisset
2184 2151 2349 2204 Adam

785 2257 1034 2313 quantum
1067 2244 1184 2297 boni
1211 2255 1330 2297 ante
1362 2242 1662 2305 habuisset,
1716 2257 1883 2309 neque
1912 2257 2061 2294 suam
2092 2241 2230 2293 illam
2264 2254 2351 2292 ar-

787 2337 1074 2404 rogantium
1103 2350 1345 2404 umquam
1376 2334 1717 2386 deseruissa.
1742 2332 1840 2397 Qui
1877 2332 2015 2385 enim
2039 2332 2268 2399 seipsttm
2299 2330 2348 2383 in

784 2436 985 2478 tantum
1030 2426 1236 2478 culmen
1281 2424 1495 2477 honoris
1540 2431 1821 2485 erexerat,
1870 2432 1924 2473 ut
1964 2422 2075 2474 lieri
2108 2437 2164 2473 se
2193 2420 2348 2473 deum

789 2525 1115 2585 expectaret,
1148 2530 1251 2583 quo
1283 2531 1384 2567 non
1411 2515 1735 2583 prorupisset
1762 2511 2012 2574 audacia:,
2041 2510 2139 2562 nisi
2171 2509 2353 2562 fuisset

789 2608 852 2659 ad
877 2622 1055 2659 sanam
1081 2614 1307 2659 mentem
1330 2605 1611 2657 reductus?
1630 2603 1912 2671 Fingamus
1936 2601 2064 2653 nihil
2086 2600 2351 2653 diabolum

785 2698 1127 2757 consuluisse,
1162 2696 1393 2763 nihilque
1424 2695 1630 2763 penitus
1658 2695 1777 2746 Eva:
1810 2692 1875 2745 de
1909 2694 2047 2760 ligno
2076 2692 2349 2759 loquutum

786 2787 946 2841 fuisse
975 2805 987 2839 :
1017 2804 1139 2839 num
1169 2788 1279 2839 sine
1322 2796 1534 2852 peccato
1563 2785 1911 2853 perstitissent
1934 2823 1951 2849 ,
1996 2784 2037 2835 si
2079 2782 2213 2835 istud
2244 2797 2348 2833 non

784 2880 855 2932 ita
899 2880 1238 2947 contigisset?
1277 2878 1485 2930 Minime
1528 2892 1650 2929 vero
1684 2860 1848 2930 :.nam
1888 2875 1970 2927 cui
2017 2874 2204 2927 mulier
2245 2884 2349 2926 tam

786 2970 938 3023 facile
984 2970 1121 3037 quod
1156 2970 1363 3021 volebat
1411 2969 1709 3036 persuasit,
1756 2969 1869 3035 ipse
1896 3008 1909 3031 ,
1954 2970 2112 3020 etiam
2140 2966 2351 3020 diabolo

788 3079 891 3116 non
919 3064 1205 3116 cxsistente
1226 3102 1241 3127 ,
1268 3078 1330 3114 ex
1362 3063 1535 3129 seipso
1563 3060 1954 3128 quamprimum
2000 3060 2049 3111 in
2081 3067 2350 3127 peccatum

783 3157 1089 3217 corruisset,-
1122 3170 1225 3222 quo
1252 3154 1432 3220 majori
1456 3168 1665 3221 quoque
1691 3167 1841 3219 pcena
1870 3151 2108 3205 mulctari
2132 3152 2354 3203 meruis-

787 3259 887 3299 set.
923 3245 1182 3297 Praeterea
1212 3259 1274 3295 ne
1300 3258 1437 3295 nunc
1464 3242 1672 3310 quidem
1708 3241 1900 3294 diaboli
1927 3241 2089 3294 solius
2115 3239 2209 3293 fuit
2233 3255 2351 3292 om-

787 3339 866 3390 nis
889 3339 967 3389 illa
1000 3337 1256 3397 seductio,
1286 3334 1379 3387 sed
1408 3349 1499 3386 sua
1524 3335 1682 3387 etiam
1710 3332 2136 3400 concupiscentia
2165 3332 2353 3385 mulier

785 3439 1026 3495 corrupta
1058 3428 1251 3479 corruit
1275 3468 1288 3489 ,
1324 3437 1485 3492 atque
1513 3425 1611 3478 hoc
1642 3424 1914 3491 Scriptura
1942 3438 2089 3475 sacra
2124 3425 2348 3487 indicat,

786 3534 901 3587 qua:
931 3518 1087 3569 dicit:
1132 3514 1363 3580 i'iditquc
1389 3515 1564 3565 mulier
1606 3514 1740 3582 quod
1766 3513 1951 3565 bonum
2002 3522 2122 3569 esset
2165 3514 2354 3580 lignum

785 3610 852 3661 ad
892 3608 1133 3661 edendum
1153 3648 1166 3670 ,
1194 3616 1483 3674 gratumth
1527 3604 1683 3656 oculis
1709 3605 1775 3655 ad
1805 3601 2069 3654 videndum
2096 3643 2110 3663 ,
2153 3619 2213 3653 ac
2243 3618 2356 3670 spe—

785 3703 974 3752 ciosum
998 3700 1063 3749 ad
1092 3696 1537 3749 considerandum:
1570 3704 1613 3748 ct
1638 3689 1886 3763 accipiens
1916 3694 1975 3746 de
2006 3698 2172 3763 [ructu
2216 3694 2355 3748 illius

786 3792 995 3844 contulit
1042 3788 1190 3856 (Gen.
1236 3788 1287 3840 5.
1320 3788 1411 3852 ti).
1452 3784 1633 3853 Neque
1675 3801 1799 3837 vero
1835 3800 1932 3853 ego
1964 3800 2101 3838 nunc
2136 3785 2229 3837 ista
2274 3784 2355 3836 lo-

791 3899 925 3951 quor
952 3881 1095 3949 qttasi
1126 3878 1387 3931 diabolum
1432 3876 1738 3930 insidiarum
1778 3876 2087 3929 criminibus
2134 3889 2357 3944 purgare

787 3973 1021 4037 capiens,
1055 3968 1145 4023 sed
1175 3967 1405 4019 indicare
1432 3968 1612 4019 voiens
1639 3980 1751 4027 eos,
1784 3964 1882 4017 nisi
1913 3973 2102 4032 Sponte
2137 3963 2360 4017 cecidis-

791 4075 929 4128 sent,
959 4083 983 4113 a
1016 4062 1225 4115 nemine
1250 4074 1497 4127 umquam
1526 4058 1757 4126 potuisse
1778 4057 1952 4125 d'ejici.
1979 4056 2107 4109 Nam
2135 4059 2221 4125 qui
2250 4067 2357 4108 tam

791 4158 941 4208 facile.
975 4154 1303 4222 propinatam
1336 4150 1433 4203 sibi
1475 4150 1541 4203 ab
1571 4150 1739 4232 altero
1786 4148 2047 4202 fallaciam
2089 4147 2354 4217 suscepit,

792 4248 835 4299 is
874 4256 994 4299 ante
1041 4244 1297 4296 fallaciam
1338 4238 1662 4311 negligenter
1690 4247 1745 4292 et
1766 4240 1983 4292 remisse
2011 4253 2069 4291 se
2111 4238 2359 4291 habuisse

789 4337 1114 4397 os'enditur;
1147 4348 1315 4401 neque
1358 4333 1498 4385 enim
1529 4339 1727 4383 tantum
1758 4330 1844 4383 ille
1875 4330 2161 4397 potuisset,
2192 4328 2237 4381 si
2274 4344 2359 4383 so-

790 4429 959 4481 luium
989 4426 1394 4493 vigilantemque
1417 4422 1652 4475 animum
1686 4421 1986 4489 alloquutus
2026 4427 2188 4472 esset.
2226 4417 2361 4475 Sunt

798 4529 973 4570 autem
1006 4515 1251 4585 plurimi,
1282 4514 1368 4581 qui
1400 4514 1449 4566 in
1496 4512 1594 4565 hac
1638 4519 1788 4580 parte
1828 4509 2118 4575 confutati,
2148 4508 2362 4562 diabolo

791 4611 987 4661 omisso
1008 4648 1021 4669 ,
1049 4607 1113 4658 ad
1143 4604 1441 4658 mandattun
1472 4610 1782 4665 transeunt,
1816 4612 1869 4653 et
1899 4616 2018 4653 cum
2049 4616 2077 4651 a
2106 4606 2361 4668 peccante

795 4698 1003 4751 homine
1031 4697 1363 4759 abstineant,
1397 4693 1503 4746 Deo
1532 4694 1733 4745 crimen
1760 4690 2055 4759 impingunt
2083 4689 2319 4742 dicentes
2344 4704 2357 4740 :

791 4787 925 4855 Quid
957 4787 1097 4840 enim
1119 4786 1195 4838 eis
1224 4793 1537 4853 praeceptum
1566 4782 1743 4845 dabat,
1772 4795 1903 4850 quos
1930 4787 2235 4848 peccaturos
2264 4794 2365 4831 nu-

795 4876 978 4932 verat?
1010 4876 1108 4928 Ista
1132 4889 1315 4928 revera
1356 4870 1703 4928 suut'diaboli
1728 4869 1908 4934 verba,
1938 4878 1990 4924 et
2016 4870 2192 4940 impia:
2214 4884 2363 4921 men-

793 4970 861 5021 tis
888 4967 1119 5019 inventa.
1143 4964 1270 5018 Nam
1298 4963 1434 5033 quod
1463 4970 1782 5031 prmceptum
1811 4961 1939 5015 dare
1968 4961 2123 5029 longe
2145 4957 2363 5028 majoris

795 5055 1143 5125 providentia:
1172 5054 1236 5107 sit
1257 5069 1413 5123 quam
1445 5068 1546 5106 non
1570 5052 1718 5119 dare,
1747 5051 1869 5105 hinc
1890 5052 2060 5121 palam
2084 5060 2183 5104 est.
2209 5049 2360 5116 Esto,

797 5148 962 5203 Adam
993 5147 1261 5200 Voluntate
1289 5156 1341 5199 et
1366 5146 1542 5198 animo
1572 5155 1674 5197 tam
1709 5143 1991 5214 negligenti
2014 5187 2027 5209 ,
2057 5159 2210 5213 quam
2244 5141 2361 5215 [ὴιὶε

801 5237 1064 5301 ostendit,
1098 5237 1294 5290 nullum
1327 5238 1577 5304 suscipiat
1605 5235 1940 5298 mandatum,
1970 5234 2061 5288 sed
2086 5236 2134 5287 in
2162 5234 2364 5288 deliciis

808 5330 1053 5396 persistat
1081 5346 1091 5379 :
1127 5343 1247 5380 nunt
1279 5327 1606 5380 imbecillitas
1636 5337 1789 5393 atque
1818 5326 2128 5394 negligentia
2168 5339 2230 5377 ex
2261 5322 2363 5375 iut-

798 5418 1027 5488 justnodi
1056 5418 1260 5471 licentia
1290 5420 1352 5469 ad
1384 5416 1620 5477 meliora,
1652 5430 1715 5467 an
1748 5414 1809 5465 ad
1838 5414 2097 5467 deteriora
2130 5428 2365 5481 prorum-

801 5509 929 5578 pet?
960 5507 1143 5576 Liquet
1177 5507 1408 5576 proferto
1437 5507 1581 5559 illum
1610 5506 1672 5557 ad
1698 5520 1961 5558 sumntum
1999 5503 2257 5571 fastigium
2284 5504 2364 5554 vi-

803 5604 991 5653 tiorum
1026 5615 1325 5663 evasurum,
1354 5598 1397 5651 si
1422 5597 1619 5665 absque
1649 5610 1770 5649 cura
1797 5596 1879 5648 sit.
1915 5594 2042 5648 Nam
2077 5593 2119 5647 si
2144 5593 2365 5648 nCCdum

804 5694 870 5748 de
924 5692 1313 5746 inmortalitate
1375 5704 1628 5754 securus,
1689 5704 1910 5759 eantque
1952 5704 2098 5757 spent
2152 5686 2361 5739 dubiam

1520 288 1576 346 5.
1615 285 1887 346 JOANNIS
1923 281 2397 341 CllilYSOSTOMl
2436 278 2755 336 ARCIIIEP.
2786 272 3320 333 CONSTANTINOP.
3932 271 4028 326 {36

2461 392 2691 464 pendere
2719 407 2824 445 non
2854 393 3103 461 ignorans
3127 430 3141 453 ,
3173 390 3225 443 in
3256 396 3451 442 tantam
3489 386 3849 456 arrogantiam
3874 393 4034 456 atque

2457 474 2743 540 amentiam
2771 483 2941 538 elatus
2968 492 3070 549 est,
3100 493 3155 537 ut
3179 481 3309 537 deus
3336 481 3453 537 ﬁeri
3477 491 3717 550 speraret
3741 520 3760 546 ,
3788 478 4034 549 istndque

2456 592 2576 633 cum
2606 576 2657 631 id
2704 576 3096 646 promittentem
3124 574 3268 629 nulla
3311 589 3375 628 ex
3427 582 3575 643 parte
3602 572 3815 627 fidelem
3847 587 4039 627 cerne—

2458 676 2540 723 ret
2579 665 2667 721 :si
2714 681 2955 721 securam
2992 664 3437 720 immortalitatem
3481 671 3753 734 putasset,
3798 676 4041 733 quonon

2461 773 2771 830 progressus
2822 766 2966 813 esset
3000 754 3357 825 arrogantiae?
3395 755 3519 825 quid
3560 770 3663 809 non
3715 753 4043 825 peccasset?

2458 851 2792 921 «piandonam
2842 851 2951 906 Deo
2990 847 3450 917 obtemperasset?
3492 847 3571 902 Tu
3600 862 3729 902 vero
3772 846 3903 902 dum
3939 846 4038 901 ista

2459 942 2777 1006 criminaris,
2803 942 2938 995 idem
2966 940 3204 1011 profecto
3224 939 3350 993 facis
3369 978 3385 1003 ,
3410 953 3474 993 ac
3510 936 3556 991 si
3583 938 3701 1008 quis
3728 937 4042 992 fornicatio-

2460 1048 2580 1087 nem
2610 1032 2976 1101 prohibentem
3005 1030 3455 1100 reprehenderet,
3489 1029 3610 1083 ideo
3635 1027 3776 1098 quod
3823 1028 4044 1097 plurimi

2462 1128 2558 1181 ista
2605 1127 2878 1180 audientes
2921 1124 3232 1180 fornicaturi
3274 1132 3472 1177 essent.
3522 1120 3709 1176 Nonne
3754 1129 3881 1176 sunt
3928 1121 4047 1174 lia-c

2460 1218 2619 1272 verba
2661 1230 2911 1271 extrema:
2956 1214 3278 1270 dementize?
3317 1213 3371 1268 Si
3419 1213 3561 1267 enim
3609 1212 3752 1265 nullo
3789 1210 4047 1266 mandato

2464 1319 2713 1377 suscepto
2739 1306 2981 1359 diabolus
3011 1304 3075 1358 ad
3106 1306 3252 1357 illum
3299 1302 3559 1377 accedens
3590 1300 3844 1357 recedere
3867 1315 3898 1354 a
3933 1300 4047 1357 Deo

2460 1398 2834 1459 consuluisset,
2866 1396 2915 1450 id
2945 1397 3016 1449 illi
3052 1395 3203 1449 facile
3230 1394 3604 1462 persuasisset.
3634 1390 3763 1445 Nam
3795 1391 3884 1460 qui
3918 1398 4047 1459 post

2459 1500 2729 1559 acceptum
2760 1488 3064 1542 mandatum
3090 1486 3481 1558 prmcipientetn
3509 1485 3585 1538 sic
3612 1482 3935 1551 contempsit
3955 1524 3971 1543 ,
4000 1481 4048 1536 si

2463 1581 2595 1640 nihil
2640 1581 2706 1634 ab
2735 1581 2822 1634 illo
2851 1580 3066 1650 penitus
3096 1577 3367 1641 audisset,
3400 1577 3505 1630 cito
3535 1575 3691 1629 etiam
3719 1590 3776 1628 se
3818 1574 3921 1627 sub
3949 1573 4050 1626 ἀοι

2462 1672 2607 1726 mino
2632 1687 2754 1726 esse
2786 1671 3098 1740 ignorasset.
3124 1668 3323 1722 Idcirco
3344 1674 3546 1721 mature
3570 1665 3707 1719 Deus
3733 1680 3797 1718 ex
3827 1663 3890 1717 iis
3922 1677 4048 1732 quat

2462 1763 2730 1831 prmcipit,
2758 1761 2912 1814 docet
2936 1760 3128 1813 habere
3152 1759 3297 1811 illum
3324 1756 3618 1819 dominum,
3648 1756 3699 1809 in
3725 1754 4051 1821 cunctisque

2461 1858 2533 1910 illi
2560 1871 2744 1923 parere
2766 1863 3031 1922 oportere.
3066 1852 3131 1905 Et
3166 1851 3288 1921 quid
3320 1849 3545 1918 amplius
3580 1847 3702 1902 hinc
3728 1856 4047 1916 sequutum,

2461 1946 2742 2017 inquiunt?
2795 1946 3010 1999 Etiamsi
3057 1944 3185 1996 nihil
3228 1942 3365 1995 aliud
3409 1950 3687 2011 sequutum
3718 1949 3899 2003 esset,
3934 1954 4048 1992 non

2461 2039 2510 2093 id
2534 2038 2740 2093 docenti
2770 2038 2876 2090 Deo
2900 2046 3042 2090 esset
3070 2033 3431 2104 imputandum
3452 2074 3465 2096 ,
3497 2031 3589 2085 sed
3623 2031 3793 2099 potius
3837 2028 4047 2081 homini

2460 2146 2563 2183 non
2600 2128 2904 2196 suseipienti
2949 2127 3200 2194 optimam
3256 2124 3392 2177 hanc
3432 2122 3787 2191 disciplinam.
3838 2120 4048 2175 Verum

2461 2238 2525 2275 ne
2564 2222 2640 2274 sic
2683 2219 2895 2290 quidem
2942 2218 3140 2271 inutilis
3182 2216 3317 2282 fuit,
3370 2216 3527 2269 etiam
3574 2224 3693 2285 post
3722 2214 4049 2283 praevarica-

2462 2313 2693 2375 tionem,
2760 2310 3009 2379 prceeepti
3055 2309 3327 2363 exhibitio.
3382 2307 3565 2361 Nonne
3627 2306 3729 2359 illa:
3777 2305 4045 2368 latebra},

2460 2404 2545 2456 illa
2574 2402 2838 2456 confessio
2877 2401 3089 2465 delicti,
3141 2401 3225 2453 illa
3273 2399 3367 2452 viri
3395 2399 3459 2451 ad
3494 2398 3767 2451 mulierem
3797 2438 3809 2458 ,
3844 2397 4049 2450 mulie-

2460 2495 2637 2563 risque
2705 2493 2771 2546 ad
2839 2502 3137 2561 serpentem
3206 2490 3439 2544 studiosa
3495 2505 3668 2544 causa:
3738 2488 4041 2543 traductio:

2461 2572 2580 2646 illa',
2629 2585 2872 2653 inquam,
2917 2584 3093 2636 omnia
3142 2581 3487 2636 metuentium
3542 2590 3665 2634 sunt
3711 2590 3871 2649 atque
3925 2590 4048 2634 tre-

2464 2679 2739 2742 mentimn,
2775 2677 2971 2745 Deique
2999 2676 3366 2729 auctoritatem
3395 2674 3790 2743 agnoscendum
3815 2672 3838 2726 ?
3871 2673 4051 2727 Porro

2458 2777 2712 2836 quantum
2740 2768 2871 2820 lucri
2904 2766 3059 2819 fuerit
3079 2782 3141 2819 ex
3168 2765 3426 2818 diabolica
3452 2766 3532 2817 illa
3552 2764 3953 2831 exspectatione
3985 2764 4040 2817 in

2460 2868 2658 2911 tantum
2690 2857 2891 2911 timoris
2920 2857 3036 2909 illos
3066 2856 3224 2910 fuisse
3256 2854 3540 2907 translatos
3562 2896 3575 2916 ,
3606 2854 3784 2907 nullus
3808 2854 4045 2922 ignorat.

2461 2950 2557 3014 Qui
2578 2948 2714 3000 enim
2734 2947 3084 3015 a‘qualitatem
3106 2961 3224 2998 cum
3244 2945 3352 2997 Deo
3375 2945 3518 3013 prius
3541 2943 3824 2997 meditatus
3846 2942 4044 3007 fuerat,

2463 3039 2575 3107 ipse
2600 3037 2709 3105 jam
2744 3038 2811 3089 ita
2841 3035 3255 3090 contrahebatur
3286 3033 3575 3097 humiliter,
3608 3042 3661 3085 ut
3687 3048 3901 3101 pinnam
3923 3048 4049 3087 cru-

2461 3131 2761 3196 ciatumque
2789 3134 3070 3190 metueret,
3102 3141 3162 3177 ac
3192 3133 3461 3197 peccatum
3493 3122 3840 3176 confiteretur
3862 3138 4046 3175 suum.

2461 3222 2529 3273 At
2569 3234 2693 3271 vero
2724 3234 2826 3270 non
2849 3217 3050 3286 absque
3080 3230 3240 3269 sensu
3274 3229 3516 3283 peccare,
3547 3214 3908 3281 delictumq‘ue
3933 3215 4047 3267 cito

2460 3326 2749 3381 agnoscere
2773 3352 2787 3375 ,
2835 3325 2939 3362 non
2969 3324 3130 3379 parva
3161 3324 3245 3361 res
3271 3318 3351 3361 est
3377 3350 3389 3372 ,
3434 3308 3525 3361 Sed
3557 3308 3637 3359 via
3688 3307 3931 3376 quzcdam
3963 3317 4054 3361 est

2461 3413 2616 3470 atque
2641 3402 2953 3469 principimn
2979 3400 3042 3453 ad
3066 3398 3488 3453 emendationem
3516 3409 3671 3467 atque
3696 3398 4050 3451 mutationem

2463 3494 2512 3547 iu
2546 3493 2732 3546 melius
2771 3492 2988 3545 ducens.
3020 3491 3241 3543 Omnem
3273 3490 3447 3558 itaque
3476 3489 3525 3540 in
3557 3503 3654 3541 nos
3680 3488 3771 3541 Dei
3805 3488 4054 3558 benigni-

2464 3582 2623 3636 tatem
2668 3597 2837 3650 neque
2867 3580 3074 3634 discere
3100 3620 3115 3641 ,
3165 3594 3336 3647 neque
3367 3594 3585 3631 narrare
3634 3577 3891 3645 possibile
3922 3587 4008 3632 est
4036 3595 4049 3631 :

2461 3689 2647 3728 eorum
2690 3683 2863 3725 tamen
2891 3688 3008 3737 qua:
3033 3670 3273 3723 novimus
3296 3710 3308 3731 ,
3343 3683 3602 3721 summam
3632 3668 3873 3721 dicturus
3902 3685 4049 3723 sum.

2462 3767 2588 3819 Post
2614 3765 2767 3817 talem
2801 3764 2939 3817 enim
2972 3760 3379 3814 iuobedientiam
3404 3801 3419 3824 ,
3463 3769 3580 3829 post
3611 3767 3756 3812 tanta
3796 3758 4004 3812 scelera
4033 3800 4048 3822 ,

2462 3877 2581 3914 cum
2606 3860 2715 3927 jam
2758 3859 2901 3911 orbis
2930 3866 3071 3908 totus
3099 3853 3377 3925 tyrannide
3426 3852 3623 3920 peccati
3670 3862 4009 3920 premeretur
4032 3894 4050 3917 ,

2461 3966 2581 4004 cum
2612 3958 2845 4003 extrema
2868 3947 2978 4017 jam
3009 3946 3194 4000 luenda
3227 3960 3378 4014 ptena
3410 3953 3570 4007 esset,
3604 3959 3724 4001 cum
3754 3944 4051 3999 delendum

2461 4056 2620 4095 omne
2648 4040 2947 4093 mortalium
2977 4052 3141 4106 genus
3162 4078 3175 4100 ,
3227 4050 3525 4103 nomenque
3564 4035 3733 4105 ipsum
3767 4033 4051 4090 hominum

2463 4133 2652 4186 merito
2686 4131 3034 4184 exterminari
3066 4138 3279 4195 posset,
3315 4136 3422 4181 tum
3452 4141 3579 4179 vero
3607 4127 3893 4179 maximum
3924 4142 4050 4179 om-

2454 4224 2607 4262 nium
2652 4213 2975 4263 neneltcmm
3008 4208 3165 4262 nobis
3195 4207 3458 4271 ostendit,
3491 4207 3848 4278 Unigenitum
3879 4226 4053 4266 suum

2458 4316 2557 4370 pro
2588 4300 2848 4363 inimicis,
2878 4316 2977 4370 pro
3011 4301 3262 4355 alienatis
3300 4316 3326 4352 a
3355 4317 3433 4365 se,
3467 4316 3566 4371 pro
3594 4318 3652 4357 se
3682 4302 3809 4356 odio
3837 4302 4052 4358 haben-

2456 4389 2602 4444 tibus
2627 4401 2789 4460 atque
2815 4392 3235 4446 adversantibus
3268 4392 3429 4445 morti
3462 4393 3701 4455 tradens,
3742 4396 3939 4464 sicque
3963 4412 4042 4451 re-

2454 4482 2889 4538 conciliationem
2941 4494 3185 4540 nostram
3236 4498 3496 4555 Operans,
3546 4487 3922 4557 emlorumque
3963 4506 4049 4544 re-

2461 4592 2625 4647 gnum
2640 4584 2965 4629 etteternam
2984 4577 3173 4641 vitam,
3189 4577 3406 4646 aliaque
3420 4578 3560 4631 bona
3581 4580 3870 4633 innumera
3889 4582 4053 4637 nobis

2456 4685 2514 4724 se
2534 4669 2788 4723 daturum
2806 4669 3104 4738 spondens,
3127 4684 3247 4738 quae
3268 4685 3365 4723 nec
3390 4672 3585 4725 oculus
3605 4672 3760 4736 vidit,
3782 4688 3884 4726 nec
3899 4674 4055 4730 auris

2456 4762 2686 4823 audivit,
2714 4777 2889 4831 neque
2909 4763 2961 4815 in
2982 4777 3079 4816 cor
3100 4762 3337 4818 hominis
3357 4762 3744 4817 ascenderunt.
3772 4762 3912 4830 Quid
3942 4765 4055 4834 igi-

2451 4862 2550 4909 «tur
2579 4854 2707 4907 huic
2732 4853 3111 4917 providentize,
3144 4853 3271 4907 huic
3298 4856 3621 4919 clementiae,
3652 4857 3781 4910 huic
3804 4858 4053 4912 bonitati

2467 4964 2758 5017 comparari
2787 4946 3285 5016 possit?Pr0ptcrea
3309 4952 3359 4995 et
3378 4942 3490 5012 ipse
3510 4940 3750 4995 dieehat:
3778 4941 4047 5005 Quantum

2468 5038 2618 5090 distat
2638 5037 2812 5091 caelum
2835 5053 2864 5087 a
2887 5046 3036 5099 terra,
3062 5044 3252 5087 tantum
3273 5033 3423 5084 distat
3446 5032 3523 5085 via
3542 5047 3649 5083 mea
3669 5048 3699 5081 η
3720 5031 3787 5082 vii
3795 5048 3817 5083 ς
3836 5031 4039 5097 vestris,

2470 5142 2515 5186 et
2560 5131 2791 5201 cogitatio
2834 5145 2943 5182 mea
2969 5144 2999 5179 a
3030 5124 3410 5195 cogitationibus
3449 5122 3617 5176 restria
3647 5120 3815 5192 (Isai.
3844 5121 3933 5175 55.
3964 5122 4047 5189 9).

2473 5224 2635 5278 David
2681 5235 2889 5293 quoque
2932 5220 3269 5277 mitissimus,
3318 5229 3437 5267 cum
3479 5214 3545 5268 de
3589 5214 3865 5267 clementia
3904 5212 4051 5266 illius

2463 5314 2797 5376 loqueretur,
2814 5305 2988 5355 aiebat
3004 5319 3017 5353 :
3034 5298 3330 5352 Secundum
3350 5296 3689 5350 altitudinem
3710 5297 3822 5348 neti
3846 5313 3876 5347 a
3902 5305 4051 5351 terra

2467 5396 2957 5457 corroboraritnom
2969 5395 3086 5447 inus
3100 5390 3517 5445 misericordiam
3530 5404 3679 5442 suam
3692 5404 3849 5457 super
3863 5390 4057 5441 timen-

2468 5507 2543 5551 tes
2558 5512 2625 5549 δε.
2637 5493 2899 5557 Quantum
2914 5488 3074 5540 distat
3088 5497 3233 5538 ortus
3248 5483 3309 5538 ob
3324 5481 3760 5552 occidente,longe
3774 5482 3898 5549 fecit
3912 5499 3943 5535 α
3959 5500 4050 5537 no-

2469 5593 2543 5643 bis
2559 5589 2859 5657 iniquitates
2882 5592 3112 5635 nostras.
3128 5577 3406 5644 Quomodo
3428 5578 3703 5631 miseretur
3723 5584 3877 5643 pater
3897 5576 4046 5644 ﬁlio-

2474 5700 2587 5736 rum
2627 5668 3956 5735 miscrtnrestDominustimentibusseif’ml.l02.|
3978 5672 4045 5737 I).
