4266 6314
638 346 744 400 υιῖ

640 461 987 534 παράδειγμα
1008 462 1105 534 τῆς
1127 463 1301 533 ἄκρας
1354 462 1734 537 φιλοστοργίας
1773 464 1958 536 ἕτερον
1993 464 2179 535 μεῖξον
2209 464 2309 519 οὐκ

641 551 819 621 ἴσμεν.
865 550 1017 611 Ἐπεὶ
1058 551 1141 604 ὅτι
1165 550 1263 605 καὶ
1301 551 1491 606 τούτου
1544 552 1727 606 πλεῖον
1763 555 1794 607 6
1834 554 2060 618 Ἡσαΐας
2086 552 2311 619 ἐδίδαξεο

638 638 740 708 τὴν
777 637 885 711 γὰρ
920 639 1133 711 μητέρα
1159 641 1239 705 είς
1262 640 1325 695 τδ
1356 641 1657 713 ὑπόδειγμα
1681 642 2013 717 παραλαϐὼν
2046 644 2153 713 τὴν
2180 643 2314 697 πολῦ

639 722 735 779 τοῦ
776 726 980 797 πατρὸς
1012 727 1463 801 συμπαθεστέραν
1492 728 1626 801 πρὸς
1670 729 1742 783 τὰ
1779 729 1979 799 ἔκγονα
2012 725 2197 795 οὖσαν,
2222 732 2316 784 ού-

637 812 773 867 τωσὶ
812 811 981 881 λέγει·
1011 813 1105 883 Μὴ
1130 814 1487 881 ἐπιλήσεται
1521 816 1675 886 γυνὴ
1709 815 1814 870 τοῦ
1839 815 2080 870 παιδίου
2102 814 2314 885 αὐτῆς,

636 898 679 965 ἢ
720 899 828 954 τοῦ
854 901 941 970 μὴ
971 900 1220 971 ἐλεῆσαι
1248 905 1320 957 τὰ
1349 903 1571 973 ἔκγονα
1597 902 1707 971 τῆς
1732 905 1964 969 κοιλίας
2002 903 2223 971 αὐτῆς
2248 905 2317 957 Εἰ

637 984 709 1039 δὲ
748 986 848 1040 καί
891 988 1234 1045 ἐπιλάθοιτο
1280 990 1468 1046 ταῦτα
1517 990 1693 1062 γυνὴ,
1728 990 2005 1062 ἀλλ’ἐγὼ
2031 992 2141 1044 οὐκ
2195 991 2316 1044 ἐπι-

637 1074 908 1145 λήσομαί
939 1090 1077 1140 σου,
1121 1077 1284 1149 λέγει
1330 1080 1565 1146 Κύριοςο
1608 1079 1822 1143 δεικνὺς
1846 1079 1928 1132 ὅτι
1967 1078 2185 1150 καὶτῆς
2219 1095 2313 1147 φυ-

638 1163 797 1234 σικῆς
838 1165 1218 1236 φιλοστοργίας
1266 1166 1539 1238 ἀνώτερός
1565 1169 1715 1221 ἐστιν
1767 1170 1796 1222 6
1820 1166 1968 1232 ἔλεος
2009 1164 2105 1220 τοῦ
2150 1166 2307 1220 Θεοῦ.

637 1251 747 1304 Καὶ
775 1253 945 1308 ταῦτα
988 1255 1086 1325 μὲν
1122 1255 1172 1307 01
1217 1254 1514 1326 προφῆται,
1549 1257 1663 1319 τοῖς
1712 1255 1769 1309 δέ
1825 1253 2101 1319 Ἰουδαίοις
2151 1254 2312 1318 αὐτὸς

636 1336 1021 1412 διαλεγόμενος
1070 1341 1257 1411 ἔλεγεν
1287 1342 1316 1395 6
1368 1342 1625 1415 Χριστός·
1653 1346 1721 1397 El
1750 1341 1817 1395 δὲ
1852 1342 2021 1413 ὑμεῖς
2062 1342 2312 1412 πονηροὶ

638 1426 810 1493 ὅντες
867 1428 1066 1483 οἵδατε
1127 1429 1355 1499 δόματα
1414 1430 1603 1502 ἀγαθὰ
1655 1430 1884 1485 διδόναι
1928 1430 2052 1495 τοῖς
2082 1428 2315 1496 τέκνοις

636 1512 823 1584 ὑμῶν,
858 1517 1029 1584 πόσῳ
1048 1516 1293 1587 μᾶλλον
1322 1522 1355 1572 ό
1391 1518 1595 1588 Πατὴρ
1632 1519 1803 1589 ὑμῶν
1829 1522 1861 1572 ὁ
1894 1511 2175 1588 οὐράνιος
2202 1517 2313 1571 δώ-

636 1617 731 1656 σει
761 1603 952 1674 ἀγαθὰ
986 1602 1109 1673 τοῖς
1148 1606 1426 1661 αἰτοῦσιν
1457 1609 1675 1672 αὐτόν;
1707 1608 1856 1661 οὐδὲν
1885 1607 2012 1662 ἀλλο
2032 1608 2315 1679 ἐμφαίνων

634 1688 726 1743 διὸ
775 1689 1000 1757 τούτων,
1046 1693 1163 1746 ἀλλ’
1195 1693 1229 1766 ἢ
1264 1696 1346 1748 ὅτι
1373 1694 1496 1749 ὅσον
1525 1695 1632 1748 τῶν
1681 1694 1901 1763 ἀγαθῶν
1955 1695 2050 1750 καὶ
2077 1694 2187 1749 τῶν
2219 1711 2316 1748 πο-

634 1778 819 1848 νηρῶν
846 1779 907 1832 τὸ
946 1780 1110 1851 μέσον
1136 1783 1282 1845 ἐστὶ,
1318 1782 1570 1836 τοσοῦτον
1592 1782 1693 1852 τῆς
1713 1781 1806 1835 τοῦ
1828 1781 1961 1835 Θεοῦ
1986 1781 2314 1854 κηδεμονίας

635 1866 773 1934 πρὸς
801 1866 900 1938 τὴν
928 1869 1199 1940 πατρικὴν
1228 1871 1288 1923 τὸ
1324 1869 1602 1940 διάφορον.
1643 1870 1750 1923 Καὶ
1797 1870 1932 1941 μηδέ
1992 1870 2156 1942 μέχρι
2194 1869 2315 1924 τού-

634 1970 728 2007 του
781 1956 942 2011 πάλιν
990 1961 1141 2029 στῇς,
1178 1958 1315 2013 ἀλλά
1340 1958 1421 2031 τῷ
1440 1959 1517 2031 νῷ
1540 1960 1633 2012 καὶ
1650 1960 1966 2031 περαιτέρω
1995 1958 2199 2031 πρόῖθιο
2219 1959 2313 2013 καὶ

634 2044 744 2115 γὰρ
778 2045 1073 2116 καὶτοῦτο,
1090 2050 1214 2102 ὅσον
1234 2048 1464 2104 ἀκοῦσαί
1492 2065 1552 2103 σε
1580 2048 1822 2109 δυνατὸν.
1852 2048 2086 2119 εἴρηται·
2115 2042 2177 2103 οὗ
2206 2048 2314 2122 γὰρ

635 2134 671 2205 ἡ
699 2133 911 2199 σύνεσις
934 2144 967 2175 ⁸-
983 2136 1211 2208 ἄπειρος
1238 2138 1331 2192 καὶ
1357 2139 1391 2208 ἡ
1422 2135 1715 2207 ἀγαθότης,
1749 2136 1991 2207 δηλονότι
2017 2138 2165 2209 καὶὴ
2200 2138 2315 2205 φιλ-

634 2223 940 2296 ανθρωπία,
980 2225 1042 2278 Εἰ
1088 2225 1144 2278 δὲ
1195 2228 1271 2297 μὴ
1321 2227 1444 2280 καθ’
1482 2227 1712 2279 ἕκαστον
1748 2226 1857 2281 τῶν
1888 2226 2187 2298 γινομένων
2213 2228 2311 2281 αύ-

634 2312 735 2385 τὴν
772 2313 1169 2385 ὑποπτεύομεν,
1229 2316 1322 2368 καὶ
1374 2314 1532 2369 τοῦτο
1557 2316 1654 2386 τῆς
1705 2315 1961 2385 ἀπειρίας
2009 2316 2181 2388 αὐτῆς
2213 2333 2314 2387 01}-

635 2404 808 2472 μεῖον.
861 2402 1040 2456 Πολλά
1093 2402 1202 2475 γὰρ
1248 2405 1343 2457 καὶ
1390 2402 1605 2475 μεγάλα
1655 2404 1778 2457 καθ’
1810 2404 2049 2475 ἑκάστην
2101 2405 2313 2477 ἡμέραν

643 2493 784 2564 ὺπέρ
820 2494 920 2565 τῆς
977 2494 1249 2565 σωτηρίας
1292 2493 1393 2564 τῆς
1439 2494 1714 2566 ἡμετέρας
1745 2496 2129 2564 οἰκονομεῖται,
2161 2492 2314 2547 ἀαύ-

637 2580 717 2652 τῷ
747 2581 893 2653 μόνῳ
940 2581 1055 2634 ἐστὶ
1113 2581 1341 2651 φανερά.
1388 2580 1603 2653 Ἐπειδὴ
1640 2580 1748 2653 γάρ
1792 2581 1859 2634 δι’
1894 2580 2205 2650 ἀγαθότητα
2253 2581 2314 2634 τὸ

633 2667 904 2741 ἡμέτερον
946 2669 1099 2739 γένος
1145 2670 1441 2742 εὐεργετεῖ,
1484 2668 1607 2723 οὗτε
1654 2669 1711 2723 δὲ
1747 2668 1848 2739 τῆς
1879 2668 2008 2739 παρ’
2058 2668 2214 2739 ήμῶν
2238 2669 2315 2723 δό-

636 2755 733 2825 ξης
759 2755 1032 2827 δεόμενος,
1079 2756 1199 2810 οὕτε
1245 2757 1481 2827 ἀμοιϐῆς
1525 2754 1750 2827 χρῄζων
1802 2755 1945 2818 τινὸς
1992 2756 2203 2825 ἐτέρας,
2247 2756 2315 2811 τὰ

635 2843 859 2896 πλείονα
911 2844 1104 2916 ἀφίησι
1158 2844 1442 2898 λανθάνειν
1471 2846 1639 2914 ἡμᾶς·
1680 2844 1726 2896 εί
1756 2843 1814 2897 δέ
1864 2860 1994 2896 ποτε
2039 2846 2131 2897 καὶ
2176 2847 2313 2899 ἀπο-

636 2931 916 3001 καλύψειε,
949 2933 1044 2985 καὶ
1069 2932 1225 2986 τοῦτο
1249 2933 1405 3004 ἡμῶν
1434 2933 1619 2985 ἕνεκεν
1648 2935 1810 2996 ποιεῖ,
1849 2934 1934 2984 ἵνα
1974 2934 2314 3005 εὐχαρίστως

635 3019 969 3085 διατεθέντες
1005 3020 1226 3075 πλείονα
1278 3020 1712 3091 ἐπισπασὼμεθα
1770 3021 1869 3092 τὴν
1900 3022 2175 3093 βοήθειαν.
2219 3026 2311 3096 Μῂ

634 3107 812 3162 τοίνυν
837 3108 980 3181 ὑπὲρ
1007 3108 1211 3164 τούτων
1242 3110 1400 3179 μόνον
1431 3102 1504 3163 ὧν
1546 3109 1725 3180 ἴσμεν,
1762 3110 1901 3165 ἀλλά
1933 3112 2027 3165 καὶ
2068 3112 2208 3184 ὑπὲρ
2240 3108 2315 3167 ὧν

634 3196 735 3251 οὐκ
758 3196 913 3267 ίσμεν
934 3196 1345 3268 εὐχαριστῶμεν
1367 3196 1539 3268 αὐτῷ·
1564 3199 1624 3251 ού
1647 3197 1793 3270 [168]
1823 3200 1932 3270 γὰρ
1963 3200 2189 3265 ἑκόντας
2222 3202 2317 3273 μό-

635 3302 747 3348 νον.
770 3285 906 3340 ἀλλά
942 3286 1038 3339 καὶ
1070 3285 1301 3349 ἄκοντας
1325 3281 1467 3339 οἶδεν
1498 3281 1558 3339 εὖ
1606 3289 1799 3340 ποιεῖν.
1834 3288 2012 3359 Ὅπερ
2037 3284 2129 3341 οῦν
2163 3291 2255 3343 καὶ
2286 3291 2315 3343 6

636 3373 849 3437 Παῦλος
892 3373 1050 3436 εἰδὼς
1082 3374 1314 3427 πάντοτε
1350 3374 1444 3427 καὶ
1491 3375 1549 3427 ἐν
1597 3377 1761 3429 πᾶσιν
1799 3376 2140 3447 εὐχαριστεῖν
2177 3397 2317 3451 παρ-

635 3465 770 3535 ῄνει.
792 3464 910 3516 Ὀτι
937 3462 993 3516 δέ
1015 3462 1074 3516 οὐ
1110 3465 1263 3534 κοινῇ
1289 3463 1502 3515 πάντων
1534 3463 1714 3533 μόνον,
1749 3464 1882 3517 ἀλλά
1917 3466 2009 3517 καὶ
2047 3466 2150 3538 ἰδίᾳ
2182 3468 2314 3521 ἐκά-

638 3568 765 3604 στου
801 3551 1046 3623 κήδεται,
1082 3551 1357 3604 καὶτοῦτο
1391 3549 1556 3603 αὑτοῦ
1590 3552 1750 3605 πάλιν
1802 3554 2024 3607 ἀκούειν
2066 3555 2317 3625 λέγοντος

638 3641 806 3695 ἔστιν·
843 3643 964 3695 Οὐκ
992 3642 1123 3696 ἔστι
1157 3642 1388 3710 θέλημα
1421 3641 1765 3712 ἔμπροσθεν
1798 3644 1903 3698 τοῦ
1955 3650 2184 3715 Πατρός
2195 3669 2316 3719 μου

635 3730 746 3784 τοῦ
784 3730 854 3782 ἐν
884 3729 1182 3799 οὐρανοῖς,
1215 3732 1314 3783 ίνιι
1342 3731 1642 3799 ἀπόληται
1675 3727 1763 3797 εἵς
1792 3730 1909 3787 τῶν
1933 3734 2161 3815 μικρῶν
2184 3740 2318 3792 τού-

630 3834 756 3871 των
820 3818 1073 3891 περὶτῶν
1107 3820 1469 3873 πιστευόντων
1502 3821 1581 3880 εἰς
1619 3819 1779 3872 αὑτὸν
1833 3820 2021 3891 λέγων.
2060 3822 2315 3879 Βούλεται

636 3905 741 3976 μέν
781 3906 889 3977 γὰρ
920 3906 1171 3969 καὶτοὺς
1218 3906 1291 3977 μὴ
1335 3906 1690 3967 πιστεύοντας
1736 3907 1886 3977 αὐτῷ
1944 3913 2180 3983 σωθῆναι
2221 3930 2317 3983 με-

636 3993 1071 4065 ταϐαλλομένους
1091 3994 1185 4047 καὶ
1215 3994 1498 4047 πιστεῦσαι
1530 3994 1759 4059 πάντας,
1782 3995 1963 4060 καθὼς
1992 4000 2086 4050 καὶ
2124 4002 2151 4053 6
2173 4001 2318 4054 Παῦ-

637 4081 729 4145 λός
756 4099 938 4153 φησιν’
995 4084 1099 4148 Ὃς
1139 4082 1298 4137 θέλει
1346 4081 1580 4147 πάντας
1619 4082 1971 4151 ἀνθρώπους
2022 4087 2314 4155 σωθῆναι,

638 4170 737 4225 καὶ
765 4174 852 4237 είς
889 4170 1219 4241 ἐπίγνωσιν
1267 4171 1551 4238 ἀληθείας
1606 4172 1829 4226 ἐλθεῖν·
1885 4174 1978 4228 καὶ
2044 4177 2208 4242 αὐτὸς
2261 4178 2317 4231 δὲ

637 4263 752 4324 τοῖς
780 4260 1055 4323 Ἰουδαίοις
1089 4260 1293 4328 ἐλεγεψ
1345 4262 1468 4314 Οὐκ
1511 4260 1703 4329 ἦλθον
1724 4262 1983 4317 καλέσαι
2021 4262 2314 4334 δικαίους,

637 4350 797 4405 ἀλλὰ
851 4348 1239 4420 ἁμαρτωλοὺς
1267 4350 1352 4414 είς
1394 4346 1729 4412 μετάνοιαν·
1769 4350 1884 4414 καὶ,
1922 4351 2083 4405 πάλιν
2115 4354 2203 4408 διὰ
2221 4356 2316 4409 τοῦ

637 4439 939 4511 προφήτου,
966 4439 1186 4491 Ἐλεον
1211 4436 1382 4503 θέλω,
1399 4436 1495 4490 καὶ
1527 4438 1598 4490 οὐ
1620 4437 1859 4491 θυσίαν.
1887 4440 2056 4495 Ὀταν
2084 4442 2141 4496 δὲ
2182 4445 2317 4517 μηδὲ

636 4527 904 4599 τοσαύτης
951 4525 1271 4598 ἐπιμελείας
1312 4525 1716 4591 ἀπολαύσαντες
1740 4528 2035 4601 ἐθελήσωσι
2063 4534 2317 4600 γενέσθαι

643 4617 906 4687 βελτίους,
941 4618 1034 4670 καὶ
1074 4616 1371 4685 ἐπιγνῶναι
1418 4617 1516 4687 τὴν
1544 4615 1823 4687 ἀληθειαν,
1859 4618 1982 4671 οὐδὲ
2014 4620 2187 4686 οὕτως
2217 4624 2314 4677 αύ-

641 4706 769 4770 τοὺς
796 4706 1040 4779 ἀφίησιν·
1090 4706 1205 4760 ἀλλ’
1237 4705 1424 4775 ἐπειδὴ
1458 4704 1560 4775 τῆς
1600 4707 1860 4774 ὀὐρανίου
1899 4706 2045 4779 ζωῆς
2089 4712 2315 4776 ἑαυτοὺς

643 4795 860 4858 ἑκόντες
882 4793 1285 4866 ἀπεστέρησαν,
1318 4793 1386 4848 τά
1423 4792 1553 4863 γοῦν
1577 4794 1655 4856 είς
1680 4793 1772 4845 τὸν
1800 4796 2043 4867 παρόντα
2080 4798 2192 4868 βίον
2226 4799 2317 4859 αὑ-

636 4885 749 4946 τοῖς
772 4884 988 4937 ἅπαντα
1022 4884 1265 4953 χορηγεῖ,
1298 4881 1389 4936 τὸν
1409 4881 1558 4953 ἥλιον
1588 4880 1892 4934 ἀνατέλλων
1925 4884 2017 4935 ἐπὶ
2046 4886 2315 4957 πονηροὺς

639 4973 733 5027 καὶ
762 4969 1021 5039 ἀγαθοὺς,
1069 4974 1163 5023 καὶ
1185 4970 1395 5040 βρέχων
1434 4968 1527 5021 ἐπὶ
1552 4967 1793 5033 δικαίους
1827 4970 1923 5023 καὶ
1950 4970 2188 5035 ἀδίκους,
2222 4974 2315 5027 καὶ

640 5061 709 5115 τά
757 5059 891 5115 ἄλλα
926 5058 1143 5122 ἅπαντα
1167 5058 1237 5115 τά
1266 5059 1401 5130 πρὸς
1443 5057 1543 5129 τὴν
1574 5056 1831 5112 σύστασιν
1882 5058 1982 5129 τῆς
2029 5061 2314 5135 παρούσης

640 5147 896 5220 παρέχων
940 5146 1109 5218 ζωῆς.
1156 5148 1219 5201 Et
1254 5148 1309 5201 δὲ
1339 5145 1548 5219 ἐχθρῶν
1589 5147 1860 5220 τοσαύτην
1912 5152 2145 5204 ποιεῖται
2176 5152 2313 5223 πρό-

638 5253 807 5302 νοιαν,
833 5236 959 5299 τοὺς
996 5234 1350 5301 πιστεύοντας
1385 5234 1533 5305 αύτῷ
1565 5235 1659 5290 καὶ
1709 5234 2115 5307 θεραπεύοντας
2152 5241 2313 5295 αὑτὸν

640 5324 782 5386 κατά
809 5323 1037 5396 δύναμιν
1080 5324 1176 5396 τὴν
1223 5324 1400 5378 αὐτῶν
1454 5324 1571 5388 πῶς
1621 5324 1940 5395 περιόζαεταί
1993 5344 2152 5395 ποτε;
2198 5330 2314 5384 Οὐκ

640 5411 755 5466 ἔστι
783 5410 977 5474 ταῦτα,
1018 5412 1118 5467 οὐκ
1148 5412 1315 5477 ἐστιν,
1338 5410 1451 5465 ἀλλ’
1480 5412 1536 5464 ἐν
1576 5410 1783 5466 πλείονι
1843 5413 2062 5467 πάντων
2090 5412 2313 5480 τούτους

640 5500 753 5573 εχει
786 5500 1009 5572 σπουδῇο
1056 5500 1251 5569 ’Υμῶν
1285 5497 1413 5570 γὰρ,
1444 5499 1599 5570 φησὶ,
1632 5500 1729 5556 καὶ
1759 5504 1819 5555 al
1856 5501 2059 5572 τρίχες
2088 5500 2198 5573 τῆς
2220 5522 2313 5558 κε-

639 5587 839 5662 φαλῆς
867 5588 1057 5646 πᾶσαι
1078 5589 1466 5660 ἠριθμημέναι
1491 5590 1670 5645 εῑσίν.

700 5698 725 5727 ³
751 5697 837 5759 Sig
852 5696 1081 5755 Savillus,
1105 5696 1341 5759 alquciiita
1364 5695 1489 5759 leg".
1514 5694 1761 5759 interpges
1782 5696 2001 5747 Latinus.
2025 5698 2195 5748 Morel.
2227 5714 2313 5751 ve-

641 5772 696 5837 το
718 5757 956 5837 ἣιοῦῗγάρ
975 5762 1005 5816 ἡ
1030 5756 1237 5837 σύνεσιςἒ
1261 5758 1378 5837 ὶξρκι
1392 5758 1588 5837 ΑΜμι-ει.⁹
1604 5756 1657 5837 ει
1679 5756 1891 5837 ὃργὶιὶρε
1912 5761 1961 5808 in
1982 5764 2205 5826 margine
2226 5765 2312 5813 αὐ-

638 5822 723 5882 τὴν
742 5820 1086 5883 ὺποπτεῦομιν,
1109 5820 1258 5874 Savil.
1287 5821 1337 5871 in
1364 5824 1504 5871 textu
1538 5820 1682 5877 αὐτὴν
1706 5820 1969 5883 ἐννοοῦμεν,

1421 347 1481 407 S.
1516 347 1801 403 JOANNIS
1837 348 2328 405 CIIRYSOSTOMI
2368 349 2691 408 ARCHIEP.
2732 314 3291 411 CONSTANTINOé.

3995 355 4100 411 εδδ

2494 474 2567 533 ς’.
2605 467 2766 521 Ὥστε
2786 469 2914 523 ὅταν
2934 470 3192 543 ἐννοήσῃς
3212 471 3292 523 ὃτι
3311 470 3544 542 πατέρα,
3563 471 3656 524 καὶ
3672 471 3872 533 οἰκίαν,
3894 470 3994 524 καὶ
4011 470 4099 541 φί-

2414 565 2559 631 λους,
2588 568 2683 621 καὶ
2707 571 3007 639 συγγενεῖς,
3043 570 3138 623 καὶ⁵
3155 568 3383 623 πλοῦτον
3397 546 3625 639 ἄφατον,
3651 571 3744 625 καὶ
3771 569 3935 638 δόξαν
3963 568 4095 624 πολ-

2414 666 2511 739 λὴν
2541 667 2701 740 ῥίψας
2734 667 2843 723 ἀπὸ
2872 669 2980 723 τῶν
2998 669 3197 740 χειρῶν
3225 670 3313 724 διά
3341 670 3433 724 τὸν
3458 670 3715 741 Χριστὸν,
3743 668 3864 736 εἶτα
3896 668 4097 724 τοο-αὖα

2412 779 2512 833 την
2546 761 2722 833 θλῖψιν
2751 764 3044 838 ὑπομένεις
3062 765 3176 830 νῦν,
3218 764 3292 837 μὴ
3322 766 3669 838 καταϐάλλῃς
3694 766 3910 819 σαυτόν·
3945 767 4005 832 ἐξ
4025 759 4098 818 ὧν

2413 859 2522 932 γὰρ
2545 863 2577 931 ἡ
2597 860 2800 933 ἀπορία
2828 861 3069 917 τίκτεται
3097 862 3395 934 λογισμῶν,
3415 864 3480 916 ἐκ
3496 863 3606 917 τῶν
3624 863 3803 917 αὐτῶν
3826 864 3923 916 καὶ
3948 864 3984 933 ἡ
4001 862 4101 934 τῆς

2413 962 2646 1036 ἀπορίας
2665 963 2795 1035 ἡμῖν
2816 963 2970 1017 ἔσται
2986 962 3159 1029 λύσις.
3180 964 3305 1028 Πῶς
3325 980 3340 1031 ;
3376 964 3667 1033 Ἀδύνατον
3680 960 3992 1034 ψεύσασθαι
4009 962 4100 1016 τὸν

2415 1056 2568 1114 Θεόν·
2599 1059 2968 1131 ἐπηγγείλατο
2996 1060 3183 1125 δὲτοῖς
3210 1059 3385 1117 ταῦτα
3416 1058 3777 1115 καταλιποῦσι
3797 1060 3947 1131 ζωὴν
3968 1056 4101 1112 αἰώ-

2415 1184 2549 1221 νιον.
2590 1164 2896 1227 Κατέλιπες
2930 1161 2988 1215 δέ
3013 1162 3080 1216 σὺ
3112 1160 3288 1216 πάντα
3316 1161 3413 1216 καὶ
3439 1161 3754 1223 διέπτυσας·
3782 1160 3835 1213 τί
3854 1153 3950 1213 οὖν
3982 1160 4102 1211 ἐστι

2414 1266 2602 1320 λοιπὸν
2641 1264 2704 1318 c6
2731 1263 2937 1318 κωλύον
2970 1279 3030 1317 σε
3058 1262 3285 1335 θαρρεῖν
3325 1262 3466 1336 ὑπὲρ
3499 1262 3601 1334 τῆς
3645 1259 4032 1331 ὑποσχέσεως
4072 1260 4127 1339 δ

2415 1367 2661 1439 κατέχων
2688 1383 2747 1419 σε
2777 1364 3082 1438 πειρασμὸς
3104 1364 3233 1429 νῦν;
3264 1364 3373 1419 Καὶ
3402 1363 3454 1419 τί
3484 1363 3644 1417 τοῦτο
3664 1360 3803 1434 πρὸς
3834 1359 3934 1432 τὴν
3964 1357 4105 1412 ὑπό·

2416 1481 2632 1537 σχεσιν;
2672 1464 2748 1519 Οὐ
2775 1464 2883 1535 γὰρ
2913 1462 3148 1518 ἐνταῦθα
3180 1462 3279 1535 τὴν
3306 1460 3525 1517 αἰώνιον
3555 1462 3691 1533 ἡμῖν
3722 1456 4108 1531 ἐπηγγείλατο

2414 1559 2582 1634 ζωὴνσ
2619 1562 2668 1615 εί
2692 1561 2750 1616 δὲ
2781 1563 2876 1615 καὶ
2901 1560 3135 1615 ἐνταῦθα
3168 1559 3234 1614 τὰ
3259 1560 3357 1633 τῆς
3390 1558 3725 1629 ἐπαγγελίας
3754 1552 4106 1627 πληροῦσθαι

2412 1658 2659 1731 ἔμελλεν,
2674 1658 2796 1712 οὐδὲ
2816 1657 2989 1722 οὕτως
3013 1656 3299 1729 ἀσχάλλειν
3320 1657 3507 1728 ἐχρῆνο
3525 1655 3625 1722 ,τὸν
3644 1654 3751 1729 γὰρ
3771 1651 3976 1723 εὐλαϐῆ
4004 1651 4105 1705 καὶ

2413 1758 2604 1813 πιστὸν
2620 1758 2787 1830 ἀνδρα
2810 1756 2950 1811 οὕτω
2968 1755 3201 1827 βεϐαίως
3214 1755 3519 1809 διακεῖσθαι
3534 1754 3642 1825 χρὴ
3659 1752 3796 1825 πρὸς
3816 1750 3917 1815 τὰς
3929 1751 4106 1819 ἐπαγ-

2412 1855 2596 1926 γελίας
2619 1855 2713 1909 τοῦ
2746 1854 2902 1922 Θεοῦ,
2938 1854 3080 1908 ὥστε
3117 1852 3220 1908 κᾶν
3252 1851 3471 1908 ἐναντία
3506 1853 3699 1915 αὑταῖς
3729 1849 3989 1921 φαίνηται
4035 1847 4109 1901 τὰ

2412 1958 2694 2030 γινόμενα,
2721 1956 2855 2028 μηδὲ
2899 1954 3042 2011 οὕτω
3083 1954 3472 2026 ταράττεσθαι,
3519 1952 3653 2025 μηδέ
3696 1948 4109 2020 ἀπογινώσκειν

2410 2052 2509 2124 τὴν
2538 2050 2936 2120 ἐκϐασιν.”ορα
2959 2048 3117 2118 γοῦν·
3142 2049 3173 2102 6
3203 2047 3391 2112 πιστὸς
3423 2045 3673 2119 ’Δϐραάμ
3691 2045 3816 2099 τίνα
3842 2043 3940 2115 μέν
3965 2042 4112 2094 ὑπό-

2414 2166 2602 2221 σχεσιν
2642 2148 2884 2214 ἐδέξατο,
2924 2149 3050 2202 τίνα
3089 2148 3144 2201 δέ
3184 2147 3448 2220 πράττειν
3490 2144 3863 2217 ὴναγκάζετος
3905 2140 3969 2195 'H
4003 2140 4112 2212 μέν

2414 2248 2705 2318 ὑπόσχεσις
2749 2241 2819 2318 ἦν
2851 2246 2958 2301 ἀπὸ
2984 2246 3079 2300 τοῦ
3121 2245 3305 2300 Ἰσαὰκ
3335 2246 3516 2299 πᾶσαν
3546 2242 3851 2315 ἐμπλήσειν
3888 2240 3991 2311 τὴν
4035 2240 4115 2291 0!-

2414 2346 2709 2419 κουμένην,
2748 2346 2809 2399 τὸ
2843 2345 2899 2400 δέ
2936 2344 3290 2417 πρόσταγμα,
3336 2342 3502 2397 αὑτὸν
3557 2340 3747 2396 τοῦτον
3794 2335 4112 2392 καταθῦσαι

2412 2446 2502 2499 τὸν
2529 2445 2736 2510 Ἰσαὰκ,
2760 2444 2818 2511 ἐξ
2847 2436 2907 2498 οὗ
2935 2442 3125 2516 ἔμελλε
3154 2445 3302 2498 πᾶσα
3326 2440 3665 2514 πληροῦσθαι
3699 2442 3731 2511 ή
3770 2438 3861 2509 γῆ.
3882 2437 3948 2489 Τί
3976 2431 4109 2500 θῦνε

2414 2541 2661 2615 ἐθορύϐει
2691 2542 2847 2597 τοῦτο
2873 2541 2963 2595 τὸν
2995 2540 3241 2607 δίκαιον;
3276 2540 3541 2612 Οὐδαμῶς
3563 2558 3574 2569 ’
3608 2537 3743 2593 ἀλλά
3770 2538 3866 2591 καὶ
3901 2536 4112 2589 τοσαύ-

2411 2660 2511 2714 της
2550 2643 2845 2711 διαφωνίας
2878 2640 3047 2713 οὕσης
3079 2642 3173 2695 καὶ
3197 2641 3379 2715 μάχης
3412 2643 3479 2712 τῇ
3522 2636 3769 2692 κελεύσει
3816 2634 3955 2703 πρδς
4002 2633 4114 2704 τὴν

2412 2742 2767 2811 ἐπαγγελίαν,
2794 2743 2893 2795 οὐκ
2918 2740 3213 2811 ἐταράχθη,
3246 2739 3368 2793 οὐδὲ
3400 2736 3718 2807 ίλιγγίασεν,
3746 2733 3868 2788 οὐδὲ
3901 2730 4027 2786 εἶπέ
4057 2748 4113 2785 τι

2412 2839 2650 2892 τοιοῦτον
2673 2839 3115 2910 ἐκεῖνος’Ἔτερα
3134 2836 3515 2910 ἐπηγγείλατο,
3538 2834 3631 2888 καὶ
3650 2830 3815 2905 ἕτερά
3839 2847 3904 2901 με
3931 2828 4115 2899 πράτ-

2411 2954 2526 2990 τειν
2568 2937 2868 3005 ἀναγκάζει
2913 2935 3006 2989 νῦν
3040 2936 3069 2988 6
3098 2934 3231 2998 Θεός
3255 2952 3267 2965 ·
3301 2933 3409 2988 ἀπὸ
3445 2931 3539 2987 τοῦ
3581 2930 3773 2993 παιδὸς
3814 2928 4011 2982 τούτου
4046 2924 4114 2979 τδ

2414 3033 2550 3087 πολύ
2604 3050 2694 3104 μοι
2732 3031 2840 3084 τῶν
2885 3031 3125 3099 ἐκγόνων
3173 3030 3442 3101 ὑπέσχετο
3490 3027 3730 3097 πλῆθος,
3771 3025 3868 3079 καὶ
3911 3022 4111 3076 τοῦτον

2414 3130 2761 3199 κατασφάξαι
2796 3128 3009 3182 κελεύει
3037 3126 3134 3181 νῦν
3156 3144 3167 3158 ·
3201 3126 3322 3191 πῶς
3348 3122 3440 3180 οἷον
3472 3124 3635 3178 τοῦτο
3666 3123 3841 3187 ἔσται,
3873 3121 3973 3192 τῆς
4029 3120 4115 3190 ῥί-

2416 3226 2515 3299 ζης
2557 3225 3009 3297 ἐκκεκομμένης;
3052 3225 3332 3295 Ὴπάτησέ
3384 3242 3452 3295 με
3504 3226 3633 3295 ἄρα.
3671 3224 3766 3276 καὶ
3802 3218 4110 3284 διέπαιξεν.

2415 3325 2581 3379 Οὐδὲν
2612 3323 2817 3377 τούτων
2846 3319 3020 3387 εἶπεν,
3051 3322 3163 3378 ἀλλ’
3195 3323 3315 3377 ούδέ
3346 3322 3595 3394 ἐνενόησε
3618 3339 3629 3350 ·
3654 3319 3803 3394 [169]
3831 3321 3928 3375 καὶ
3959 3319 4115 3392 μάλα

2415 3440 2478 3491 γε
2508 3422 2931 3485 είκότως.”οταν
2970 3419 3077 3493 γὰρ
3107 3419 3239 3484 Θεὸς
3263 3420 3291 3474 6
3324 3420 3751 3492 ὑπισχνούμενος
3781 3414 3837 3493 ᾗ,
3867 3417 3974 3471 κᾶν
4008 3436 4117 3489 μυ-

2420 3522 2511 3593 ρία
2542 3520 2671 3590 δοκῇ
2713 3521 2812 3591 τὴν
2846 3516 3179 3588 ἐπαγγελίαν
3213 3518 3483 3589 ἀναιρεῖν,
3519 3519 3580 3573 οὺ
3620 3516 3725 3588 χρὴ
3756 3514 4116 3587 θορυϐεῖσθαι

2420 3620 2548 3690 περ).
2584 3617 2678 3671 τοῦ
2721 3618 2907 3681 τέλους
2928 3617 3049 3670 οὐδὲ
3074 3616 3459 3689 ἀμφισϐητεῖν.
3491 3616 3662 3671 Τοῦτο
3684 3615 3792 3688 γὰρ
3823 3615 3959 3668 αὐτὸ
4002 3615 4119 3685 μά-

2418 3715 2574 3768 λιστα
2606 3714 2705 3785 τῆς
2742 3714 2834 3766 τοῦ
2866 3714 3003 3767 Θεοῦ
3032 3713 3315 3784 δυνάμεως
3350 3713 3509 3782 ἔργον
3541 3712 3677 3774 ἐστὶ,
3712 3710 3881 3781 πόρον
3910 3711 3979 3762 ἐκ
3999 3708 4119 3761 τῶν

2415 3810 2641 3881 ἀπόρων
2671 3811 2870 3880 εὑρεῖν,
2902 3809 3154 3880 καθάπερ
3190 3810 3219 3862 6
3251 3809 3519 3880 μακάριος
3550 3808 3759 3870 ἐκεῖνος
3778 3805 3904 3858 τότε
3934 3804 4121 3872 ἐλογί-

2419 3906 2563 3972 ζετο.
2590 3907 2788 3978 Διόπερ
2819 3905 2983 3959 αὐτοῦ
3016 3905 3335 3975 κατεπλάγη
3355 3906 3455 3975 τὴν
3484 3904 3667 3957 πίστιν
3696 3904 3726 3955 6
3756 3902 3993 3965 Παῦλος,
4016 3901 4118 3954 οῦ-

2419 4024 2529 4069 τως
2609 4004 2779 4056 είπὼν
2804 4018 2818 4033 ·
2883 4004 3091 4057 Πίστει
3161 4002 3622 4072 προσενήνοχεν
3686 3999 3936 4070 Ἀϐραὰμ
4001 3998 4121 4053 τὸν

2434 4104 2639 4156 Ἰσαὰκ
2680 4097 3117 4169 πειραζόμενος,
3150 4101 3244 4152 καὶ
3278 4098 3369 4153 τὸν
3402 4097 3667 4170 μονογενῆ
3712 4096 4058 4168 προσέφερεν
4089 4099 4119 4150 6

2418 4196 2517 4260 τὰς
2541 4194 2871 4265 ἐπαγγελίας
2894 4195 3291 4267 ἀναδεξάμενος
3312 4210 3324 4224 °
3354 4196 3492 4249 αὒτά
3523 4195 3586 4267 δὴ
3619 4193 3793 4247 ταῦτα
3823 4193 4118 4265 ἐμφαίνων

2420 4293 2513 4348 καὶ
2546 4292 2936 4364 αἰνιττόμενος,
2964 4292 3106 4363 ἅπερ
3128 4290 3279 4345 εἶπον
3307 4290 3419 4363 ἐγὼ
3455 4291 3568 4346 νῦν.

2492 4394 2609 4447 Οὐκ
2656 4396 2861 4457 ἐκεῖνος
2895 4393 2950 4446 δὲ
2992 4394 3173 4464 μόνος,
3204 4393 3340 4448 ἀλλά
3366 4394 3460 4447 καὶ
3498 4399 3526 4450 6
3551 4391 3743 4445 τούτου
3777 4389 3942 4445 πάλιν
3972 4390 4116 4445 ἀπό-

2419 4500 2577 4553 γονος
2605 4483 2802 4553 Ἰωσὴφ
2825 4482 2911 4535 διὰ
2944 4482 3157 4555 μακροῦ
3186 4484 3379 4555 χρόνου
3403 4483 3497 4536 καὶ
3525 4480 3736 4533 πολλῶν
3765 4480 4114 4551 πραγμάτων

2420 4570 2834 4625 κινδυνεύουσαν
2882 4571 3025 4643 ὁρῶν
3070 4572 3169 4642 τὴν
3224 4570 3579 4641 ἐπαγγελίαν,
3605 4570 3798 4643 ἔμενεν
3844 4570 4108 4639 ἀκλινής·

2419 4661 2558 4733 πρὸς
2613 4660 2718 4732 γάρ
2768 4660 2856 4713 τὸν
2903 4660 3371 4731 ἐπαγγειλάμενον
3414 4658 3561 4731 ἐώρα
3608 4658 3801 4730 μόνον·
3836 4659 3885 4711 εί
3922 4657 3981 4711 δὲ
4027 4660 4112 4721 είς

2419 4748 2793 4820 ἀνθρωπίνους
2824 4747 3093 4801 κατέπεσε
3130 4748 3449 4819 λογισμοὺς,
3490 4746 3581 4800 καὶ
3616 4747 3841 4815 ἀπέγνω
3868 4744 3961 4799 τοῦ
4013 4746 4112 4799 τέ-

2415 4836 2647 4901 λους.Ἦ
2680 4836 2778 4907 μὲν
2799 4836 2905 4907 γὰρ
2931 4836 3205 4907 δειχθεῖσα
3235 4836 3356 4906 ϐψις
3398 4835 3547 4906 αὐτῷ
3587 4837 3679 4889 καὶ
3718 4835 3826 4887 τῶν
3856 4834 4111 4904 ἀδελφῶν

2418 4925 2512 4978 καὶ
2554 4924 2663 4977 τῶν
2694 4925 3116 4997 γεννησαμένων
3155 4925 3251 4997 τὴν
3288 4924 3658 4997 προσκύνησιν
3692 4923 3997 4997 προῦλεγεο
4035 4926 4112 4979 τὰ

2414 5014 2470 5067 δὲ
2495 5012 2751 5083 γινόμενα
2779 5013 2840 5067 οὐ
2877 5013 3102 5067 τοιαῦτα
3127 5009 3215 5086 ἦν,
3256 5013 3393 5067 ἀλλά
3417 5013 3597 5085 πολλῷ
3624 5013 3832 5067 τούτων
3864 5012 4111 5083 ἀπέχον-

2415 5119 2504 5156 τα.
2545 5101 2770 5173 Πρῶτον
2804 5102 2904 5175 μέν
2947 5101 3055 5172 γὰρ
3080 5103 3234 5157 αὐτοὶ
3260 5104 3308 5156 οί
3338 5105 3665 5175 προσκυνεῖν
3695 5100 3982 5174 μέλλοντες
4021 5104 4109 5169 είς

2415 5191 2618 5246 λάκκον
2646 5191 2807 5245 αὐτὸν
2839 5191 3188 5263 ἐμϐάλλουσι,
3208 5192 3304 5245 καὶ
3333 5191 3590 5263 ἀνδράσιν
3609 5190 3933 5261 ἀποδόμενοι
3965 5189 4108 5263 βαρ-

2416 5281 2605 5349 ϐάροις
2625 5282 2705 5345 είς
2727 5280 3013 5353 ἀλλοτρίαν
3034 5282 3130 5335 καὶ
3154 5280 3343 5352 πόρρω
3362 5277 3622 5351 κειμένην
3646 5280 3926 5350 πέμπουσι
3954 5280 4065 5349 γῆν
4089 5298 4103 5313 ·

2415 5370 2511 5423 καὶ¹
2562 5369 2734 5433 οὕτως
2780 5368 2999 5422 ἐναντία
3031 5371 3144 5433 τοῖς
3177 5368 3464 5439 δειχθεῖσιν
3504 5367 3680 5419 ἐδόκει
3724 5365 3795 5419 τὰ
3839 5365 4106 5436 γινόμενα

2414 5452 2575 5522 εἶναι,
2595 5456 2669 5520 ὡς
2702 5457 2796 5511 καὶ
2824 5456 3023 5520 αὐτοὺς
3046 5457 3173 5519 τοὺς
3204 5454 3422 5519 ἀθλίους
3450 5454 3694 5518 ἐκείνους
3729 5453 4106 5523 διαχλευάζειν

2414 5547 2576 5602 αὐτὸν
2622 5546 2716 5599 καὶ
2764 5544 2974 5613 λέγειν’
3018 5543 3166 5598 Ἰδοὺ
3216 5543 3347 5614 γὰρ,
3396 5545 3583 5614 φησὶν,
3616 5546 3648 5597 ό
3684 5542 4107 5611 ἐνυπνωστὴς

2412 5636 2643 5702 ἐκεῖνος
2673 5633 2907 5704 ἔρχεται
2927 5650 2941 5665 ο
2972 5631 3091 5687 νῦν
3126 5626 3244 5687 οὖν
3268 5630 3460 5696 δεῦτε,
3498 5630 3950 5697 ἀποκτείνωμεν
3989 5633 4102 5684 αὑ-

2414 5724 2540 5787 τὸν,
2595 5723 2690 5776 καὶ
2734 5722 3009 5791 ῥίψωμεν
3048 5718 3237 5775 αὑτὸν
3275 5722 3364 5785 εὶς
3407 5720 3517 5773 ἕνα
3542 5718 3657 5772 τῶν
3704 5717 3972 5784 λάκκων,
3996 5715 4099 5771 καί

2416 5811 2704 5882 ἐροῦμενο
2759 5810 2975 5879 Θηρίον
3022 5809 3290 5879 πονηρὸν
3339 5807 3672 5881 κατέφαγεν
3719 5808 3941 5862 αὐτόν’
3998 5808 4101 5863 και
